3980 6340
592 375 655 438 19
1706 389 2023 458 LAUNICI'
2055 377 2719 467 CHALC'OCONDYLB
3723 409 3799 474 eo

589 492 739 548 baris
796 502 1009 562 exutos,
1061 512 1288 568 parvum
1351 504 1621 572 quoddam
1665 523 1891 578 regnum
1933 513 2123 584 guber-

2230 513 2414 584 ϐάρων
2438 519 2539 582 τῆς
2571 519 2740 590 ἄλλης
2780 520 2955 604 ἀρχῆς
2977 521 3441 592 ἀπεληλαμένους,
3472 524 3646 595 ἀρχὴν
3669 538 3794 594 την’

587 598 770 652 nasse,
798 586 1049 642 videlicet
1090 587 1448 661 Byzantinum
1485 613 1499 648 :
1544 595 1901 670 Byzantiique
1934 602 2136 656 mariti-

589 690 728 728 mam
788 679 1066 748 regionem
1132 682 1478 752 inferiorem,
1559 688 1875 746 Heracleam
1945 696 2134 750 urbem

589 786 796 839 usque,
841 772 1072 840 etjuxta
1119 775 1389 833 Euxinum
1423 780 1651 839 Pontum
1687 787 2011 841 maritimam
2053 806 2133 846 re-

584 865 794 948 gionem
825 867 1183 932 superiorem,
1220 886 1390 940 usque
1419 874 1483 927 ad
1510 877 1696 931 urbem
1730 877 2131 948 Mesembriam;

589 937 846 1013 praeterea
905 957 1339 1031 Peloponnesum
1395 982 1634 1034 omnem,
1670 982 1826 1026 extra
1882 983 1989 1030 tres
2038 987 2135 1030 aut

587 1057 820 1113 quatuor
888 1049 1216 1110 Venetorum
1280 1056 1476 1126 urbes,
1540 1060 1727 1119 adbazc
1783 1064 2042 1122 Lemnum
2079 1079 2134 1124 et

586 1141 842 1204 Imbrum.
894 1146 1209 1218 insulasque
1255 1151 1325 1206 ibi
1362 1155 1413 1209 in
1472 1159 1607 1211 mari
1649 1156 1836 1228 AEgaeo
1874 1161 2029 1217 sitas.
2053 1146 2134 1219 'Ut

587 1241 764 1288 autem
814 1237 1024 1326 singula
1067 1241 1180 1298 haec
1210 1247 1556 1316 contigerint,
1605 1259 1664 1304 ut
1705 1250 2014 1309 Graecorum
2048 1271 2134 1322 res

585 1327 839 1383 uaulatim
869 1331 1177 1389 interierint
1207 1352 1234 1389 a
1260 1335 1459 1393 Turcis
1484 1340 1698 1405 accisae,
1736 1353 1795 1396 ut
1829 1342 2128 1400 Turcorum

583 1434 670 1473 res
705 1437 874 1488 Itaque
919 1423 1313 1484 incrementum
1355 1432 1710 1500 sumpserint,
1771 1442 1829 1488 ut
1876 1437 2032 1492 iidem
2063 1439 2129 1492 ad

587 1515 868 1570 maximam
919 1524 1268 1588 pervenerint
1320 1523 1633 1581 felicitatem
1675 1544 1845 1597 usque
1895 1530 1960 1584 ad
1996 1548 2128 1601 pra:-

583 1621 706 1661 sens
755 1617 990 1680 tempus,
1047 1615 1257 1689 singula
1328 1618 1442 1674 haec
1507 1621 1919 1691 explicabimus,
1965 1642 2125 1695 quam

582 1701 925 1760 exactissime
953 1713 1006 1759 et
1038 1709 1316 1766 verissime
1343 1715 1674 1772 audivimus.
1836 1703 1846 1713 ’

2238 610 2293 664 δε
2317 611 2579 681 βραχεῖάν
2603 632 2723 667 τινα
2748 616 3050 683 περιέπειν,
3087 616 3396 685 Βυζάντιον,
3448 621 3540 672 καὶ
3591 620 3797 684 Βυζανο

2236 703 2350 756 τίου
2381 703 2476 772 τὴν
2502 707 2650 758 κάτω
2693 707 2965 777 παραλίαν
3021 709 3177 777 ἄχρις
3213 709 3538 780 Ἡρακλείας
3562 711 3792 774 πόλεως,

2239 797 2376 848 κατὰ
2398 796 2450 849 δὲ
2484 796 2734 861 Εὔξεινον
2782 801 2973 853 πόντον
3031 801 3131 872 τὴν
3168 801 3281 857 ἀνω
3341 805 3612 874 παραλίαν
3664 806 3797 875 ἄχρι

2236 889 2597 960 Μεσημϐρίας
2631 893 2836 954 πόλεως
2867 909 2880 921 °
2918 893 3320 966 Πελοπόννησόν
3344 913 3401 948 τε
3464 892 3528 948 αὖ
3578 896 3794 966 ξύμπα-

2238 999 2357 1045 σαν,
2376 982 2514 1047 πλὴν
2541 985 2573 1054 ἢ
2598 983 2765 1054 τριῶν
2790 985 2822 1055 ἢ
2843 988 3117 1058 τεττάρων
3150 990 3356 1042 πόλεων
3376 990 3484 1043 τῶν
3517 988 3748 1042 Ἐνετῶν
3774 1003 3791 1017 ·

2235 1071 2492 1138 ὡσαύτως
2524 1075 2765 1144 Λῆμνον,
2797 1077 3024 1148 Ἴμϐρον
3077 1080 3171 1136 καὶ
3230 1081 3424 1152 νήσους
3475 1081 3572 1138 τὰς
3623 1082 3792 1135 αὑτοῦ

2233 1167 2406 1237 ταύτῃ
2454 1169 2514 1221 ὲν
2540 1168 2616 1238 τῷ
2666 1170 2873 1240 Αἰγαίῳ
2926 1171 3238 1242 ᾠκημένας.
3307 1176 3395 1238 Ὠς
3433 1173 3526 1231 οὖν
3579 1178 3788 1230 ἕκαστα

2232 1260 2404 1314 ταῦτα
2431 1260 2621 1326 ξυνέϐη
2653 1264 2926 1330 γενέσθαι,
2953 1264 3027 1328 ὡς
3069 1267 3136 1320 τά
3162 1268 3270 1321 τῶν
3311 1270 3574 1337 Ἑλλήνων
3606 1273 3790 1340 πράγ-

2225 1370 2380 1422 ματα
2431 1355 2568 1407 κατά
2603 1342 2774 1425 βραχὺ
2825 1357 3088 1422 ἀπώλετο,
3125 1359 3453 1431 φθειρόμενα
3489 1363 3592 1415 ὑπὸ
3618 1363 3792 1434 Τούρ-

2235 1464 2366 1511 κων,
2393 1447 2574 1510 καὶὼς
2605 1451 2673 1502 τά
2713 1450 2933 1517 ἐκείνων
2987 1452 3198 1521 μεγάλα
3242 1453 3477 1520 ἐγένετο,
3532 1457 3586 1518 ἐς
3640 1457 3788 1524 μέγα

2230 1541 2391 1601 ἁείἐς
2414 1541 2561 1593 τόνδε
2591 1543 2882 1612 τδνχρόνον
2917 1543 3061 1598 ἰόντα
3108 1545 3479 1615 εὐδαιμονίας,
3539 1549 3780 1616 ἐπιμνη-

2233 1633 2439 1704 σόμεθα
2475 1635 2798 1702 ἐπεξιόντες,
2824 1635 2910 1707 ἐφ’
2938 1639 3063 1694 ὅσον
3086 1639 3152 1710 δὴ
3180 1640 3236 1702 ἐς
3280 1641 3341 1694 se
3394 1640 3787 1710 ἀκριϐέστερον

2232 1727 2561 1797 ἐπυθόμεθα.

653 1791 858 1850 Turcos
888 1813 986 1866 ego
1020 1802 1205 1857 nescio
1256 1806 1529 1874 quodnam
1577 1813 1881 1884 antiquitus
1930 1831 2123 1872 nomen

2302 1791 2577 1890 Tod-pxoo;
2600 1820 2662 1888 δὴ
2690 1819 2783 1874 οὖν
2816 1822 2989 1890 ἔγωγε
3020 1822 3118 1876 οὐκ
3143 1819 3293 1905 οἷδέό
3321 1825 3457 1879 τιᾶν
3489 1825 3787 1893 καλέσαιμι

579 1889 818 1943 tenuisse
845 1889 1043 1959 dicam,
1068 1909 1135 1948 ne
1174 1911 1202 1950 a
1239 1913 1367 1954 vero
1422 1904 1676 1961 aberrare
1732 1909 1937 1964 videar.
1995 1911 2126 1976 Qui-

579 1979 697 2031 dam
720 1991 909 2048 putant
937 1999 1028 2037 eos
1059 2001 1086 2037 a
1107 1984 1347 2057 Scythis,
1376 2008 1514 2059 quos
1542 1993 1800 2052 Tartaros
1827 2003 2127 2070 nominant,

579 2071 844 2139 originem
881 2075 1127 2136 trahere:
1170 2094 1276 2132 non
1315 2083 1509 2137 malam
1535 2089 1718 2145 secuti,
1740 2092 2127 2161 conjecturam,

581 2162 827 2219 videlicet
856 2168 998 2234 quod
1025 2169 1266 2225 moribus
1302 2173 1443 2228 haud
1487 2179 1712 2234 multum
1747 2185 1887 2237 inter
1933 2201 1991 2240 se
2029 2188 2132 2241 dil-

579 2253 774 2318 leraut,
827 2253 1120 2326 linguaque
1148 2257 1372 2316 utantur
1403 2265 1698 2322 etiamnum
1755 2287 1854 2326 nec
1898 2275 2126 2331 multum

571 2345 849 2399 dissimili.
901 2348 1063 2402 Aiunt
1097 2352 1263 2410 enim.
1296 2355 1528 2426 Scythas
1582 2365 1819 2430 septenis
1846 2367 2057 2423 vicibus
2096 2387 2125 2424 a

574 2430 747 2489 Tanai
780 2452 1119 2508 progressos,
1178 2445 1360 2498 Asiam
1401 2450 1737 2518 superiorem
1792 2457 2123 2524 devastassc,

574 2529 792 2584 Parthis
821 2547 880 2585 ea
906 2541 1228 2604 tempestate
1259 2554 1438 2593 rerum
1471 2558 1682 2597 summa
1710 2560 1712 2562 '
1746 2549 2078 2615 potientibus
2108 2570 2122 2606 :

575 2637 784 2677 necnon
818 2623 1131 2690 Persarum,
1184 2627 1486 2689 Medorum.
1521 2632 1984 2706 Assyriorumque
2042 2658 2126 2696 rc-

574 2714 758 2780 giones
811 2719 1160 2772 tenentibus.‘
1202 2718 1338 2777 Hinc
1405 2735 1690 2794 peragrata
1718 2743 1932 2799 quoque
1982 2732 2123 2787 infe-

574 2807 717 2862 riore
773 2809 919 2874 Asia,
976 2810 1285 2883 Phrygiam,
1321 2814 1566 2888 Lydiam,
1619 2831 1674 2876 et
1728 2806 2120 2892 Cappadociam

575 2901 926 2970 suoimperio
955 2904 1240 2973 adjecisse.
1289 2907 1464 2978 Etiam
1521 2929 1666 2969 nunc
1702 2915 1885 2970 videre
1924 2931 2027 2983 εει,
2066 2929 2122 2979 ut

574 2992 765 3058 fertur,
797 2994 1058 3063 plurimos
1090 2999 1250 3055 istius
1279 3004 1494 3070 generis
1519 3004 1768 3062 homines
1800 3011 1997 3080 ubique
2027 3028 2122 3082 per

576 3086 757 3140 Asiam
791 3089 1088 3159 dispersos,
1142 3093 1385 3150 moribus
1432 3107 1486 3152 et
1516 3099 1696 3155 victus
1745 3104 1949 3157 ratione
1978 3106 2153 3160 rele-'

570 3191 757 3235 rentes
820 3181 1048 3254 Scythas
1085 3183 1355 3242 Nomades
1391 3188 1552 3258 (quos
1583 3201 1832 3259 pastores
1860 3195 1975 3250 sive
2033 3212 2121 3252 ar-
2145 3181 2188 3242 (ἶ

574 3275 867 3330 mentarios
896 3292 1003 3331 non
1028 3278 1264 3334 absurde
1291 3281 1465 3351 dicas)
1515 3285 1702 3339 uullibi
1738 3287 1792 3340 in
1824 3288 1949 3342 Asia
2004 3305 2121 3345 cer-

572 3376 651 3420 tas
674 3374 727 3421 et
757 3366 890 3424 lixas
934 3367 1198 3432 habentes
1234 3372 1406 3428 sedes.
1449 3374 1527 3432 llli
1561 3386 1614 3429 et
1643 3378 1746 3434 alia
1800 3381 2116 3450 conjectura

570 3460 865 3523 ducuntur,
899 3475 1003 3529 qua
1034 3461 1360 3520 conﬁrmare
1411 3466 1678 3532 nituntur,
1728 3469 1940 3528 Turcos
1987 3474 2120 3545 Scy-

572 3550 786 3603 tharum
820 3566 940 3605 esse
965 3555 1300 3622 progeniem,
1337 3558 1478 3627 quod
1535 3559 1810 3619 inferioris
1852 3563 1991 3618 Asia:
2041 3581 2122 3619 re-

574 3641 786 3708 gionem
843 3653 1027 3715 gentes
1087 3643 1138 3715 5
1199 3644 1504 3703 Turcorum
1563 3651 1805 3708 barbara:
1858 3657 2115 3716 incolant.

573 3735 818 3807 Lydiam,
872 3737 1108 3803 Cariam,
1154 3737 1437 3811 Phrygiam
1469 3752 1522 3796 et
1550 3742 1968 3814 Cappadociam,
2027 3750 2118 3818 qui

572 3831 751 3900 lingua
782 3840 835 3884 et
860 3832 1066 3904 reliquo
1092 3835 1424 3903 quotidiana:
1454 3836 1576 3890 vita:
1597 3854 1698 3892 usu
1752 3841 1889 3895 nihil
1921 3842 2117 3896 discri-

570 3925 732 3978 minis
756 3925 952 3980 habere
975 3934 1379 3995 cognoscuntur
1410 3942 1438 3979 a
1485 3925 1709 3997 Scythis
1737 3933 2024 3999 agentibus
2064 3935 2116 3987 in

569 4035 630 4072 ea
663 4021 909 4090 regione,
937 4022 1231 4090 quaeinter
1287 4019 1509 4076 Tanaim
1551 4022 1972 4080 et’Sarmatiam
2029 4043 2122 4082 cx-

569 4112 755 4164 currit.
792 4109 927 4164 Sunt
958 4113 1049 4183 qui
1079 4113 1416 4180 existimant,
1487 4115 1693 4172 Turcos
1731 4133 1760 4172 e
1791 4117 2118 4175 Parthorum

569 4204 826 4274 progenie
853 4206 1204 4266 descendere.
1264 4207 1371 4262 Hos
1403 4209 1573 4274 enim,
1625 4224 1747 4273 cum
1780 4215 2115 4280 persecutio-

570 4309 691 4350 nem
725 4294 973 4352 hostilem
1008 4312 1037 4349 a
1095 4296 1321 4367 Scythis
1352 4300 1524 4370 vagis,
1557 4301 1648 4368 qui
1706 4300 1976 4358 Nomades
2029 4303 2115 4358 di-

568 4396 766 4457 cuntur
794 4403 822 4439 a
857 4387 1230 4456 permutandis
1265 4388 1499 4460 pabulis,
1525 4398 1862 4457 paterentur,
1913 4394 1964 4447 in
2024 4395 2112 4448 in-

570 4477 786 4533 ferioris
823 4478 969 4534 Asiae
987 4478 1260 4546 regionem
1293 4481 1644 4536 contendisse
1669 4493 1903 4549 constat.
1950 4485 2114 4541 Cum-

568 4584 675 4640 que
695 4579 746 4624 et
771 4569 866 4639 ipsi
900 4570 1015 4640 vagi
1050 4569 1273 4627 incertis
1305 4573 1525 4629 sedibus
1559 4577 1788 4647 mapalia
1827 4595 1924 4634 sua
1961 4582 2114 4656 plau-

570 4659 702 4715 stris
725 4661 1189 4729 circumferentes,
1220 4678 1285 4719 eo
1335 4665 1438 4721 loci
1479 4680 1848 4742 versarentur,
1885 4689 1994 4750 per
2022 4690 2114 4731 eas

572 4753 733 4809 urbes
766 4770 886 4811 esse
908 4755 1291 4812 disseminatos
1321 4758 1564 4822 tandem.
1625 4773 1870 4834 apparet.
1903 4763 2112 4824 Exinde

570 4844 717 4900 istud
755 4841 1029 4901 hominum
1062 4861 1231 4920 genus
1258 4850 1488 4922 contigit
1534 4850 1762 4921 Turcos,
1800 4855 1953 4926 quasi
2003 4855 2112 4912 Νο-

571 4940 778 5007 mades,
833 4939 1089 5000 vocitari.
1151 4945 1255 5000 Alii
1287 4960 1353 5000 ex
1389 4944 1588 5010 Turca,
1647 4947 1937 5004 Persarum
1981 4951 2113 5006 urbe

569 5047 762 5105 magna
826 5043 880 5088 et
919 5034 1218 5112 opulenta,
1283 5039 1387 5095 hoc
1443 5038 1720 5094 hominum
1762 5056 1933 5111 genus
1989 5058 2112 5112 pro-

569 5139 998 5194 gressumesse,
1040 5127 1294 5182 tradunt:
1349 5138 1401 5185 et
1447 5131 1574 5186 hinc
1624 5131 1917 5203 profectos,
1971 5135 2113 5190 Asite

571 5214 847 5273 inferioris
878 5218 1149 5288 regionem
1171 5220 1383 5275 tandem
1434 5222 1489 5276 in
1519 5237 1673 5277 suam
1705 5224 1988 5279 ditionem‘
2031 5243 2114 5281 re-

572 5309 786 5381 degisse
842 5319 1009 5367 totam
1041 5312 1343 5382 perhibent.
1381 5313 1519 5369 Sunt
1553 5317 1753 5386 quibus
1789 5317 1959 5387 magis
1997 5319 2113 5385 pla-

573 5416 682 5471 cet,
718 5405 924 5473 Turcos
955 5421 1018 5459 ex
1055 5405 1344 5478 leesyria
1380 5418 1436 5464 et
1475 5408 1695 5474 Arabia,
1743 5412 1824 5465 vel
1852 5428 1916 5468 ex
1976 5409 2107 5480 Scy-

573 5497 706 5564 thia,
733 5497 786 5550 in
839 5499 992 5551 istam
1022 5499 1312 5564 regionem,
1351 5499 1611 5554 habentes
1661 5517 1842 5556 secum
1891 5492 2113 5571 legislaé

576 5597 743 5644 torem
774 5588 1058 5644 Homarem
1095 5589 1208 5645 sive
1234 5593 1503 5654 Omarcm,
1539 5591 1743 5645 delatos
1769 5608 1908 5648 esse.
1936 5594 2110 5646 Asim—

2142 4525 2194 4586 ι)

2235 1915 2375 1968 κατά
2416 1917 2476 1967 τὸ
2508 1915 2756 1978 παλαιὸν,
2797 1915 2938 1969 ὥστε
2986 1917 3250 1988 τάληθοῦς
3305 1919 3378 1987 μὴ
3425 1919 3743 1989 διαμαρτεῖν
3768 1933 3787 1951 ⁶

2233 2011 2282 2061 οἱ
2307 2009 2405 2076 μὲν
2428 2008 2537 2077 γάρ
2564 2008 2783 2060 Σκυθῶν
2806 2010 3102 2085 ἀπογόνους
3128 2014 3254 2072 τοὺς
3277 2011 3553 2079 Τούρκους
3576 2012 3786 2064 οἴονται

2232 2094 2391 2161 εἷναι,
2424 2100 2711 2168 ὀρθότερον
2739 2099 2800 2168 δὴ
2848 2101 3276 2169 συμϐαλλόμενοι
3308 2105 3433 2171 περὶ
3462 2103 3657 2166 αὐτῶν,
3689 2104 3783 2156 διά

2232 2193 2291 2245 τὸ
2313 2194 2368 2254 ἐς
2397 2193 2502 2262 ἢθη
2525 2193 2585 2244 οὐ
2617 2193 2748 2246 πολὺ
2778 2193 3104 2262 διεστηκότα
3127 2193 3582 2264 καθισταμένους,
3605 2194 3783 2262 γλώτ-

2229 2303 2295 2357 τῃ
2329 2286 2592 2353 σύνεγγυς
2632 2287 2776 2356 μάλα
2801 2288 3125 2357 διαχρῆσθαι
3153 2288 3233 2340 ἔτι
3274 2289 3370 2342 καὶ
3399 2288 3492 2342 νῦν
3521 2291 3584 2359 τῇ
3616 2290 3780 2359 αὐτῇ.

2231 2379 2439 2442 Σκύθας
2465 2397 2524 2431 τε
2561 2381 2668 2448 γάρ
2719 2397 2852 2447 φασι
2894 2382 2954 2432 τὸ
2987 2380 3214 2448 ἕϐδομον
3256 2383 3358 2451 ἤδη
3387 2382 3492 2435 ἀπὸ
3520 2383 3783 2445 Τανάϊδος

2227 2471 2609 2541 ὡρμημένους,
2638 2471 3111 2539 καταστρέφεσθαι
3133 2475 3230 2541 τὴν
3257 2473 3369 2526 ἄνω
3403 2475 3606 2539 Ἀσίαν,
3631 2477 3782 2544 Πάρ-

2228 2564 2335 2616 θων
2365 2565 2463 2631 τὴν
2485 2564 2784 2633 ἠγεμονίαν
2819 2565 3071 2634 ἐχόντων,
3102 2566 3202 2634 τήν
3241 2583 3299 2617 τε
3331 2567 3554 2637 Περσῶν
3595 2570 3784 2636 χώραν

2228 2658 2322 2709 καὶ
2351 2657 2572 2726 Μήδων,
2606 2656 2702 2709 καὶ
2742 2655 3070 2725 ’Δσσυρίων.
3104 2658 3258 2712 Μετὰ
3283 2657 3339 2710 δὲ
3384 2654 3552 2710 ταῦτα
3585 2661 3782 2711 ἐπικα-

2224 2748 2498 2810 ταϐάντας
2525 2751 2584 2812 ἐς
2609 2750 2707 2817 τὴν
2735 2750 2885 2802 κάτω
2920 2750 3126 2813 Ἀσίαν,
3160 2751 3251 2802 ἐπὶ
3280 2751 3540 2821 Φρυγίαν,
3575 2751 3782 2804 Λυδίαν

2223 2859 2284 2895 τε
2311 2843 2402 2895 καὶ
2437 2843 2856 2906 Καππαδοκίαν,
2897 2842 2966 2896 τά
3012 2844 3068 2906 ἐς
3108 2843 3268 2912 τήνδε
3297 2843 3393 2915 τὴν
3424 2842 3610 2914 χώραν
3640 2844 3780 2896 ὑπο-

2223 2939 2400 3009 χείρια
2429 2937 2582 3004 σφίσι
2623 2936 2977 3001 ποιήσασθαι.
3011 2937 3118 2990 Καὶ
3151 2938 3245 2990 νῦν
3287 2937 3434 2992 ἔστιν
3462 2937 3590 2991 ἰδεῖν
3627 2932 3776 3010 ᾖλέ-

2221 3045 2378 3094 γουσι
2413 3026 2584 3080 πολλά
2621 3026 2716 3080 τοῦ
2747 3027 2936 3093 γένους
2959 3027 3151 3082 τούτου
3181 3028 3421 3098 πολλαχῆ
3451 3028 3546 3096 τῆς
3585 3029 3774 3089 Ἀσίας

2220 3120 2607 3188 ὲπινεμόμενα,
2633 3121 2767 3186 πρὸς
2790 3118 3016 3172 Σκυθῶν
3033 3119 3141 3174 τῶν
3170 3118 3428 3186 Νομάδων
3453 3120 3554 3190 ἢθη
3583 3138 3642 3173 τε
3673 3119 3771 3173 καὶ

2221 3212 2430 3263 δίαιταν
2476 3210 2890 3281 τετραμμένην,
2952 3212 3159 3282 οἰδαμῆ
3219 3213 3313 3280 τῆς
3377 3213 3560 3277 Ἀσίας
3610 3213 3770 3282 ἔσχον

2223 3303 2506 3370 καταφανῆ
2537 3303 2634 3373 τὴν
2666 3302 2970 3373 διατριϐήν.
3004 3304 3024 3333 ⁸
3053 3303 3291 3374 Κάκείνῃ
3324 3304 3379 3357 δὲ
3416 3303 3496 3356 ἔτι
3527 3303 3770 3372 συμϐάλ-

2223 3395 2404 3447 λονται
2440 3393 2514 3455 ὼς
2558 3393 2742 3455 Ἀσίας
2773 3395 2870 3462 τὴν
2898 3397 3045 3446 κάτω
3075 3394 3257 3465 χώραν
3285 3395 3589 3448 ἐνοικοῦντα
3633 3396 3768 3466 βάρ-

2223 3485 2366 3555 ϐαρα
2408 3483 2529 3556 ἔθνη
2566 3484 2841 3556 Τούρκων,
2890 3485 3108 3544 Λυδίαν,
3161 3487 3391 3556 Καρίαν,
3425 3489 3663 3557 Φρυγίαν
3704 3505 3766 3541 τε

2221 3576 2765 3649 καὶνΚαππαδοκίαν,
2810 3576 3042 3641 Σκύθαις
3073 3579 3171 3650 τὴν
3214 3579 3321 3633 ἀπὸ
3363 3577 3622 3641 Τανάϊδος
3671 3581 3768 3632 ἐπὶ

2221 3648 2536 3736 Σαρματίαν
2567 3670 2747 3737 χώραν
2777 3669 3043 3740 ὲπινεμομ
3055 3648 3207 3732 ένους
3231 3670 3548 3739 όμόγλωττά
3571 3671 3628 3722 τέ
3652 3675 3771 3724 ἐστι

2220 3761 2313 3812 καὶ
2352 3760 2650 3828 δμόσκευα.
2689 3759 2856 3813 Ἔνιοι
2899 3761 2951 3813 δὲ
2998 3761 3226 3831 Πάρθων
3258 3761 3556 3826 ἀπογόνους
3593 3763 3768 3828 Τούρ-

2222 3867 2352 3912 κους
2382 3849 2546 3916 φασὶν
2596 3845 2758 3903 εἶναι.
2815 3850 3049 3914 Τούτους
3100 3851 3207 3919 γὰρ
3257 3849 3359 3902 ὑπὸ
3403 3849 3622 3903 Σκυθῶν
3660 3851 3769 3904 τῶν

2220 3943 2486 4010 Νομάδων
2518 3943 2903 4013 διωκομένους,
2938 3944 2994 4004 ἐς
3027 3941 3126 4011 τὴν
3166 3943 3314 3995 κάτω
3359 3943 3543 3996 Ἀσίαν
3576 3943 3768 3996 ἐπικα-

2219 4035 2466 4104 ταϐῆναι,
2522 4035 2616 4086 καὶ
2660 4036 2715 4095 ὲς
2760 4037 2819 4086 τὸ
2862 4033 3320 4105 Νομαδικῶτερον
3369 4029 3765 4100 ἀποκλίναντας

2221 4126 2582 4194 σκεδασθῆναι
2612 4124 2779 4195 ταύτῃ
2811 4124 2913 4177 ἀνὰ
2935 4126 3034 4188 τὰς
3060 4126 3278 4188 πόλεις’
3321 4125 3412 4180 καὶ
3436 4126 3544 4178 ἀπὸ
3573 4126 3788 4181 τούτου.

2217 4216 2291 4279 ὡς
2324 4216 2388 4285 δὴ
2419 4214 2673 4286 Νομάδας
2695 4214 2971 4284 Τούρκους
2998 4215 3057 4287 τὸ
3084 4208 3238 4283 γένος
3267 4215 3427 4268 τοῦτο
3458 4215 3765 4268 καλεῖσθαι.

2221 4307 2407 4361 ’Δλλοι
2440 4307 2496 4359 δὲ
2541 4308 2704 4376 φασιν
2738 4306 2846 4358 ἀπὺ
2877 4305 3263 4379 Τούρκηςτῶν
3292 4305 3516 4376 Περσῶν
3559 4308 3766 4370 πόλεως

2219 4399 2460 4468 μεγάλης
2494 4381 2552 4449 τε
2590 4398 2685 4450 καὶ
2715 4387 3027 4468 εὐδαίμονος
3073 4398 3356 4470 προελθεῖν
3395 4416 3459 4452 τε
3498 4401 3560 4452 τὸ
3609 4402 3765 4476 γένος

2215 4489 2660 4564 διισχυρίζονται,
2694 4491 2788 4543 καὶ
2814 4491 2894 4552 είς
2922 4491 3023 4561 τὴν
3057 4491 3206 4547 κάτω
3231 4489 3412 4563 χώραν
3445 4494 3544 4562 τῆς
3580 4493 3766 4556 Ἀσίας

2217 4581 2726 4652 ἀπαλλαττομένους
2749 4580 3108 4650 σκεδασθῆναι
3129 4581 3302 4653 ταύτῃ
3330 4581 3433 4634 άνά
3455 4582 3552 4652 τὴν
3579 4580 3765 4632 Ἀσίαν

2221 4674 2686 4744 ἐπικατασχόντας
2734 4674 2833 4743 τὴν
2877 4672 3078 4748 χώραν.
3123 4673 3248 4727 Εἰσὶ
3291 4672 3346 4725 δὲ
3389 4674 3440 4726 οἳ
3482 4671 3766 4746 βούλονται

2215 4768 2493 4839 Τούρκους
2531 4765 2638 4825 ἀπὸ
2667 4765 2866 4838 Συρίας
2896 4766 3098 4835 μᾶλλον
3119 4766 3217 4836 τῆς
3249 4765 3450 4834 Κοίλης
3476 4763 3569 4816 καὶ
3600 4761 3767 4832 ’Δρα-

2216 4862 2339 4926 ϐίας
2397 4860 2430 4930 ἢ
2465 4860 2573 4915 ἀπὸ
2598 4859 2841 4925 Σκυθῶν,
2875 4860 2966 4915 ἐπὶ
3009 4860 3167 4930 τήνδε
3195 4859 3294 4932 τὴν
3337 4860 3522 4939 χώραν
3568 4858 3765 4925 datm-

2219 4955 2412 5025 μένους
2441 4952 2581 5022 μετά
2620 4952 2870 5022 Ὀμάρεω
2899 4952 2996 5007 τοῦ
3022 4956 3122 5025 τὴν
3148 4952 3471 5024 νομοθεσίαν
3516 4950 3765 5016 διαδεξα-

2219 5045 2405 5115 μένου,
2433 5043 2524 5100 ὲπὶ
2570 5042 2671 5116 τὴν
2716 5046 2812 5116 τῆς
2853 5043 3036 5106 ’Λείας
3087 5044 3261 5118 ἀρχὴν
3297 5043 3723 5114 προεληλυθέναι
3749 5061 3764 5075 ·

2217 5135 2314 5190 καὶ
2344 5135 2516 5207 ταύτῃ
2553 5136 2718 5190 αὐτοῦ
2743 5119 3225 5205 καταλειφθέντας,
3257 5137 3313 5199 ις
3346 5136 3403 5190 τὸ
3434 5135 3763 5204 Νομαδικὼ-

2215 5244 2370 5297 τερον
2399 5226 2708 5281 ἀποκλῖναι.
2756 5227 2843 5290 Ὦς
2884 5227 2984 5300 μὲν
3032 5225 3126 5282 οὖν
3157 5226 3359 5281 τούτων
3406 5227 3610 5281 ἕκαστα
3651 5230 3767 5297 ἔχει

2216 5312 2493 5387 ἀληθείας,
2519 5313 2728 5390 καὶ’ὲφ’
2754 5321 2791 5374 ἃ.
2821 5321 2914 5395 δὲῃ
2942 5321 3143 5376 τούτων
3169 5321 3475 5392 χωροῦντας
3495 5319 3766 5376 πυθέσθαι

2217 5409 2462 5481 ἄμεινον,
2511 5415 2613 5467 οὐκ
2659 5414 2763 5484 ἔχω
2813 5413 3176 5483 ξυμϐαλέσθαι
3225 5413 3299 5476 ὡς
3334 5414 3719 5487 ἀσφαλέστατα
3747 5432 3764 5447 ·

2215 5502 2426 5557 τοσόνδε
2461 5506 2644 5574 μέντοι
2698 5507 3001 5576 εἰρήσεται,
3030 5506 3103 5566 ὡς
3133 5508 3243 5567 τοῖς
3289 5507 3394 5559 ἀπὸ
3427 5505 3644 5558 Σκυθῶν
3671 5524 3765 5575 γει

2216 5595 2398 5650 νέσθαι
2441 5599 2540 5670 τὴν
2570 5598 2742 5669 ἀρχὴν
2788 5599 2995 5663 τούτοις
3037 5599 3519 5671 διισχυριζρμὲνοις
3551 5599 3662 5671 ἔχοι
3695 5602 3766 5656 ἄν

1812 5736 2057 5797 Notulte
2106 5740 2502 5816 marginales.

650 5857 669 5888 ⁸
691 5862 920 5914 κάκεῖνοι
952 5861 1005 5914 δὲ
1029 5862 1105 5913 ἔτι
1141 5861 1555 5932 συμϐάλλονκς.
1594 5862 1656 5914 li.
1696 5868 1749 5912 ut
1781 5862 1829 5913 in
1861 5871 2002 5914 cont.
