3980 6340
537 336 570 373 φ

539 337 605 393 2'}
1626 342 1924 399 LAONlCI
1950 340 2619 408 ,CHALCQCONDYLJ‘Z
3637 337 3711 400 οι

537 445 674 495 rium
735 445 1258 511 acciperent,brevi
1317 446 1429 502 suis
1482 448 1838 502 maximarqu
1899 466 2061 518 opum

2178 454 2417 515 λαϐόντα,
2456 455 2548 506 ἐπὶ
2585 453 2680 520 τῆς
2711 452 2881 521 ταύτῃ
2911 452 3106 520 ὁμόρου
3137 451 3316 520 χώρας
3357 456 3712 523 καταστροφῇ

477 536 483 555 ’λ
533 543 719 586 auctor
760 535 880 586 luit.
935 533 1134 589 Deinde
1188 552 1308 590 cum
1336 536 1577 605 quotidie
1623 536 1892 592 Nomades
1946 542 2065 608 plu-

532 625 655 677 rimi
681 624 748 677 ad
775 627 950 692 ipsum
1005 626 1361 691 conﬂuerent,
1414 629 1547 682 etin
1601 629 1721 681 belli
1756 630 2065 683 societatem

532 704 792 770 adversus
832 714 1103 771 finitimos
1148 720 1584 782 admitterentur,
1620 721 1834 774 tandem
1872 723 2065 773 mirum

531 806 585 856 in
619 806 829 858 modum
855 808 1063 876 imperii
1109 809 1192 861 sui
1233 811 1492 876 pomeria
1515 822 1914 878 promoverunt.
1942 810 2070 864 Pro-

533 904 652 962 pter
690 913 774 950 res
811 899 1026 951 {mtiter
1053 910 1230 967 gestas
1260 901 1421 953 etiam
1466 901 1705 954 Aladinac
1731 903 1927 955 cliarus
1977 916 2068 954 ac-

531 997 832 1057 ceptusque
870 1001 1006 1044 erat.
1057 990 1305 1057 Suntqui
1357 973 1654 1045 litterarum
1705 991 2066 1045 monumentis

532 1078 790 1145 scriptum
849 1081 1131 1149 reliquere,
1175 1082 1496 1148 Ogusiornrn
1559 1085 1755 1136 tribum
1811 1083 2066 1149 auspiciis

531 1168 805 1240 ductuun
837 1172 1150 1238 ()rthogulis
1197 1175 1309 1228 loca
1364 1175 1514 1242 juxta
1561 1174 1797 1227 Taurum
1865 1175 2067 1227 munita

2175 544 2416 595 ἐντεῦθεν
2441 544 2749 614 ὡρμῆσθαι,
2771 548 2862 594 καὶ
2883 543 3005 604 τούς
3029 557 3089 609 γε
3125 543 3387 611 Ἑλλήνων
3408 545 3721 612 περιοίκους

2177 635 2350 698 Ξγειν,
2389 636 2482 686 καὶ
2530 635 2623 684 ἐπὶ
2671 634 2811 702 μέγα
2848 636 3094 702 χωρῆσαι
3139 634 3435 699 δυνάμεως.
3485 634 3571 694 Ὠς
3619 633 3722 702 μὲν

2174 719 2266 774 οὖν
2305 722 2476 790 ἀρχὴν
2502 721 2626 790 ἔσχε
2658 721 2866 782 τούτοις
2894 720 2960 772 τὰ
2988 719 3308 790 πράγματα,
3333 720 3423 771 καὶ
3449 722 3523 780 ὡς
3546 719 3722 790 ταύτῃ

2175 814 2205 881 ἣ
2235 812 2364 880 ἄλλῃ
2400 811 2632 878 ἐγένετο,
2677 810 2773 862 οὐκ
2815 809 2882 862 ἂν
2925 809 3064 861 οὕτω
3096 810 3290 876 ῥαδίως
3315 809 3487 858 εἰπεῖν
3517 808 3721 875 ἔχοιμι,

2175 903 2280 954 ὑπὸ
2313 902 2520 954 πολλῶν
2548 901 2729 969 μέντοι
2759 898 3049 966 λεγόμενα.
3076 896 3263 948 Ταῦτα
3296 895 3350 948 δὲ
3382 897 3438 956 ὲς
3465 893 3722 945 τοσοῦτον

2175 990 2616 1058 ὲπιμνησάμενος
2656 989 2916 1055 παρίημι.
2958 987 3043 1047 Ὠς
3093 986 3148 1036 δὲ
3194 985 3577 1053 Ὀτουμανίδας
3618 983 3722 1048 τῆς

2186 1085 2482 1151 Ὀγουζίων
2530 1085 2721 1151 μοίρας
2768 1084 2860 1133 ἐπὶ
2892 1081 3045 1150 τήνδε
3094 1081 3347 1148 ἀφίκοντο
3377 1079 3476 1148 τὴν
3519 1075 3722 1145 ἀρχὴν,

2175 1169 2275 1225 ὦδε
2311 1175 2562 1239 γενέσθαι
2594 1174 2896 1242 ἐπυθόμην.

531 1273 828 1327 occupasse
850 1302 865 1326 ,
911 1277 962 1318 et
1013 1266 1138 1319 hinc
1167 1268 1333 1319 armis
1361 1256 1654 1320 instructos
1681 1274 2084 1334 procurrentes,
2127 1265 2411 1318 ﬁnitimam
2464 1267 2734 1333 regionem
2758 1287 2759 1292 π
2787 1265 3106 1330 subjugasse
3137 1281 3150 1316 :
3185 1262 3400 1317 Grzecos
3464 1261 3580 1328 ejus
3630 1275 3725 1312 re-

515 1350 706 1422 'giouis
737 1357 948 1410 accolas
996 1356 1283 1421 devicisse,
1356 1373 1564 1424 suoque
1634 1359 1858 1426 imperio
1912 1359 2143 1410 maxima
2185 1357 2446 1424 adjeeisse
2482 1359 2834 1411 incrementa.
2874 1357 3007 1421 Qua-
3038 1367 3219 1409 autem
3277 1357 3464 1408 borum
3501 1354 3566 1407 ab
3613 1351 3724 1403 ini-

527 1445 606 1496 tio
666 1445 826 1498 fuerit
854 1449 1119 1511 conditio,
1184 1448 1392 1513 adiutae,
1430 1463 1627 1503 verane
1669 1449 1779 1500 sint
1808 1462 1897 1517 au,
1943 1448 2072 1501 falsa
2110 1464 2228 1515 quae
2266 1447 2331 1500 de
2367 1448 2499 1516 ipsis
2548 1449 2706 1501 modo
2769 1449 3145 1514 exposuimus,
3203 1462 3309 1499 non
3373 1443 3529 1497 facile
3579 1443 3725 1492 aﬂlr—

529 1549 678 1588 mare
709 1539 920 1592 ausim:
953 1541 1200 1608 quamvis
1246 1540 1462 1608 plurimi
1505 1542 1795 1608 scriptores
1842 1556 1902 1594 ea
1954 1544 2464 1607 commemorarint;
2509 1545 2730 1612 proinde
2777 1558 2900 1596 cum
2961 1559 3022 1595 ea
3072 1544 3332 1594 hactenus
3385 1543 3450 1594 ab
3511 1539 3724 1609 origine

527 1629 854 1694 repetierim,
887 1645 1024 1684 nunc
1057 1631 1287 1700 amplius
1317 1633 1383 1684 de
1415 1631 1499 1685 his
1559 1631 1722 1685 verba
1783 1633 1963 1685 facere
2037 1635 2387 1698 supersedeo.
2452 1628 2721 1699 Quantum
2793 1648 2922 1686 vero
2972 1633 3164 1684 attinet
3219 1631 3284 1682 ad
3341 1632 3720 1693 Otomanidus,

529 1735 591 1772 ex
645 1721 844 1774 familia
895 1721 1220 1790 Oguziorum
1254 1734 1422 1786 ortos,
1479 1735 1534 1778 ut
1583 1727 1646 1776 ad
1707 1725 2068 1780 clarissimum
2109 1726 2519 1794 bocimperium
2549 1725 2838 1787 evaserint,
2877 1737 3019 1776 nunc
3059 1723 3350 1790 explanare
3397 1721 3643 1781 instituo.

603 1814 764 1869 Vicus
794 1824 876 1870 est
915 1816 1063 1884 juxta
1091 1816 1334 1884 Mysiam,
1362 1831 1521 1885 quem
1578 1815 1834 1886 Sogutam
1883 1815 2070 1868 incola:

2244 1815 2393 1866 Ἔστι
2423 1816 2659 1883 Σογούτη
2707 1813 2860 1882 παρὰ
2899 1813 3109 1866 Μυσίαν
3156 1811 3315 1880 κώμη
3340 1812 3480 1864 οὕτω
3519 1812 3723 1864 καλου-

528 1913 748 1964 vocant,
782 1903 873 1959 ubi
909 1915 992 1957 est
1017 1913 1069 1958 et
1094 1904 1291 1957 ﬂuvius
1327 1905 1564 1973 ejusdem
1616 1904 1872 1968 nominis,
1907 1901 2069 1957 Vicus

529 1993 621 2047 ille
653 2009 829 2046 rerum
858 1995 1101 2047 omnium
1172 1993 1456 2047 adﬂuentia
1507 1995 1691 2077 pollet,
1738 2001 1978 2046 remotus
2042 2008 2071 2045 a

532 2084 665 2139 mari
693 2084 905 2138 Euxino
941 2084 1190 2137 ducentis
1215 2084 1607 2152 quinquaginta
1644 2083 1857 2138 stadiis.
1889 2082 2073 2137 Potest

530 2172 670 2225 idem
697 2172 847 2225 locus
874 2171 996 2226 ltea':
1024 2171 1179 2227 vicus
1214 2173 1501 2226 nominari.
1539 2172 1596 2225 In
1633 2172 1770 2225 hanc
1798 2172 2066 2240 regionem

528 2278 651 2317 cum
690 2263 875 2331 Oguzii
902 2272 1291 2330 penetrassent,
1321 2263 1684 2330 ibialiquanto
1711 2271 1955 2330 tempore
1973 2261 2068 2314 ba-

532 2355 794 2406 bitarunt.
829 2354 879 2427 7
907 2352 1232 2408 Ottomanus
1264 2365 1438 2406 autem
1464 2354 1562 2422 t9),
1582 2351 1890 2418 Ortliogulis
1910 2351 2069 2412 filius.

537 2443 694 2497 initio
717 2458 817 2495 non
837 2444 1121 2498 admodum
1147 2442 1400 2498 secundis
1418 2443 1676 2512 agebatur
1692 2442 1917 2496 fortuna:
1940 2439 2072 2495 ﬂati-

528 2533 653 2588 bus.
673 2533 900 2590 Proinde
920 2551 1040 2589 cum
1058 2543 1198 2590 esset
1219 2535 1399 2590 animo
1423 2535 1626 2588 liberali
1652 2544 1704 2588 et
1735 2533 1855 2588 forti
1882 2533 2072 2603 praedi-

529 2639 640 2689 tus,
674 2629 882 2680 animos
913 2641 1097 2681 eorum
1120 2627 1210 2694 qui
1240 2628 1291 2678 in
1323 2627 1442 2677 vico
1469 2626 1719 2696 agebant,
1751 2624 1943 2692 Opibus
1972 2624 2070 2677 sibi

534 2719 806 2779 conciliat,
840 2717 1096 2785 brevique
1139 2717 1242 2773 sibi
1274 2716 1655 2770 devotissimos
1693 2716 1899 2769 habuit.
1940 2715 2073 2768 Hinc

533 2822 656 2860 cum
698 2806 839 2859 odiis
882 2789 1156 2861 certarent
1187 2788 1486 2860 Icontiuuis
1521 2807 1777 2860 adversus
1820 2805 2069 2869 Cra-cos,

533 2896 773 2951 omnium
808 2913 1030 2952 assensu
1097 2897 1390 2966 imperator
1422 2898 1726 2952 declaratus
1763 2909 1866 2952 est.
1924 2895 2072 2950 Bello

533 2991 717 3057 itaque
748 2989 970 3042 adortus
999 2986 1241 3050 Graecos,
1267 2988 1357 3057 qui
1393 2988 1447 3040 in
1500 3001 1564 3040 ea
1600 2986 1821 3055 regione
1866 2985 2074 3037 habita-

535 3081 686 3142 bant,
709 3093 814 3132 non
853 3078 999 3144 prius
1024 3077 1214 3145 proelio
1243 3078 1495 3143 excessit,
1527 3092 1687 3145 quam
1720 3090 1842 3129 cum
1888 3090 2073 3128 omnes

2173 1905 2312 1970 μένη
2352 1905 2642 1972 εὐδαίμων,
2694 1905 2788 1956 καὶ
2839 1904 3078 1969 ποταμὸς
3129 1906 3255 1971 παρ’
3282 1903 3416 1971 αὐτῇ
3447 1902 3588 1954 οὕτω
3613 1920 3718 1954 κα-

2171 1994 2446 2060 λούμενος.
2479 1996 2654 2061 Διέχει
2688 1995 2744 2045 δὶ
2775 1995 2882 2046 ἀπὸ
2915 1994 3182 2063 θαλάττης
3213 1993 3311 2059 τῆς
3339 1993 3431 2044 τοῦ
3462 1990 3716 2052 Εὐξείνου

2173 2088 2367 2137 πόντου
2403 2086 2648 2146 σταδίους
2692 2083 2823 2135 ὡσεὶ
2870 2084 3209 2151 πεντήκοντα
3253 2086 3346 2134 καὶ
3388 2083 3714 2144 διακοσίους·

2173 2181 2401 2232 καλοῖτο
2425 2179 2472 2230 δ’
2520 2178 2585 2231 ἂν
2625 2179 2770 2247 αὕτη
2828 2178 3024 2239 Ἰταίας
3064 2177 3243 2246 κώμη.
3298 2178 3379 2238 Ἐς
3413 2176 3616 2246 ταύτην
3657 2178 3718 2228 δὲ

2171 2273 2268 2338 τὴν
2306 2271 2492 2341 χώραν
2517 2271 2880 2339 ἀφικομένους
2916 2269 3040 2332 τοὺς
3085 2269 3391 2335 Ὀγουζίους
3441 2271 3718 2336 ὲνοικῆσαε

2172 2362 2263 2413 ὲπί
2291 2378 2410 2413 τινα
2447 2362 2656 2429 χρόνον.
2719 2361 3048 2428 Ὀτουμάνου
3089 2360 3146 2410 δὲ
3190 2361 3279 2412 τὸν
3312 2359 3718 2429 Ὀρθογρούλεω

2174 2451 2356 2512 παῖδα,
2401 2451 2462 2502 ού
2511 2451 2650 2504 πάνυ
2689 2465 2769 2502 τοι
2813 2449 2873 2501 εὖ
2911 2449 3216 2517 πράττοντα
3263 2449 3358 2518 τὴν
3411 2450 3583 2518 ἀρχὴν
3627 2467 3719 2516 γε-

2173 2541 2358 2593 νέσθαι
2386 2543 2484 2610 τήν
2517 2557 2575 2592 τε
2620 2539 2802 2609 ψυχὴν
2839 2538 3316 2607 ἐλευθερώτατον,
3350 2540 3441 2591 καὶ
3486 2539 3610 2600 τοὺς
3658 2539 3719 2589 ὲν

2171 2634 2236 2700 τῇ
2262 2630 2420 2699 κώμῃ
2447 2628 2936 2697 φιλοφρονούμενον
2956 2630 3019 2681 ὲκ
3039 2629 3147 2680 τῶν
3171 2631 3482 2696 προσόντων
3507 2628 3582 2686 ὠς
3604 2624 3718 2680 οἷόν

2170 2722 2218 2772 τ’
2245 2716 2312 2790 ἦν
2349 2721 2586 2788 μάλιστα
2632 2717 2780 2788 αύτῷ
2822 2720 2947 2782 τούς
2974 2736 3034 2772 τε
3075 2721 3131 2772 ὲν
3179 2723 3242 2790 τῇ
3290 2720 3451 2791 κώμῃ
3481 2721 3718 2788 ἀνακτή-

2174 2805 2387 2858 σασθαι.
2426 2805 2580 2857 Ὥστε
2625 2807 2890 2874 διαφορᾶς
2921 2808 3071 2874 σφίσι
3119 2808 3254 2876 πρὸς
3288 2810 3412 2868 τοὺς
3448 2809 3719 2877 Ἐλλήνων

2172 2897 2348 2949 αὐτῶν
2371 2896 2684 2966 περιοίκους
2713 2898 3028 2966 γενομένης,
3054 2899 3305 2966 ἡγεῖσθαι
3333 2898 3571 2950 κελεύειν
3592 2900 3720 2962 τοὺς

2172 2987 2228 3036 ὲν
2256 2988 2322 3054 τῇ
2344 2973 2494 3037 πολει
2533 2985 2863 3054 Ὀτουμάνον
2902 2988 2992 3038 τὸν
3025 2987 3448 3056 Ὀρθογρούλεωο
3485 2988 3575 3040 καὶ
3615 3007 3720 3056 μα-

2175 3075 2492 3143 χεσάμενον,
2527 3075 2834 3143 τρέψασθαί
2866 3092 2925 3127 τε
2959 3077 3081 3136 τοὺς
3121 3079 3289 3148 ταύτῃ
3323 3079 3607 3144 Ἕλληνας.

537 3183 624 3226 aut
671 3173 980 3237 cecidisset,
1018 3179 1109 3226 aut
1159 3171 1417 3240 fugasset.
1499 3171 1634 3225 llinc
1687 3187 1940 3242 prospere
1997 3169 2417 3225 succedentibus
2484 3170 2662 3234 rebus,
2737 3172 2994 3227 victorias
3050 3173 3310 3242 plurimas
3365 3175 3567 3230 Graecis
3609 3191 3707 3230 ex-

539 3266 723 3319 torsit.

608 3360 742 3412 Cum
774 3367 951 3439 autem
985 3359 1121 3413 fama
1152 3361 1386 3414 nominis
1421 3362 1502 3414 sui
1540 3361 1784 3428 regiones
1810 3360 2070 3428 plurimas

2242 3355 2354 3407 Καὶ
2384 3354 2489 3406 ἀπὸ
2519 3356 2705 3407 τούτου
2739 3357 3088 3423 ὁρμωμένους
3127 3359 3371 3424 ἐπιπολὺ,
3405 3361 3712 3425 ἐπεξελθεῖν

542 3451 890 3521 implevisset.
921 3452 1080 3506 etiam
1140 3452 1279 3518 apud
1321 3452 1600 3505 Aladinam
1637 3452 1871 3505 maxima
1909 3451 2077 3518 gloria

540 3543 731 3610 viguit,
760 3553 971 3598 creatus
1000 3544 1066 3595 ab
1093 3543 1210 3612 ipso
1240 3543 1371 3606 dux,
1403 3558 1523 3596 cum
1555 3542 1792 3610 undique
1813 3541 2079 3609 praeclaris

541 3632 701 3687 editis
736 3630 1068 3684 facinoribus
1117 3645 1203 3686 res
1240 3631 1449 3685 fortiter
1488 3632 1763 3700 gessisset.
1821 3629 2080 3684 Defuncto

544 3740 670 3793 rege
735 3724 981 3786 Aladina,
1049 3723 1320 3780 discerdia
1393 3726 1532 3780 inter
1591 3726 1738 3794 regni
1795 3726 2079 3793 optimates

543 3828 725 3871 exorta
775 3825 878 3876 est.
933 3814 1263 3884 Orthogulus
1317 3818 1588 3871 adhibitus
1625 3819 1676 3869 in
1727 3816 2078 3882 colloquium,

549 3922 671 3959 cum
710 3906 932 3960 multum
983 3907 1238 3975 temporis
1293 3904 1636 3959 deliberando
1672 3915 1814 3960 esset
1864 3906 2081 3959 absum-

549 4006 723 4070 ptum,
775 3997 988 4052 tandem
1037 3997 1146 4052 icto
1202 3996 1402 4053 laedere
1451 3997 1715 4065 promisit,
1768 4012 1825 4052 se
1869 3997 2001 4065 ipsis
2031 4003 2082 4048 et

549 4090 756 4151 socium
808 4087 1116 4143 auxiliarem
1163 4088 1297 4152 fore,
1354 4088 1683 4159 quocunque’
1727 4091 1782 4144 in
1839 4089 2079 4144 militiam

551 4179 1003 4248 proﬁciscantur:
1045 4180 1145 4234 hac
1198 4177 1372 4234 tamen
1414 4181 1744 4244 conditione,
1804 4189 1863 4236 ut
1921 4197 2083 4249 quas-

547 4287 762 4341 cunque
793 4271 1057 4340 regiones,
1113 4271 1419 4339 conjunctis
1470 4271 1662 4339 copiis,
1717 4286 1814 4324 suo
1863 4273 2083 4340 imperio

551 4361 915 4429 adjunxerint,
983 4375 1076 4416 eas
1133 4360 1271 4418 inter
1328 4375 1447 4413 sese
1501 4360 1687 4426 partiri
1710 4359 1895 4414 velint.
1948 4359 2080 4413 Cum

553 4453 734 4520 igitur,
788 4460 847 4502 ut
889 4449 1087 4503 foedere
1146 4449 1446 4514 tenebatur,
1506 4449 1782 4513 communi
1813 4464 2082 4503 consensu

555 4543 864 4610 viribusque
896 4541 1275 4601 communibus
1306 4541 1443 4595 bella
1467 4541 1906 4609 aggrederentur,
1937 4550 2083 4596 tanta

555 4631 726 4698 ipsius
760 4631 900 4696 inter
936 4642 1123 4682 omnes
1155 4627 1328 4680 virtus
1360 4627 1598 4689 emicuit,
1657 4633 1717 4677 ut
1742 4625 1888 4678 brevi
1917 4624 2084 4692 pluri-

2179 3462 2235 3497 τε
2266 3445 2390 3505 τοὺς
2439 3444 2723 3513 Ἕλληνας,
2775 3445 2867 3496 καὶ
2915 3448 3062 3515 παρετ
3097 3448 3341 3519 Ἀλαδίνῃ
3370 3447 3428 3502 εὖ
3459 3451 3600 3519 μάλα
3625 3453 3714 3504 εύ-

2180 3534 2526 3604 φημούμενον
2560 3535 2699 3600 μέγα
2746 3536 3124 3605 εὐδοκιμῆσαι,
3163 3541 3254 3592 ἐπὶ
3299 3543 3624 3610 στρατηγίας
3653 3560 3713 3596 τε

2179 3626 2590 3693 καθιστάμενον,
2620 3629 2712 3680 καὶ
2746 3626 2876 3696 ἔργα
2901 3629 3354 3698 ἀποεεικνύμενον
3384 3631 3508 3695 ἀξια
3533 3619 3712 3701 λόγου.

2179 3717 2607 3785 Τελευτήσαντος
2658 3719 2713 3770 δὲ
2773 3720 3058 3774 ῗΑλαδίνεω
3120 3722 3398 3788 βασιλέως,
3453 3728 3547 3777 καὶ
3610 3728 3718 3779 τῶν

2181 3809 2412 3876 ἀρίστοιν
2440 3809 2601 3861 αὑτοῦ
2651 3813 2705 3872 ἐς
2755 3812 3016 3880 διαφορὰν
3067 3813 3247 3880 σφίσιν
3282 3816 3713 3886 ἀφικνουμένων,

2179 3899 2392 3963 λέγεται
2436 3901 2721 3966 ἀφικέσθαι
2767 3901 2823 3960 ἐς
2863 3902 3052 3966 λόγους
3097 3906 3298 3968 αὐτοῖς,
3348 3909 3440 3958 καὶ
3489 3905 3716 3974 ἐκείνοις

2179 3988 2444 4056 ἀλλήλοις,
2511 3990 2820 4058 ξυμμαχίαν
2875 4008 2932 4043 τε
2985 3993 3079 4046 καὶ
3125 3995 3421 4063 ὁμαιχμίαν
3482 4000 3715 4062 ἐκείνοις

2182 4080 2521 4148 συνθέμενον,
2575 4079 2841 4150 ξυμϐῆναι
2893 4083 3074 4147 αὐτοῖς
3121 4086 3278 4154 ὅρκια
3328 4089 3714 4156 ποιησάμενον,

2182 4171 2264 4237 ἐφ’
2299 4165 2341 4238 ᾧ
2367 4173 2499 4228 ὁμοῦ
2526 4173 2728 4235 πάντας
2757 4177 2906 4242 κοινῇ
2954 4176 3324 4245 συνδιαφέρειν
3343 4179 3432 4230 τὸν
3461 4182 3717 4250 πόλεμον,

2182 4264 2274 4314 καὶ
2305 4264 2766 4331 καταστρέφεσθαι
2787 4265 2882 4332 τὴν
2904 4266 3104 4332 χώραν,
3128 4268 3259 4337 ὅσην
3283 4269 3327 4321 δ’
3344 4269 3411 4322 ἂν
3433 4272 3714 4335 δύνωνται,

2181 4353 2307 4421 ὅσην
2336 4352 2379 4404 δ’
2424 4352 2489 4404 ἂν
2548 4352 2885 4419 ὑπάγωνται,
2935 4356 3260 4421 ἐπιελέσθαι,
3300 4361 3448 4426 σφίσι
3478 4365 3614 4415 κατά
3649 4367 3717 4419 τὰ

2183 4445 2334 4509 κοινῆ
2363 4447 2540 4513 σφίσιν
2572 4447 2754 4509 αὐτοῖς
2801 4447 3129 4516 δεδογμέναο
3164 4453 3256 4503 καὶ
3299 4453 3441 4506 οὕτω
3492 4457 3554 4523 δὴ
3603 4456 3717 4522 ἅμα

2182 4535 2407 4595 ἐκείνοις
2447 4536 2737 4587 ἐλαύνοντα
2765 4539 3234 4606 καταστρέψασθαι
3278 4542 3461 4611 χώραν
3492 4546 3590 4598 οὐκ
3610 4546 3718 4597 ὀλί-

2184 4639 2306 4692 γην,
2330 4625 2424 4675 καὶ
2446 4624 2581 4693 ἔργα
2609 4624 3065 4695 ἀποδεικνύμενον
3088 4632 3315 4698 μεγάλα,
3347 4635 3439 4686 καὶ
3463 4637 3717 4705 χρήματα

557 4733 672 4771 mas
695 4732 824 4785 opes
852 4717 1178 4787 acquireret,
1204 4730 1536 4785 regnumque
1559 4713 1660 4769 sibi
1693 4721 1902 4782 pararet
1938 4713 2075 4769 haud

2188 4714 2355 4779 συχνὰ
2386 4713 2784 4781 ὲπικτὼμενον·
2821 4717 2958 4770 ὥστε
2995 4720 3050 4772 ἐν
3081 4720 3271 4789 βραχεί
3295 4726 3384 4776 ἐπὶ
3617 4743 3720 4778 πα·-

556 4806 974 4877 aspernandum.
1006 4805 1068 4859 Hi
1094 4815 1272 4861 autem
1305 4821 1424 4860 cum
1457 4804 1626 4858 forent
1675 4804 1838 4857 duces
1867 4818 2087 4858 numero

557 4912 783 4970 septem,
831 4900 985 4955 initio
1017 4903 1308 4971 regionem,
1345 4914 1505 4968 quam
1547 4907 1659 4952 tum
1695 4899 1860 4957 armis
1910 4898 2087 4968 subje-

561 5000 769 5053 cerant,
809 4991 948 5046 inter
980 5003 1096 5045 sese
1127 4988 1422 5042 diviserunt
1457 5007 1470 5041 :
1524 4996 1705 5056 postea
1745 4987 2083 5056 partitionem

558 5085 688 5137 sorti
725 5080 1145 5143 committentes,
1179 5077 1478 5135 Caramano
1511 5078 1773 5145 obtigisse
1827 5077 2085 5130 mediter-

552 5189 770 5230 raneam
794 5173 1054 5242 Phrygia,
1083 5169 1327 5225 Ciliciam
1352 5183 1543 5237 usque.
1569 5176 1620 5222 et
1644 5166 2082 5234 Philadelphiam.

557 5264 816 5320 Sarcltani
849 5278 965 5316 sors
998 5263 1197 5317 addixit
1233 5262 1554 5315 maritimam
1605 5258 1765 5312 lenite
1796 5258 2084 5327 regionem,

557 5372 663 5426 qua
695 5355 978 5424 Smyrnam
1010 5369 1178 5421 usque
1205 5361 1367 5420 patet.
1397 5351 1560 5420 Lydia
1585 5364 1751 5418 usque
1773 5348 1837 5400 ad
1864 5347 2086 5418 Mysiam

2191 4804 2536 4872 ρεληλυθὲναι
2566 4806 2626 4857 οὐ
2661 4807 2886 4876 φαύλην.
2919 4812 3151 4871 Τούτους
3180 4814 3236 4865 δὲ
3283 4817 3554 4884 ἡγεμόνας
3581 4817 3722 4871 ἐπ’τά

2187 4897 2526 4964 γενομένους,
2563 4897 2690 4965 ὅσην
2726 4900 3069 4969 ὑπηγάγοντο
3093 4905 3266 4974 ἀρχὴν
3309 4907 3722 4978 διανενεμῆσθαι

2190 4986 2326 5053 μετὰ
2362 4986 2534 5040 ταῦτα
2573 4988 2753 5056 σφίσιν
2798 4993 2981 5054 αὐτοῖς
3005 5011 3018 5027 ·
3075 4996 3258 5063 λαχεῖν
3300 4998 3362 5064 δὴ
3394 4999 3724 5069 Καραμάνον
3789 5017 3792 5020 ‘

2185 5073 2280 5142 τὴν
2315 5076 2608 5142 μεσόγαιαν
2637 5080 2732 5146 τῆς
2763 5081 2996 5150 Φρυγίας
3031 5083 3157 5151 ἄχρι
3213 5086 3463 5148 Κιλικίας
3513 5091 3604 5141 καὶ
3632 5092 3724 5142 Φι-

2186 5164 2470 5232 λαδελφίας
2494 5183 2508 5249 '_
2545 5169 2828 5239 Σαρχάνην
2854 5172 2910 5224 δὲ
2941 5174 3183 5227 ἐντεῦθεν
3201 5177 3298 5244 τὴν
3332 5179 3592 5245 παράλιον
3621 5183 3720 5250 τῆς

2199 5256 2402 5316 Ἰωνίας
2447 5258 2644 5328 χώραν,
2713 5262 2831 5314 ἐστε
2875 5264 2965 5316 ἐπὶ
3010 5264 3259 5333 Σμύρνην
3305 5268 3508 5321 ἐλθεῖν·
3544 5274 3609 5323 τα
3664 5275 3720 5328 δι

2189 5347 2383 5408 Λυδίας
2413 5347 2533 5405 ἔστε
2573 5353 2662 5404 ἐπὶ
2685 5353 2895 5406 Μυσίαν
2921 5356 3185 5424 Καλάμην
3219 5360 3315 5412 σὺν
3349 5363 3427 5431 τῷ
3451 5365 3600 5418 παιδὶ
3629 5370 3724 5418 αὐ.

555 5446 772 5505 obvcnit
798 5444 1024 5509 Calami,
1055 5452 1108 5497 et
1131 5443 1237 5496 ﬁlio
1271 5457 1369 5497 suo
1396 5440 1603 5497 Carasi.
1656 5439 1955 5507 Bithyniam
1989 5453 2075 5490 au-

2189 5437 2283 5490 τοῦ
2322 5439 2570 5513 Καρασῇ.
2618 5443 2696 5500 Τὰ
2731 5445 2864 5512 πρὸς
2901 5447 3177 5516 Ὄλυμπόν
3205 5466 3264 5502 τε
3307 5453 3399 5506 καὶ
3448 5452 3701 5507 Βιθυνίαν

1786 5579 2026 5640 Nutulce
2071 5582 2461 5658 marginales.

626 5705 702 5772 (9)
732 5705 952 5760 Circitet‘
983 5721 1102 5760 anu.
1149 5707 1290 5758 i500.
1335 5767 1342 5774 .
