3980 6340
143 481 244 547 ιω

1177 485 1289 544 ΒΕ
1313 485 1559 546 liEBUS
1591 483 1945 546 TURCICIS
2001 486 2142 546 LIB.
2178 487 2288 548 11Ιέ

3191 468 3198 474 ’
3255 495 3355 563 15;

137 593 429 648 Ξυνέῦαινε
457 594 514 648 δι
538 594 630 647 καὶ
665 596 724 647 τὸ
753 595 943 664 μηδενὶ
967 598 1284 666 ἐπιτρέπειν
1318 597 1413 651 τοῦ
1451 599 1685 668 στρατοῦ

1801 601 2103 654 necessitas
2136 610 2403 666 moneret,
2437 601 2780 657 abuteretur.
2819 602 3094 658 Praeterea
3123 606 3357 672 contigit

138 686 231 740 ἐπὶ
270 686 480 754 πυροὺς
514 687 612 738 καὶ
637 685 830 753 κριθὰς
856 686 1244 757 ὲπὶΠρούσης,
1271 687 1386 759 ὥρα
1419 685 1485 757 ἦν
1518 707 1697 759 παρα-

139 775 356 827 ϐάλλειν
412 776 504 827 τὸν
551 775 741 840 ἵππον,
768 775 1126 844 χαλεπαίνειν
1155 793 1212 828 τε
1250 777 1314 829 τὰ
1358 772 1504 843 αύτῷ
1535 795 1699 846 στρα-

136 866 408 935 τεύματα,
455 867 547 919 καὶ
596 867 988 938 ἀπαγορεύειν.
1025 868 1340 937 Ἀπείρηται
1369 868 1475 936 γὰρ
1510 869 1699 938 μηδενὶ

136 957 340 1022 ἐξεῖναι
386 959 466 1020 τίς
518 959 722 1028 πυροὺς
783 959 1292 1014 είσιέναι.”οντινα
1359 961 1406 1012 δ’
1438 961 1502 1014 ἂν
1540 960 1696 1013 λάϐοι

135 1051 474 1116 εἰσελθόντα,
510 1053 860 1123 ἐτιμωρεῖτο.
910 1054 1148 1121 Λέγεται
1205 1054 1264 1106 δὲ
1306 1054 1455 1123 αὐτῷ
1498 1056 1732 1123 ἐστρα-¹

129 1143 511 1212 τοπεδευμένῳ
534 1143 665 1212 περὶ
709 1144 1104 1198 Καππαδοκίαν
1128 1145 1346 1215 πνεῦμα
1391 1145 1698 1216 βιαιότατον

131 1234 474 1288 ὲπιπνεῦσαν
510 1235 551 1267 ’³
577 1233 656 1304 τῷ
686 1237 1059 1305 στρατεύματι
1107 1235 1293 1300 αὑτοῦ,
1331 1237 1427 1298 τάς
1475 1254 1535 1289 τε
1566 1252 1698 1304 σκη-

130 1326 224 1385 νὰς
256 1326 728 1394 ἀπενεγκάμενον,
758 1327 852 1378 ἐπὶ
876 1327 1008 1380 πολὺ
1041 1328 1417 1390 ἀποσπᾶσθαι,
1441 1330 1530 1378 καὶ
1560 1345 1696 1394 μετ-

128 1417 338 1484 εώρους
391 1417 763 1484 ποιησάμενον
810 1417 1138 1470 καταῆαλεῖν
1165 1433 1180 1450 ο
1223 1419 1317 1470 καὶ
1383 1419 1542 1470 τοῦτο
1573 1419 1694 1472 κατ’

131 1505 303 1558 αὑτοῦ
330 1504 582 1573 γενέσθαι
639 1507 830 1560 οίωνὸν
881 1509 960 1571 είς
1006 1507 1075 1560 τὰ
1110 1509 1509 1579 στρατεύματα.
1543 1509 1696 1562 Μετὰ

132 1593 187 1645 δὲ
223 1594 402 1647 ταῦτα
425 1593 501 1658 ὡς
538 1595 893 1650 ἑπελαύνοντι
922 1597 967 1628 ⁸⁸
997 1598 1092 1650 ἐπὶ
1129 1599 1230 1666 τὴν
1258 1599 1498 1668 Φρυγίαν
1529 1601 1695 1668 ἐσκή-

133 1702 294 1748 νωτο,
319 1687 422 1756 τήν
449 1703 512 1740 τε
543 1688 748 1756 σκηνὴν
771 1689 936 1742 αὐτοῦ
972 1691 1028 1753 ἐς
1060 1693 1210 1758 τρεῖς
1251 1692 1693 1764 συστησαμένους

128 1776 254 1840 τοὺς
284 1776 422 1845 ἀμφ⁴
452 1777 618 1831 αὐτὸν
646 1779 867 1843 παῖδας,
905 1779 1218 1849 αὐτόματον
1259 1779 1552 1843 πεσοῦσαν,
1583 1781 1692 1832 εἴτε

1802 697 1861 741 ιιι
1909 691 2183 744 exercitus
2214 690 2546 759 aﬂiigcretur
2597 693 2832 745 tnaxima
2869 693 3123 749 frumenti
3149 704 3202 748 et
3229 696 3358 748 bor-

1801 780 1886 832 dei
1929 781 2137 849 inopia,
2197 792 2417 851 propter
2447 784 2698 838 Prusam.
2740 785 2877 839 llinc
2906 789 3183 854 equitatus
3233 803 3356 856 gra-

1799 869 1941 922 vitcr
1974 870 2407 937 periclitabatur.
2460 870 2749 926 Exercitus
2797 889 2910 928 rem
2959 876 3122 929 istam
3164 876 3356 944 iniquo

1800 961 1982 1013 animo
2015 959 2244 1024 ferebat,
2296 970 2351 1016 et
2380 963 2500 1030 iam
2520 963 2864 1019 detrectabat
2917 966 3188 1020 militiam.
3256 967 3357 1020 Se-

1799 1050 1999 1104 veriter
2029 1053 2172 1105 enim
2223 1053 2575 1109 interdictum
2611 1065 2751 1122 erat,
2791 1073 2855 1110 uc
2891 1059 3020 1127 quis
3042 1073 3238 1110 manus
3262 1062 3357 1109 τιιέ-

1801 1142 2084 1196 moliretur
2151 1143 2462 1208 frumento,
2497 1145 2704 1200 addens
2729 1187 2745 1210 ,
2777 1161 2834 1201 se
2871 1146 3128 1201 acerbius
3175 1147 3357 1201 vindi-

1797 1238 2048 1284 caturum
2080 1246 2226 1297 eum,
2265 1235 2355 1303 qui
2397 1235 2646 1290 fraudem
2672 1237 2798 1291 huic
2843 1252 2945 1292 suo
2978 1237 3157 1290 edicto
3180 1237 3351 1291 fecis-

1800 1330 1902 1374 ενι.
1961 1321 2122 1376 Fama
2152 1335 2259 1389 est,
2324 1341 2446 1381 cum
2482 1336 2903 1382 castrametatus
2937 1340 3078 1382 esset
3109 1330 3161 1381 in
3217 1329 3364 1392 Cal»

1798 1414 2201 1480 padocia,venti
2228 1416 2502 1472 turbinem
2531 1418 2981 1473 violentissimum
3038 1417 3355 1472 incubuisse

1797 1505 2085 1566 exercitui,
2141 1506 2277 1561 adeo
2334 1513 2395 1559 ut
2453 1508 2682 1561 tentoria
2725 1506 2949 1576 disiecta
2985 1517 3039 1560 et
3096 1506 3150 1561 in
3184 1506 3355 1560 subli-

1796 1609 1882 1646 me
1930 1604 2105 1650 tracta
2178 1598 2485 1654 destrueret
2542 1600 2863 1665 planissime
2894 1617 2909 1655 :
2940 1599 3084 1668 quod
3129 1599 3360 1669 quidem

1794 1686 2066 1740 exercitus
2116 1703 2214 1755 pro
2244 1689 2428 1743 omine
2455 1704 2649 1757 parum
2679 1689 2857 1744 fausto
2895 1689 3126 1756 accepit.
3159 1687 3362 1742 Postea

1793 1791 1920 1828 cum
1972 1777 2024 1830 in
2069 1777 2362 1849 Phrygiam
2400 1796 2626 1836 movens
2656 1789 2835 1836 castra
2876 1780 3349 1840 communivisset.

129 1869 228 1937 τῆς
267 1869 373 1936 γῆς
415 1869 490 1939 μὴ
540 1869 845 1940 δυναμένης
893 1872 1145 1940 κατέχειν
1199 1872 1266 1922 τὶ
1330 1872 1544 1940 σχοινία
1594 1872 1685 1939 τῆς

1797 1868 2089 1922 tentorium
2144 1885 2300 1924 suum
2354 1872 2408 1924 in
2443 1879 2555 1926 tres
2589 1886 2813 1941 pueros,
2852 1873 2942 1941 qui
2977 1872 3047 1925 ibi
3100 1871 3354 1932 aderant,

130 1962 359 2030 σκηνῆς,
409 1963 518 2014 είτε
569 1963 665 2015 καὶ
706 1962 842 2032 ἄλλῃ
891 1980 966 2033 πη
1018 1963 1214 2033 ξυνέϐη
1249 1965 1440 2016 τοῦτο·
1491 1965 1591 2030 τῆς
1631 1980 1690 2015 τε

128 2053 229 2120 γῆς
263 2053 605 2124 ἀπειρῆσθαι
641 2054 814 2125 αὐτῷ.
850 2055 924 2123 μὴ
957 2054 1266 2107 ἐπιϐαίνειν
1295 2056 1392 2123 τῆς
1431 2056 1687 2121 Φρυγίας.

134 2140 412 2215 Ἑλλήνων
455 2146 513 2199 τέ
554 2162 699 2210 τινες
755 2145 922 2199 αὐτοῦ
975 2142 1433 2214 παραγενόμενοι,
1475 2147 1507 2215 ἢ
1560 2147 1691 2216 Τρι-

125 2237 341 2290 ϐαλλῶν
388 2237 720 2302 οἰωνίζοντο.
777 2237 1012 2305 Λέγεται
1074 2236 1173 2305 μὲν
1228 2235 1322 2288 οὖν
1372 2239 1464 2290 καὶ
1525 2239 1689 2307 πρινή

124 2328 215 2378 ἐπὶ
280 2325 381 2396 τὴν
444 2326 627 2379 Ἀσίαν
681 2326 974 2393 διαϐῆναι,
1017 2325 1200 2391 Ἀλίην
1247 2323 1338 2376 τδν
1371 2325 1690 2393 Χαρατίνεω

126 2420 318 2484 παῖδα,
351 2417 522 2488 ἄνδρα
559 2418 624 2489 δὴ
654 2419 763 2472 τῶν
794 2419 925 2487 παρ’
951 2417 1130 2487 ἐαυτῷ
1160 2416 1229 2470 τὰ
1256 2420 1312 2479 ἐς
1349 2417 1566 2470 σύνεσιν
1594 2417 1688 2469 οὐ·

125 2511 274 2572 δινδς
326 2510 684 2580 λειπόμενον,
733 2511 1099 2581 ἕχρηματέσαι
1183 2508 1328 2577 αὐτῷ
1393 2513 1466 2578 μὴ
1530 2526 1688 2579 στρα·

126 2603 383 2657 τεύετθαι
405 2603 496 2656 ἐπὶ
522 2603 805 2673 Τεμήρηνο
842 2604 1033 2673 τρόπῳ
1056 2603 1114 2656 δὲ
1138 2604 1248 2673 ὅτῳ
1277 2603 1491 2655 δύναιτο
1524 2604 1688 2670 ἀσφα-

123 2695 398 2769 λεστάτῳ,
428 2697 743 2762 διαλύεσθαι
773 2698 922 2769 αὐτῷ
953 2700 1053 2768 τὴν
1107 2698 1243 2767 πρὸς
1275 2698 1534 2766 Τεμήρην
1573 2685 1689 2752 δια-

125 2788 326 2857 φοράν.
372 2789 627 2842 Ἐκέλευτ
658 2789 714 2842 δὲ
756 2789 920 2841 αὐτὸν
958 2789 1222 2849 πέμπειν,
1261 2790 1355 2841 καὶ
1380 2789 1687 2856 ὑπισχνεῖτο

121 2879 409 2944 διαλλάξαι
443 2897 501 2931 τε
538 2879 687 2950 αὐτῷ
720 2879 946 2950 βασιλέα
980 2878 1261 2949 Τεμήρην,
1403 2879 1468 2931 ἂν
1524 2879 1685 2940 αὐτὸς

123 2971 392 3040 βούλοιτο.
420 2971 526 3026 Τὸν
553 2973 609 3025 δὲ
641 2971 986 3025 ὑπολαϐόντα
1012 2970 1197 3040 φάναι,
1228 2970 1304 3032 ὠς
1342 2971 1402 3022 οὐ
1446 2974 1510 3040 τῇ
1545 2970 1686 3022 ἐκεί-

115 3080 207 3115 νου
261 3064 476 3117 συνέσει
551 3062 845 3127 πιστεύων,
891 3063 1146 3130 ἀφίκοιτο
1187 3062 1282 3114 ἐπὶ
1326 3062 1467 3130 μέγα
1503 3061 1685 3113 εὐδαι-

120 3153 358 3222 μονίας,
414 3155 692 3225 ἡγεμόνας
761 3155 1051 3217 τοσούτους
1124 3153 1682 3224 καταστρεψάμενον,

1795 1973 1890 2011 sua
1926 1967 2122 2027 sponte
2153 1963 2427 2016 ceciderat
2461 1965 2618 2018 :sive
2659 1964 2802 2030 quod
2854 1972 2996 2018 terra
3047 1949 3364 2034 nequiverit

1793 2052 2072 2106 sustinere
2119 2054 2441 2119 retinacula,
2481 2055 2596 2110 sive
2657 2056 2762 2110 alia
2795 2065 2878 2110 est
2902 2069 3068 2110 causa
3106 2055 3350 2124 inquam

1791 2154 1956 2196 casus
2012 2142 2101 2198 ille
2155 2144 2338 2198 reduci
2379 2147 2596 2215 poterit.
2653 2145 2882 2211 Quidam
2927 2144 3096 2200 Graeci
3127 2155 3178 2200 et
3232 2145 3349 2198 Tri-

1793 2232 1917 2286 balli
1977 2235 2069 2303 qui
2135 2243 2333 2305 prmsto
2369 2248 2544 2300 erant,
2609 2252 2768 2292 omen
2812 2239 2864 2292 id
2913 2254 3032 2293 esse
3074 2238 3350 2300 dicebant,

1790 2337 1857 2374 ne
1913 2324 2232 2380 ascenderet
2267 2327 2321 2380 in
2378 2326 2692 2397 Phrygiam.
2715 2327 2919 2384 Ferunt
2957 2337 3133 2382 tamen
3167 2329 3349 2396 prius-

1789 2429 1952 2483 quam
1973 2416 2248 2472 1ransiret
2281 2417 2333 2470 in
2359 2417 2569 2479 Asiam,
2601 2418 2774 2472 Aliem
2810 2418 3122 2473 Cbaratinis
3151 2417 3344 2487 ﬁlium.

1787 2505 1963 2559 virum
1993 2521 2180 2560 eorum
2229 2505 2480 2571 quicum
2529 2505 2768 2576 Pajazite
2825 2518 3001 2573 erant,
3057 2507 3356 2578 prudentia

1789 2596 2109 2663 primarium
2147 2597 2513 2662 consuluisse,
2542 2614 2611 2654 ne
2672 2599 2973 2654 exercitum
2999 2607 3190 2653 contra
3237 2598 3344 2654 'l'e-
3438 2599 3442 2603 ’

1789 2689 1981 2741 mirem
2039 2689 2283 2752 duceret,
2311 2705 2498 2743 verum
2568 2691 2913 2745 adniteretur
2962 2698 3021 2744 ut
3063 2691 3167 2743 ista
3214 2705 3348 2745 con-

1789 2781 2050 2835 troversia
2107 2797 2271 2851 quam
2311 2783 2603 2838 tutissimis
2665 2784 2972 2838 rationibus
3013 2783 3342 2838 dissolvere-

1787 2882 1874 2926 tur
1933 2879 1988 2927 et
2015 2885 2456 2942 componeretur.
2509 2871 2580 2927 Se
2611 2873 2848 2944 legatum
2875 2873 2990 2930 fore
3041 2875 3096 2929 in
3133 2875 3232 2929 hac
3285 2889 3345 2931 re

1788 2964 2166 3033 promittebat,
2219 2971 2274 3018 et
2350 2965 2502 3033 juxta
2555 2961 2722 3020 animi
2775 2966 2948 3036 ipsius
3017 2966 3341 3021 sententiam

1787 3051 2055 3107 Tetuirem
2132 3054 2630 3119 reconciliaturum.
2686 3053 2955 3124 Pajazites
3013 3054 3337 3122 respondit:

1785 3138 2076 3213 Nunquam
2131 3151 2344 3198 tantum
2382 3145 2673 3201 felicitatis
2707 3145 3153 3217 conscendissem
3187 3144 3342 3198 fasti—

111 3243 254 3298 ἀλλὰ
295 3245 363 3315 τῇ
397 3243 596 3298 ἑαυτοῦ
629 3245 777 3315 ὁρμῇ
808 3262 871 3297 τε
920 3245 1015 3298 καὶ
1053 3244 1421 3313 γενναιότητι,
1457 3243 1678 3314 τύχῃδὲ

1787 3238 1956 3309 gium,
2015 3254 2114 3293 nec
2165 3239 2332 3295 etiam
2370 3249 2451 3296 tot
2504 3241 2669 3296 duces
2726 3241 3014 3310 imperium
3092 3235 3342 3310 aet-ipere

113 3335 320 3396 εἰπεῖν,
353 3334 452 3386 καὶ
501 3334 681 3404 τόλμῃ
737 3332 1211 3401 ὲπιτραπομένους
1261 3333 1370 3384 τῶν
1422 3330 1684 3399 βασιλέων

119 3427 377 3492 πολλοὺς,
411 3428 505 3479 καὶ
533 3426 658 3495 δίχα
704 3424 974 3487 συνέσεως
1011 3423 1273 3493 μεγάλης,
1310 3422 1684 3487 ἐπιδείξασθαι

113 3521 294 3588 ἔργα·
333 3519 549 3572 συνέσει
593 3521 659 3572 δὲ
704 3520 768 3571 τὸ
813 3503 922 3572 πᾶν
971 3516 1396 3587 ἐπιτρέψαντας,
1429 3517 1684 3585 αἴσχιστα

112 3612 440 3666 ἀπολέσθαι.
482 3611 640 3666 Μετὰ
688 3611 747 3666 δὲ
795 3610 988 3676 ταῦτα,
1043 3609 1115 3673 ὡς
1173 3611 1229 3662 έν
1269 3612 1334 3678 τῇ
1379 3609 1681 3679 ’Δρμενίων

113 3705 361 3770 ιγένετο,
394 3705 486 3756 ἐπὶ
509 3705 730 3775 Τεμέρῃ
760 3704 1218 3774 στρατευόμενος,
1249 3702 1581 3763 ἐϐουλεύετο,
1604 3700 1680 3764 ὡς

108 3796 171 3867 δὴ
207 3799 488 3867 κράτιστα
539 3797 640 3864 τὴν
682 3796 861 3866 μάχην
891 3796 1200 3862 ποιήσαιτο.
1232 3793 1682 3863 Μεταπεμψάμε-

107 3902 196 3948 νος
245 3885 308 3937 δὲ
365 3887 495 3947 τοὺς
548 3885 844 3953 ἀρίστους,
886 3886 941 3945 ές
979 3883 1172 3952 βουλὴν
1217 3883 1529 3938 καθίστατο.
1571 3883 1681 3938 Καί

105 3995 273 4032 τινων
306 3979 622 4045 γενομένων
668 3979 753 4029 ἐπ’
786 3977 1071 4047 ἀμφότερα
1111 3977 1231 4038 ταῖς
1283 3976 1552 4046 γνώμαις,
1592 3978 1680 4029 λέ·
1718 4043 1730 4054 1

108 4085 270 4134 γτται
308 4068 572 4136 Πραῖμην
610 4067 703 4119 τὸν
745 4065 955 4129 Ἀλίεω,
1013 4063 1269 4134 μέγιστον
1302 4063 1366 4136 δὴ
1406 4063 1554 4132 παρὰ
1601 4063 1678 4132 τῷ

105 4159 405 4227 Παιαζήτῃ
434 4157 757 4224 δυνάμενον,
807 4155 1128 4222 βουλεύοντα
1181 4154 1346 4218 λέξαι-
1382 4154 1578 4207 τοιάδε’
1608 4148 1677 4204 Ὦ

103 4249 338 4317 βασιλεῦ
373 4288 390 4310 ,
438 4246 530 4300 ἐπ’
579 4245 778 4314 ἄνδρας
842 4243 1240 4314 παρασκευάζῃ
1287 4241 1675 4312 στρατεύεσθαι

98 4342 165 4393 τά
197 4358 261 4392 τε
297 4341 546 4404 πολέμια
579 4336 908 4404 λεγομένους
939 4332 1078 4390 εἶναι
1119 4336 1359 4402 ἀγαθοὺς
1398 4335 1504 4388 ὑπὸ
1542 4335 1677 4389 πάν-

1786 3331 2112 3400 οουείδεειη,
2164 3332 2211 3388 si
2267 3343 2373 3388 tute
2431 3333 2737 3402 prudentiae
2791 3348 2875 3387 me
2921 3335 3338 3389 commisissem.

1786 3421 1994 3492 lmpetu
2034 3422 2362 3485 vehementi,
2423 3407 2653 3492 meaque
2708 3425 3076 3495 generositate
3116 3425 3339 3488 ductus,

1786 3520 1936 3566 tanta
1992 3528 2156 3583 opera
2208 3512 2514 3583 designavi.
2579 3513 2849 3572 Praeterea
2896 3516 3115 3586 quidam
3186 3531 3339 3582 reges

1783 3605 2060 3659 fortunam
2089 3614 2144 3659 et
2177 3605 2464 3660 audaciam
2499 3608 2696 3670 secuti,
2727 3609 2965 3676 neglecta
3029 3609 3336 3676 prudentia,

1781 3698 1892 3768 80
1932 3697 2150 3752 eximia
2201 3699 2379 3754 iecere
2427 3713 2590 3769 opera
2630 3717 2642 3753 :
2676 3715 2801 3753 eum
2861 3701 3055 3769 reliqui
3098 3701 3334 3764 interim,

1781 3791 1876 3861 qui
1943 3793 1997 3845 in
2031 3791 2288 3845 omnibus
2323 3791 2678 3860 praetulerunt
2725 3792 3094 3859 prudentiam,
3135 3792 3335 3861 turpis—

1783 3883 1920 3937 sime
1971 3883 2256 3950 perierint.
2317 3883 2448 3936 Cum
2498 3885 2551 3936 in
2607 3883 2866 3938 Armenia
2903 3883 3063 3948 foret,
3099 3887 3332 3939 animus

1781 3973 2238 4037 erat,universis
2293 3976 2468 4045 copiis
2527 3977 2580 4030 in
2628 3977 2797 4030 aciem
2835 3976 3063 4040 eductis,
3122 3992 3332 4031 summa

1779 4063 1831 4118 vi
1874 4070 2088 4120 certare
2131 4079 2256 4119 cum
2294 4065 2470 4121 hoste.
2518 4066 2795 4122 Adhibitis
2829 4067 2996 4136 igitur
3055 4067 3110 4120 in
3149 4066 3334 4122 cousi-

1781 4151 1913 4205 liutn
1974 4153 2334 4220 optimatibus
2389 4165 2448 4208 ut
2489 4154 2734 4222 praelium
2792 4153 3102 4209 iaciendum
3163 4168 3332 4223 esset,

1776 4239 2131 4298 deliberabat.
2149 4242 2281 4306 Cum
2309 4253 2736 4312 essentquorum
2756 4245 3036 4300 sentcntiae
3049 4245 3102 4300 in
3124 4254 3354 4322 utram-_

1777 4348 1884 4403 que
1905 4342 2114 4402 partem
2133 4331 2482 4397 inclinarent,
2507 4334 2648 4389 fama
2677 4343 2763 4390 est
2785 4334 3035 4391 Praimen
3056 4337 3328 4414 Alejsflﬁ)

96 4451 225 4498 των,
256 4433 385 4484 ὅσοι
420 4431 462 4463 ¹³
492 4429 557 4499 δὴ
594 4428 696 4495 τῆς
728 4444 786 4479 τε
821 4426 1047 4497 γνώμης
1115 4429 1294 4482 αὐτῶν
1332 4429 1426 4481 καὶ
1471 4429 1674 4498 ἀρετῆς

1787 4421 1972 4483 lilium,
2016 4421 2109 4490 qui
2167 4419 2464 4490 plurimum
2526 4422 2763 4492 pollebat
2820 4424 2964 4494 apud
3012 4423 3323 4493 Pajazitem.

96 4525 500 4594 ἐπειράσαντο.
531 4521 755 4584 Τούτοις
784 4519 896 4588 ἐγὼ
933 4522 1012 4585 είς
1049 4521 1262 4590 λόγους,
1295 4521 1369 4583 ὡς
1391 4523 1466 4590 ,τά
1503 4520 1672 4574 πολλὰ

1787 4515 1861 4570 sic
1911 4514 2159 4568 locutum
2198 4528 2324 4570 esse
2356 4531 2374 4569 :
2408 4512 2453 4571 0
2489 4531 2606 4582 rex,
2653 4531 2845 4572 contra
2899 4518 3047 4573 viros
3095 4521 3330 4573 adornas

95 4588 414 4688 ἀφικόμην,
468 4615 756 4685 ἐπυθόμην
802 4615 903 4684 τήν
947 4631 1010 4666 τε
1070 4588 1273 4682 ἀρετὴν
1302 4588 1442 4665 εἶναι
1473 4612 1672 4673 παντὸς

1787 4607 2046 4679 praelium,
2106 4608 2197 4678 qui
2244 4609 2440 4679 peritia
2476 4625 2658 4665 rerum
2709 4612 3031 4668 bellicarum
3081 4611 3330 4669 feruntur

97 4710 256 4777 λόγου
295 4709 491 4774 ἀξίαν.
526 4708 635 4760 Καὶ
665 4705 866 4774 πλῆθος
893 4706 958 4773 δὴ
985 4700 1382 4758 πολλαπλάσιον
1407 4704 1501 4757 τοῦ
1537 4707 1671 4770 ἠμε-

94 4800 252 4868 τέρου
293 4798 724 4870 στρατεύματος
759 4797 1083 4864 ἀγγέλλεται
1119 4797 1251 4866 ἡμῖν
1280 4792 1423 4848 εἶναι
1471 4798 1531 4850 τὸ
1569 4796 1670 4850 Τε-

98 4894 289 4960 μήρεω
337 4889 693 4959 στράτευμα.
747 4886 910 4938 ΙὭστε
982 4885 1104 4939 κατ’
1156 4887 1320 4954 ἄμφω
1379 4886 1443 4956 δὴ
1495 4888 1668 4956 τούτῳ

92 4985 162 5034 ὅτ’
189 4986 244 5014 ¹⁸ι
261 4979 848 5050 ἂνσυμσιουλεύσαιμι
870 4978 1106 5051 θαρροῦν
1130 4977 1205 5047 τῷ
1234 4979 1486 5048 ἡμετέρῳ
1511 4996 1667 5049 στρα-

90 5070 162 5139 τῷ
205 5072 359 5124 ἰέναι
395 5051 565 5138 ὁμόσε
593 5071 670 5131 ,ἐς
711 5070 771 5121 τδ
797 5069 1067 5138 Τεμήρεω
1098 5068 1483 5136 στρατόπεδον.
1530 5067 1665 5120 Ἀλλ’

89 5164 194 5215 οὐδ’
230 5164 301 5215 ἂν
328 5167 384 5214 εί
427 5162 801 5230 μαχεσάμενοι
845 5159 1292 5230 περιγενοίμεθα,
1319 5161 1405 5229 εἴτι
1438 5160 1503 5213 ἂν
1535 5161 1664 5229 ἡμῖν

92 5256 280 5320 ὃςμελος
311 5253 534 5321 ὁτῳοῦν
605 5252 667 5304 Εἰ
707 5253 806 5321 μὲν
838 5253 948 5322 γὰρ
999 5254 1056 5313 ἐς
1088 5258 1187 5318 τὴν
1221 5251 1444 5302 ἐκείνων
1471 5251 1666 5301 ἐσϐάλ-

93 5346 272 5407 λοντες
315 5337 679 5410 ἐμαχόμεθα,
709 5338 776 5413 ἦν
836 5343 903 5395 ἂν
955 5340 1095 5412 ὁμοῦ
1144 5340 1431 5409 ξύμπρντα
1463 5340 1663 5405 ἀγαθὰ,

96 5436 215 5503 περὶ
257 5451 319 5487 τε
365 5433 474 5500 τῆς
522 5432 696 5500 αρχῆς
729 5431 935 5483 ἐκείνου
969 5428 1370 5496 ἀγωνίζεσθαι,
1412 5427 1513 5506 καὶ.
1541 5431 1669 5498 περὶ

158 5679 274 5750 (76)
309 5677 699 5734 Charambeus
730 5673 911 5731 Halies
940 5674 1002 5729 [ε’.
1044 5676 1128 5730 Al.
1166 5675 1303 5730 llaii.

1778 4714 1902 4754 esse
1949 4699 2110 4769 primi
2164 4700 2328 4754 abiis
2371 4700 2462 4769 qui
2489 4727 2492 4732 ι
2519 4714 2711 4756 eorum
2745 4703 2958 4760 animos
2999 4714 3056 4760 et
3075 4705 3325 4761 virtutem
3373 4699 3377 4704 ’

1778 4803 1908 4848 sunt
1940 4795 2174 4862 experti.
2205 4791 2341 4845 Cum
2379 4792 2463 4846 his
2493 4807 2592 4863 ego
2608 4806 2828 4865 quoque
2855 4796 3051 4865 sapius
3075 4795 3128 4849 in
3160 4797 3330 4858 collo.

1775 4889 1964 4957 quium
1995 4887 2138 4949 veni,
2189 4884 2485 4954 audivique
2529 4886 2787 4942 virtutem
2813 4902 3002 4951 eorum
3035 4888 3190 4945 miris
3215 4906 3315 4944 mo

1773 4983 1858 5036 dis
1912 4976 2202 5034 celebrari.
2287 4975 2552 5033 Praeterea
2642 4979 3021 5044 annuntiatur,
3095 4979 3328 5035 Temtris

1772 5073 1962 5143 conias
2003 5068 2192 5124 multis
2232 5068 2428 5124 'modis
2488 5081 2719 5123 numero
2751 5054 3030 5140 superare
3085 5079 3324 5126 nostras.

1774 5167 1956 5233 itaque
2001 5171 2058 5216 ut
2107 5163 2268 5216 modo
2299 5169 2657 5230 utrorumque
2714 5159 2957 5217 intellexi
2998 5163 3324 5227 sententias,

1774 5254 1820 5307 si
1873 5262 1927 5307 ct
1971 5265 2146 5305 meum
2186 5251 2425 5305 dandum
2494 5257 2578 5305 est
2617 5251 2932 5316 consilium,
2970 5250 3324 5315 consuluero,

1775 5351 1964 5394 nostro
2005 5341 2268 5394 exercitui
2297 5331 2490 5405 ﬁdens,
2527 5337 2738 5396 irruere
2778 5343 2830 5396 in
2859 5349 3038 5394 castra
3069 5338 3323 5396 Temiris.

1779 5430 2160 5486 Verumtamen
2212 5433 2314 5487 etsi
2362 5414 2536 5500 praelii
2585 5433 2761 5489 aleam
2820 5431 3137 5501 jecerimus,
3185 5450 3321 5503 pra»

1319 5565 1331 5572 ’
1379 5569 1622 5631 Nolnlae
1663 5573 2064 5648 marginales.

161 5823 200 5852 “
235 5819 599 5909 ἐπὶπγεῦσιτ.
640 5822 707 5878 li.
747 5832 797 5874 ul
830 5824 882 5878 in
913 5830 1051 5875 cant.
1133 5820 1171 5854 “
1201 5822 1564 5878 ἀπελαὲνοντι.
1608 5823 1667 5876 Ιί.

1789 5823 1836 5874 in
1874 5829 2011 5875 cont.
2092 5817 2294 5886 ηὗδον,
2317 5816 2465 5872 aliud
2492 5831 2726 5871 manusc.
2757 5815 2870 5866 δυ.
2907 5813 2967 5865 R.
3002 5823 3053 5866 ut
3083 5813 3131 5865 iu
3173 5823 3328 5871 conto

97 5899 132 5929 τ’
161 5896 233 5947 (τί.
279 5895 424 5946 αὖτ’.
