3990 6338
765 488 860 553 179‘

1814 486 2111 547 LAONlCl
2155 487 2799 549 CHALCOCONDYLE
2851 466 2869 473 ’
3817 489 3894 556 ua

757 599 948 654 defecit
987 612 1018 650 a
1041 594 1207 658 Mose,
1243 602 1296 650 et
1325 593 1391 647 ad
1415 570 1630 649 fratrem
1659 598 1773 665 ejus
1804 599 2114 667 transfugit.
2175 596 2283 651 Hac

2392 613 2483 652 στα
2515 600 3026 671 ναυπηγησάμενος,
3066 601 3224 672 ἐπῄει
3275 601 3360 655 διὰ
3411 619 3468 654 τε
3522 601 3622 670 τῆς
3675 603 3893 671 ἠπείρου.

758 691 835 743 rei
851 688 1167 756 indignitate
1183 687 1424 740 irritatus
1440 686 1633 749 Moses,
1655 688 1838 741 urbem
1859 687 2119 757 Stephani
2137 704 2289 743 exer-

757 779 864 832 citu
897 776 1263 837 circumsedit.
1290 776 1670 846 regionemque
1695 779 1929 848 graviter
1980 778 2286 847 popuiatio-

764 868 922 923 nibus
954 866 1200 921 vastavit.
1235 866 1300 921 Ut
1330 876 1506 922 autem
1537 878 1900 936 oppugnatum
1962 869 2055 922 ivit
2081 867 2288 939 Byzan-

759 957 912 1018 tium,
933 956 1156 1009 multum
1179 955 1465 1026 jnvabatur
1482 971 1643 1023 agens
1662 956 1943 1024 ferensque
1963 971 2290 1026 quaecunque

758 1062 824 1100 ex
861 1047 1082 1115 regione
1115 1048 1401 1113 potuisset.
1439 1047 1731 1103 Fabricans
1759 1064 1920 1103 naves
1951 1059 2003 1102 et
2042 1051 2290 1104 triremes

763 1145 908 1190 terra
941 1137 1182 1205 marique
1206 1137 1309 1190 iter
1341 1136 1592 1192 faciebat.
1623 1138 1797 1194 Graeci
1822 1139 2104 1208 implentes
2127 1155 2289 1194 naves

758 1230 809 1275 et
830 1221 1095 1286 triremes,
1115 1237 1232 1291 quae
1263 1223 1580 1292 invpromptu
1619 1235 1794 1295 erant,
1820 1228 2102 1282 navalibus
2119 1230 2289 1298 ecpiis

761 1312 998 1378 praelium
1033 1315 1218 1384 navale
1255 1316 1670 1380 commiserunt,
1727 1318 1862 1373 duce
1917 1318 2287 1383 Emmanuele,

761 1403 921 1456 notho
963 1405 1100 1473 regis
1127 1403 1346 1460 Joannis
1369 1406 1495 1472 tilio,
1533 1414 1664 1462 cum
1694 1395 1941 1465 hostibus
1971 1427 1989 1465 :
2019 1417 2072 1464 et
2134 1425 2199 1465 ex
2227 1427 2291 1465 eo

764 1493 945 1560 pmlio
971 1494 1138 1549 Graeci
1194 1511 1477 1551 excessere
1517 1499 1771 1552 victores.
1826 1497 1924 1553 Hic
1977 1499 2289 1554 Emmanuel

765 1584 900 1650 regis
923 1583 1066 1638 ﬁlius
1096 1600 1218 1638 cum
1251 1587 1532 1654 prudentia
1561 1595 1615 1641 et
1638 1589 1854 1642 militari
1875 1591 2098 1645 scientia
2134 1590 2290 1647 facile

764 1685 947 1724 omnes
974 1673 1222 1738 anteiret,
1255 1681 1366 1726 tum
1393 1677 1650 1746 temporis
1680 1675 1893 1735 Graecos
1928 1679 2030 1734 ista
2065 1680 2287 1736 victoria

765 1767 1042 1816 contentos
1063 1776 1184 1822 esse
1214 1761 1386 1828 jubet;
1423 1765 1644 1835 ipseque
1671 1767 1900 1836 plurima
1937 1771 2288 1841 praefulgebat

764 1845 945 1914 gloria.
986 1849 1132 1903 Hanc
1162 1853 1276 1918 ejus
1307 1853 1530 1920 gloriam
1560 1868 1682 1907 cum
1719 1856 1857 1910 haud
1905 1872 2059 1925 aequo
2109 1860 2288 1911 animo

762 1937 923 1990 ferret
950 1940 1089 2008 regis
1144 1940 1328 2003 frater,
1364 1942 1761 2001 Emmanuelem
1795 1947 1848 2001 in
1872 1962 2140 2010 carcerem
2165 1949 2288 2004 duci

759 2025 927 2092 jussit
959 2044 974 2083 :
1011 2028 1100 2095 qui
1128 2031 1285 2083 annis
1305 2031 1479 2085 adhuc
1499 2033 1632 2086 vixit
1654 2043 1858 2102 septem
1890 2041 1943 2090 et
1969 2035 2151 2090 decem
2171 2051 2292 2091 cum

759 2113 945 2168 liberis
962 2115 1096 2169 suis.
1116 2115 1308 2179 Moses,
1333 2133 1453 2172 cum
1507 2134 1693 2188 parum
1719 2137 1974 2192 prospere
2002 2128 2296 2181 successis-

761 2212 842 2258 set
870 2205 1059 2258 navale
1080 2207 1341 2276 praelium,
1374 2209 1637 2264 accedens
1668 2226 1763 2278 per
1794 2214 2180 2280 continentem,
2202 2216 2292 2286 By-

760 2295 920 2348 zantii
946 2297 1146 2364 regioni
1182 2299 1482 2366 populando
1507 2301 1767 2356 molestus
1825 2309 1942 2356 erat
1973 2321 1986 2357 :
2048 2305 2282 2373 graviter

758 2399 970 2454 quoque
986 2385 1289 2450 Ther-mam,
1322 2404 1476 2456 quam
1517 2390 1802 2445 obsidione
1856 2393 2121 2453 cinxerat,
2157 2394 2290 2447 affli-

760 2478 934 2542 gebat,
963 2478 1122 2530 etiam
1169 2493 1290 2531 cum
1343 2476 1592 2535 Triballis
1654 2482 1847 2535 bellum
1909 2498 2120 2551 gerens.
2184 2483 2290 2536 Pax

764 2573 937 2616 autem
970 2565 1344 2621 intercesserat
1366 2585 1484 2622 cum
1515 2570 1815 2624 Turcorum
1875 2573 1929 2624 iu
1964 2574 2089 2625 Asia
2128 2559 2295 2627 ’duci.

763 2653 899 2717 bus;
927 2655 1144 2721 proinde
1173 2671 1280 2710 non
1313 2658 1526 2712 hostilia
1560 2662 1895 2729 patiebantur
1933 2679 1958 2714 a
1993 2663 2155 2728 ηυδε,
2186 2664 2294 2730 ple-

764 2757 984 2812 rumque
1009 2745 1062 2799 in
1089 2746 1298 2816 Europa
1322 2758 1534 2804 aetatem
1572 2753 1786 2820 agebat.
1814 2753 2004 2817 Graeci,
2038 2770 2155 2808 cum
2184 2754 2294 2808 fato

760 2837 978 2890 {unctus
1027 2845 1174 2892 esset
1227 2839 1805 2905 Musulmanes,ﬁlium
1831 2847 1945 2913 ejus
1989 2846 2290 2900 Orchanem

760 2931 1116 2986 accersentes,
1144 2938 1511 2992 Opposuerunt
1549 2929 1680 2984 Mosi
1719 2932 1948 2987 hostem.
1983 2933 2172 2987 Postea
2197 2935 2296 2986 mi-

762 3019 948 3064 serunt
987 3012 1273 3066 Thermam
1303 3017 1365 3069 ad
1397 3015 1709 3085 Pogdanum
1766 3030 1820 3075 et
1885 3023 2018 3078 alios
2066 3023 2292 3086 Turcos,

763 3100 852 3169 qui
893 3101 963 3156 ibi
986 3103 1251 3172 stipendia
1272 3102 1574 3171 'faciebant,
1611 3120 1858 3178 rogantes
1886 3119 1940 3163 ut
1964 3113 2165 3166 auxilio
2187 3112 2292 3180 95

2389 690 2484 743 καὶ
2512 689 2598 741 διὰ
2644 687 2934 759 θαλάσσης.
2992 689 3261 742 Ἐνταῦθα
3310 689 3693 758 πληρώσαντες
3723 691 3896 743 οῑἝλ-

2391 777 2546 846 ληνες
2575 777 2731 830 πλοῖα
2757 777 2854 830 ὅσα
2901 777 3039 846 ἐπῆν
3089 779 3290 842 αὐτοῖς,
3322 779 3416 831 καὶ
3445 778 3508 848 δὴ
3539 779 3634 832 καὶ
3659 781 3894 848 τριήρεις.

2390 865 2688 935 ἡγουμένου
2733 865 3135 935 Ἐμμανουήλου
3170 865 3262 917 τοῦ
3295 865 3489 928 Νόθου,
3541 867 3779 920 Ἰωάννου
3821 867 3896 919 τοῦ

2393 951 2648 1020 βασιλέως
2681 952 2891 1016 παιδὸς,
2927 953 3286 1023 ἁντανήγοντό
3313 970 3372 1006 τε
3402 954 3492 1007 καὶ
3513 955 3891 1024 ἐναυμάχησαν.

2390 1043 2481 1096 καὶ
2504 1043 2754 1110 ἑνίκησαν
2774 1043 2824 1094 οἱ
2847 1041 3128 1110 Ἕλληνες.
3157 1041 3324 1107 Οὗτος
3347 1043 3402 1095 δὲ
3432 1045 3460 1095 ό
3496 1043 3897 1113 Ἐμμανουῆλος.

2392 1135 2420 1185 ό
2449 1131 2541 1184 τοῦ
2585 1131 2845 1200 βασιλέως
2895 1133 3043 1195 παῖς,
3090 1133 3158 1185 τὰ
3216 1133 3274 1195 ἐς
3301 1133 3498 1200 γνῶσιν
3532 1134 3625 1187 καὶ
3669 1134 3900 1202 φρόνησιν

2388 1221 2594 1284 οὐδενὸς
2617 1220 2948 1289 λειπόμενος,
2978 1221 3076 1273 ἐπὶ
3111 1223 3171 1274 τὸ
3216 1205 3526 1292 ἐξηγεῖσθαι
3587 1223 3644 1285 ἐς
3702 1222 3902 1291 πόλεμον

2390 1316 2546 1368 ἱκανά
2571 1331 2629 1367 τε
2660 1313 2827 1366 ἐδόκει
2847 1314 2901 1365 ἐν
2926 1313 3002 1382 τῷ
3015 1314 3133 1368 τότε
3152 1313 3395 1383 παρόντι,
3421 1314 3516 1365 καὶ
3534 1313 3824 1382 ηὐδοκίμει.
3844 1313 3902 1364 Δι’

2387 1405 2421 1458 ἃ
2441 1404 2504 1473 δὴ
2542 1405 2859 1471 εὐδοκιμῶν,
2877 1403 3016 1456 ἑάλω
3056 1420 3114 1455 τε
3136 1403 3238 1455 ὑπὸ
3289 1403 3384 1455 τοῦ
3402 1401 3627 1468 ἀδελφοῦ
3649 1401 3899 1472 βασιλέως,

2389 1497 2480 1548 καὶ
2499 1492 2738 1553 ἐσπεσὼν
2760 1495 2815 1557 ἐς
2831 1493 3074 1563 εἱρκτὴν,
3088 1492 3349 1560 διεγένετο
3361 1493 3452 1545 ἐπὶ
3467 1493 3560 1560 ἐτη
3576 1493 3902 1546 ἑπτακαίδεκα

2391 1587 2484 1639 σὺν
2508 1586 2612 1648 τοῖς
2648 1585 2835 1638 παισὶν
2870 1583 3056 1636 αὑτοῦ.
3112 1584 3316 1653 Μωσῆς
3356 1584 3454 1650 μὲν
3507 1582 3597 1635 οὖν
3626 1585 3700 1644 ὡς
3732 1581 3902 1650 ἔσφαλε

2387 1676 2483 1743 τὴν
2508 1677 2643 1727 κατὰ
2673 1674 2940 1727 Θάλασσαν
2982 1674 3048 1736 ⁸³,
3077 1673 3325 1741 δύναμιν,
3352 1671 3517 1725 ἐπιὼν
3540 1671 3625 1724 διὰ
3654 1672 3750 1740 τῆς
3777 1671 3905 1740 ἠπεί-

2389 1781 2508 1833 ρου,
2530 1763 2680 1835 ἐδῄου
2725 1779 2782 1814 τε
2809 1762 2900 1830 τὴν
2949 1760 3238 1824 Βυζαντίου
3266 1761 3466 1829 χώραν,
3495 1760 3582 1813 καί
3617 1759 3827 1829 Θέρμην
3853 1758 3905 1824 ἢν

2397 1855 2721 1924 ἐπολιόρκει,
2755 1854 2847 1906 καὶ
2883 1850 3202 1922 Τριϐαλλοῖς
3234 1850 3506 1917 ἐπολέμει.
3541 1847 3678 1916 Πρὸς
3713 1848 3807 1915 μὶν
3833 1845 3906 1905 0-3;:

2391 1947 2514 2007 τοὺς
2538 1948 2593 1996 ὲν
2623 1946 2686 2013 τῇ
2732 1943 2884 2011 ’Δοία
2922 1935 3174 2010 Τούρκων
3201 1939 3490 2008 ἡγεμόνας,
3519 1936 3744 1995 σπονδὰς
3780 1954 3908 2002 ποιη-

2394 2037 2648 2105 σάμενος,
2669 2034 2888 2102 εἰρήνην
2917 2027 3039 2100 ἦγε,
3077 2031 3172 2083 καὶ
3192 2030 3249 2082 ὲν
3276 2031 3341 2098 τῇ
3389 2027 3635 2099 Εὐρώπη.
3667 2027 3735 2078 τὰ
3761 2022 3904 2078 πολλὰ

2389 2125 2676 2196 διατρίϐων
2713 2124 3024 2193 ἐτύγχανεν.
3055 2120 3314 2188 Ἕλληνες
3347 2118 3444 2188 μὲν
3474 2119 3587 2183 οὖν,
3619 2119 3692 2179 ὡς
3723 2115 3908 2168 ὲτελεύυ

2388 2233 2518 2284 τησε
2551 2213 2964 2282 Μουσυλμάνης,
3021 2211 3349 2278 ἐπαγόμενοι
3403 2208 3494 2261 τὸν
3530 2207 3690 2259 παῖδα
3744 2204 3904 2258 αὑτοῦ.

2389 2305 2624 2372 τοῦνομα
2667 2303 2953 2373 Ὀρχάνην,
3009 2301 3342 2366 συνέστησαν
3376 2301 3468 2353 ἐπὶ
3521 2299 3728 2352 Μωσεϊ.
3779 2293 3908 2348 Μετὰ

2390 2396 2443 2448 δὲ
2469 2395 2637 2446 ταῦτα
2671 2392 2920 2462 ἔπεμψαν
2947 2393 3002 2454 ἐς
3050 2390 3149 2460 τὴν
3179 2390 3421 2460 Θέρμην,
3475 2390 3551 2450 ὡς
3581 2385 3821 2440 ἐντεῦθεν
3849 2382 3908 2449 τῷ

2391 2502 2447 2535 τε
2475 2484 2754 2551 Πογδάνῳ,
2791 2482 2886 2535 καὶ
2935 2483 3043 2543 τοῖς
3072 2480 3248 2541 ἄλλοις
3303 2481 3414 2541 τοῖς
3457 2477 3624 2548 ταύτῃ
3653 2476 3907 2544 Τούρκων,

2389 2575 2472 2626 διὰ
2502 2574 2795 2643 χρημάτων
2819 2570 3123 2637 ἐπικούροις
3145 2569 3419 2638 ὁρμῶντες
3440 2568 3529 2619 ἐπὶ
3548 2568 3643 2634 τὴν
3668 2567 3910 2635 Εὐρώπην

2391 2663 2695 2727 ὲπελαύνοι,
2721 2663 2813 2714 καὶ
2841 2662 2938 2729 τὴν
2969 2659 3150 2728 χώραν
3189 2659 3461 2727 κατάσχῃ.
3509 2657 3565 2708 Ὀ
3603 2655 3782 2724 μέντοι
3804 2655 3909 2713 mi;

2390 2755 2757 2823 ἐπετέτραπτο
2796 2751 2949 2818 ἀνδρὶ
2994 2748 3219 2816 Τούρκῳ
3257 2749 3363 2800 ἀπὸ
3417 2746 3598 2806 Ἀσίας
3628 2745 3909 2808 Παλαπάνῳ

2390 2845 2643 2911 τοῦνομα,
2660 2845 2726 2894 τὰ
2755 2843 2849 2910 μὲν
2876 2840 3009 2893 ἄλλα
3025 2840 3123 2890 οὐκ
3150 2841 3382 2906 ἀγεννεῖ,
3414 2838 3585 2905 πιστῷ
3608 2837 3661 2889 δὲ
3682 2839 3740 2889 οὐ
3773 2837 3910 2889 πάνυ.

2392 2939 2483 2990 καὶ
2511 2938 2564 2996 ἐς
2594 2935 2690 3002 τὴν
2720 2935 2940 3002 Θέρμην
2984 2932 3228 3000 ἀφίκετο.
3268 2929 3452 2994 Ἐξιὼν
3497 2928 3814 2984 δ’,ὲντεῦθεν
3843 2927 3912 2993 ᾔει

2393 3028 2478 3080 διὰ
2504 3026 2603 3093 τῆς
2628 3025 2984 3088 Μακεδονίας,
3030 3024 3120 3074 ἐπὶ
3153 3022 3410 3092 Βέρροιάν
3435 3037 3493 3072 τε
3517 3021 3610 3072 καὶ
3639 3018 3914 3084 τὴνταύτῃ

2393 3117 2722 3187 χώραν,καὶ
2771 3114 3227 3185 προσχωρούντων
3269 3112 3418 3178 αὑτῷ
3463 3109 3571 3162 τῶν
3622 3109 3790 3177 ταύτῃ
3821 3110 3916 3159 ἔπι-

760 3200 939 3244 essent
969 3190 1202 3245 Orchani
1233 3194 1542 3261 procedenti
1603 3198 1658 3249 in
1712 3196 1999 3268 Europam,
2061 3209 2120 3253 ut
2176 3215 2291 3253 eam

2401 3209 2706 3278 νεμομένων
2727 3208 3000 3276 Τούρκων,
3030 3205 3260 3272 ἢλαυνεν
3284 3202 3375 3254 ἐπὶ
3400 3199 3712 3254 Θετταλίαν.
3738 3197 3914 3262 Μωσῆς

761 3289 1068 3348 occuparet.
1091 3281 1227 3335 Puer
1254 3283 1464 3350 quidem
1525 3285 1788 3340 Orchanis
1852 3292 1970 3341 viro
2015 3290 2193 3342 Turco
2228 3306 2290 3343 ex
2337 3281 2345 3282 ί
2393 3299 2446 3350 δὲ
2479 3299 2552 3360 ὡς
2585 3297 2813 3349 ἐπύθετο
2836 3295 2926 3347 τὸν
2954 3291 3389 3359 Μουσουλμάνεω
3412 3290 3572 3342 παῖδα
3606 3290 3705 3358 τήν
3734 3305 3791 3340 τε
3824 3287 3912 3355 χώ-

762 3370 884 3423 Asia
913 3371 1146 3426 oriundo
1175 3375 1626 3438 Committebatur,
1655 3385 1845 3431 caetera
1885 3394 1992 3432 non
2051 3380 2291 3449 ignobili,

764 3474 948 3525 parum
975 3470 1148 3524 tamen
1181 3463 1311 3527 fido,
1342 3463 1668 3532 Palapanum
1699 3467 1809 3537 (94)
1842 3485 1959 3522 eum
1993 3471 2294 3524 nominant.

761 3549 1036 3607 Orchanes
1066 3552 1514 3608 venitThermam
1554 3572 1570 3611 :
1607 3558 1730 3613 inde
1763 3561 1987 3615 transita
2047 3561 2295 3615 Macedo-

764 3644 1144 3704 nia,Berrhoen
1172 3648 1339 3705 venit.
1371 3657 1422 3702 et
1448 3654 1498 3702 in
1528 3651 1797 3718 regionem
1829 3652 2127 3704 finitimam.
2164 3651 2293 3704 Cum

765 3741 940 3785 autem
969 3733 1033 3785 ad
1065 3734 1240 3800 ipsum
1273 3747 1620 3790 accurrercnt
1679 3737 1864 3802 anci,
1924 3739 2018 3805 qui
2072 3755 2131 3791 ea
2184 3738 2296 3791 loca

767 3822 1041 3885 tenebant,
1063 3823 1331 3890 profectus
1360 3835 1442 3877 est
1470 3826 1520 3879 in
1544 3826 1898 3882 Thessaliam.
1929 3827 2100 3884 Moses
2124 3841 2180 3882 ut
2211 3844 2299 3881 ac-

774 3905 934 3975 cepit,
973 3905 1324 3964 Musulmanis
1364 3911 1529 3964 filium
1563 3914 1859 3968 Orchanem
1921 3930 2139 3984 regnum
2196 3917 2297 3970 sibi

765 4010 975 4062 parare,
996 4006 1048 4050 et
1078 3998 1472 4054 in'l‘hessaliam
1505 4017 1741 4069 pergere,
1764 4006 2117 4070 proditionem
2138 4020 2299 4072 puero

767 4100 858 4150 per
889 4085 1509 4155 Palapanumsnbornat.
1558 4093 1882 4160 Palapannm
1916 4094 2054 4146 enim
2080 4095 2300 4162 jubebat

766 4174 955 4237 Moses,
981 4190 1036 4230 ut
1069 4180 1169 4232 sibi
1202 4182 1521 4249 significaret
1553 4185 1637 4237 ubi
1673 4200 1804 4252 puer
1830 4200 1951 4238 cum
1976 4188 2090 4242 suis
2113 4191 2335 4243 versa—‘

769 4275 930 4330 retur,
987 4275 1038 4321 et
1093 4269 1286 4325 deinde
1312 4275 1611 4327 .raccedenti
1668 4291 1789 4328 eum
1842 4279 2095 4331 traderet.
2151 4278 2303 4331 Pala-

766 4374 936 4425 panus
989 4361 1201 4427 quidem
1265 4362 1525 4419 Orchanis
1555 4365 1740 4419 itinera
1801 4375 1853 4418 et
1916 4369 2030 4420 loca
2076 4368 2128 4421 in
2184 4370 2303 4436 qui.

2392 3392 2493 3458 ’ραν
2523 3387 2887 3453 ὑπαγόμενον,
2913 3384 3006 3436 καὶ
3032 3382 3322 3434 ἐλαύνοντα
3354 3382 3442 3433 ἐπὶ
3465 3380 3776 3443 Θετταλίαν,
3811 3393 3916 3428 συν·

2391 3478 2594 3529 τίθεται
2627 3475 2914 3542 προδοσίαν
2941 3472 3014 3540 τῷ
3051 3472 3377 3539 Παλαπάνῳ,
3408 3471 3546 3524 ὥστε
3597 3469 3911 3538 παραδοῦναι

2394 3564 2540 3632 αὐτῷ
2565 3564 2656 3615 τὸν
2689 3563 2852 3614 παῖδα
2879 3562 3102 3623 ἐπιόντι,
3159 3565 3250 3615 καὶ
3288 3561 3616 3630 διασημῆναι
3675 3559 3911 3610 ἑκάστοτε

2386 3656 2513 3714 ,ὃποι
2544 3651 2807 3704 ἐλαύνοιεν
2840 3651 3157 3718 περιιόντες.
3216 3649 3382 3711 Οὗτος
3443 3649 3539 3715 μὲν
3562 3646 3651 3698 οὖν
3704 3647 3777 3705 ὠς
3805 3646 3915 3696 ἑκα-

2399 3743 2593 3811 σταχοῦ
2644 3760 2735 3794 ποι
2790 3743 2888 3807 τῆς
2941 3742 3119 3811 χώρας
3166 3741 3328 3802 ἐπίοι,
3383 3738 3702 3806 διεσήμαινὲ
3752 3753 3807 3786 τε
3857 3733 3917 3799 τῷ

2402 3838 2570 3905 Μωσῇ
2604 3833 2696 3887 καὶ
2725 3833 2908 3902 ἐδήλου
3000 3833 3166 3883 ἐπιὼν
3194 3831 3375 3898 σφίσιν
3415 3845 3474 3880 τε
3507 3830 3803 3896 περιτύχοι,
3845 3825 3919 3875 καὶ

2374 3920 2487 3980 ’τὸν
2527 3926 2688 3978 παῖδα
2745 3924 3017 3997 παραδοίη
3070 3921 3236 3988 αὐτῷ.
3305 3919 3582 3986 Ἐγένοντο
3639 3918 3741 3985 μὲν
3773 3916 3856 3968 οὖν
3880 3914 3918 3963 οἱ

2398 4018 2540 4087 ἀμφὶ
2571 4017 2673 4091 τὸν,
2697 4015 2854 4065 παῖδα
2884 4014 2978 4063 ἐπὶ
3012 4012 3069 4063 τὸ
3103 4013 3159 4073 ἐς
3188 4009 3479 4062 Θετταλίαν
3529 4008 3767 4076 καθῆκον
3816 4008 3920 4072 ὅρος

2399 4110 2495 4176 τῆς
2526 4103 2880 4165 Μακεδονίας,
2905 4104 2995 4154 καὶ
3025 4101 3251 4154 ἐνταῦθα
3321 4101 3394 4163 ὡς
3425 4101 3811 4168 ὖπεσημήνατο
3837 4094 3920 4145 ὑπὸ

2406 4196 2734 4250 Παλαπάνεω
2753 4195 2828 4262 τῷ
2853 4195 3018 4263 Μωσῇ
3044 4192 3233 4250 ἐπιὼν.
3253 4192 3342 4244 τόν
3367 4210 3424 4243 τε
3449 4193 3613 4242 παῖδα
3636 4189 3918 4254 ὲζὼγρηαερ

2404 4288 2496 4339 καὶ
2523 4287 2610 4337 τὸν
2640 4286 2867 4354 στρατὸν
2894 4284 3162 4352 διέφθειρε
3183 4322 3196 4336 .
3226 4283 3377 4335 Μετὰ
3419 4281 3475 4332 δὲ
3505 4277 3680 4331 ταῦτα
3732 4279 3817 4327 ἐπὶ
3843 4274 3919 4338 τὴν

2405 4377 2666 4443 Βογδάνου
2715 4375 2898 4444 χώραν
2945 4373 3294 4440 ἀφικόμενος,
3327 4370 3423 4438 τήν
3450 4385 3507 4418 τε
3562 4367 3743 4436 χώραν
3795 4361 3919 4427 αὐτῷ

767 4451 866 4504 bus
902 4452 1232 4516 morabatur,
1294 4470 1505 4523 semper
1555 4457 1846 4509 indicabat.
1899 4455 2143 4512 Monebat
2198 4478 2293 4528 qua

2404 4461 2570 4535 ταύτῃ
2629 4465 2962 4531 ὑπηγάγετο,
3007 4464 3099 4513 καὶ
3142 4463 3252 4522 τοῖς
3305 4459 3529 4525 Ἕλλησι
3577 4453 3918 4522 διαπολεμῶν,

764 4543 912 4594 adire
940 4543 1181 4608 deberet,
1211 4555 1268 4596 ut
1300 4561 1521 4612 pnerurn
1553 4562 1646 4612 per
1682 4547 2035 4612 proditionem
2063 4563 2293 4618 caperet.

2407 4559 2692 4624 προσεῖχεν
2719 4552 3118 4620 ἐκτεταμένως.
3141 4550 3396 4618 Ἕλληνες
3428 4549 3525 4617 μὲν
3559 4546 3652 4599 οὖν
3673 4545 3794 4598 οὔτε
3817 4546 3919 4594 επο-

764 4630 1037 4686 Orchanes
1069 4649 1191 4687 vero
1221 4651 1342 4688 cum
1378 4636 1492 4689 suis
1544 4637 1797 4690 manebat
1847 4639 1895 4691 in
1947 4651 2146 4706 monte,
2204 4647 2293 4712 qui

2400 4646 2616 4713 λέμουν,
2651 4644 2774 4694 οὗτε
2806 4639 3166 4709 ἐπολεμοῦντο
3191 4657 3204 4669 ³
3235 4643 3326 4694 καὶ
3378 4637 3579 4707 Ἰησοῦς
3612 4640 3640 4690 ὁ
3686 4635 3918 4701 verbum:

764 4718 1052 4774 Thessalia
1081 4723 1342 4777 imminet.
1382 4722 1456 4777 Eo
1483 4740 1599 4779 cum
1637 4728 1957 4784 accessisset
2017 4730 2211 4790 Moses.
2243 4742 2293 4784 ut

2405 4735 2510 4787 τῶν
2539 4733 2855 4801 Παιαζήτεω
2885 4731 3108 4792 παίδων,
3147 4732 3238 4782 ἐπὶ
3284 4729 3550 4797 Ἕλληνας
3596 4725 3917 4794 ἀφικόμενος.

766 4813 1056 4867 indicatum
1087 4823 1203 4868 erat
1239 4830 1266 4867 a
1300 4816 1589 4886 Palapano,
1623 4833 1845 4885 puerum
1903 4821 2080 4873 vivum
2132 4821 2293 4888 capit.

2411 4825 2462 4884 ἐς
2491 4840 2548 4875 τε
2593 4822 2688 4891 τὴν
2719 4822 2811 4874 τοῦ
2868 4821 3053 4889 Ἰησοῦ,
3090 4819 3382 4889 θρησκείαν
3431 4814 3720 4886 μετέϐαλε,
3768 4819 3846 4865 καὶ
3871 4813 3916 4861 οξ

763 4901 1159 4968 exercitumque
1193 4906 1494 4958 trucidavit.
1524 4907 1713 4962 Postea
1760 4910 1813 4961 in
1863 4908 2100 4976 Pogdam
2131 4912 2293 4978 regio-

2414 4911 2591 4980 πολλῷ
2623 4913 2842 4979 ὕστερον
2880 4908 3212 4978 ἐτελεύτησε.

765 5008 883 5047 nem
912 4995 1201 5060 profectus,
1242 5013 1358 5050 eum
1385 5014 1494 5051 sua:
1522 5000 1739 5054 ditionis
1771 4999 1931 5059 fecit:
1965 5011 2017 5057 et
2051 5019 2170 5057 cum
2198 5006 2412 5066 .Graacis
2435 5009 2670 5061 intentus
2716 5007 2769 5058 in
2810 5019 2994 5058 omnes
3053 5003 3382 5065 occasiones,
3428 5014 3640 5055 summa
3670 5000 3725 5053 vi
3752 4997 3921 5053 bellum

764 5083 1002 5144 gerebat.
1056 5083 1122 5136 At
1165 5083 1330 5138 Graeci
1387 5086 1523 5139 bello
1557 5088 1892 5143 abstinebant
1922 5108 2162 5161 prorsus.
2190 5095 2345 5151 Jesus
2373 5082 2556 5152 autem
2578 5097 2688 5150 sive
2727 5094 2907 5157 Iosue,
2943 5095 3033 5163 qui
3088 5105 3210 5147 natu
3259 5092 3512 5145 minimus
3556 5101 3686 5158 erat,
3721 5090 3922 5144 filiorum

768 5173 1032 5239 Pajazitis,
1061 5174 1126 5228 ad
1145 5175 1356 5229 Graecos
1381 5191 1440 5230 se
1475 5178 1754 5246 recipiens,
1790 5180 2144 5239 Christianam
2174 5189 2477 5256 religionem
2505 5186 2811 5254 assumpsit,
2845 5200 2940 5240 nec
2967 5185 3137 5238 multo
3165 5191 3284 5251 post
3309 5180 3374 5235 ad
3412 5196 3639 5249 superos
3681 5179 3919 5251 migravit.

841 5267 1162 5324 Meclunetes
1197 5269 1360 5325 Hosis
1377 5271 1570 5334 frater,
1599 5290 1754 5341 quem
1793 5292 2007 5345 quoque
2040 5291 2293 5347 genuerat

2475 5282 2762 5349 Μεχμέτης
2785 5281 2878 5348 μὲν
2899 5275 3010 5343 οὖν,
3037 5279 3130 5331 καὶ
3154 5269 3303 5335 οὗτος
3321 5273 3560 5346 Μωσέως
3588 5275 3690 5344 μὲν
3705 5272 3922 5340 eadem.

770 5358 1052 5425 Pajazites,
1112 5363 1200 5416 ubi
1256 5364 1488 5430 primum
1543 5381 1658 5419 eam
1717 5376 1924 5421 aetatem
1974 5371 2150 5436 attigit
2183 5386 2293 5439 qum

2408 5374 2533 5432 παῖς
2564 5373 2617 5424 δὲ
2643 5372 2976 5440 Παιαζήτεω,
3010 5368 3116 5419 ἀπὸ
3145 5367 3239 5434 τῆς
3270 5363 3599 5432 Καραμάνου
3637 5364 3814 5434 χώρας
3848 5361 3921 5425 ἀρ·

773 5449 930 5502 rebus
961 5450 1210 5516 gerendis
1241 5453 1432 5506 idonea
1466 5453 1584 5518 fuit,
1614 5470 1733 5507 cum
1776 5460 2014 5511 exercitu
2044 5475 2103 5511 ex
2137 5461 2293 5513 Cara-

2410 5463 2675 5533 μώμενος,
2706 5461 2890 5529 ἐπειδὴ
2917 5463 2972 5513 ἐν
3008 5457 3174 5527 ἱκανῷ
3214 5457 3422 5527 ἡλικίας
3448 5451 3536 5526 ἦν,
3579 5455 3707 5514 τούς
3731 5469 3786 5502 τε
3817 5465 3921 5510 συγ-

2010 5577 2249 5657 Notulae
2283 5600 2683 5676 marginales.

836 5730 943 5800 l9i)
980 5730 1060 5783 Al.
1093 5729 1437 5800 Salapauum.

834 5871 879 5899 ⁸³
911 5867 1201 5937 Θάλαττα-κ,
1233 5883 1277 5923 ct
1313 5874 1374 5925 Β.
