3990 6338
659 436 756 503 183

1749 444 2055 512 LAONICI
2088 452 2522 517 cuALcocON
2536 454 2740 513 orm
2796 432 2797 435 ‘
3758 444 3848 509 135

653 556 1006 616 prmeesserat
1057 559 1316 619 montem,
1365 555 1570 609 invertit
1616 555 1858 612 fratrem.
1910 558 1983 614 Ut
2027 561 2193 615 sensit

2300 562 2520 616 ἐπιόντα
2546 541 2638 616 τδν
2671 558 2901 629 ἀδελφὸν
2952 560 3236 628 ἐγγυτάτὼ
3267 559 3317 612 οι
3373 558 3649 623 γενέσθαι,
3681 574 3847 625 παρε-

650 636 875 691 fratrem
909 640 1190 704 accedere,
1222 652 1275 697 et
1315 645 1426 713 jam
1462 649 1515 701 in
1564 649 1814 718 proximo
1843 665 1985 715 esse,
2020 652 2190 706 aciem

631 725 874 817 instruit
914 738 983 793 ,ει
1026 733 1266 814 praelium
1302 738 1574 805 capessit:
1611 755 1843 810 moxque
1895 742 1949 795 in
2010 742 2189 811 fugam

654 818 859 896 agitur,
912 822 1005 888 qui
1056 821 1650 897 fugiens~properabat
1701 831 1767 885 ad
1827 831 2191 891 Triballorum

651 907 1228 980 ducequumVautcm
1254 918 1325 972 ibi
1349 930 1675 987 versaretur,
1702 922 1849 976 misit
1866 922 2191 992 legationem

651 998 716 1051 ad
750 1002 1039 1069 optimates
1073 1005 1399 1072 Turcorum,
1428 1019 1480 1065 et
1523 1010 1919 1069 ad-Chasanem
1941 1056 1955 1081 ,
1991 1014 2187 1070 Brene‘

650 1104 766 1145 zem
824 1090 934 1163 (99)
985 1098 1431 1169 Amuratemque,
1516 1110 1575 1156 ut
1626 1103 1945 1159 sollicitaret
2004 1112 2191 1159 eorum

651 1180 864 1237 animos
899 1186 965 1237 ad
996 1187 1390 1263 defectionem.“
1417 1194 1486 1246 At
1525 1194 1578 1247 bi
1614 1194 2193 1257 defectionisseriuo-

654 1288 779 1325 nem
828 1279 1002 1344 primo
1060 1280 1371 1343 abnuebant
1406 1304 1422 1340 :
1452 1301 1639 1341 verum
1674 1287 1890 1343 tandem
1921 1288 2026 1355 ipsi
2053 1289 2197 1342 inter.

655 1377 777 1418 sese
816 1365 1137 1424 deiectionis
1177 1375 1408 1430 consilia
1457 1379 1701 1448 capiunt.
1745 1376 1882 1433 Hinc
1925 1380 2194 1433 Brenczes

654 1471 751 1509 sua
781 1470 975 1529 sponte
1006 1464 1400 1534 transfugiebat
1444 1468 1513 1522 ad
1558 1468 1931 1534 Mechmetem,
1973 1448 2195 1523 trahens

652 1561 835 1637 secum
875 1551 1176 1625 Tureorum
1216 1573 1470 1626 proceres
1502 1570 1554 1614 et
1589 1560 1731 1615 filios
1754 1598 1767 1621 .
1812 1542 2023 1615 necnon
2055 1561 2196 1614 Cha-

650 1654 835 1695 sanem
881 1656 1001 1695 cum
1034 1645 1259 1713 optimis
1311 1648 1621 1717 quibusque
1659 1648 1726 1703 de
1780 1650 2193 1716 peregrinorum

649 1733 899 1787 cohorte.
952 1735 1083 1789 Cum
1142 1737 1253 1805 jam
1292 1740 1655 1794 accessissent
1700 1741 1869 1809 copiae
1912 1740 2194 1798 Mechmeti

651 1823 794 1881 haud
819 1825 1162 1891 paenitendae,
1186 1829 1383 1897 quibus
1408 1829 1579 1885 fretus
1599 1830 1767 1900 praelii
1788 1831 2056 1886 fortunam
2070 1847 2192 1887 eum

648 1910 816 1964 fratre
846 1913 1001 1969 facile
1030 1925 1239 1970 tentare
1287 1930 1491 1987 posset,
1524 1933 1803 1990 assumpto
1829 1919 2192 1976 Triballorum

649 2004 919 2072 principe,
939 2016 1124 2060 contra
1150 2008 1374 2063 fratrem
1404 2026 1651 2081 pergere,
1684 2022 1738 2066 et
1767 2013 1934 2081 przelii
1958 2020 2197 2081 potesta-

646 2101 753 2163 tem
780 2094 959 2150 facere
989 2097 1096 2166 97
1120 2086 1373 2154 instituit.
1412 2100 1589 2156 Mdscs
1621 2103 1804 2169 igitur,
1839 2108 1897 2155 ut
1925 2100 2194 2156 Mecbme-

649 2182 716 2236 tis
761 2184 1048 2237 consilium
1097 2186 1407 2255 impediret,
1467 2204 1533 2243 ne
1592 2188 1769 2242 facile‘
1812 2189 1866 2242 in
1922 2189 2192 2260 Europam

649 2275 885 2328 transire
941 2290 1168 2345 eamque
1218 2278 1300 2332 sui
1342 2278 1484 2345 jUris
1531 2278 1715 2334 facere
1750 2286 1956 2349 posset,
1989 2280 2195 2334 «lucens

648 2377 831 2417 secum
888 2368 1199 2422 universum
1245 2367 1474 2437 Europae
1517 2370 1856 2433 exercitum,
1909 2381 1960 2424 et
2014 2370 2195 2439 janure

648 2456 868 2521 milites,
896 2459 1136 2526 exceptis
1170 2460 1255 2513 his
1282 2462 1371 2529 qui
1411 2460 1477 2515 ad
1514 2459 1872 2514 Mechmetem
1904 2474 2194 2516 concesse-

647 2554 769 2597 rant
797 2546 848 2598 in
883 2546 1173 2614 Erysorum
1208 2548 1284 2616 (l)
1324 2547 1549 2615 regione
1583 2548 1846 2601 consedit.
1898 2547 1975 2602 lbi
2016 2549 2194 2602 Meeh-

648 2643 821 2690 metes
856 2636 909 2689 in
954 2635 1351 2704 expeditionem
1407 2634 1685 2705 egressus.
1739 2624 1919 2692 castra
1972 2639 2187 2692 locavit.

647 2725 721 2781 Ut
748 2736 931 2781 autem
961 2728 1415 2797 appropinquavit
1458 2718 1620 2784 Mosis
1659 2731 1877 2791 castris.
1924 2728 2109 2797 copias
2138 2731 2190 2782 in

646 2820 815 2887 aciem
861 2818 1071 2873 eduxit.
1117 2817 1408 2875 SiniSIrum
1455 2834 1621 2875 cornu
1663 2820 1880 2876 tenebat
1930 2819 2194 2874 Triballo-

584 2981 587 2984 ν
647 2926 764 2964 rum
798 2914 936 2975 dux;
962 2913 1150 2965 dextro
1179 2924 1405 2980 praeerat
1432 2912 1696 2969 Brenczes
1751 2928 1877 2981 cum
1904 2912 2026 2965 filiis
2052 2911 2189 2966 suis.

650 3000 846 3055 Secum
880 3001 1024 3055 enim
1050 3002 1103 3053 in
1137 3004 1337 3056 castris
1375 3004 1610 3058 habebat
1642 3004 1799 3068 filios,
1831 3004 1921 3075 qui
1951 3004 2051 3070 ipsi
2077 3001 2190 3055 nati

648 3091 1147 3161 erantzAgathen,
1197 3092 1509 3159 Barautum,
1569 3094 1798 3159 llaliem,
1855 3094 2079 3154 Beiccn,
2139 3102 2192 3147 et

2294 655 2489 719 τάξατό
2517 674 2574 708 τε
2605 656 2696 710 καὶ
2729 658 2808 717 είς
2834 656 3016 725 μάχην
3044 650 3319 720 καθίστη.
3342 654 3482 707 Μετ’
3523 653 3586 705 σὺ
3614 650 3750 704 πολὺ
3794 651 3845 703 δέ

2295 750 2582 818 ἐτράπετο,
2618 749 2714 801 καὶ
2771 747 2989 815 φεύγων
3037 746 3209 815 ᾤχετο
3234 747 3326 798 ἐπὶ
3380 744 3492 796 τῶν
3537 742 3845 814 Τρισαλλῶν

2294 839 2558 907 ἡγεμόνα.
2588 838 2697 890 Καὶ
2726 837 2912 904 ἐπειδὴ
2963 835 3235 905 διέτριϐεν
3272 831 3462 896 αὐτοῦ,
3513 833 3727 902 ἔπεμπε
3763 832 3844 897 λά-

2294 945 2425 995 γους
2457 927 2605 995 παρά
2645 925 2750 980 τῶν
2795 925 3053 992 Τούρκων
3096 925 3223 986 τοὺς
3269 924 3521 992 ἀρίστους
3553 923 3682 991 περὶ
3710 922 3841 975 ἀπο-

2296 1021 2536 1082 στάσεως
2562 1019 2698 1085 πρὸς
2724 1036 2781 1071 τε
2818 1018 3071 1085 Χασάνην
3097 1016 3206 1068 τῶν
3255 1014 3549 1085 ἐπηλύδων.
3585 1014 3835 1081 ἄρχοντα,

2296 1113 2389 1164 καὶ
2419 1111 2511 1163 ἐπὶ
2545 1110 2829 1180 Βρενέζεα,
2862 1111 2955 1161 καὶ
2996 1108 3341 1176 Ἀμουράτην
3366 1106 3432 1158 ⁸⁷.
3458 1105 3519 1158 Oi
3551 1105 3605 1157 δὲ
3632 1103 3757 1166 τούς
3786 1119 3840 1154 τε

2293 1202 2484 1269 λόγους
2517 1202 2784 1271 προΐεντο,
2815 1201 2907 1254 καὶ
2934 1200 3084 1267 σφίσι
3112 1198 3268 1266 λόγον
3296 1196 3533 1265 ἐδίδοσαν
3562 1194 3689 1264 περὶ
3714 1195 3843 1247 ἁπο-

2297 1290 2560 1349 στάσεως.
2616 1289 2893 1357 Ἐντεῦθεν
2936 1288 3207 1359 Βρενέζέης
3253 1289 3414 1350 αὐτός
3456 1304 3513 1340 τε
3558 1285 3843 1354 αὐτομολεῖ

2295 1381 2445 1451 παρὰ
2469 1380 2746 1451 Μεχμέτῃ,
2772 1379 2932 1450 έχων
2968 1379 3101 1449 παρ’
3144 1379 3324 1447 ἐαυτῷ
3356 1378 3646 1448 »Τούρκους
3675 1393 3735 1428 τε
3768 1376 3841 1435 ὡς

2297 1471 2597 1543 πλείστους,
2622 1471 2711 1523 καὶ
2733 1470 2794 1540 δὴ
2813 1471 2907 1531 καὶ
2932 1472 3058 1534 τοὺς
3078 1470 3296 1533 παῖδας,
3324 1469 3579 1537 Χασάνην
3605 1467 3701 1520 σὺν
3730 1468 3841 1527 τοῖς

2296 1564 2559 1632 νεηλύδων
2616 1565 2727 1625 τοῖς
2772 1563 3036 1631 ἀρίστοις.
3112 1562 3394 1616 Ἐντεῦθεν
3451 1561 3525 1622 ὡς
3554 1558 3634 1626 τῷ
3688 1558 3836 1624 Μεχ-

2299 1654 2436 1725 μέτῃ
2484 1653 2843 1723 προσεγένετο
2915 1653 3145 1721 δύναμις
3177 1692 3190 1716 ,
3248 1651 3388 1705 ὥστε
3453 1648 3841 1717 διαπειρᾶσθαι

2299 1744 2480 1806 ἱκανὸς
2541 1738 2683 1796 εἶναι
2736 1742 2829 1795 τοῦ
2888 1744 3138 1809 ἀδελφοῦ,
3170 1741 3351 1795 λαϐὼν
3380 1739 3562 1793 καὶτὸ
3609 1738 3842 1807 Τριδαλ-

2296 1836 2404 1888 λῶν
2430 1836 2672 1903 ἡγεμόνα
2706 1836 2823 1903 μεθ’
2858 1833 3072 1901 ἐαυτοῦ,
3110 1820 3338 1903 ἤλαυνεν
3370 1833 3459 1884 ἐπὶ
3491 1831 3582 1883 τὸν
3619 1829 3843 1895 ἀδελφὺν

2292 1925 2366 1989 ὡς
2404 1924 2764 1992 μαχούμενος.
2798 1923 3003 1991 Μωσῆς
3043 1923 3143 1990 μὲν
3169 1922 3261 1975 οὖν
3303 1920 3683 1989 διανοούμενος
3737 1920 3837 1987 ἐμ-

2295 2015 2469 2068 ποδὼν
2502 2004 2751 2082 γενέσθαι
2786 2015 2862 2082 τῷ
2892 2013 3132 2082 ἀδελφῷ,
3160 2014 3300 2066 ὥστε
3329 2013 3405 2081 μὴ
3436 2011 3742 2076 ἐξελαύνειν
3766 2012 3844 2070 είς

2294 2107 2391 2176 τὴν
2422 2105 2712 2174 Εὐρώπην,
2746 2105 2840 2158 καὶ
2883 2093 3258 2173 προσάγεσθαι
3294 2102 3443 2171 αὐτῷ
3488 2100 3587 2169 τὴν
3635 2101 3844 2168 χώραν,

2294 2197 2434 2265 έχων
2466 2196 2561 2256 τάς
2585 2211 2647 2247 τε
2674 2195 2864 2263 θύρας,
2899 2196 2992 2247 καὶ
3018 2194 3077 2245 τὸ
3108 2194 3204 2261 τῆς
3226 2193 3493 2262 Εὐρώπης
3528 2190 3846 2258 στράτευμα

2296 2287 2458 2351 ἅπαν,
2491 2276 2629 2356 πλὴν
2662 2284 2772 2351 τῶν
2819 2284 2969 2353 παρὰ
3019 2282 3274 2352 Μεχμέτη
3332 2280 3847 2351 αὐτομολησάντων,

2291 2377 2519 2445 διέτρισε
2572 2375 2709 2429 κατὰ
2742 2376 2839 2443 τὴν
2880 2374 2987 2427 τῶν
3042 2373 3287 2444 Ἐρυσῶν
3329 2372 3531 2441 χώραν.
3578 2368 3845 2421 Ἐνταῦθα

2294 2466 2519 2530 ἐξελθὼν
2546 2470 2571 2520 ὀ
2590 2466 2882 2536 Μεχμέτης
2914 2464 3422 2534 ἐστρατοπεδεύετο.
3460 2462 3549 2523 Ὣς
3580 2460 3636 2513 δέ
3671 2459 3844 2529 ἀγχοῦ

2292 2559 2581 2625 γενόμενος
2619 2555 2698 2624 τῷ
2752 2555 3133 2623 στρατεύματι
3170 2554 3448 2617 -Μωσέως,
3503 2551 3849 2619 παρετάξατο

2294 2653 2373 2711 εἰς
2402 2651 2601 2719 μάχην.
2622 2648 2732 2700 Kal
2762 2642 2874 2717 εἶχε
2909 2649 3010 2716 μιν
3029 2650 3089 2698 τδ
3111 2646 3389 2713 εὐώνυμον
3418 2643 3579 2696 αὐτοῦ
3608 2643 3779 2712 κέρας
3820 2643 3848 2694 δ

2292 2739 2398 2792 τῶν
2427 2738 2743 2807 Τριϐαλλῶν
2773 2735 3019 2805 ἡγεμὼν,
3050 2735 3111 2788 τὸ
3141 2733 3317 2797 δεξιὸν
3344 2734 3400 2786 δέ
3442 2734 3715 2802 Βρενέζης
3747 2731 3845 2782 σὺν

2291 2833 2399 2892 τοῖς
2426 2830 2614 2881 παισὶν
2639 2827 2825 2882 αὐτοῦ.
2850 2826 3123 2901 Παρῆσαν
3155 2825 3263 2894 γὰρ
3298 2823 3449 2891 αὑτῷ
3476 2822 3663 2881 παῖδες
3701 2819 3847 2885 γενό-

2295 2936 2444 2989 μενοι
2484 2917 2706 2985 ’Δγαθοὶ
2733 2918 2800 2981 ⁸⁸,
2854 2916 3107 2985 Βαράμος
3150 2932 3210 2967 τε
3261 2905 3357 2968 καὶ
3419 2912 3598 2980 Ἀλίης
3625 2912 3694 2966 θ’.
3746 2910 3843 2962 καὶ

2291 3011 2491 3075 Βείκης
2552 3010 2655 3062 καί
2686 3008 2912 3076 Ἰησοῦς.
2945 3006 3161 3074 Ἐπειδὴ
3187 3007 3243 3058 δὲ
3300 3005 3396 3058 καὶ
3428 3001 3630 3069 Μωσῆς
3663 3015 3846 3067 παρα⁴

2291 3099 2614 3169 ταξάμενος,
2647 3094 2795 3169 εἶχεν
2832 3100 2893 3152 ἐν
2917 3097 3069 3161 τάξει
3114 3097 3180 3147 τὰ
3235 3092 3621 3163 στρατεύματα
3653 3088 3842 3152 αὐτοῦ,

650 3180 855 3251 Jesum.
914 3182 1209 3253 Postquam
1271 3196 1449 3240 autem
1496 3194 1549 3239 et
1602 3185 1779 3239 Moses
1830 3184 2001 3239 aciem
2039 3198 2189 3237 suam

2294 3195 2390 3247 καὶ
2419 3194 2633 3262 παριὼν
2660 3191 2980 3252 ἐπεσκόπει,
3011 3188 3106 3240 καὶ
3146 3185 3399 3252 καθίστη,
3446 3183 3523 3246 ὡς
3554 3181 3701 3250 αὐτῷ
3730 3180 3845 3235 ἐδό-

653 3272 1237 3336 iustruxit,'accedcns
1266 3276 1451 3335 omnia
1477 3276 1819 3343 explorabat,
1883 3283 1935 3329 et
1967 3277 2057 3329 ubi
2074 3274 2193 3334 sibi

652 3365 1178 3437 opportunissimum
1212 3366 1513 3431 videbatur,
1544 3366 1696 3420 stetit
1725 3383 1738 3420 :
1766 3376 1817 3420 et
1852 3366 2049 3433 ubique
2076 3365 2193 3420 suis

656 3467 1076 3529 praesenserat.
1142 3458 1217 3513 lbi
1273 3468 1383 3511 tum
1434 3459 1712 3513 Chasanes
1786 3459 2191 3528 peregrinorum

654 3554 785 3615 «lux,
814 3551 904 3620 qui
934 3550 1239 3606 desciverat
1268 3564 1295 3602 a
1331 3548 1500 3614 Mose,
1536 3565 1676 3619 equo
1709 3560 1893 3605 vectus
1934 3549 2000 3602 ad
2031 3545 2193 3599 Mosis

650 3642 972 3707 exercitum,
1002 3656 1133 3696 voce
1170 3657 1329 3710 qttam
1365 3642 1537 3709 pctuit
1568 3642 1803 3694 maxima
1852 3637 2191 3699 exclamavit,

650 3732 963 3801 peregrinos
992 3731 1308 3799 appellans:
1335 3728 1391 3784 Ο·
1412 3730 1530 3790 filii,
1558 3729 1695 3797 quid
1722 3726 2076 3788 cunctamini,
2102 3733 2195 3779 aut

650 3824 775 3889 quid
811 3822 1041 3876 differtis
1080 3810 1345 3875 continuo
1388 3804 1644 3873 abire'ad
1698 3834 1876 3888 regem
1926 3826 2190 3881 vestrum,

649 3912 825 3966 virum
865 3925 927 3964 ex
962 3925 1157 3979 genere
1195 3910 1642 3982 Otomauidarum
1679 3920 1885 3971 ortum,
1924 3908 2194 3976 etjustisc

650 4001 847 4056 simum
886 4008 937 4053 et
971 3998 1369 4068 aequissimum.
1401 3999 1601 4065 quique
1631 4011 1820 4050 omnes
1863 3997 1942 4049 sui
1982 3994 2196 4062 generis

652 4093 921 4159 principes
949 4091 1146 4144 virtute
1176 4087 1490 4140 antecedit?
1511 4085 1707 4139 Verum
1735 4085 1914 4153 miseri
1941 4085 2195 4147 manetis,

651 4181 997 4238 contumeliis
1024 4179 1200 4233 allecti
1229 4192 1257 4231 a
1292 4179 1411 4232 viro
1446 4176 1541 4245 qui
1592 4190 1692 4229 nec
1738 4175 1839 4229 sibi
1880 4189 1979 4228 nec
2008 4175 2196 4228 amicis

650 4274 946 4342 quidquam
974 4272 1213 4325 salutare
1246 4269 1557 4339 prospicere
1590 4267 1805 4337 potest?
1830 4267 1950 4320 Haec
1976 4266 2192 4335 quidem

648 4368 995 4424 clamantem,
1029 4372 1081 4416 et
1112 4361 1194 4414 ad
1232 4362 1401 4415 aciem
1441 4360 1789 4414 festinantem
1829 4359 2033 4413 audivit
2079 4373 2190 4411 rex.

648 4456 875 4523 Quidam
920 4464 1098 4507 autem
1142 4451 1513 4520 respondens,
1558 4450 1734 4519 inquit
1768 4467 1780 4502 :
1816 4448 1861 4503 Ο
1903 4464 1992 4502 rex
2019 4488 2033 4509 ,
2083 4461 2189 4500 non

649 4546 848 4616 aspicis
875 4534 1183 4597 Chasanem
1218 4542 1651 4609 peregrinorum.
1677 4540 1917 4603 ducem,;
1943 4555 2102 4607 quem
2134 4538 2187 4591 in

650 4640 885 4691 maximo
923 4640 1185 4704 peneste
1220 4631 1425 4685 honore
1471 4630 1731 4694 habuisti,
1768 4630 1997 4684 incitare
2038 4644 2191 4696 pere-

649 4727 952 4799 grinosad
986 4721 1543 4787 tlel'ectionem?Quaa
1595 4721 1684 4775 ubi
1732 4721 1961 4776 advertit
2012 4721 2190 4777 Moses

650 4816 847 4883 parari,
877 4830 980 4868 non
1014 4812 1247 4882 amplius
1275 4826 1403 4865 suos
1443 4811 1711 4866 continuit
1741 4830 1754 4865 :
1785 4827 1967 4865 verum
1993 4813 2192 4865 immit-
2234 4826 2240 4836 ‘

648 4918 767 4961 teus
796 4920 914 4968 eos,
946 4906 1167 4973 ipseque
1201 4909 1341 4972 equo
1373 4904 1604 4958 calcaria
1633 4903 2189 4967 subdens,ferebatur

618 4982 619 4985 η
652 4997 705 5051 in
738 4997 1063 5056 Chasanem,
1085 5003 1143 5047 ut
1167 5010 1289 5049 eum
1322 4995 1616 5058 occideret,
1638 4994 1997 5063 currebatque
2022 4994 2195 5063 plenis

646 5101 701 5146 et
738 5090 927 5145 effusis
969 5087 1216 5143 habenis.
1267 5087 1546 5140 Chasanes
1604 5095 1662 5139 ut
1714 5085 1946 5155 accepit,
1993 5084 2191 5137 Mosem

650 5193 837 5237 contra
870 5196 927 5235 se
960 5194 1170 5234 summa
1208 5178 1489 5233 celeritate
1522 5177 1652 5241 uiti,
1696 5186 1748 5230 et
1786 5179 1904 5245 ipse
1951 5175 2192 5229 adhibita

654 5275 1003 5327 festinatione
1033 5286 1244 5325 summa
1280 5270 1510 5338 aufugit.
1545 5266 1720 5322 Moses
1742 5266 2021 5337 acerrime
2053 5265 2196 5319 inse-

2297 3302 2403 3348 κει,
2463 3281 2813 3350 παρελαύνων
2874 3278 3183 3345 ἁπανταχῇ,
3231 3272 3481 3339 ’ἐνταῦθα
3529 3273 3787 3340 Χασάνης
3818 3274 3846 3322 ό

2293 3375 2402 3428 τῶν
2426 3372 2698 3440 νεηλύδων
2722 3364 2910 3439 ἄρχων
2950 3367 3350 3435 αὐτομολήσας,
3389 3367 3511 3418 τότε
3536 3364 3599 3434 δὴ
3641 3380 3844 3432 προσε-

2258 3462 2459 3543 ίλάσας
2485 3461 2561 3530 τῷ
2593 3462 2741 3528 ἵππῳ
2774 3460 2865 3511 ἐπὶ
2893 3459 2953 3511 τὸ
2983 3457 3227 3519 Μωσέως
3266 3457 3597 3525 στράτευμα,
3648 3454 3844 3522 ἐφώνει

2294 3552 2427 3621 πρὶς
2453 3552 2577 3610 τοὺς
2610 3549 2898 3616 νεήλυδας
2923 3544 2992 3601 Ὠ
3027 3549 3230 3613 παῖδες,
3265 3547 3316 3600 τί
3353 3546 3688 3615 διαμέλλετε,
3749 3542 3843 3594 καὶ

2292 3644 2391 3695 οὐκ
2431 3642 2713 3710 ἐξέρχεσθε
2742 3643 2786 3673 ⁷ο
2822 3642 2903 3693 ὅτι
2925 3640 3156 3710 τάχιστα
3182 3639 3273 3691 ἐπὶ
3300 3639 3392 3690 τὸν
3423 3636 3646 3710 βασιλέα
3667 3635 3839 3702 ὑμῶν,

2294 3732 2459 3802 ἄνδρα
2486 3749 2544 3783 τε
2573 3733 2679 3783 τῶν
2722 3731 2813 3783 τοῦ
2850 3731 3039 3797 γένους
3079 3712 3477 3797 Ὀτουμανίδων
3508 3724 3845 3778 δικαιότςτὸν

2290 3841 2349 3875 τε
2379 3823 2469 3875 καὶ
2503 3821 2934 3885 ἐπιεικέστατον,
2965 3820 3058 3872 καὶ
3086 3819 3289 3879 πάντας
3320 3817 3382 3885 δὴ
3407 3816 3501 3869 τοῦ
3534 3816 3720 3882 γένους
3743 3813 3845 3865 αὖ-

2292 3914 2386 3967 τοῦ
2447 3906 2924 3989 ὑπερδαλλόμενον
2979 3913 3187 3980 aperi};
3272 3908 3434 3961 Ἀλλὰ
3498 3906 3751 3977 ἀνέχεσθε
3794 3907 3841 3937 ⁷⁸

2294 4003 2667 4074 ὑϐριζόμενοι,
2720 4007 2812 4057 καὶ
2880 4006 3064 4067 κακῶς
3116 4007 3448 4070 πράττοντες
3505 4004 3595 4057 ὑπ’
3654 4001 3845 4070 ἀνδρὲς

2294 4094 2549 4166 ὑϐριστοῦ
2577 4097 2641 4164 τῇ
2693 4096 2874 4163 φύσει,
2926 4096 3021 4148 καὶ
3066 4093 3344 4158 ἀλαζόνος,
3402 4094 3493 4145 καὶ
3526 4092 3697 4159 ἐαυτῷ
3746 4090 3845 4142 καὶ

2291 4188 2402 4249 τοῖς
2428 4186 2750 4255 ἐπιτηδείοις
2779 4185 2944 4239 αὐτοῦ
2987 4186 3138 4240 οὐδὲν
3175 4184 3325 4252 ύγιές
3352 4179 3633 4253 Ἔχοντοςέ
3663 4180 3846 4232 Ταῦτα

2292 4275 2542 4341 λέγοντος
2578 4273 2670 4327 τοῦ
2698 4274 2988 4339 Χασαλέω,
3025 4274 3212 4341 ὥσπερ
3232 4271 3472 4325 ἐλαύνων
3496 4271 3590 4322 ἐπὶ
3614 4269 3699 4328 τὰς
3719 4284 3847 4318 συν-

2293 4367 2490 4433 τάξεις,
2519 4368 2718 4438 ήκουεν
2746 4369 2773 4420 ὅ
2806 4385 2859 4419 τι
2884 4366 3031 4433 λέγοι
3062 4368 3088 4418 ὁ
3119 4366 3259 4434 ἀνὴρ
3304 4359 3479 4425 οὗτος.
3529 4358 3843 4415 ’Υπολαὸὼν

2222 4492 2272 4553 D
2294 4458 2348 4509 δέ
2367 4473 2449 4521 τις
2467 4458 2709 4525 ἕφασκεν
2732 4473 2746 4488 ⁶
2786 4452 2943 4519 Ἀλλ’,
2970 4452 3013 4510 ὧ
3049 4454 3288 4525 βασιλεῦ,
3327 4454 3422 4523 οὐχ
3478 4455 3627 4524 ὁρᾷς,
3661 4450 3845 4505 Xeni-

2297 4567 2392 4617 νην
2408 4549 2499 4600 τὸν
2516 4548 2783 4618 νεηλύδων
2821 4547 3078 4616 ἄρχοντα,
3117 4546 3258 4614 μέγα
3284 4544 3585 4614 τιμηθέντα
3602 4544 3700 4597 ὑπὸ
3718 4540 3841 4605 σοῦ,

2294 4638 2368 4701 ὡς
2412 4639 2706 4709 ἐξυϐρίζει,
2766 4637 2898 4698 τοὺς
2960 4636 3214 4705 νεήλυδας
3265 4635 3691 4705 ἐπικαλούμενος
3743 4632 3844 4683 ἐπὶ

2259 4732 2624 4795 ⁸ἁπόστασινς
2692 4728 2974 4791 Ἐνταῦθα,
3035 4727 3109 4789 ὡς
3155 4728 3356 4795 ἤκουσε
3406 4728 3578 4779 ταῦτα
3615 4721 3838 4785 Μωσῆς,

2294 4824 2476 4876 οὐκέτι
2504 4822 2734 4887 ἐπέσχεν
2768 4820 2960 4881 αὐτοὺς
2986 4820 3062 4885 τί,
3085 4818 3219 4872 ἀλλὰ
3271 4805 3503 4884 ἐπαφεὶς
3532 4818 3620 4869 τὸν
3676 4815 3841 4865 ἵππον

2295 4913 2507 4965 ἐκέντει
2542 4912 2632 4963 ἐπὶ
2661 4911 2751 4962 τὸν
2785 4911 3064 4980 Χασάνην,
3099 4911 3174 4972 ὡς
3220 4912 3556 4977 ἀναιρήσων,
3607 4908 3693 4961 καὶ
3721 4901 3839 4954 ἔθει

2300 5003 2401 5054 ἀνὰ
2428 4994 2659 5069 κράτος.
2692 5001 2948 5067 Χασάνης
2980 5003 3077 5069 μέν
3110 5000 3203 5053 οὖν
3241 5000 3363 5052 ἐπεί
3402 5015 3462 5059 τε
3494 4998 3709 5065 τάχιστα
3731 4993 3841 5062 ᾖσ-

2299 5092 2419 5143 θετο
2469 5092 2666 5144 Μωσέα
2739 5092 2841 5144 ἀνὰ
2906 5091 3106 5161 κράτος
3164 5090 3454 5141 ἐλαύνοντα
3518 5090 3604 5142 ἐπ’
3656 5084 3838 5150 αὐτὸν,

2296 5181 2491 5248 ἐφευγέ
2529 5199 2586 5233 τε
2614 5182 2776 5242 αὐτὸς
2808 5181 2945 5233 κατὰ
2972 5180 3196 5247 δύναμιν
3224 5194 3238 5209 ⁶
3274 5178 3475 5246 Μωσῆς
3506 5178 3561 5231 δέ
3594 5176 3841 5245 ἐφείπετο

2296 5270 2526 5326 διώκων.
2570 5271 2833 5325 Ἐνταῦθα
2862 5268 3186 5323 καταλαόὼν
3223 5268 3492 5338 φεύγοντα
3528 5266 3762 5336 καταίρει
3786 5266 3838 5296 ⁷³

1900 5423 2139 5483 Notulaa
2183 5428 2582 5505 marginales;

721 5555 827 5625 (99)
858 5557 1167 5607 Itrouczem.

2374 5551 2445 5621 (l)
2460 5550 2744 5621 Mysorum.

722 5732 1085 5806 '7_'A;J.odpq~1.
1160 5734 1203 5764 ⁸⁸
1296 5730 1547 5806 ᾍγάθης.
1602 5727 1891 5806 β’ξΑλιῆς.
1926 5730 1984 5785 R.
2011 5741 2063 5783 ut
2094 5732 2142 5783 in
2183 5754 2193 5785 t

2314 5730 2355 5762 7°
2389 5716 2716 5797 ἐξέρχεσθαι.
2753 5726 2811 5781 R.
2845 5738 2897 5779 ut
2931 5728 2980 5780 in
3008 5746 3052 5780 τ.
3134 5730 3173 5761 ⁷¹
3200 5727 3503 5799 ἀνέλεσθαι.
3541 5723 3596 5775 R.
3626 5730 3673 5774 ut
3699 5720 3747 5769 in
3776 5735 3831 5774 ι’.

654 5804 670 5834 7

680 5803 697 5831 ⁷⁸
727 5798 900 5857 αὐτόν.
922 5798 982 5859 li:
1012 5798 1063 5864 ait
1088 5808 1136 5859 iu
1180 5798 1229 5855 (νζ
1302 5803 1342 5835 ⁷³
1370 5800 1618 5858 καθαιρτῗ
1672 5798 1726 5849 R.
1762 5809 1815 5851 ut
1844 5801 1894 5851 in
1925 5818 1967 5853 ι’.
