3990 6338
612 433 710 533 181

1687 473 2001 537 LAONICI
2057 478 2482 539 CHALCOCON
2492 479 2701 539 DYLrE

3660 481 3756 543 183

606 592 727 650 ptes
758 576 974 646 quidem
1023 577 1184 632 duces
1234 591 1415 632 secum
1461 580 1702 645 trahens,
1742 580 1928 636 abibat
1978 580 2132 635 Pelo-

2258 585 2610 651 .οποννησίους
2642 585 2701 637 έν
2727 554 2964 654 φυλακῇ.
2998 582 3231 646 Τούτους
3269 584 3367 652 μιν
3405 583 3575 653 ᾤχετο
3593 586 3753 652 ἄγων,

606 685 870 742 ponneso.
899 668 1228 724 Hecbmetes
1252 670 1342 725 ubi
1373 669 1440 724 ad
1479 685 1701 741 regnum
1724 682 2003 741 promotus
2025 681 2126 737 est,

607 759 939 815 succedente
973 769 1215 829 tempore
1244 761 1641 829 expeditionem
1682 762 1913 829 sumpsit
1939 772 2128 816 contra

611 851 887 903 Ismaelem
927 847 1143 916 Sinope
1172 848 1487 918 principem.
1518 850 1737 904 Amicus
1784 852 1927 905 enim
1969 861 2021 905 et
2046 867 2133 906 so-

608 941 727 992 cius
755 935 856 992 fuit
885 937 1076 1003 Mosis,
1118 939 1277 1008 cujus
1316 953 1479 1006 opera
1508 940 1665 995 enixe
1706 939 1879 995 Moses
1915 942 2132 1010 adjutus

608 1038 690 1083 est
739 1030 793 1083 in
843 1029 1008 1095 bello,
1045 1030 1187 1099 quod
1219 1030 1388 1100 gessit
1441 1046 1560 1086 cum
1612 1030 1778 1087 fratre
1816 1031 2130 1089 Mecltmete.

613 1120 825 1174 Mittens
872 1122 1056 1191 itaque
1088 1120 1277 1177 lsmael
1322 1122 1555 1191 legatos,
1604 1123 1802 1190 quibus
1828 1125 2131 1187 mandarat,

612 1219 668 1262 ut
701 1212 969 1276 dicerent,
1002 1227 1062 1267 se
1096 1220 1341 1282 paratum
1376 1227 1496 1267 esse
1521 1213 1644 1268 atris
1683 1214 1926 1269 redditus
1947 1230 2135 1270 omnes

612 1300 885 1357 Mecbmeti
941 1303 1157 1356 nomine
1221 1305 1410 1358 tributi
1472 1304 1769 1373 assignare.
1829 1304 1875 1359 si
1953 1318 2134 1358 secum

613 1403 795 1457 pacem
843 1388 1077 1444 fecisset.
1115 1390 1237 1445 Haec
1272 1392 1414 1445 enim
1464 1392 1610 1458 regio
1643 1390 1786 1445 Asia:
1827 1391 1964 1455 sola,
1994 1390 2136 1457 quod

613 1481 799 1546 sciam,
827 1495 901 1535 aes
934 1481 1161 1548 profert.
1193 1481 1327 1535 Cum
1366 1482 1533 1550 igitur
1576 1482 1698 1536 teris
1740 1481 1983 1536 redditus
2025 1489 2137 1534 tra-

613 1570 835 1623 didisset
864 1569 975 1639 θθ
1004 1569 1308 1635 Mechmeti,
1337 1570 1535 1625 bellum
1572 1587 1704 1641 pace
1751 1578 2137 1626 commutatum

508 1696 513 1702 -
613 1666 715 1712 est.
777 1657 1015 1714 Tandem
1068 1660 1341 1714 discordia
1394 1651 1536 1714 i'nter
1588 1661 1760 1729 ipsum
1812 1669 1866 1713 et
1910 1659 2137 1714 Venetos

613 1751 842 1814 exarsit,
872 1765 974 1815 qua
1019 1751 1287 1820 impulsus
1317 1751 1415 1821 (5),
1450 1749 1672 1811 Venetis
1701 1750 1896 1804 bellum
1925 1749 2136 1813 indicit,

614 1848 836 1910 propter
865 1840 1142 1908 regionem
1167 1856 1285 1910 qua
1315 1840 1524 1895 Ionium
1556 1848 1767 1908 spectat
1796 1854 1809 1889 :
1840 1839 1928 1892 cui
1961 1839 2140 1892 missis
2176 1882 2178 1885 τ

2232 674 2524 743 Μεχμέτης
2551 674 2608 727 δὲ
2665 675 2741 737 ὡς
2786 674 3085 737 ἐϐασίλευε,
3137 675 3328 745 χρόνου
3360 676 3753 745 ιπιγινομὲνου,

2232 762 2583 832 ἐστρατεύετο
2613 765 2705 817 ἐπὶ
2739 764 2829 817 τὸν
2859 764 3158 835 Ἰσμαήλην
3214 764 3460 834 Σινώπης
3497 768 3755 835 ἡγεμόνα,

2229 854 2311 905 ὃτι
2342 853 2419 921 τῷ
2447 853 2638 907 Μωσεῖ
2665 853 2816 921 φίλος
2847 870 2907 906 τε
2960 854 3135 907 ἐδόκει
3168 855 3261 905 καὶ
3320 853 3637 923 ἐπιτήδειος,
3685 856 3758 918 ὡς

2232 944 2606 1011 συμϐαλέσθαι
2637 946 2692 1007 ές
2715 944 2807 998 τόν
2838 943 2960 998 καθ’
3003 944 3196 997 ἑαυτὸν
3224 944 3271 976 ’⁸
3301 943 3565 1011 πόλεμον·
3598 962 3760 1015 πρεσ-

2233 1035 2385 1087 σείαν
2414 1034 2473 1085 δὲ
2502 1032 2742 1103 πέμψας,
2772 1033 2866 1086 καὶ
2890 1032 3193 1100 ταξάμενος
3208 1031 3441 1099 ἀπάγειν
3467 1033 3647 1102 φόρον,
3668 1034 3760 1103 τὴν

2232 1124 2325 1177 τοῦ
2353 1122 2551 1193 χαλκοῦ
2586 1123 2845 1192 πρόσοδον
2866 1138 2881 1153 ο
2940 1123 3089 1176 δοκεῖ
3136 1124 3242 1192 γάρ
3274 1122 3431 1177 τοῦτο
3459 1125 3521 1175 τὸ
3569 1124 3760 1193 χωρίον

2235 1213 2344 1266 τῶν
2370 1214 2512 1267 κατὰ
2542 1215 2643 1280 τὴν
2677 1213 2860 1271 Ἀσίαν
2889 1213 3076 1283 φέρειν
3110 1214 3286 1281 μόνον,
3322 1209 3394 1266 ὧν
3425 1214 3585 1281 ἡμεῖς
3610 1213 3763 1280 ἴσμεν

2233 1306 2322 1356 τὸν
2349 1305 2568 1375 χαλκόν.
2596 1302 2801 1357 Τούτου
2845 1304 2903 1356 δὲ
2954 1303 3050 1371 τὴν
3093 1303 3354 1372 πρόσοδον
3390 1302 3660 1371 παραδοὺς
3688 1300 3765 1368 τῷ

2235 1392 2446 1462 βασιλεῖ
2472 1394 2754 1463 Μεχμέτῃ.
2782 1392 3011 1453 σπονδάς
3056 1409 3116 1444 τε
3171 1392 3483 1460 ἐποιήσατο.
3538 1391 3627 1441 καὶ
3667 1389 3757 1440 τὸν

2186 1477 2200 1554 ξ
2235 1483 2469 1549 πόλεμον
2530 1481 2887 1536 κατελύσατο.
2955 1482 3098 1552 Πρὸς
3123 1482 3303 1550 μέντοι
3322 1481 3446 1541 τοὺς
3477 1478 3768 1539 Οὑενετοὺς

2235 1570 2550 1639 διενεχθεὶς,
2613 1572 2944 1641 ἐπολέμησε,
2996 1570 3082 1623 διά
3133 1587 3190 1622 τε
3241 1570 3339 1639 τὴν
3400 1569 3537 1638 πρὸς
3588 1568 3767 1621 Ἰόνιον

2237 1658 2420 1729 χώραν
2465 1660 2573 1713 τῶν
2626 1661 2922 1726 οὗενετῶν,
2973 1661 3030 1722 ές
3102 1659 3169 1728 ἢν
3229 1658 3543 1728 ἐπιπέμψας
3609 1674 3770 1725 στρα-

2239 1748 2500 1815 τεύματα,
2547 1749 2719 1820 ἐδῄου.
2761 1748 3033 1817 Ἔνθαδὴ
3076 1747 3664 1817 διαπρεσϐευσάμενοι,
3692 1746 3768 1805 ὡς

2239 1838 2390 1891 οὐδὲν
2424 1838 2655 1908 εὕραντο
2677 1838 3003 1903 ἐπιτήδειον,
3034 1838 3333 1906 ἐπολέμουν
3363 1837 3532 1900 αὐτῷ.
3678 1828 3681 1831 ’

616 1928 945 1984 exercitibus
975 1929 1278 1983 vastitatem
1304 1927 1592 1982 maximam
1618 1927 1926 1980 inducebat.
1948 1926 2135 1980 Veneti
2175 1916 2370 1997 legatis
2404 1928 2613 1990 missis,
2646 1934 2702 1980 ut
2736 1926 2871 1979 nihil
2935 1926 3075 1996 aequi
3111 1928 3401 1996 impetrare
3460 1934 3773 1996 potuerunt,

615 2022 823 2077 animos
868 2022 1081 2089 quoque
1124 2022 1180 2076 in
1225 2022 1274 2075 id
1306 2022 1501 2075 bellum
1547 2033 1756 2104 summa
1788 2020 1837 2071 vi
1888 2018 2253 2075 intenderunt.

686 2112 917 2179 Apparet
938 2116 1149 2178 gentem
1183 2110 1337 2162 istam
1374 2106 1659 2163 admodum
1689 2122 1808 2163 esse
1865 2116 2150 2173 vetustam,

2322 2113 2478 2163 Δοκεῖ
2512 2110 2568 2164 δι
2620 2107 2776 2161 τοῦτο
2815 2110 2875 2161 τδ
2912 2110 3074 2177 γένος’
3117 2109 3345 2163 παλαιόν
3401 2125 3459 2160 τε
3508 2108 3776 2174 γενέσθαι,

625 2210 676 2254 et
699 2201 904 2254 nobiles
930 2198 1085 2254 lones
1113 2197 1427 2253 fortitudine
1446 2206 1499 2252 et
1531 2213 1789 2267 generoso
1817 2198 2011 2267 spiritu
2033 2198 2152 2251 Ion-

620 2306 686 2360 go
706 2290 981 2345 intervallo
1014 2300 1136 2356 post
1180 2304 1239 2344 se
1266 2289 1578 2357 reliquisse.
1642 2288 2025 2343 Habitat/erunt
2053 2304 2152 2341 an-

621 2381 843 2449 tiquitus
869 2380 1135 2447 regionem
1197 2389 1498 2444 vergentem
1554 2379 1617 2431 ad
1682 2378 1859 2431 sinum
1890 2376 2153 2437 Ionicum,

622 2478 679 2524 et
716 2470 783 2522 ab
808 2470 1017 2537 lllyrico
1042 2471 1098 2519 in
1130 2468 1332 2519 italiam
1369 2474 1763 2519 excurrentem.
1822 2467 2039 2534 Antiqui
2062 2481 2155 2521 eos

623 2556 816 2613 Enetos
840 2556 1216 2626 nuncupabant
1241 2557 1597 2622 :postmodum
1632 2552 1821 2608 Veneti
1844 2554 1973 2607 dicti
2006 2562 2151 2607 sunt.

624 2645 859 2710 Profecti
912 2656 1087 2701 autem
1123 2660 1188 2697 ex
1225 2645 1548 2708 continenti,
1609 2644 1800 2712 partim
1858 2644 2153 2709 voluntate,

624 2738 816 2804 partim
845 2737 1163 2791 necessitate
1191 2737 1422 2799 subacti,
1462 2743 1517 2788 ut
1538 2749 1760 2803 quorum
1788 2737 1932 2802 regio
1954 2743 2156 2787 vastata

623 2837 768 2882 esset
790 2827 857 2879 ab
895 2826 1056 2879 Attila
1085 2841 1229 2894 rege,
1279 2835 1336 2879 ut
1365 2826 1416 2879 in
1449 2826 1647 2893 majore
1664 2824 1950 2879 securitate
1979 2834 2159 2878 essent

628 2920 678 2972 in
710 2926 1004 2987 posterum,
1041 2917 1268 2970 insulam
1299 2915 1582 2985 quamdam
1662 2929 1879 2983 parvam
1912 2924 1967 2968 et
2016 2915 2161 2982 paln-

627 3016 813 3071 strem,
847 3006 1133 3059 distantem
1167 3006 1233 3059 ab
1261 3006 1569 3059 continente
1608 3004 1914 3071 quindecim
1947 3003 2157 3067 stadiis,

627 3097 869 3159 aediliciis
908 3110 1170 3163 occupare
1224 3104 1548 3147 statuerunt.
1601 3092 1812 3144 Initium
1865 3093 2159 3145 aediﬁcandi

630 3186 827 3239 factum
849 3194 930 3238 est
949 3201 975 3236 a
999 3186 1182 3254 paucis
1199 3183 1417 3237 Venetis
1438 3185 1488 3236 in
1514 3198 1675 3235 unum
1695 3184 1951 3238 collectis.
1968 3184 2163 3236 Deinde

630 3289 903 3330 accessere
938 3269 1148 3341 quoque
1181 3273 1388 3325 ﬁnitimi
1417 3274 1734 3335 continenti,
1764 3272 1914 3326 bellis
1935 3274 2165 3341 graviter

636 3364 890 3418 divexati.
930 3362 1070 3416 Urbs
1106 3372 1281 3414 autem
1319 3361 1406 3413 illa
1444 3375 1613 3429 usque
1647 3362 2032 3414 incrementum
2069 3376 2163 3413 su-

642 3455 814 3509 mebat
836 3453 1075 3507 aediliciis
1101 3461 1152 3504 et
1173 3450 1405 3520 legibus,
1433 3466 1552 3504 cum
1588 3450 1781 3503 accolte.
1810 3450 2020 3518 plurimi
2057 3466 2163 3503 non
2190 3435 2231 3490 ο

638 3553 912 3600 cessarent
940 3559 1003 3595 eo
1039 3541 1327 3596 conﬂuere.
1389 3541 1674 3596 Crescebat
1702 3542 1915 3610 quidem
1944 3532 2003 3594 ea
2032 3542 2166 3596 civi-

637 3646 721 3689 tas
743 3636 935 3688 mirum
982 3634 1032 3687 in
1089 3634 1642 3700 tnodunrdisciplinaa
1688 3632 1992 3695 sanctitate,
2044 3646 2165 3684 cum

646 3742 709 3781 eo
749 3736 1085 3781 act-urrerent
1123 3726 1337 3795 plurimi
1367 3726 1522 3779 bonis
1551 3726 1756 3793 legibus
1802 3722 2049 3785 enutriti,
2116 3731 2168 3775 et

639 3817 849 3886 plurimi
876 3818 1106 3870 virorum
1130 3813 1458 3869 continentis
1480 3814 1713 3868 illustres
1750 3828 1814 3864 eo
1839 3811 2166 3863 advolarcnt.

646 3911 899 3963 Praeterea
942 3910 984 3962 si
1016 3909 1136 3975 quis
1157 3906 1327 3975 patria
1363 3904 1695 3970 fortunisque
1716 3903 1964 3955 nnmibus
1986 3904 2169 3971 pulsus

640 3997 688 4049 vi
707 3995 882 4049 hostili
898 4004 1031 4054 erat,
1052 3994 1155 4045 huc
1175 4006 1390 4061 gressus
1413 3991 1692 4061 dirigebat.
1721 3989 1854 4045 Urbs
1872 3993 1978 4061 illa,
2000 3994 2172 4049 incre-

644 4084 961 4139 dibiledictn
1002 4091 1103 4141 est.
1143 4098 1300 4150 quam
1322 4082 1467 4136 brevi
1488 4083 1911 4150 Opibuscrcverit
1930 4093 1983 4137 et
2005 4084 2167 4138 disci-

650 4176 814 4243 plina.
834 4174 985 4229 Mulli
1006 4174 1171 4228 Graeci
1190 4184 1242 4226 et
1264 4172 1510 4235 Romani,
1531 4188 1735 4227 necnon
1756 4175 1845 4227 alii
1867 4175 1964 4228 viri
1983 4175 2170 4227 claris-

649 4266 785 4320 simo
800 4280 989 4333 genere
1010 4264 1203 4327 exorti,
1225 4265 1277 4315 in
1296 4263 1463 4332 patria
1485 4265 1565 4317 usi
1586 4263 1723 4317 baud
1748 4266 1879 4317 satis
1922 4280 2183 4332 prospera»

645 4354 882 4417 fortuna,
932 4364 1025 4406 aut
1070 4370 1096 4405 a
1142 4354 1347 4405 civibus
1372 4353 1531 4420 pulsi,
1556 4362 1648 4405 aut
1697 4356 1762 4405 ab
1786 4354 2030 4409 ImStibns
2053 4371 2177 4409 exa-

644 4447 739 4509 cti,
772 4447 823 4496 in
852 4445 986 4497 hanc
1012 4443 1195 4495 urbem
1230 4443 1710 4510 congregabantur,
1736 4442 1826 4496 ﬁlii
1858 4446 2176 4499 exsistentes

650 4534 888 4585 virorum
919 4531 1228 4596 illustrium,
1281 4532 1375 4597 qui
1421 4532 1679 4599 regebant
1715 4533 1983 4600 regionem
2036 4535 2175 4590 haud

654 4621 1049 4693 infrugiferatn.
1082 4621 1144 4674 lli
1167 4622 1379 4691 quidem
1406 4622 1605 4689 partim
1633 4622 1683 4674 in
1717 4620 1913 4675 Ioniam
1942 4632 1995 4676 et
2031 4624 2177 4678 Cra:-

2252 2203 2343 2255 xal.
2384 2202 2492 2253 τῶν
2553 2203 2690 2253 κατὰ
2742 2201 2832 2253 τὸν
2889 2201 3074 2253 Ἰόνιον
3118 2200 3349 2267 εὐγενῶν
3398 2199 3680 2263 κράτιστόν
3722 2215 3780 2250 τε

2254 2287 2392 2345 εῐναι
2440 2292 2536 2344 καὶ
2570 2292 2970 2359 γενναιότατον.
3013 2292 3211 2361 ’ῼκουν
3237 2290 3291 2341 δὲ
3318 2289 3378 2342 τὸ
3432 2291 3648 2358 πρῶτον
3677 2292 3782 2359 χώ-

2255 2399 2354 2450 ραν
2374 2382 2472 2451 τὴν
2503 2382 2635 2451 πρὸς
2668 2382 2744 2450 τῷ
2788 2382 2940 2450 μυχῷ
2974 2382 3068 2434 τοῦ
3139 2382 3340 2444 Ἰονίου,
3375 2380 3479 2433 ἀπὸ
3517 2380 3782 2449 Ἰλλυριῶν

2260 2473 2604 2539 καθήκουσαν
2631 2473 2723 2524 ἐπὶ
2763 2471 2991 2523 Ἰταλίαν
3021 2471 3115 2522 καὶ
3145 2470 3347 2521 Ἐνετοὶ
3373 2470 3469 2537 μὲν
3497 2470 3787 2523 τοπαλαιδν

2254 2560 2632 2629 ὠνομάζοντο·
2662 2563 2799 2624 μετὰ
2827 2560 2884 2611 δὲ
2932 2559 3105 2611 ταῦτα
3152 2558 3407 2611 Οὑενετοὶ
3458 2558 3783 2625 ικλήθησαν.

2264 2650 2608 2719 Ὀρμώμενοι
2637 2648 2696 2701 δὲ
2749 2650 2857 2702 ἀπὸ
2884 2650 2979 2716 τῆς
3037 2647 3264 2715 ἠπείρου
3296 2647 3365 2701 τὰ
3408 2648 3506 2715 μὶν
3535 2646 3789 2714 προαιρὲ-

2259 2758 2363 2805 σει,
2404 2740 2474 2790 τά
2507 2740 2563 2791 δὲ
2605 2739 2698 2792 καὶ
2734 2740 2969 2809 ἀνάγκῃ,
3000 2738 3301 2808 δῃουμένης
3346 2739 3443 2803 τῆς
3484 2738 3661 2805 χώρας
3692 2737 3789 2788 αὖ·

2257 2831 2386 2893 τῶν,
2416 2829 2558 2884 ὥστε
2583 2834 2638 2883 έν
2670 2830 2904 2898 ἀσφαλεῖ
2934 2830 3135 2899 μᾶλλον
3161 2829 3445 2889 οίκεϊσθαι,
3505 2827 3597 2877 ἐπὶ
3625 2825 3789 2893 νῆσόν

2237 2939 2388 2985 ,τινα
2426 2922 2686 2991 βραχεῖαν
2718 2924 2811 2977 καὶ
2846 2921 3119 2989 τεναγώδη
3150 2920 3254 2973 ἀπὸ
3303 2920 3401 2985 τῆς
3444 2916 3672 2985 ἠπείρου
3734 2918 3791 2976 ις

2262 3016 2655 3073 πεντεκαίδεκα
2700 3014 2948 3075 σταδίους
2974 3012 3217 3081 ᾤκησαν,
3256 3009 3389 3062 Ἀπὸ
3452 3007 3686 3078 σμικροῦ
3736 3007 3791 3057 δέ

2260 3123 2403 3167 τινος
2435 3107 2769 3175 ὁρμώμενοι,
2808 3104 3211 3171 συλλεγομένων
3240 3103 3295 3159 ές
3327 3100 3519 3161 αὐτοὺς
3567 3098 3657 3151 καὶ
3685 3099 3793 3150 τῶν

2264 3195 2369 3246 ἀπὸ
2396 3194 2495 3260 τῆς
2526 3194 2757 3262 ἠπείρου
2819 3190 3127 3259 περιοίκων,
3155 3189 3258 3241 ὑπὸ
3284 3189 3391 3240 τῶν
3414 3187 3686 3257 πολεμίων
3715 3188 3795 3237 ὅτι

2266 3282 2495 3349 μάλιστα
2518 3278 2896 3345 κακουμένων,
2949 3278 3044 3329 καλ⁸
3083 3276 3520 3344 προσγινομένων
3553 3274 3637 3325 ἀεὶ
3688 3273 3795 3324 ἀπὸ

2266 3370 2361 3437 τῆς
2415 3367 2665 3435 ἠπείρου,
2704 3364 2910 3433 ᾠκίσθη
2960 3380 3018 3415 τε
3043 3364 3264 3433 όχῶρος
3301 3363 3474 3424 οὗτος,
3521 3364 3614 3414 καὶ
3646 3362 3798 3412 εὐνο-

2269 3460 2412 3529 μήθη
2452 3460 2507 3519 ές
2540 3458 2678 3525 μέγα
2711 3455 3013 3522 δυνάμεως.
3064 3454 3283 3522 Ἐχώρει
3310 3453 3365 3506 δὲ
3392 3454 3423 3520 ἡ
3459 3452 3608 3513 πόλις
3634 3451 3795 3516 αὕτη.

2265 3546 2668 3614 εὐνομουμένων
2692 3564 2750 3599 τε
2777 3547 2882 3599 τῶν
2919 3546 2977 3606 ές
3035 3544 3204 3609 αὐτὴν
3237 3540 3665 3607 συνεληλυθότων
3694 3538 3799 3591 ἀπό

2265 3654 2321 3690 τε
2358 3637 2458 3705 τῆς
2504 3638 2732 3705 ἠπείρου
2785 3636 3070 3702 ιπισήμων
3100 3632 3329 3698 ἀνδρῶν,
3361 3630 3412 3679 εἴ
3440 3646 3561 3680 τινα
3603 3630 3706 3697 τήν
3742 3646 3798 3681 τε

2268 3728 2449 3795 χώραν
2511 3728 2829 3795 ἀφελόμενοι
2886 3725 2934 3778 οἱ
3000 3723 3247 3787 πολέμιοι
3311 3720 3670 3779 ὲπιδιώκοιεν,
3715 3720 3799 3769 ev-

2248 3815 2437 3868 10.60::
2466 3819 2753 3883 γενόμενος
2780 3814 2933 3882 ᾤκει.
2969 3810 3221 3877 Μεγάλης
3266 3810 3321 3861 δὲ
3364 3808 3462 3876 τῆς
3507 3810 3713 3866 πόλεως
3746 3809 3801 3858 ἰν

2272 3908 2460 3977 βραχεῖ
2489 3906 2807 3971 γενομένης,
2849 3900 3033 3953 πολλοί
3062 3917 3120 3953 τε
3154 3899 3418 3969 Ἐλλήνων
3445 3915 3503 3952 τε
3540 3900 3631 3951 καὶ
3668 3896 3801 3951 Ῥω·

2274 3996 2469 4065 μαίων,
2498 3994 2590 4047 καὶ
2617 3992 2789 4046 ἄλλων
2818 3992 3028 4060 συχνῶν
3055 3990 3226 4057 γενῶν
3255 3990 3464 4056 ἄνδρες,
3500 3990 3692 4055 γένους
3722 3986 3801 4038 όν-

2271 4105 2359 4150 τες
2392 4086 2745 4156 περιφανοῦς,
2774 4086 2838 4154 ἦν
2864 4103 2946 4146 τις
2975 4087 3126 4153 ὲντῇ
3160 4082 3376 4148 πατρίδι
3421 4078 3586 4133 αὐτοῦ
3623 4082 3701 4148 μὴ
3745 4074 3799 4130 εὖ

2273 4180 2508 4247 ψέροιτο,
2544 4178 2649 4229 εἴτε
2680 4176 2785 4228 ὑπὸ
2831 4176 2938 4228 τῶν
2972 4170 3405 4228 ἀντιστασιωτῶν
3464 4170 3802 4233 διωκόμενοι,

2274 4270 2382 4321 εἴτε
2415 4269 2519 4322 ὑπὸ
2551 4269 2657 4321 τῶν
2699 4268 2977 4335 πολεμίων
3023 4261 3461 4327 ἐξελαυνόμενοι,
3517 4261 3572 4321 ὲς
3602 4259 3806 4325 ταύτην

2274 4360 2337 4429 δὴ
2362 4360 2456 4428 τὴν
2485 4360 2637 4411 πόλιν
2670 4357 3038 4422 συνελέγοντο,
3090 4353 3279 4422 ἄνδρες
3322 4351 3582 4420 ὲπίσημοὶ
3620 4368 3680 4404 τε
3716 4350 3805 4402 καὶ

2275 4449 2485 4515 ἁγαθοὶ,
2519 4448 2611 4499 καὶ
2639 4448 2823 4506 παῖδες
2852 4444 3059 4513 ἀνδρῶν
3087 4460 3143 4494 τε
3195 4443 3340 4505 ὄντες
3383 4442 3688 4509 ὲπίφανῶν,
3718 4443 3807 4491 καὶ

2278 4540 2461 4609 χώρας
2499 4538 2776 4605 ἀρχόντων
2825 4535 2885 4586 οὐ
2938 4534 3165 4602 φαύλης.
3212 4532 3381 4585 Τοῦτο
3440 4532 3557 4600 μὲν,
3616 4533 3674 4593 ές
3714 4531 3807 4596 τὴν

2280 4630 2419 4683 κατὰ
2444 4628 2533 4679 τὸν
2583 4627 2766 4679 Ἰόνιον
2796 4624 2978 4695 χώραν
3005 4628 3096 4678 καὶ
3126 4625 3225 4692 τὴν
3266 4622 3510 4681 Ἐλλάδα.
3544 4622 3705 4674 τοῦτο
3731 4622 3803 4684 δὲ,

655 4714 815 4785 ciam,
853 4713 1041 4779 partim
1067 4726 1190 4763 vero
1210 4710 1260 4763 in
1280 4710 1483 4762 italiam
1538 4710 1696 4775 pulsi,
1722 4712 1771 4763 in
1805 4711 1960 4765 istam
1982 4713 2162 4766 civita-

2282 4722 2374 4773 καὶ
2408 4720 2464 4781 ἐς
2497 4718 2595 4785 τὴν
2634 4718 2860 4770 Ἰταλίαν
2892 4718 3295 4784 ἐξελαυνόμενοι
3330 4715 3421 4767 καὶ
3445 4709 3811 4779 ὲνταῦθαάιρι-

656 4814 760 4855 tem
777 4818 831 4871 se
857 4802 1195 4869 recipientes,
1230 4800 1474 4854 securius
1538 4800 1866 4855 habitabant.
1915 4803 2047 4855 Cum
2086 4819 2179 4856 an-

654 4888 759 4945 tem
794 4906 855 4945 ea
884 4891 951 4943 sit
974 4890 1100 4943 urbs
1128 4889 1427 4957 emporium
1452 4888 1679 4952 celebre,
1738 4890 1975 4942 animum
2033 4892 2180 4959 adje-

653 4994 775 5038 cere
801 4981 865 5033 ad
899 4989 1254 5033 mercaturam
1326 4980 1651 5033 necessario.
1702 4979 1838 5044 Quia
1899 4981 2179 5034 continen-

655 5085 760 5128 tem
788 5087 891 5129 non
919 5072 1206 5141 attingunt,
1239 5086 1336 5123 nec
1360 5085 1545 5124 eorum
1571 5068 1865 5131 fructuum,
1890 5062 2023 5137 quos
2053 5086 2181 5124 con-

658 5166 833 5217 tinens
868 5164 1087 5231 profert,
1112 5162 1244 5230 ipsis
1267 5161 1420 5231 copia
1448 5162 1624 5213 futura
1658 5168 1791 5213 erat.
1818 5160 2043 5215 Proinde
2070 5178 2176 5217 mc-

661 5259 764 5308 rito
811 5264 1122 5307 mercaturas
1170 5266 1389 5321 operam
1441 5250 1728 5312 dederunt,
1771 5260 1826 5302 ut
1883 5254 2183 5307 necessaria

661 5345 794 5396 mari
818 5344 1261 5399 subveherentur.
1296 5347 1534 5409 Cumque
1566 5341 1793 5407 quilibet
1833 5343 2021 5397 sedulo
2051 5361 2190 5398 mer-

662 5436 815 5488 cibus
863 5430 1226 5499 permutandis
1260 5433 1614 5492 incumbcret,
1643 5430 1787 5483 brevi
1819 5430 2185 5489 incredibilem

734 5653 807 5719 (ὃ)
834 5655 985 5710 Δηηο
1014 5652 1166 5709 1408.

731 5777 775 5805 ’⁸
801 5777 1009 5829 ἑαυτοῦ.
1042 5777 1126 5829 Sic
1157 5777 1311 5827 etiam
1346 5773 1408 5827 Il.
1485 5772 1529 5804 ’⁸
1556 5771 1625 5824 al.
1656 5769 1931 5822 ὲδιοίκουν.

2283 4814 2522 4879 κόμενοι,
2549 4810 2726 4880 ᾤκουν
2762 4811 2825 4880 δὴ
2850 4810 3266 4879 ἀσφαλέστερον.
3320 4804 3577 4873 Ἐχούσης
3615 4804 3673 4856 δὲ
3721 4804 3807 4872 τῆς

2285 4903 2486 4963 πόλεως
2517 4903 2805 4971 ἐμπορίαν,
2836 4902 2916 4952 ὅτι
2944 4898 3177 4968 μάλιστα
3221 4895 3461 4964 ἀνάγκης
3495 4895 3808 4947 ἀποδεικνυ-

2291 4993 2455 5059 μένης
2488 4995 2543 5055 ὲς
2573 4992 2732 5044 τοῦτο
2764 4992 2824 5043 τὸ
2853 4988 3149 5057 τρέπεσθαι
3192 4986 3288 5038 ἕνα
3336 4983 3589 5045 ἕκαστον.
3637 4983 3726 5035 διὰ
3756 4980 3809 5031 τὸ

2290 5085 2512 5150 μηδαμῆ
2566 5086 2663 5150 τῆς
2720 5080 2946 5149 ἠπείρου
2998 5078 3122 5138 τοὺς
3176 5077 3426 5139 ἐποίκους
3471 5076 3808 5143 ἀντέχεσθαι,

2282 5173 2420 5240 μηδὲ
2449 5174 2547 5223 ὅσα
2574 5172 2727 5239 φέρει
2754 5172 2785 5237 η
2811 5170 3059 5238 ἤπειρος,
3111 5152 3490 5235 ἐργαζομένων
3522 5162 3590 5214 τά
3639 5162 3813 5224 ἐπιτή-

2284 5266 2404 5318 δεια
2436 5267 2493 5326 ές
2542 5265 2641 5331 τὴν
2680 5263 2857 5325 πόλιν,
2907 5262 3165 5331 χρήματα
3206 5258 3412 5326 μεγάλα
3461 5254 3813 5324 ἐργασάμενοι

2291 5355 2396 5407 ἀπο
2427 5345 2634 5416 τουτου,
2668 5356 2767 5421 τήν
2796 5369 2854 5404 τε
2887 5351 3115 5418 δύναμιν
3142 5348 3405 5417 ἀξιόχρεω
3438 5343 3814 5405 ἀπεδείκνυντο

2296 5443 2599 5511 ἁπανταχῆ,
2630 5442 2723 5494 καὶ
2750 5442 2845 5509 τὴν
2878 5440 3031 5493 πόλιν
3072 5436 3296 5507 διῴκουν
3318 5437 3386 5499 ⁷⁸,
3416 5432 3733 5500 οἰκημάτων
3760 5445 3813 5482 τε

1908 5551 2151 5610 Notulae
2186 5554 2577 5628 marginales.
