3990 6338
527 431 618 494 1⁸⁸1

1648 441 1956 516 LAONICI
1996 459 2645 529 CHALCOCONDYLE

3609 468 3712 530 1‘2

522 558 617 596 ves
645 543 901 613 ingressa:
927 549 980 601 in
1030 559 1268 619 portum,
1293 554 1508 614 Clizoen
1538 575 1875 628 occuparunt
1905 577 1957 622 et
1991 571 2061 624 di-

2174 578 2311 645 μῶν,
2336 586 2427 634 καὶ
2463 587 2619 638 ναυσὶ
2646 587 2891 654 πλόϊμος,
2927 586 3061 656 πρὸς
3083 586 3273 656 -ταύτῃ
3321 586 3383 656 δὴ
3408 585 3610 639 meo:
3655 589 3712 650 ἐς

524 635 825 702 ripuerunt.
858 641 976 704 Quo
1009 639 1169 708 facto,
1200 647 1404 716 legatos
1465 652 1516 704 in
1549 655 1738 710 urbem
1803 658 2069 728 irejusse-

518 736 665 789 runt.
700 728 857 785 Cives
883 742 1061 790 autem
1103 753 1226 792 cum
1256 741 1309 795 in
1369 744 1589 814 ancipiti
1661 751 1931 805 haererent
1955 754 2068 809 dis-

520 817 771 883 crimine,
801 826 1051 887 necsatis
1103 829 1230 897 quid
1284 829 1522 888 facerent
1584 838 1806 906 scirent,
1849 857 2067 910 respon-

514 905 720 977 derunt
752 920 831 965 se'
867 922 1084 980 paratos
1144 934 1264 974 esse
1299 924 1484 978 facere
1539 943 1659 996 qua:
1713 905 2068 999 imperassent

520 993 869 1057 Januenses»:
895 1013 947 1056 et
972 1019 1089 1059 eam
1141 1011 1451 1078 reipublicae
1485 993 1733 1072 "formam
1787 1023 2067 1091 amplexu-

525 1093 636 1151 τοι,
671 1104 828 1158 quam
868 1094 968 1161 ipsi
1014 1103 1497 1179 prmscripsissent.
1533 1107 1820 1167 Jusserunt
1849 1098 2067 1184 quoque

521 1174 816 1236 Januenses
835 1192 1011 1251 petere
1031 1202 1149 1256 qua:
1169 1193 1380 1258 vellent,
1398 1175 1552 1263 quasi
1580 1214 1641 1253 ea
1665 1174 2066 1272 promptissime

521 1265 721 1326 daturi.
752 1270 1049 1333 Januenses
1082 1289 1138 1332 ut
1196 1282 1576 1342 intellexerunt
1623 1289 1945 1350 Venetorum
1973 1312 2063 1352 re-

521 1370 804 1454 sponsum,
837 1361 1010 1435 magis
1035 1369 1088 1423 in
1115 1385 1263 1440 spem
1297 1376 1570 1444 potiunda:
1592 1381 1743 1436 urbis
1773 1385 2063 1454 erigeban-

525 1454 632 1501 tur.
669 1447 906 1508 Proinde
946 1456 1319 1529 immoderate,
1353 1467 1495 1520 nulla
1524 1471 1676 1525 urbis
1733 1479 2062 1534 verecundia

523 1534 733 1627 inbibiti
760 1581 774 1608 ,
806 1549 1154 1616 respondent,
1179 1567 1240 1607 se
1263 1565 1463 1624 petere,
1485 1568 1540 1613 ut
1565 1560 1724 1618 liceat
1744 1565 1928 1622 urbem
1952 1577 2061 1627 tres

521 1624 636 1679 dies
675 1634 960 1690 continuos
981 1637 1243 1710 diripere.
1278 1645 1462 1717 Legati
1521 1652 1571 1705 in
1606 1655 1792 1712 urbem
1835 1649 2059 1728 reversi,

520 1719 832 1784 petitionem
864 1726 1214 1788 Januensium
1272 1753 1571 1808 exponunt.
1622 1747 1857 1804 Senatus
1882 1719 2059 1822 pepu;

520 1810 708 1880 Iusque
747 1816 823 1870 ira
850 1821 1085 1886 percitus
1111 1836 1335 1897 pr0pter
1369 1841 1476 1886 tam
1525 1833 1846 1893 insolentem
1877 1852 1928 1897 et
1955 1844 2078 1905 ima

520 1905 855 1962 moderatam
876 1915 1219 1983 petitionem,
1242 1935 1426 1988 naves,
1451 1936 1722 1996 quotquot
1743 1939 2061 2001 potuerunt,

519 1996 776 2075 continuo
821 2001 1081 2061 militibus
1142 2009 1366 2077 implent
1420 1996 2062 2090 :navesque—solventes,

520 2085 574 2139 in
614 2089 787 2144 lacum
821 2092 1086 2151 feruntur.
1112 2099 1206 2155 His
1229 2095 1448 2160 obviam
1479 2085 1706 2180 pergunt
1735 2111 2062 2183 Januenses,

519 2179 908 2254 confestimque
935 2188 987 2241 in
1013 2178 1130 2246 lacu
1165 2185 2059 2276 navale.praeliumcommiserunt,

519 2266 572 2321 in
607 2284 713 2338 quo
748 2289 911 2342 penes
957 2277 1185 2337 Venetos
1216 2285 1441 2342 victoria
1473 2289 1593 2344 fuit.
1645 2294 1783 2348 Hinc
1807 2311 1928 2350 cum
1963 2300 2062 2354 bo-

520 2372 630 2417 s:es
664 2371 809 2439 terga
832 2369 1052 2454 darent,
1073 2377 1347 2455 celerique
1377 2379 1502 2450 fuga
1527 2382 1846 2443 festinarent
1875 2390 1927 2443 in
1957 2392 2064 2446 Cli-

521 2472 676 2521 zoen,
697 2464 956 2518 continuo
975 2451 1177 2522 'Veneti
1204 2451 1535 2533 adducentes
1560 2473 1719 2533 unam
1745 2482 1812 2535 de
1831 2497 2062 2538 numero

520 2563 738 2605 suarum
769 2556 981 2610 navium
1015 2547 1327 2630 maximam,
1365 2584 1499 2622 .eam
1541 2571 1937 2639 demerserunt,
1970 2576 2060 2630 ubi

521 2651 704 2708 portus
740 2650 1165 2717 augustissimus
1195 2667 1317 2712 erat
1355 2676 1370 2714 :
1403 2668 1468 2714 et.
1482 2675 1610 2716 suos
1634 2672 1817 2731 portus
1842 2666 2061 2722 obstru-

516 2744 690 2801 entes,
731 2739 868 2794 fame
893 2741 1194 2803 Januenses
1238 2750 1291 2803 in
1339 2750 1521 2808 Clizne
1539 2758 1864 2818 constitutos
1893 2776 2062 2830 expu-
2092 2765 2093 2768 “

515 2839 684 2892 gnare
713 2829 1042 2887 nitebantur.
1071 2834 1368 2896 Tentabant
1389 2844 1597 2901 obsessi
1623 2849 1820 2904 fossam
1857 2850 1930 2920 (7)
1957 2829 2062 2920 qua

516 2931 582 2970 ex
612 2917 845 2976 Eridano
881 2923 932 2977 in
967 2935 1182 2994 portum
1209 2933 1445 3000 venitur,
1488 2949 1755 2995 conantes
1779 2917 2062 3009 perfodere

515 3026 634 3064 cum
660 3012 861 3083 locum,
885 3017 929 3071 si
952 3033 1060 3087 quo
1077 3023 1235 3080 modo
1257 3034 1480 3095 possent
1497 3045 1662 3086 naves
1685 3034 1740 3086 in
1762 3031 2058 3090 Eridanum

517 3104 813 3172 impellere:
833 3110 927 3166 sed
947 3125 1087 3182 opus
1110 3116 1256 3171 istud
1279 3118 1417 3173 baud
1441 3112 1720 3178 absolvere
1743 3135 2056 3194 potuerunt.

2169 671 2591 737 τὴν-Θάλασσαν.
2616 677 2799 748 Ταύτῃ
2832 678 2878 715 ’⁸
2912 678 2974 746 δὴ
3011 673 3104 730 οὖν
3131 675 3468 729 εἰσελθοῦσαι
3497 679 3553 729 αἱ
3580 677 3706 746 νῆες

2167 761 2274 812 τῶν
2299 760 2535 816 Ἰανυῖων
2564 766 2657 818 ἐπὶ
2680 767 2772 819 τὸν
2807 767 3082 820 Οὐενετῶν
3117 767 3332 836 λιμένα,
3362 769 3463 837 τήν
3485 784 3541 820 τε
3571 769 3706 835 κλι-

2169 844 2294 914 ζόην
2321 850 2366 881 τ’
2434 851 2714 921 κατέσχον,
2764 854 2858 905 καὶ
2913 855 3388 924 ἠνδραποδίσαντο.
3447 856 3599 909 Μετὰ
3651 856 3708 907 δὲ

2167 937 2338 993 ταῦτα
2367 941 2497 1010 πρὸς
2519 944 2614 1013 τὴν
2640 932 2794 998 πόλιν
2825 946 3287 1016 διεπρεσϐεύοντο,
3310 948 3405 999 καὶ
3427 948 3484 999 ἐν
3513 947 3705 1015 ἀπόρῳ

2167 1030 2222 1083 δὲ
2251 1031 2400 1093 ὄντες
2435 1034 2483 1085 οἱ
2512 1035 2570 1086 ὲν
2614 1038 2679 1106 τῇ
2732 1036 2904 1100 πόλει,
2936 1039 3028 1090 καὶ
3058 1036 3157 1089 οὐκ
3186 1037 3396 1105 ἔχοντες
3441 1037 3470 1088 ὃ
3532 1051 3582 1088 τι
3618 1037 3710 1103 γέ-

2166 1133 2382 1181 νωνται,
2441 1119 2749 1173 ὑπακοῦσαί
2797 1139 2856 1175 τε
2891 1125 3002 1184 τοῖς
3047 1122 3292 1183 ’ἰανυΐοις
3329 1122 3537 1187 ἔφασαν
3568 1120 3710 1173 Etet-

2169 1228 2259 1279 μοι
2292 1205 2451 1275 εἶναι,
2492 1213 2586 1264 καὶ
2613 1213 2686 1276 ὡς
2705 1213 2770 1265 ἂν
2805 1214 3006 1281 δοκοίη.
3037 1214 3218 1275 αὐτοῖς
3270 1213 3539 1282 ξύμφορον
3569 1206 3708 1264 εἶναι

2164 1302 2257 1355 καὶ
2287 1304 2608 1371 ἐπιτήδειον,
2658 1305 3049 1368 πολιτεύεσθαι,
3106 1307 3199 1360 καὶ
3244 1304 3509 1358 αἰτεῖσθαι
3567 1306 3708 1371 σφᾶς

2164 1395 2412 1460 ἐκέλευον
2441 1396 2466 1447 ὅ
2495 1414 2545 1449 τι
2574 1397 2875 1466 βούλονται,
2909 1401 2983 1463 ὡς
3029 1402 3414 1472 παρεχομένων
3472 1400 3705 1468 ἑτοίμως

2163 1487 2344 1548 αὺτοῖς
2373 1489 2561 1543 ταῦτα.
2602 1491 2664 1543 0i
2689 1492 2742 1542 δὲ
2767 1491 2842 1552 ὡς
2872 1493 2939 1545 τὰ
2973 1495 3123 1561 παρα
3165 1493 3261 1560 τῆς
3294 1492 3500 1554 πόλεως
3542 1491 3706 1560 ἠκου-

2165 1595 2281 1640 σαν,
2313 1581 2542 1649 οἰόμενοι
2565 1584 2660 1653 τὴν
2681 1586 2833 1638 πόλιν
2865 1585 3289 1654 καταλήψεσθαι,
3314 1584 3704 1652 αὐθαδέστερόν

2161 1687 2219 1723 τε
2253 1671 2616 1740 ἀπεκρίναντο
2661 1675 2724 1742 τῇ
2782 1675 3063 1745 πρεσϐείᾳ,
3122 1675 3373 1743 φάμενοι,
3436 1674 3703 1726 αἰτεῖσθαι

2162 1763 2357 1825 αὐτοὺς
2388 1764 2479 1815 ἐπὶ
2501 1766 2648 1838 τρεῖς
2706 1761 2916 1834 ἡμέρας
2958 1765 3155 1829 ἐξεῖναι
3207 1766 3355 1835 σφίσι
3386 1766 3702 1835 διαρπάζειν

2163 1854 2260 1922 τὴν
2283 1854 2454 1908 πόλιν.
2490 1857 2551 1907 Oi
2586 1857 2762 1922 μέντοι
2785 1857 3037 1926 πρέσϐεις
3090 1858 3164 1920 ὼς
3194 1858 3578 1927 ἀπεχώρησαν,
3609 1857 3705 1908 καὶ

2161 1945 2229 1996 τὰ
2285 1945 2656 2013 ἐπεσταλμένα
2715 1951 2779 2016 τῇ
2835 1948 2995 2001 πόλει·
3041 1950 3414 2018 παρήγγελλον
3444 1951 3510 2010 ⁸⁸,
3556 1948 3588 2016 ἦ
3647 1964 3702 1999 τε

2164 2035 2462 2104 σύγκλητος
2500 2039 2591 2090 καὶ
2616 2039 2642 2089 ὁ
2667 2037 2836 2108 δῆμος
2865 2038 3286 2114 ὑπεραχθεσθεὶς
3316 2043 3381 2110 τῇ
3423 2039 3527 2090 τῶν
3551 2037 3708 2089 πολε-

2165 2125 2302 2193 μίων
2329 2127 2588 2201 αὐθαδείᾳ
2621 2129 2808 2182 τεκαὶ
2866 2130 3149 2201 ἀκολασίᾳ,
3198 2131 3328 2193 ναῦς
3395 2146 3453 2180 τε
3503 2128 3706 2180 αὐτίκα

2161 2219 2502 2288 ἐπλήρωσαν,
2535 2222 2662 2284 ὅσας
2690 2222 2968 2290 ἠδύναντο,
3020 2225 3116 2276 καὶ
3149 2223 3302 2274 αὐτοὶ
3343 2222 3399 2281 ἐς
3448 2220 3544 2280 τὰς
3574 2218 3706 2280 ναῦς

2162 2293 2454 2378 ὲμσάντές.
2485 2311 2744 2380 ἀνήγοντο
2777 2314 2834 2374 ὲς
2871 2312 2961 2365 τὸν
3008 2314 3218 2379 λιμένα.
3274 2311 3340 2363 Oi
3371 2327 3427 2362 τε
3487 2307 3706 2359 Ίανυϊοι

2160 2404 2540 2470 ἀντανήγοντο,
2597 2407 2687 2458 καὶ
2734 2406 2928 2457 αὐτίκα
2967 2409 3024 2458 ἐν
3057 2406 3132 2473 τῷ
3177 2405 3350 2472 λιμένι
3395 2401 3704 2467 ἐναυμάχη-

2164 2511 2282 2554 σαν,
2321 2494 2413 2544 καὶ
2446 2495 2595 2547 οὐδὲν
2621 2495 2782 2548 πλέον
2840 2498 2996 2565 ἔσχον
3054 2498 3104 2548 οι
3137 2496 3400 2561 πολέμιοι.
3439 2491 3702 2544 Ἐνταῦθα

2161 2585 2235 2648 ὡς
2263 2567 2630 2655 ἐπετράποντο
2661 2589 2954 2656 ἡττημένοι
2997 2588 3076 2650 εἰς
3125 2586 3358 2654 Κλιζόην
3397 2585 3466 2647 ⁸³,
3504 2583 3703 2637 αὐτίκα

2160 2677 2207 2728 οἱ
2239 2677 2492 2729 Οὑενετοὶ
2519 2677 2651 2730 ναῦν
2676 2677 2951 2745 φέροντες,
2975 2680 3235 2746 μεγίστην
3251 2680 3358 2730 τῶν
3382 2681 3529 2747 παρὰ
3549 2679 3702 2744 σφίσι

2161 2767 2318 2832 νεῶν,
2351 2769 2406 2828 ἐς
2432 2767 2494 2818 τδ
2530 2767 2624 2819 τοῦ
2657 2768 2874 2835 λιμένος
2898 2770 3090 2838 στόμα,
3139 2764 3172 2844 ᾖ
3226 2770 3288 2839 δὴ
3337 2770 3587 2840 εἰσῄεσαν
3649 2769 3701 2819 οἱ

2163 2859 2442 2926 πολέμιοι,
2477 2859 2776 2913 κατέδυσαν
2806 2862 2966 2915 αὑτοῦ
2993 2862 3201 2932 ταύτῃτ
3236 2863 3348 2915 ἔστι
3391 2861 3498 2930 γὰρ
3543 2859 3701 2912 τοῦτο

2163 2949 2509 3014 στενώτατον,
2541 2951 2635 3004 tul.
2662 2953 2722 3002 τδ
2745 2952 2917 3021 στόμα
2945 2953 3371 3016 ἐπικλείσαντες,
3407 2950 3548 3018 λιμῷ
3575 2953 3701 3011 τοὺς

2172 3040 2428 3104 Ἰανυΐους
2476 3043 2534 3094 ἐν
2593 3044 2657 3112 τῇ
2695 3041 2897 3114 Κλιςόῃ
2937 3044 2982 3074 ⁸⁸
3018 3043 3491 3112 ἐξεπολιόρκησαν.
3536 3044 3698 3096 Ἀπε-
3740 3090 3749 3100 ,

2161 3135 2425 3201 πειρῶντο
2455 3133 2551 3202 μὲν
2579 3130 2672 3188 οὖν
2705 3135 2797 3188 καὶ
2829 3139 2926 3203 τῆς
2949 3134 3233 3202 διώρυχος,
3331 3136 3392 3187 ὲκ
3412 3133 3513 3186 τοῦ
3540 3134 3699 3204 Ἥρι-

519 3197 719 3254 Patavii
747 3201 856 3256 dux
877 3202 1160 3262 Carrarius
1198 3207 1419 3267 Venetis
1455 3212 1708 3280 infestus,
1754 3216 2058 3276 Januenses

2161 3197 2320 3276 δανοῦ
2351 3226 2408 3286 ἐς
2437 3197 2527 3277 τὸν
2551 3225 2744 3293 λιμένα
2771 3197 3098 3294 ἁφιίνείται,
3139 3226 3534 3294 διορύσσοντες,
3553 3227 3695 3280 ὥστε

515 3289 570 3342 in
604 3289 708 3346 isto
756 3295 1191 3367 praelioadjuvit.
1251 3299 1414 3357 Fame
1467 3303 1631 3373 igitur
1652 3307 1867 3375 domiti,
1907 3312 2058 3366 dedi-

514 3379 641 3433 dere
679 3396 736 3436 se
766 3381 1068 3442 Januenses
1092 3387 1335 3457 Venetis,
1381 3403 1437 3448 ut
1484 3411 1668 3452 secum
1707 3402 1814 3468 'pro
1836 3403 2061 3458 arbitrio

515 3488 616 3528 suo
644 3483 883 3543 agerent.
909 3478 976 3532 Et
1028 3480 1249 3548 quidem
1282 3483 1372 3539 hic
1418 3488 1730 3556 turpissime
1765 3493 2058 3560 perierunt,

515 3583 613 3623 nec
647 3584 789 3624 nunc
820 3573 952 3627 satis
979 3572 1139 3641 digne
1183 3577 1423 3641 tractati,
1481 3588 1541 3632 ut
1562 3581 1614 3634 in
1637 3589 1912 3648 posterum
1943 3602 2060 3641 mo-

514 3661 699 3715 destiae
729 3678 996 3718 memores
1023 3677 1222 3721 essent.
1250 3667 1343 3722 His
1363 3670 1416 3721 in
1470 3670 1613 3726 hunc
1661 3674 1876 3727 modum
1905 3692 2090 3746 pera-.

455 3763 458 3766 '
519 3753 643 3815 ctis,
687 3753 791 3805 vim
824 3754 948 3807 belli
972 3766 1160 3810 contra
1190 3756 1545 3813 Januensium
1601 3764 1788 3818 urbem
1829 3777 2056 3824 vertere.

514 3844 648 3896 Cum
665 3855 840 3898 autem
875 3845 1073 3915 ubique
1095 3849 1336 3904 victoriis
1361 3854 1641 3908 navalibus
1672 3857 2057 3925 clarescerent,

514 3944 568 3986 et
605 3935 900 3990 mirabilem
931 3937 1031 3992 sibi
1067 3940 1284 4008 'ubique
1343 3945 1631 4010 potentiam
1693 3961 1965 4016 pararent,
2005 3960 2060 4006 et

513 4024 675 4076 etiam
699 4025 834 4107 alios
878 4028 1035 4090 mari,
1062 4030 1204 4098 quod
1252 4047 1369 4086 eam
1421 4034 1689 4102 regionbm
1721 4038 1896 4104 alluit,
1923 4057 2059 4110 apro-

515 4097 788 4178 biberent,
822 4119 1019 4173 accidit
1041 4131 1100 4174 ut
1134 4121 1486 4178 Januensium
1537 4128 1663 4183 urbs
1689 4129 1741 4182 in
1769 4133 2057 4186 maximam

514 4205 897 4262 devolveretur
915 4210 1300 4276 calamitatem,
1334 4223 1392 4268 ut
1420 4231 1539 4285 qua:
1581 4220 1864 4273 navalibus
1917 4235 2058 4288 pra:-

515 4295 601 4351 liis
656 4297 788 4352 nihil
840 4301 1070 4369 amplius
1114 4303 1340 4375 'ellicere
1401 4316 1618 4375 posset:
1665 4318 1846 4374 postea
1897 4310 2057 4363 etiam

512 4386 716 4440 Patavii
750 4389 1046 4459 principem
1067 4394 1164 4445 ulti
1197 4403 1347 4457 sunt,
1409 4397 1595 4449 urbem
1641 4397 1756 4462 ejus
1774 4399 2058 4457 obsidione

512 4489 835 4547 prementes.
892 4481 1093 4536 Deinde
1152 4483 1369 4537 adducti
1407 4487 1457 4537 in
1495 4487 1882 4556 continentem,
1936 4508 2051 4547 eam

2161 3315 2442 3382 ἐκπλόῖμοι
2492 3307 2745 3383 γενέσθαι
2799 3319 2920 3378 ταῖς
2969 3317 3177 3370 ἑαυτῶν
3234 3319 3422 3372 ναυσὶν
3481 3318 3573 3370 ἐπὶ
3606 3319 3700 3370 τδν

2172 3406 2471 3474 Ἠριδανόν.
2513 3406 2654 3459 Ἀλλ’
2679 3408 2774 3476 οὐχ
2795 3401 2894 3460 οἷοί
2920 3425 2978 3462 τε
3028 3411 3276 3477 ἐγένοντο
3323 3411 3514 3464 ἀνῦσαι
3537 3405 3699 3477 τοῦρ-

2160 3513 2276 3563 γον.
2314 3497 2516 3549 Ἐδόκει
2545 3497 2718 3551 δὲκαὶ
2757 3500 2784 3550 δ
2853 3501 3124 3553 Παταόίου
3169 3501 3388 3570 ἡγεμὼν
3433 3499 3705 3568 συμϐαλέ-

2163 3585 2290 3640 σθαι
2321 3586 2505 3649 αὐτοῖς
2562 3589 2616 3650 ἐς
2647 3590 2747 3642 ’τόν
2794 3606 2852 3642 τε
2892 3591 3143 3659 πόλεμον,
3175 3591 3426 3658 διάφορος
3481 3589 3553 3642 ὢν
3585 3593 3699 3653 ‘50";

2161 3675 2458 3738 Οὐενετοῖς.
2516 3677 2676 3731 Οὗτοι
2706 3681 2800 3749 μὲν
2858 3682 3000 3749 λιμῷ
3047 3679 3552 3747 ἐκπολιορκηθέντες
3593 3681 3700 3734 ὑπὸ

2159 3767 2256 3834 τῆς
2283 3768 2556 3821 Οὐενετῶν
2579 3771 2804 3834 πόλεως,
2835 3772 3134 3840 παρέδοσαν
3158 3773 3294 3849 σφᾶς
3321 3773 3546 3842 χρῆσθαι
3579 3775 3702 3842 σφί-

2161 3877 2264 3922 σιν,
2303 3861 2414 3914 ὃντι
2445 3859 2747 3927 βούλονται,
2777 3863 2869 3913 καὶ
2905 3862 3077 3933 ταύτῃ
3112 3863 3362 3932 αἴσχιστα
3399 3864 3698 3928 ἀπώλοντο,

2158 3953 2257 4003 οὐκ
2300 3952 2374 4002 ἔτι
2403 3952 2549 4014 παρὰ
2576 3952 2637 4001 τὸ
2667 3951 2792 4004 δέον,
2817 3953 3292 4026 σωφρονισθέντες..
3356 3956 3418 4006 Oi
3452 3955 3508 4007 δὲ
3559 3955 3700 4009 Οὑε-

2159 4042 2302 4092 νετοὶ
2339 4042 2398 4092 τὸ
2426 4041 2533 4093 ἀπὺ
2558 4041 2708 4095 τοῦδε
2743 4045 3154 4113 στρατευόμενοι
3178 4049 3270 4100 ἐπὶ
3310 4048 3406 4116 τὴν
3459 4047 3700 4101 Ἰανυῐων

2161 4131 2333 4195 πόλιν,
2368 4130 2605 4203 πολλαχῆ
2637 4151 2694 4186 τε
2737 4136 3140 4206 ἐναυμάχησαν,
3169 4140 3263 4199 καὶ
3291 4139 3696 4206 ιπεκράτησαν,

2159 4222 2385 4290 δύναμίν
2417 4240 2475 4275 τε
2529 4226 2971 4296 περιποιούμενοι
3008 4228 3066 4280 τὸ
3105 4229 3212 4281 ἀπὸ
3263 4228 3438 4292 τοῦδε,
3474 4230 3566 4281 καὶ
3600 4231 3699 4298 τῆς

2160 4315 2422 4383 θαλάττης
2454 4318 2741 4386 εἴργοντες,
2795 4320 2892 4388 τῆς
2925 4319 3046 4373 κατ’
3092 4321 3303 4387 ἐκείνην
3344 4321 3454 4391 τὴν·
3490 4321 3696 4390 χώραν.

2160 4403 2326 4456 Ἔνθα
2349 4405 2410 4472 δὴ
2441 4404 2689 4474 ξυμφορᾷ
2713 4407 3031 4474 περιέπεσεν
3064 4408 3095 4476 ἡ
3121 4409 3274 4468 πόλις
3301 4409 3458 4477 αὕτη,
3501 4411 3582 4488 ,οὐ
3627 4414 3691 4479 τῇ

2160 4493 2507 4567 ὲπιτύχούση,
2535 4497 2625 4548 διὰι
2662 4497 2760 4557 τὰς
2802 4499 3106 4566 ναυμαχίας
3138 4500 3357 4562 ταύτας.
3417 4501 3688 4569 ’Ὕστερον

509 4571 847 4626 constantius
871 4571 973 4640 sibi
1004 4574 1271 4637 subjicere
1305 4576 1685 4643 moliebantur,
1711 4577 1766 4634 ut
1791 4584 1893 4637 sibi
1925 4598 2053 4638 con-

2165 4589 2366 4657 μέντοι,
2433 4589 2523 4639 τόν
2559 4603 2618 4638 τε
2648 4586 2741 4638 τοῦ
2792 4589 3057 4640 Παταὸιου
3111 4591 3352 4658 ἡγεμόνα
3393 4589 3696 4656 τισάμενοι,

509 4667 786 4718 tirmarent
819 4666 1147 4722 continentis
1180 4668 1487 4737 imperium.
1516 4668 1578 4722 Et
1612 4687 1733 4725 cum
1762 4683 1920 4728 antea
1954 4675 2055 4728 im~

512 4757 1013 4825 perium'quoddam
1043 4758 1118 4829 (8)
1150 4761 1202 4814 in
1247 4762 1472 4829 regione
1509 4764 1837 4818 continentis
1869 4778 2054 4819 essent

507 4847 674 4908 nacti,
721 4857 775 4900 et
807 4850 1112 4904 Tcrvisium
1152 4853 1366 4906 .urbem
1392 4853 1586 4920 opibus
1641 4852 1920 4909 florentem
1952 4873 2052 4912 suo

507 4935 748 4988 dominio
788 4937 1124 5003 adjicientes,
1176 4941 1447 5004 regionem
1513 4945 1880 5010 pra-tergressi
1903 4955 2050 5010 sunt,

507 5043 629 5080 cum
667 5027 1000 5093 odioincolm
1037 5031 1189 5098 102
1215 5031 1364 5086 urbis
1411 5033 1768 5089 incitarentur
1794 5037 2052 5091 adversus

506 5140 636 5179 suos
666 5125 956 5194 principes-
983 5125 1112 5180 Cum
1130 5126 1408 5181 Patavium
1439 5131 1490 5183 in
1521 5139 1841 5200 potestatem
1874 5133 2051 5185 venis-

507 5228 611 5281 set,
632 5220 790 5271 etiam
820 5218 1198 5274 Carrariorum
1226 5238 1254 5275 e
1287 5221 1490 5276 familia
1512 5225 1621 5276 dux
1651 5235 1837 5277 contra
1860 5239 1953 5276 eos
1977 5224 2055 5273 in-

509 5310 747 5363 surrcxit
788 5327 801 5362 τ
835 5320 1025 5365 contra
1060 5331 1218 5382 quem
1255 5315 1440 5369 hostili
1465 5317 1645 5367 animo
1677 5314 2051 5382 procedentes,

2155 4682 2254 4749 τήν
2281 4698 2337 4733 τε
2399 4680 2550 4731 πόλιν
2600 4679 3008 4748 ἐπολιόρκησαν,
3074 4685 3166 4735 καὶ
3217 4683 3546 4748 ὑπαγόμενοι
3592 4683 3695 4749 τῆς

2153 4772 2405 4840 ὴπεῐρου,
2465 4770 2769 4838 ἀντείχοντο
2842 4771 3183 4840 βεϐαιότερον
3233 4773 3289 4832 ἐς
3361 4773 3520 4837 σφᾶς,
3570 4773 3696 4840 ἐχυ-

2155 4863 2372 4933 ροῦντες
2407 4863 2462 4922 ὲς
2497 4861 2594 4927 τὴν
2645 4863 2818 4932 ἀρχὴν
2843 4864 2938 4930 τῆς
2991 4863 3236 4932 ἠπείρου.
3269 4862 3375 4917 Καὶ
3433 4862 3694 4932 πρότερον

2160 4955 2338 5022 μέντοι
2364 4953 2537 5020 ἀρχήν
2576 4969 2692 5006 τινα
2739 4957 2793 5015 ἐς
2820 4953 2914 5022 τὴν
2957 4956 3093 5006 κατὰ
3110 4954 3206 5019 τὴν
3236 4953 3461 5038 ἤπειρον
3490 4958 3694 5024 κτησάο

2159 5059 2330 5111 μενοι,
2370 5043 2459 5094 καὶ
2485 5042 2780 5111 Τερὸύζιον
2818 5043 2968 5095 πόλιν
3007 5041 3293 5109 εὐδαίμονα
3324 5045 3693 5116 ἐπικτησάμε-

2154 5149 2253 5196 νοι,
2276 5132 2579 5199 προήγαγον
2597 5133 2694 5201 τὴν
2717 5131 2898 5201 χώραν
2922 5132 3117 5197 αὐτῶν,
3135 5133 3574 5205 ἐπαγομένων·τῷ
3594 5142 3693 5205 τῆς
3766 5161 3772 5166 '

2155 5223 2353 5285 πόλεως
2388 5224 2529 5294 ἔχθει
2560 5224 2634 5295 τῷ
2672 5225 2914 5293 σφετέρῳ
2945 5225 3078 5292 πρὸς
3116 5226 3241 5312 τοὺς
3292 5228 3438 5294 σφῶν
3489 5231 3691 5296 ἡγεμόο

2152 5330 2266 5377 νας,
2298 5315 2386 5368 καὶ
2416 5313 2820 5383 ὑστερούμενοι,
2843 5314 2916 5373 ὡς
2936 5315 2994 5365 τὸ
3023 5314 3290 5367 Πατάσιον
3320 5317 3691 5386 ἐχειρώσαντο

1750 5451 1994 5515 Νοιυιω
2025 5456 2427 5532 marginales.

579 5581 653 5650 (7)
688 5581 1018 5635 Brundulum
1052 5571 1263 5635 vacant.

574 5749 620 5776 ’³³
650 5748 868 5816 ταύτην.
906 5747 960 5800 Il.
993 5758 1046 5800 ιιι
1084 5750 1132 5800 in
1167 5761 1302 5805 ront.

509 5819 550 5844 “
587 5818 811 5870 Κλωόῖα.
840 5820 908 5872 nl.
942 5832 992 5868 ut
1034 5820 1082 5870 in
1114 5836 1157 5872 ι’.

1382 5755 1421 5783 ⁷⁸
1457 5757 1717 5808 Κὶωὸίςιν.
1747 5757 1815 5809 nl.
1844 5767 1894 5807 ut
1929 5758 1977 5808 in
2011 5774 2053 5808 ι’.
2118 5821 2121 5824 π

2223 5585 2294 5651 (8)
2326 5584 2675 5649 Forojuliutn.

2170 5759 2210 5782 "’
2580 5756 2652 5807 ττι
2687 5765 2734 5805 ιιι
2777 5755 2824 5805 in
2857 5770 2900 5805 ι’.
2973 5753 3012 5782 ⁸¹
3046 5752 3297 5805 Κὶωῦἕῖιν.
3321 5753 3412 5818 .nl.
3465 5768 3516 5806 ut
3545 5759 3596 5809 in
3640 5775 3689 5810 τ.
