3990 6338
226 400 323 468 197

1255 410 1624 476 DE'REBUS
1661 417 2012 478 TURCICIS
2054 419 2196 479 LIB.
2227 421 2324 481 IV.
2389 485 2396 490 ,

3287 431 3386 497 198

222 517 396 584 μῆνας
450 516 508 581 ἒξ
557 516 1010 587 ἀπαλλαττόμενοι
1049 520 1142 590 τῆς
1196 524 1344 590 σφῶν
1378 525 1518 578 οὗτοι
1549 526 1745 594 ἀρχῆς.

1858 527 2149 581 consiliarii
2195 544 2286 601 sex
2315 529 2453 597 (12),
2498 532 2630 584 socii
2690 531 2806 598 ejus
2840 534 3184 606 exsistentes,
3240 549 3294 593 et
3333 541 3385 593 in

217 605 372 656 Μετὰ
399 605 453 656 δὲ
488 607 584 674 τὴν
616 607 854 676 μεγάλην
906 609 1356 682 βουλὴννέστινή
1386 615 1550 684 βουλὴ
1585 617 1628 647 ⁸⁸
1668 633 1758 683 γε-

220 694 410 758 ρουσία
441 696 650 764 κλητῶν
695 698 1023 770 καλουμένη,
1051 703 1189 771 ἀμφὶ
1229 706 1352 767 τοὺς
1391 708 1756 773 τριακοσίους.

218 784 509 852 Αίροῦνται
537 787 599 855 δὴ
628 788 847 852 τούτους
877 791 974 861 ἤδη
1009 794 1102 845 καὶ
1149 794 1247 858 τὰς
1276 795 1465 859 λοιπὰς
1498 799 1758 868 ἀρχὰς,ἐν

218 877 286 943 τῇ
329 875 533 948 μεγάλῃ
567 877 749 947 βουλῇ,
775 881 1156 950 ἐπιλεξάμενοι
1188 886 1314 949 τοὺς
1345 889 1583 955 τάμείνω
1627 907 1756 957 φρο-

217 965 462 1028 νοῦντας.
513 969 631 1021 Κάν
671 971 840 1041 ταύτῃ
868 973 930 1042 δὴ
961 976 1026 1042 τῇ
1058 975 1166 1027 τῶν
1200 977 1408 1046 κλητῶν
1437 981 1759 1050 ἐπονομαζο-

220 1055 358 1125 μένῃ
387 1056 567 1126 βουλῇ.
597 1059 721 1125 περί
754 1077 812 1112 τε
863 1062 1128 1129 πολέμων,
1159 1066 1250 1116 καὶ
1279 1068 1499 1136 εξρήνης
1540 1068 1756 1136 βουλεύ·

215 1161 365 1196 ονται
394 1145 486 1197 καὶ
512 1147 834 1212 πρεσϐειῶν,
857 1150 884 1201 ὃ
915 1167 968 1201 τι
998 1152 1062 1204 ἂν
1093 1147 1126 1223 ἦ
1155 1146 1431 1223 δεδομένον
1450 1159 1497 1194 ⁸⁸
1527 1158 1753 1221 τούτοις,

220 1235 504 1288 πείθεσθαι
556 1237 751 1290 αὐτίκα
804 1240 902 1308 τὴν
950 1242 1122 1305 πόλιν,
1168 1245 1261 1296 καὶ
1293 1244 1351 1305 ἐς
1393 1244 1419 1295 δ
1454 1262 1503 1297 τι
1535 1245 1600 1298 ἂν
1631 1246 1753 1315 δόξῃ

215 1326 391 1395 ταύτῃ
424 1329 489 1396 τῇ
527 1328 711 1398 βουλῇ,
741 1330 1031 1408 ξύμπασαν
1080 1335 1176 1402 τὴν
1229 1334 1384 1387 πόλιν
1431 1335 1584 1389 ἰέναι.
1633 1337 1755 1390 Ἐπὶ

216 1418 274 1468 δὲ
313 1422 422 1479 τοῖς
453 1419 558 1470 τῶν
601 1420 737 1472 ὅλων
794 1422 1131 1490 ἐγκλήμασιν
1193 1426 1480 1491 ἐφεστᾶσιν
1504 1425 1757 1495 ἄρχοντες

217 1508 370 1574 δέκα,
401 1509 590 1570 οἵτινες
628 1511 695 1563 τά
722 1528 778 1562 τε
807 1513 1144 1582 ἐγκλήματα,
1177 1516 1270 1567 καὶ
1296 1516 1391 1575 τὰς
1424 1517 1611 1578 ποινὰς
1641 1518 1759 1568 ἐπι-

219 1597 479 1663 φέρουσιν
505 1595 582 1647 ὲνὶ
611 1597 844 1669 ἑκάστῳ.
875 1601 1088 1663 Ἔξεστι
1117 1602 1172 1655 δὲ
1194 1604 1397 1664 τούτοις
1425 1605 1513 1657 τόν
1541 1622 1598 1655 τε
1625 1607 1752 1672 ἡγε-

221 1687 359 1754 μόνα
408 1689 668 1751 λαϐόντας
720 1691 942 1745 θάνατον
990 1695 1319 1760 ἀπάγεσθαι,
1351 1696 1453 1747 ὑπὸ
1488 1696 1754 1764 μηδεμιᾶς

217 1780 327 1832 τῶν
381 1781 560 1850 ἀρχῶν
612 1783 1049 1851 ἀπαιτουμένους
1086 1785 1182 1852 τὴν
1214 1766 1389 1837 αἰτίαν
1437 1789 1532 1854 τῆς
1561 1787 1716 1853 δίκης
1739 1803 1755 1816 ⁶

215 1868 499 1921 διαιτεῖται
525 1871 633 1938 γὰρ
680 1870 849 1933 οὕτως
870 1888 884 1902 ⁶
914 1873 1007 1925 καὶ
1036 1874 1384 1926 καθίστανται
1414 1876 1512 1943 ἠδη
1546 1874 1775 1944 ξυμπά-·

218 1974 323 2026 σης
347 1957 447 2026 τῆς
477 1959 679 2024 πόλεως
707 1963 762 2022 ἐς
785 1962 882 2022 τὰς
908 1961 1137 2024 εὐθύνας
1157 1963 1262 2013 τῶν
1287 1964 1461 2017 ὁτιοῦν
1486 1965 1609 2032 περί
1638 1983 1762 2028 τινα,

217 2051 655 2119 ἐξαμαρτόντων,
690 2053 722 2117 ἢ
766 2054 894 2121 περὶ
928 2054 1024 2122 τὴν
1060 2054 1233 2116 πόλιν,
1282 2055 1313 2122 ἢ
1367 2057 1423 2116 ἐς
1477 2057 1756 2126 ἀλλήλους.

219 2143 566 2208 ’Δγονταιδέ
599 2143 848 2207 Θανάτου,
878 2146 1055 2200 ὅντινα
1107 2145 1171 2197 ἃν
1226 2145 1479 2199 ὑπόδικον
1532 2147 1754 2214 εὕρωσι.

219 2231 588 2285 Καθίστανται
620 2231 799 2283 δὲκαὶ
838 2233 895 2292 ἐς
944 2233 1038 2292 τὰς
1071 2232 1233 2295 ἄλλας
1288 2234 1441 2296 δίκας
1488 2235 1754 2298 δικασταὶ,

215 2320 326 2371 τῶν
360 2337 418 2371 τε
446 2321 757 2394 ἐπιχωρίων
796 2321 962 2386 ἄλλοι,
995 2324 1085 2374 καὶ
1113 2324 1168 2383 ἐς
1207 2323 1329 2386 τοὺς
1367 2323 1545 2386 ξένους
1585 2323 1753 2378 ἄλλοι.

228 2408 356 2460 Ἐπὶ
385 2409 590 2471 τούτοις
638 2411 920 2478 ἐφιστᾶσιν
962 2412 1222 2481 ἄρχοντας
1250 2414 1670 2480 τεσσαράκοντα,
1703 2419 1758 2477 ἐς

213 2496 314 2558 οὓς
365 2499 585 2550 ἐπειδὰν
624 2500 680 2552 αἱ
724 2500 870 2552 δίκαι
924 2501 1300 2569 άνενεχθῶσιν,
1336 2503 1618 2556 εὑθύνονσι
1663 2505 1756 2566 τὰς

213 2588 456 2656 ψήφους,
487 2589 542 2650 ἐς
577 2593 635 2641 τὸ
677 2591 858 2656 σφίσιν
886 2592 977 2644 ἐπὶ
1024 2593 1083 2644 τὸ
1116 2593 1189 2654 ὡς
1219 2593 1484 2660 κράτιστα
1510 2593 1648 2661 ἔχειν
1674 2595 1758 2646 δο-

216 2676 372 2730 κοῦν.
406 2677 504 2731 Ἦν
533 2679 589 2731 δέ
622 2680 695 2748 μὴ
728 2683 1110 2749 συμφέρωνται
1140 2683 1192 2743 ἐς
1217 2681 1311 2748 τὴν
1342 2683 1515 2748 δίκην,
1545 2683 1636 2738 ἐπὶ
1661 2682 1759 2754 τὴν

214 2767 329 2819 τῶν
359 2768 570 2836 κλητῶν
606 2769 797 2837 βουλὴν
821 2773 1167 2837 ἀναφέρεται,
1194 2772 1352 2826 κάκεῖ
1374 2759 1762 2841 πολυπραγμο-

216 2859 416 2920 νεῖται,
448 2859 540 2910 καὶ
574 2860 674 2929 τὴν
711 2859 976 2911 ἀπόϐασιν
1022 2862 1179 2928 ἴσχει.
1215 2862 1336 2913 Εἰσὶ
1385 2862 1484 2929 μὲν
1529 2863 1620 2915 οὖν
1669 2865 1761 2915 καὶ

215 2947 378 3001 ἄλλαι
403 2949 566 3016 ἀρχαὶ
595 2949 692 3000 οὐκ
718 2949 893 3016 ὀλίγαι
918 2952 1011 3018 τῆς
1038 2951 1262 3014 πόλεως,
1288 2953 1529 3021 φυλακῆς
1549 2970 1606 3005 τε
1634 2956 1758 3022 πέρι

217 3039 552 3106 καθήκεσαν,
586 3039 674 3088 καὶ
708 3040 764 3099 ἐς
806 3042 931 3104 τοὺς
983 3040 1171 3103 νυκτὸς
1220 3042 1489 3094 άστασίαν
1532 3045 1653 3097 τινὰ
1705 3046 1760 3106 ἐς

1858 622 2065 681 partem
2144 629 2396 670 curarum
2459 620 2800 686 principatus
2883 622 3253 679 adhibentur:
3294 629 3388 694 qui

1858 704 2140 758 mensibus
2209 707 2355 760 senis
2413 707 2666 771 evolutis,
2718 711 3036 778 dignitatem
3091 714 3386 782 deponunt.

1855 790 1978 846 Post
2004 805 2245 847 senatum
2266 811 2515 868 magnum
2537 797 2674 850 alius
2692 806 2915 853 senatus
2939 809 3044 864 est,
3073 802 3163 869 qui
3186 803 3390 858 Evoca-

1856 889 2027 935 torum
2055 884 2163 953 (15)
2196 884 2409 950 dicitur,
2434 888 2524 952 qui
2547 887 2674 942 viris
2700 898 2911 942 constat
2935 891 3207 944 trecentis.
3237 891 3388 945 Hunc

1856 985 2104 1027 senatum
2141 975 2352 1028 'creant
2407 976 2460 1028 in
2496 992 2687 1044 magno
2725 988 2940 1044 senatu,
2985 981 3390 1051 ailcgcntesqui

1857 1065 2138 1132 prudentia
2195 1075 2451 1134 praestare
2489 1068 2764 1122 videntur.
2820 1068 3052 1124 Senatus
3093 1082 3267 1124 autem
3294 1088 3391 1125 vo-

1855 1162 2095 1207 calorum
2112 1155 2176 1208 de
2205 1156 2346 1209 bello
2373 1165 2424 1210 et
2447 1171 2578 1225 pace
2605 1159 3074 1228 legationibusque
3100 1162 3388 1215 consultat.

1867 1244 1931 1297 Et
1989 1245 2061 1308 ei,
2115 1246 2477 1314 quodcunque
2523 1249 2696 1300 visum
2775 1248 2936 1302 fuerit
3002 1249 3092 1303 isti
3153 1253 3388 1312 senatui,

1857 1331 2046 1384 civitas
2083 1342 2191 1386 tota
2226 1341 2418 1401 paret,
2447 1341 2499 1388 et
2539 1335 2594 1386 in
2649 1335 2990 1397 sententiam,
3027 1349 3185 1402 quam
3232 1335 3391 1389 dede-

1856 1425 1950 1486 rit,
1992 1423 2240 1479 manibus
2272 1425 2607 1494 pedibusque
2654 1427 2909 1481 universa
2970 1428 3166 1480 civitas
3219 1428 3386 1480 vadit.

1850 1512 2184 1582 _Criminibus
2203 1515 2523 1583 capitalibus
2549 1517 2692 1570 viros
2715 1517 3002 1584 prmiecere
3039 1507 3224 1573 decem
3250 1517 3384 1586 (i6).

1857 1601 1946 1668 qui
1988 1612 2241 1656 accusent
2269 1611 2322 1656 et
2351 1605 2595 1670 puniant.
2628 1604 2722 1661 His
2747 1607 2877 1660 licet
2905 1622 3100 1662 manus
3151 1608 3383 1676 principi

1857 1692 2082 1758 injicere
2127 1703 2181 1744 et
2211 1695 2276 1746 ad
2313 1709 2498 1748 necem
2558 1698 2769 1751 trahere
2799 1714 2814 1750 :
2846 1713 2944 1751 nec
2971 1707 3054 1752 est
3105 1699 3196 1766 qui
3249 1700 3389 1751 ausit

1857 1781 1972 1849 ejus
2022 1795 2237 1834 causam
2269 1783 2547 1850 inquirere
2577 1800 2589 1847 ;
2625 1786 2707 1838 sic
2750 1785 2894 1838 enim
2923 1786 3232 1839 ordinatum
3275 1796 3384 1850 est;

1859 1877 1910 1922 et
1959 1881 2210 1924 creantur
2255 1878 2312 1922 ut
2349 1871 2723 1940 delinquentes
2754 1873 2971 1928 feriant.
3013 1874 3137 1929 Sive
3171 1871 3224 1927 in
3256 1876 3389 1927 civi-

1860 1971 2045 2025 tatem,
2097 1961 2211 2015 sive
2262 1961 2313 2014 in
2367 1962 2632 2030 privatum
2689 1964 2811 2030 quis
2840 1965 2983 2031 ;quid
3031 1966 3386 2028 commiserit,

1859 2050 2040 2105 decem
2059 2051 2157 2104 viri
2186 2052 2229 2106 si
2246 2055 2620 2120 cognoverint,
2639 2053 2703 2106 de
2717 2068 2780 2106 eo
2801 2055 3122 2122 supplicium
3145 2065 3386 2112 sumunt.

1860 2139 1997 2194 Sunt
2041 2151 2094 2194 et
2142 2141 2231 2194 alii
2260 2141 2491 2209 judices,
2541 2142 2631 2211 qui
2674 2143 2730 2196 in
2766 2144 2991 2212 reliquis
3042 2145 3130 2212 jus
3179 2145 3384 2206 dicunt,

1858 2233 2072 2300 quidam
2109 2231 2318 2295 urbani,
2353 2233 2570 2300 quidam
2616 2235 2910 2301 peregrini.
2948 2234 3044 2289 llis
3078 2250 3384 2303 praeposue-

1860 2329 1988 2374 runt
2032 2321 2408 2387 magistratum
2463 2321 2820 2390 quadraginta
2865 2325 3102 2379 virorum
3141 2323 3278 2393 (l5),
3317 2326 3382 2386 ad

1860 2424 1994 2476 quos
2050 2410 2350 2465 sententias
2399 2425 2559 2478 super
2617 2413 2906 2479 puniendis
2941 2414 3184 2467 sontibus
3215 2423 3388 2465 trans-

1859 2498 2095 2562 mittant,
2162 2509 2217 2554 ut
2267 2499 2580 2566 dispiciam,
2625 2516 2755 2555 num
2806 2511 2859 2554 et
2917 2501 3048 2570 ipsis
3105 2503 3386 2555 sententiae

1859 2586 2063 2653 optime
2097 2585 2298 2641 habere
2332 2586 2639 2641 videantur.
2687 2587 2744 2640 Si
2788 2589 3068 2641 sententiae
3098 2588 3384 2656 displicue-

1861 2678 1989 2745 rint,
2049 2686 2102 2733 et
2156 2680 2260 2747 ipsi
2337 2680 2480 2732 inter
2524 2678 2617 2732 'se
2669 2679 3045 2740 dissenserint,
3112 2681 3384 2746 negotium

1840 2776 2030 2823 -totum
2092 2769 2158 2824 ad
2217 2769 2568 2825 EvOCatorum
2644 2775 2890 2822 senatum
2947 2767 3199 2826 refertur.
3289 2768 3386 2823 llic

1859 2859 2138 2914 sententia:
2175 2859 2336 2912 multa
2362 2859 2640 2927 diligentia
2680 2861 3054 2922 excutiuntur,
3087 2871 3138 2914 ot
3167 2863 3382 2918 tandem

1859 2949 1922 3017 ad
1975 2949 2132 3003 tinem
2167 2950 2463 3002 ducuntur.
2518 2949 2723 3001 Suntct
2772 2951 2861 3002 alii
2897 2951 3238 3016 magistratus
3267 2953 3384 3018 plu-

1860 3039 1979 3092 rimi
2021 3039 2073 3090 in
2108 3039 2405 3105 custodiam
2455 3039 2606 3091 urbis
2655 3041 2974 3107 comparati.
3016 3041 3150 3096 Sunt
3193 3043 3386 3110 quibus

215 3129 318 3194 τὴν
354 3127 506 3178 πόλιν
541 3128 900 3195 πράσσοντας.
930 3130 1036 3181 Καὶ
1059 3131 1384 3200 ἀγορανόμοι
1411 3133 1584 3201 ἕτεροι
1608 3135 1755 3186 καθί-

1861 3129 2131 3198 negotium
2165 3128 2402 3181 civitatis
2453 3130 2800 3184 commissum
2826 3136 2909 3184 est
2957 3129 3010 3184 in
3043 3142 3140 3184 eos
3177 3131 3266 3197 qui
3291 3131 3387 3183 de-

218 3230 468 3276 στανται,
499 3217 623 3276 τοὺς
655 3217 851 3284 φόρους
875 3216 983 3271 τῶν
1015 3218 1106 3269 ἐπί
1135 3236 1240 3287 τινι
1272 3221 1630 3289 πραγμάτων,
1664 3224 1758 3276 καὶ⁸

214 3305 274 3363 ἐς
303 3303 405 3363 τὰς
444 3304 736 3370 προσόδους
769 3309 864 3373 τῆς
896 3308 1101 3368 πόλεως
1131 3310 1472 3376 ἀπαιτήσεις,
1502 3315 1549 3362 οἱ
1573 3313 1633 3381 δὴ
1660 3315 1755 3375 τὰς

215 3393 516 3461 προσόδους
566 3395 896 3464 πράττοντες
931 3396 1342 3466 καθιστάμενοι,
1371 3399 1454 3465 ἐφ’
1483 3398 1573 3461 οὒς
1600 3401 1660 3469 δὴ
1691 3403 1756 3454 τά

213 3484 319 3549 τῆς
375 3482 662 3553 ξυμπάσης
709 3483 914 3547 πόλεως
966 3486 1242 3554 χρήματα,
1276 3489 1368 3540 καὶ
1413 3489 1462 3539 οἱ
1514 3491 1666 3558 φόροι
1711 3492 1754 3521 ⁹⁰

213 3559 604 3642 ἀναφέρονται.
658 3576 948 3648 ’Δρχοντες
990 3576 1046 3628 δὲ
1088 3578 1136 3628 oi
1188 3579 1520 3648 γεραιότεροί
1555 3597 1632 3644 τε,
1664 3583 1754 3631 καὶ

214 3663 492 3731 ἀξιώματι
516 3667 763 3734 προέχειν
788 3667 1089 3730 δοκοῦντες,
1121 3669 1464 3722 καθίστανται
1492 3671 1578 3723 διὰ
1605 3671 1719 3740 βίου
1738 3689 1750 3701 ³

212 3753 292 3814 ὡς
325 3753 563 3821 ἐργῶδες
599 3754 655 3806 δν
685 3756 803 3806 κατ’
827 3757 1065 3808 ἐνιαυτὸν
1098 3757 1402 3825 λογίζεσθαι
1434 3763 1532 3820 τὰς
1562 3766 1756 3830 προσό-

212 3840 339 3902 δους
368 3857 428 3892 τε
458 3841 548 3893 καὶ
568 3841 774 3906 ἐξόδους
814 3844 912 3912 τῆς
953 3846 1177 3908 πόλεως,
1204 3848 1230 3899 ὅ
1261 3863 1313 3899 τι
1345 3847 1412 3900 ἂν
1440 3831 1754 3916 ἀπογένοιτό

213 3946 274 3981 τε
311 3930 408 3983 καὶ
440 3931 774 3997 περιγένοιτο
798 3935 972 3987 αὐτῶν
1003 3934 1109 3988 τῶν
1134 3938 1449 4004 χρημάτων.
1486 3940 1620 3992 Ἀπὸ
1653 3941 1755 4008 μὲν

212 4018 309 4075 οὖν
341 4023 546 4074 τούτων
576 4022 850 4093 αίροῦνται
883 4026 1064 4091 σφίσιν
1086 4029 1345 4093 ἡγεμόνα,
1364 4029 1577 4086 ἐπειδὰν
1604 4032 1754 4095 σφίσι

213 4113 538 4185 τελευτήσῃ,
565 4114 623 4175 ἐς
649 4112 716 4164 τά
747 4114 934 4182 πρῶτα
962 4115 1125 4182 τιμῆς
1154 4117 1443 4187 ἀνήκουσιν
1474 4119 1528 4180 ἐς
1552 4121 1752 4188 ταύτην

211 4205 312 4273 τὴν
345 4203 634 4256 πολιτείαν.
652 4202 787 4262 Τούς
810 4219 867 4254 τε
893 4205 997 4272 γὰρ
1029 4204 1328 4275 θησαυροὺς
1355 4208 1446 4258 καὶ
1468 4208 1568 4270 τὰς
1591 4226 1753 4279 προσ-

212 4294 369 4350 όδους
403 4291 666 4358 ἐφορῶσιν
706 4285 868 4353 οὗτοι,
902 4293 992 4342 καὶ
1037 4292 1472 4359 ἐπιτροπεύουσι.
1527 4293 1755 4363 Χρημα-

215 4382 425 4444 τίςουσι
457 4379 512 4430 δὲ
548 4379 728 4446 σφίσιν
759 4380 813 4440 ἐς
847 4379 945 4450 τὴν
972 4380 1142 4449 ἀρχὴν
1171 4381 1365 4446 αὐτῶν,
1395 4377 1589 4450 σὺν’τῷ
1618 4386 1749 4451 inre-

1866 3215 2153 3269 fectionem
2187 3217 2419 3285 aliquam
2438 3217 2552 3269 sive
2577 3218 2864 3270 tumultum
2899 3227 3059 3270 noctu
3093 3220 3384 3272 concitant.
3458 3219 3463 3224 ’

1841 3304 2003 3358 'Sunt
2033 3315 2084 3359 et
2111 3322 2291 3360 rerum
2337 3307 2628 3371 venalium,
2691 3315 2855 3375 atque
2912 3307 3044 3374 adeo
3078 3309 3244 3361 totius
3284 3308 3388 3360 fori

1865 3395 2141 3461 praesides.
2236 3395 2338 3449 Alii
2420 3397 2708 3462 praesident
2770 3397 3119 3463 vectigalibus
3179 3413 3385 3465 rerum,

1860 3484 1949 3534 alii
1967 3493 2091 3535 sunt
2113 3483 2438 3539 tributorum
2462 3492 2513 3536 et
2536 3483 2766 3535 civitatis
2791 3483 3058 3534 redituum
3084 3493 3384 3539 exactores.

1860 3574 2086 3639 Quidam
2122 3572 2394 3641 praepositi
2435 3583 2563 3626 sunt
2600 3573 2948 3640 vectigalibus
2997 3580 3049 3625 ct
3102 3575 3384 3639 reditibus,
3449 3627 3454 3638 ν,

1860 3665 1921 3716 ad
1965 3680 2097 3732 quos
2133 3665 2400 3720 universae
2461 3665 2690 3720 civitatis
2721 3679 2850 3732 opes
2896 3664 3154 3718 adhibitis
3203 3667 3387 3730 qbser-

1862 3755 2138 3828 valoribus
2192 3754 2531 3828 deferuntur.
2595 3755 2936 3822 Magistratus
3018 3754 3104 3807 hic
3173 3763 3386 3807 constat

1862 3824 1994 3898 viris
2056 3853 2211 3898 aetate
2256 3855 2308 3896 et
2354 3824 2649 3898 honoribus
2731 3843 3089 3913 gravissimis,
3136 3844 3226 3911 qui
3295 3858 3384 3912 per

1869 3934 2171 3989 universam
2203 3935 2364 3989 vitam
2393 3933 2554 3986 istum
2581 3934 2955 4002 magistratum
2985 3934 3239 4001 retinent,
3259 3934 3383 4004 quia

1860 4023 2069 4081 ditlicile
2114 4024 2320 4077 videtur
2348 4033 2565 4091 aceepta
2591 4033 2642 4077 et
2678 4039 2914 4091 expensa
2957 4023 3218 4088 civitatis,
3255 4027 3381 4088 quid

1859 4112 2193 4181 expendatur
2227 4122 2279 4165 et
2310 4111 2438 4178 quid
2458 4113 2712 4178 supersit.
2735 4115 3023 4178 quotannis
3049 4123 3387 4179 computare}

1858 4209 1910 4256 et
1947 4201 2152 4272 singula
2188 4200 2242 4252 in
2275 4200 2510 4258 rationes
2547 4200 2770 4252 reierre.
2809 4199 2886 4253 Ex
2938 4201 3022 4251 bis
3058 4201 3160 4254 sibi
3191 4202 3382 4255 ducem

1857 4293 2095 4360 Capituli,
2133 4290 2350 4360 quando
2402 4289 2448 4345 is
2490 4290 2582 4358 qui
2646 4303 2825 4342 rerum
2879 4289 3096 4357 potitur,
3136 4298 3383 4343 mortuus

1859 4381 2042 4437 fuerit.
2103 4381 2204 4446 Qui
2252 4381 2318 4434 ad
2371 4381 2605 4448 primum
2653 4378 2928 4446 dignitatis
2989 4379 3382 4430 locum.evecti

214 4473 342 4539 μόνι
375 4469 806 4544 παραγενόμενοι
832 4470 887 4532 ἐς
939 4486 996 4521 τε
1027 4471 1287 4539 ἀκρόασιν
1321 4472 1621 4540 πρέσϐεων,
1661 4476 1752 4526 καὶ

1859 4473 2077 4534 iuerint,
2126 4473 2191 4530 ad
2239 4472 2400 4526 istum
2431 4472 2638 4524 tandem
2677 4470 2931 4523 honorem
2969 4479 3378 4537 promoventur.

211 4561 322 4613 τῶν
385 4557 651 4628 μεγάλων,
693 4558 800 4614 τετε
844 4559 1126 4626 βασιλέων,
1178 4561 1288 4611 εἴτε
1335 4563 1426 4614 καὶ
1478 4563 1756 4631 ἡγεμόνων

213 4650 516 4718 ἀναφορᾶς.
546 4649 654 4702 Καὶ
681 4648 867 4720 ἄνδρες
898 4647 1041 4700 οὗτοι
1070 4652 1100 4716 ἡ
1135 4651 1234 4715 τῆς
1262 4652 1465 4713 πόλεως
1493 4654 1584 4722 ὅλη
1611 4654 1758 4717 ἐξου-

216 4740 309 4790 σία
333 4754 350 4768 ο
375 4735 698 4803 ὀνομάζεται
736 4735 794 4788 δὲ
828 4735 922 4786 καὶ
952 4737 1234 4806 ἡγεμονία.
1270 4741 1495 4808 Προέχει
1529 4742 1583 4792 δὲ
1616 4741 1753 4810 αὕτη

179 4827 245 4897 ⁷ἡ
282 4825 440 4885 πόλις
470 4824 613 4876 δυοίν
649 4823 756 4879 τῶν
793 4825 848 4874 ἐν
881 4824 946 4894 τῇ
988 4823 1181 4889 Ἰταλίᾳ.
1215 4825 1417 4900 πόλεων
1468 4828 1654 4879 οίκιῶν
1695 4846 1753 4900 τε

212 4914 541 4984 εὐπρεπείᾳ,
586 4914 680 4966 καὶ
730 4915 1038 4982 κατασκευῇ
1075 4913 1305 4968 ἐπὶτῶν
1333 4915 1432 4984 τῆς
1480 4901 1751 4986 θαλάσσης

209 5003 689 5073 οἰκοδομημάτων,
736 5004 809 5065 ὡς
860 5004 919 5055 τὸ
988 5003 1188 5056 ἐπίπαν
1235 5005 1330 5073 τῆς
1385 5005 1610 5069 πόλεως,
1659 5010 1765 5060 καὶ

213 5095 434 5162 πλούτῳ
465 5095 572 5145 τῶν
607 5096 663 5146 ἐν
692 5096 755 5164 τῇ
787 5094 939 5146 πόλει
977 5095 1338 5158 ἐνοικούντων,
1377 5095 1470 5147 ᾶτε
1512 5098 1609 5165 τῆς
1653 5101 1749 5150 πό-

209 5186 349 5245 λεως
379 5183 473 5234 ἐπὶ
498 5183 766 5252 ἐμπορίαν
801 5183 1116 5252 ἐπιτηδείως
1146 5185 1369 5254 ἐχούσης
1396 5184 1469 5247 ὡς
1494 5185 1745 5252 μάλιστα,

211 5273 594 5343 statuamus:
621 5274 866 5345 εὐπετῶς
903 5274 1284 5346 ποριζομένης.
1310 5261 1661 5349 κεκόσμηται
1689 5277 1743 5329 δὲ

1856 4563 2161 4619 Thesauros
2205 4572 2366 4630 atque
2399 4563 2567 4615 totius
2612 4560 2758 4619 urbis
2786 4574 2912 4625 opes
2952 4558 3256 4616 et.reditus
3302 4559 3380 4610 in-

1854 4655 2087 4721 spiciunt
2109 4661 2160 4706 et
2191 4659 2457 4707 tutantur.
2488 4650 2686 4703 Eorum
2737 4647 2966 4700 cilicium
2999 4645 3148 4719 105
3165 4657 3265 4712 est,
3290 4646 3380 4699 ubi

1855 4745 2224 4812 magistratum
2265 4746 2406 4796 hunc
2458 4741 2703 4800 inierint,
2757 4739 3380 4791 consultationibuscum

1862 4836 2104 4904 principe
2141 4849 2356 4895 vacare,
2389 4841 2441 4886 et
2474 4846 2596 4883 cum
2622 4832 2807 4883 eodem
2832 4829 3126 4897 legationes
3181 4829 3378 4894 princi-

1859 4943 1982 4997 pum
2014 4941 2304 5000 regumque
2339 4922 2628 4977 relationes
2651 4919 2860 4971 audire.
2909 4919 3154 4970 Potestas
3213 4918 3382 4974 tutius

1857 5017 2094 5074 civitatis
2140 5030 2302 5083 penes
2356 5014 2453 5065 bos
2505 5019 2586 5065 est
2616 5027 2627 5061 :
2661 5017 2716 5062 et
2773 5019 2968 5086 revera
3015 5004 3374 5072 principatum

1857 5104 2175 5172 gubernant.
2201 5100 2402 5159 Civitas
2431 5101 2529 5152 ista
2565 5097 2772 5150 duobus
2803 5110 2989 5149 omnes
3022 5093 3183 5145 italia:
3221 5093 3384 5146 urbes

1857 5190 2124 5243 antecedit
2164 5207 2176 5242 :
2218 5189 2466 5243 videlicet
2509 5187 2786 5243 domorum
2848 5180 3260 5248 magniﬁcentia,
3322 5187 3380 5229 et

1859 5279 2212 5338 aediﬁciorum
2244 5295 2360 5347 qua:
2386 5278 2438 5330 in
2482 5278 2616 5331 mari
2647 5274 2906 5331 aediﬁcata
2935 5281 3072 5328 .sunt
3097 5277 3373 5342 apparatu.

1457 5388 1697 5449 Notulte
1737 5387 2136 5466 marginales.

281 5485 398 5550 (12)
426 5485 711 5539 Sextertia.

281 5556 394 5623 (15)
421 5557 725 5622 Avogatori.

1914 5489 2023 5554 (Η)
2059 5487 2204 5552 Capo
2235 5485 2286 5537 di
2326 5487 2492 5540 Dieci.

1913 5557 2022 5625 (15)
2049 5555 2376 5619 Quarantiar.

284 5714 333 5745 ⁸⁸
375 5711 434 5768 In
462 5732 571 5783 ora,
601 5715 877 5786 πρεγάδοι.
950 5713 1005 5788 “_
1022 5715 1365 5786 δεδογμένων.
1391 5715 1448 5771 R.
1484 5725 1539 5769 ut
1578 5717 1626 5768 in
1653 5731 1696 5767 c.

1858 5711 1907 5764 iu
1933 5726 2054 5775 uno,
2090 5709 2285 5776 ἔφοροι,
2317 5709 2443 5760 utin
2481 5725 2561 5776 pr.
2595 5709 2680 5762 ed.
