3990 6338
127 561 222 630 913

1183 575 1278 635 DE
1310 576 1562 636 REBUS
1593 577 1939 641 TURCICIS
1987 577 2132 667 LﬂlB.
2173 577 2270 635 IV.

3187 571 3294 635 214

127 676 228 738 λος,
257 672 334 740 εἷς
360 680 466 734 τῶν
511 682 745 751 ἀρίστων
791 685 1078 753 λεγόμενος
1109 689 1358 754 γενέσθαι
1389 690 1486 742 τοῦ.
1511 691 1656 758 Παρ-

1765 701 1852 753 pas
1887 686 2128 749 domum,
2184 694 2242 738 ut
2311 685 2639 754 mancipium
2684 684 2962 752 tractavit;
2994 698 3194 751 eosque
3237 686 3288 738 in

127 766 343 835 θενόπης
366 769 631 839 βασιλέως
662 775 893 840 νεανίας,
941 777 998 827 τὸ
1036 779 1131 844 μὲν
1160 775 1294 843 εἶδος
1343 783 1440 832 οὐκ
1470 780 1657 849 ἀηδὴς,

128 861 364 935 ἐπιεικὴς
382 862 438 924 δὲ
464 863 556 915 τὸν
577 869 773 934 τρόπον
803 868 894 920 καὶ
917 869 1155 938 ἡσύχιος.
1183 873 1380 924 Τοῦτον
1409 874 1503 926 σὺν
1533 874 1659 925 πολ-

125 951 225 1014 λοῖς
253 953 433 1016 ἄλλοις
456 958 717 1031 ἀγόμενος
746 963 772 1012 ὀ
806 961 1150 1032 Πριάλουπας
1181 966 1258 1026 εἰς
1278 967 1343 1016 τὰ
1367 968 1560 1034 οἰκεία,
1586 967 1659 1028 ὡς

126 1045 419 1112 ἀνδράποδά
441 1065 498 1099 τε
534 1055 801 1122 περιεῖπε,
846 1057 941 1107 καὶ
972 1051 1114 1124 εἶχεν
1146 1058 1202 1109 ἐν
1229 1057 1466 1127 φυλακῇ,
1503 1062 1555 1121 ἐς
1593 1061 1661 1113 τὰ

127 1134 357 1202 βασίλεια
395 1139 705 1217 διατρίϐων,
737 1149 984 1216 κατεῖχεν
1011 1148 1084 1210 ὡς
1132 1149 1428 1218 χρημάτων
1457 1151 1510 1211 ἐς
1535 1151 1660 1212 τοὺς

127 1230 485 1298 προσήκοντας
526 1233 742 1295 ἐσαῦθις
767 1238 1178 1305 ,αποόιδόμενοῦ
1212 1240 1276 1308 ἣν
1309 1241 1539 1292 αίτοῖντο
1568 1240 1662 1293 αύ-

125 1319 258 1380 τούς.
279 1319 340 1370 Ἦ
363 1321 416 1372 δὲ
434 1324 569 1391 γυνὴ
594 1324 807 1390 τούτου,
830 1328 904 1390 ὡς
927 1329 1071 1398 ἑώρα
1088 1331 1176 1383 τὸν
1208 1332 1660 1402 νεανίαν,ἡράσθη

127 1428 175 1462 τε
197 1411 390 1464 αὐτοῦ·
431 1409 499 1482 ἦν
526 1414 630 1484 γὰρ
671 1417 762 1469 καὶ
812 1423 868 1482 ὲς
897 1421 1087 1482 ἄλλους
1131 1423 1392 1491 πρότερον
1423 1423 1661 1491 φοιτῶσα

125 1505 196 1563 εἰς
222 1502 436 1573 ἄνδρας,
474 1507 566 1557 καὶ
621 1508 934 1571 ἀκόλαστος.
970 1498 1338 1581 Συγγινομένη
1373 1516 1553 1565 τοίνυν
1585 1517 1661 1583 τῷ

129 1595 314 1666 νεανίᾳ,
347 1599 441 1648 καὶ
471 1599 859 1670 ἐπιμαινομένη
876 1601 1024 1671 αύτῷ
1056 1605 1110 1666 ἐς
1146 1605 1234 1655 τὸν
1261 1604 1459 1672 ἔρωτα,
1489 1605 1664 1657 συντί-

129 1686 440 1760 θεταιαύτῷ
472 1692 561 1742 ἐπὶ
591 1691 665 1759 τῷ
699 1693 848 1763 ἀνδρὶ
903 1694 1211 1767 ἐπιϐουλὴν,
1241 1697 1330 1748 καὶ
1363 1698 1663 1765 ἐξηγουμέ-

128 1797 213 1846 νης
244 1782 338 1847 τῆς
394 1784 650 1850 γυναικὸς
707 1786 762 1847 ἐς
817 1786 910 1857 τὴν
970 1789 1188 1858 κοίτην,
1243 1789 1663 1856 ὡςάνεπαύετο

132 1872 467 1940 “pacti-curta;
492 1879 517 1926 ό
551 1877 791 1944 ἡγεμὼν,
821 1881 995 1932 ἀνεῖλέ
1026 1899 1085 1933 τε
1120 1882 1277 1933 αὑτὸν
1321 1881 1434 1949 ἅμα
1461 1883 1557 1934 σὺν
1596 1885 1660 1952 τῇ

128 1967 352 2027 γυναικὶ,
387 1968 484 2044 καὶ
533 1966 644 2034 ἅμα
675 1972 1024 2040 συγκατίσχει
1055 1972 1151 2041 τὴν
1182 1974 1472 2041 ἡγεμονίαν
1495 1974 1659 2042 αὐτῷ.

1761 776 2009 831 custodia
2042 778 2361 838 asservavit,
2415 786 2656 831 moratus
2690 778 2738 829 in
2791 779 2957 844 regia,
2993 766 3178 830 volens
3201 793 3293 830 eos

1762 868 2081 938 propinquis
2108 869 2411 928 restituere,
2441 877 2658 936 accepta
2695 867 2938 933 pecunia,
2966 868 3010 919 si
3045 865 3294 919 venirem

1763 975 1890 1013 suos
1945 959 2303 1027 redemptum.
2371 958 2517 1012 Uxor
2582 956 2844 1025 Prialupa:
2898 958 3294 1010 adolescentem

1761 1050 1934 1126 visum
1960 1066 2141 1104 amare
2164 1050 2353 1119 coepit.
2403 1049 2530 1103 Erat
2576 1037 2718 1103 enim
2757 1049 2911 1102 istius
2939 1049 3179 1100 mulieris
3211 1047 3295 1099 in-

1759 1140 1996 1208 genium,
2052 1147 2110 1193 ut
2160 1141 2474 1209 priusquam
2531 1149 2820 1207 peteretur,
2866 1144 3069 1204 peteret
3123 1135 3293 1197 \iros,

1762 1246 1869 1300 pra:
1898 1232 2308 1308 intemperantia
2340 1233 2454 1285 .cni
2511 1231 2743 1284 obnoxia
2789 1239 2924 1283 erat.
2968 1227 3102 1287 Cum
3129 1226 3294 1300 igitur

1763 1325 1933 1389 stupri
1972 1325 2414 1378 consuetudinem
2469 1340 2588 1377 cum
2623 1325 2960 1377 adolescente
2991 1319 3293 1382 habuisset,

1762 1427 1943 1466 amore
1973 1414 2166 1466 ardens
2200 1408 2253 1466 et
2297 1413 2502 1488 furens,
2535 1427 2656 1473 cum
2693 1411 3038 1470 adolescente
3065 1409 3300 1463 insidias

1764 1503 1957 1557 marito
2018 1505 2299 1568 subornat.
2338 1504 2554 1569 Mulier
2609 1504 3000 1569 adolescentem
3047 1499 3196 1562 ducit
3239 1499 3294 1552 in

1763 1594 2099 1659 cubiculum,
2137 1597 2188 1650 in
2217 1612 2323 1665 quo
2349 1596 2628 1665 quiescere
2650 1595 2843 1648 solitus
2872 1603 2986 1647 erat
3015 1591 3296 1660 Prialupas

1763 1684 1870 1737 dux
1903 1702 1916 1738 :
1948 1685 2152 1754 ibique,
2180 1685 2445 1755 adjuvaus
2470 1685 2864 1738 adolescentem
2894 1682 3108 1746 mulier,
3149 1681 3299 1734 Pria-

1762 1775 1917 1843 lupas
1951 1777 2169 1830 occisus
2202 1787 2304 1842 est,
2339 1784 2392 1829 et
2427 1776 2540 1845 ipse
2577 1777 2642 1828 ad
2678 1773 2887 1842 imperii
2930 1771 3295 1843 gubernacula

1761 1865 2024 1918 ascendit.
2058 1865 2192 1921 Cum
2228 1877 2402 1920 autem
2429 1867 2533 1921 sibi
2567 1866 2900 1937 tyrannidem
2934 1864 3001 1918 ad
3027 1852 3155 1916 eunt
3178 1877 3296 1916 mo-

1765 1959 1892 2010 dum
1925 1967 2188 2026 parasset,
2235 1959 2438 2013 nemini
2489 1959 2592 2013 nisi
2647 1958 2856 2013 mulieri
2890 1956 2991 2013 soli
3029 1955 3292 2025 placebat.

139 2054 339 2124 Ἐπειδὴ
397 2053 787 2129 ἐτυράννευεν,
854 2063 1029 2114 οὐδενὶ
1081 2065 1188 2117 τῶν
1245 2067 1302 2116 ἐν
1357 2069 1420 2133 τῇ
1483 2065 1654 2125 πόλει,

1765 2053 1831 2102 At
1864 2053 1996 2105 ultio
2020 2051 2159 2105 haud
2192 2050 2360 2104 multo
2388 2061 2509 2114 post
2550 2059 2734 2105 secuta
2769 2049 2922 2132 113
2950 2059 3051 2103 est.
3083 2046 3296 2100 Prialu—

128 2146 230 2197 ἀλλ’
265 2149 319 2198 ἐν
371 2150 436 2216 τῇ
496 2152 710 2213 γυναικὶ
760 2153 1142 2221 ἀρεσκόμενος.
1212 2154 1276 2207 Ἦ
1335 2156 1511 2224 μέντοι
1538 2156 1656 2225 δίκη

131 2243 208 2294 τὸν
256 2245 603 2314 Πριαλούπην
655 2247 753 2300 οὐκ
822 2250 900 2309 εἰς
977 2250 1190 2317 μακρὰν
1257 2251 1520 2303 κατέλαϐε
1567 2251 1659 2302 τὸν

131 2335 280 2388 παῖδα
306 2336 473 2389 αὑτοῦ
507 2338 614 2390 ἀπὸ
639 2339 838 2409 ταύτης
870 2339 932 2407 δὴ
965 2341 1061 2408 τῆς
1095 2343 1348 2407 γυναικὸς
1371 2343 1660 2411 γενόμενον

132 2427 282 2494 αύτῷ.
344 2429 548 2487 Τοῦτον
585 2430 693 2498 γάρ
723 2446 823 2492 τοι,
881 2431 956 2493 ὡς
1017 2432 1203 2499 ἐφοίτα
1241 2432 1387 2503 παρὰ
1434 2431 1659 2500 βασιλέα
1717 2493 1722 2501 _

132 2519 320 2583 Μωσεῖ,
369 2518 681 2589 αἰτούμενος
738 2522 1049 2590 συμμαχίαν
1083 2540 1141 2575 τε
1192 2525 1288 2574 καὶ
1324 2508 1660 2592 ἐπικουρίαν

133 2610 212 2659 ἐπὶ
241 2609 518 2677 Κάρουλον
543 2650 558 2684 ,
609 2610 698 2661 τὸν
729 2612 848 2662 τότε
893 2611 956 2679 δὴ
987 2613 1345 2679 Ἀκαρνανίας
1375 2613 1656 2683 τύραννον,

134 2700 416 2766 συλλαϐὼν,
445 2699 589 2753 ὥστε
614 2702 710 2771 τὴν
737 2701 917 2771 χώραν
947 2703 1111 2755 αὑτοῦ
1147 2708 1457 2775 κατασχεῖν,
1481 2707 1663 2773 ἐξέκο-

132 2802 188 2860 ψε
219 2795 290 2846 τὼ
316 2794 600 2863 ὀφθαλμώ.
629 2795 738 2863 Τὴν
769 2797 951 2862 μέντοι
974 2797 1155 2867 χώραν
1177 2799 1348 2862 οὐδεὶς
1375 2801 1664 2868 κατεστρέ-

132 2881 255 2948 ψατο
289 2886 384 2952 τῆς
407 2883 723 2942 Ἰωαννίνων
746 2884 974 2947 πόλεως.
1022 2879 1358 2959 Ἐπαγομένη
1383 2890 1568 2943 τοῦτον
1597 2891 1661 2960 δὴ
1695 2911 1699 2914 ’

133 2975 210 3023 τὸν
240 2975 514 3042 Κάρουλον
540 2977 632 3034 ἐπὶ
673 2976 852 3041 σφίσιν
886 2977 1141 3045 ἄρχοντα,
1197 2984 1288 3033 καὶ
1331 2984 1665 3051 ἐπιτετραμ-

136 3064 282 3129 μένου
313 3065 461 3133 αύτῷ
487 3065 690 3119 διέπειν
736 3066 803 3118 τὰ
841 3070 937 3134 τῆς
968 3070 1172 3132 πόλεως
1200 3075 1518 3142 πράγματα,
1571 3076 1666 3127 καὶ

134 3161 480 3232 ἀντεχομένου
502 3165 559 3222 ἐς
583 3164 674 3216 τὸν
699 3165 929 3235 πόλεμον
951 3167 1232 3236 κράτιστα.
1265 3165 1328 3222 Ἦ
1360 3167 1541 3236 μέντοι
1572 3170 1666 3239 ἁρ-

134 3255 192 3320 χὴ
242 3254 376 3324 αὕτη
415 3258 732 3325 Τριϐαλλῶν
778 3257 910 3312 οὖσα
951 3261 1010 3313 τὸ
1064 3260 1308 3325 παλαιὸν,
1338 3260 1477 3312 οὕτω
1525 3261 1578 3321 ἒς
1606 3278 1665 3313 τε

1759 2158 1854 2212 pas
1886 2143 2052 2206 enim,
2087 2144 2179 2211 qui
2214 2143 2356 2197 ﬁlius
2411 2143 2530 2210 ejus
2584 2151 2721 2204 erat,
2771 2141 2938 2208 patris
2973 2132 3163 2192 nomen
3211 2151 3300 2206 ge-

1760 2251 1905 2300 rens,
1936 2245 2093 2290 natus
2142 2251 2207 2289 ex
2239 2237 2342 2289 ista
2395 2250 2583 2306 uxore.
2626 2247 2750 2286 cum
2771 2221 3096 2300 properaret
3126 2229 3190 2283 ad
3216 2243 3301 2283 re-

1758 2342 1875 2396 gem
1903 2327 2128 2391 Mosem,
2178 2337 2368 2397 petens
2402 2327 2662 2380 auxilium
2695 2332 2748 2379 et
2775 2323 3084 2392 praesidium
3109 2329 3295 2374 contra

1757 2417 2010 2473 Carolum
2037 2418 2146 2487 (29)
2173 2417 2490 2472 Acarnania:
2517 2416 2838 2485 principem,
2873 2424 2935 2467 ut
2974 2428 3091 2467 eam
3126 2411 3298 2480 regio-

1761 2528 1880 2566 netn
1913 2515 1964 2565 in
2005 2522 2325 2581 potestatem
2373 2499 2660 2579 redigeret,
2700 2509 2887 2580 captus
2911 2517 3012 2570 est,
3049 2505 3300 2572 oculique

1726 2661 1731 2665 .
1760 2608 1877 2675 ejus
1917 2609 2053 2678 eruti
2087 2615 2233 2661 sunt.
2263 2605 2556 2675 Regionem
2577 2603 2728 2658 urbis
2758 2599 3105 2656 Joanniorum
3141 2609 3298 2650 nemo

1761 2700 2002 2773 atibegit.
2029 2698 2190 2752 Petiit
2235 2700 2379 2772 enim
2410 2697 2660 2752 Carolum
2697 2694 2799 2750 sibi
2828 2693 3021 2748 ducem
3049 2708 3063 2744 :
3091 2691 3176 2743 cui
3209 2689 3300 2743 ubi

1762 2792 1992 2861 primum
2021 2791 2168 2845 urbis
2199 2790 2600 2843 administratio
2639 2800 2719 2842 est
2760 2785 3067 2861 commissa,
3101 2783 3298 2836 bellum

1763 2882 1975 2935 fortiter
2037 2879 2328 2932 admodum
2388 2876 2666 2931 sustinuit.
2725 2874 2970 2944 Regnum
3027 2873 3298 2936 hoc,cum

1763 2972 1913 3042 prius
1954 2970 2311 3026 Triballorum
2365 2968 2525 3034 l‘oret,
2576 2970 2640 3022 ad
2694 2968 2931 3023 lzaulum
2976 2975 3028 3019 et
3048 2963 3299 3020 Carolum

1763 3064 1952 3120 ducem
1994 3067 2046 3118 in
2103 3066 2244 3119 hunc
2293 3063 2509 3118 modum
2551 3063 2849 3116 descendit.
2896 3059 3029 3114 Cum
3073 3068 3300 3125 utraque

1766 3165 1974 3213 teneret
1998 3157 2277 3210 ﬁnitimam
2316 3155 2563 3208 Archeloi
2607 3154 2898 3221 regionem,
2930 3163 3047 3217 quae
3075 3136 3138 3202 ea
3165 3156 3300 3199 tent-
3329 3140 3333 3143 ’

1767 3261 1976 3322 pestate
2050 3251 2214 3303 Aetus
2295 3247 2607 3310 vocabatur,
2665 3254 2720 3324 et
2787 3239 3297 3322 Argyropolichnam

145 3340 410 3412 Ἰξάονλον,
445 3351 539 3402 καὶ
579 3353 667 3402 ἐπὶ
703 3352 980 3419 Κάρουλον
1021 3351 1112 3403 τὸν
1146 3353 1386 3421 ἡγεμόνα
1441 3353 1666 3420 περιῆλ-

1769 3361 1942 3414 usque
1971 3341 2329 3412 Naupactum,
2367 3355 2486 3408 quae
2529 3349 2609 3393 est
2635 3353 2665 3392 e
2691 3337 2906 3406 regione
2933 3333 3165 3398 Achaize,
3199 3345 3302 3385 suo

135 3436 235 3490 θεν.
259 3438 410 3492 Οὕτω
439 3441 500 3492 δὲ
545 3442 710 3509 ἄμφω
739 3444 816 3496 τὼ
839 3447 986 3512 χεῖρε
1036 3443 1320 3512 κατασχὼν
1355 3437 1530 3507 οὗτος,
1571 3445 1666 3497 καὶ

134 3529 220 3596 τὴν
247 3532 375 3598 πρὸς
401 3531 482 3599 τῷ
505 3530 784 3603 Ἀρχελῴῳ
838 3533 1041 3606 χώραν,
1074 3535 1132 3584 τό
1158 3551 1215 3585 τε
1254 3535 1440 3586 Αξετδν
1475 3535 1668 3588 καλού-

139 3640 301 3687 μενον,
329 3625 422 3676 καὶ
475 3625 981 3700 Ἀγγελοπολίχνην,
1012 3627 1066 3689 ἐς
1092 3645 1149 3679 τε
1193 3629 1281 3679 ἐπὶ
1312 3629 1662 3690 Ναύπακτον,

137 3715 214 3763 τόν
241 3717 570 3786 καταντικρὺ
600 3719 845 3786 ’Λχαῒας,
895 3720 1185 3787 ἐπεκράτει
1215 3719 1314 3788 τῆς
1340 3719 1523 3791 χώρας
1573 3723 1667 3774 καὶ

138 3805 471 3874 ἐτυράννευεν
521 3811 613 3861 ἐπὶ
646 3811 787 3877 μέγα
820 3811 1071 3880 χωρήσας
1101 3811 1401 3878 δυνάμεως,
1433 3810 1569 3880 ἀνὴρ
1600 3814 1668 3864 τά.

138 3913 186 3946 τε
221 3901 271 3959 ὲς
293 3900 490 3969 ἀρχὴν,
525 3900 618 3952 καὶ
647 3903 701 3964 ἐς
727 3901 816 3952 τὸν
849 3901 1078 3969 πόλεμον
1101 3901 1271 3953 δοκῶν
1300 3903 1552 3966 γενέσθαι
1585 3902 1668 3952 ού-

136 3987 269 4051 δενὸς
293 3990 399 4042 τῶν
420 3989 539 4042 τότε
573 3992 886 4061 ἡγουμένων
913 3993 1244 4061 λειπόμενος.
1280 3994 1389 4046 Καὶ
1427 3994 1488 4044 ὲν.
1509 3994 1664 4045 πολέ-

141 4096 247 4145 μοις
273 4083 405 4151 πρὸς
439 4083 564 4146 τοὺς
588 4085 892 4153 περιοίκους
943 4086 1083 4154 μέγα
1112 4083 1427 4152 εὐδοκιμῶν,
1460 4085 1666 4153 ἠγὰγε-

138 4186 207 4234 το,
238 4169 308 4235 ὡς
341 4172 608 4243 πρότερόν
642 4191 730 4242 μοι
787 4175 1021 4240 ἐλέγετο,
1070 4173 1164 4226 τοῦ
1192 4173 1432 4244 Ἀθηνῶν
1484 4190 1541 4226 τε
1574 4175 1668 4226 καὶ

125 4261 386 4332 Κορίνθου
438 4263 704 4334 ἡγεμόνος
743 4263 1014 4333 θυγατέρα
1068 4267 1123 4326 ὲς
1158 4265 1351 4332 γάμον.
1391 4263 1575 4330 Τούτῳ
1594 4263 1669 4332 τῷ

140 4351 349 4420 ἡγεμόνι
376 4357 505 4416 παῖς
533 4353 750 4423 ἐγένετο
775 4354 922 4416 νόθος
942 4369 957 4384 ο
989 4353 1096 4406 ἀπὺ
1144 4355 1248 4423 γὰρ
1275 4353 1394 4421 τῆς.
1420 4353 1671 4416 Εὐϐοΐδος

140 4445 272 4513 αὐτῷ
314 4447 572 4512 γυναικὸς
618 4445 842 4516 ἄρρενος
877 4447 976 4502 οὐκ
1009 4445 1166 4519 ἔτυχε
1218 4446 1398 4510 γόνου.
1431 4444 1588 4515 Νόθῳ
1611 4445 1667 4497 δὲ

140 4535 205 4602 τῷ
236 4537 382 4588 παιδὶ
427 4532 495 4604 ἦν
528 4537 696 4605 ϐνομα
736 4535 1036 4596 Ἀντώνιος,
1070 4534 1254 4604 Τούτῳ
1286 4535 1360 4604 τῷ
1403 4535 1669 4604 Ἀντωνίῳ

141 4627 226 4693 τήν
247 4643 301 4679 τε
329 4626 591 4679 Βοιωτίαν
613 4627 865 4680 κατέλιπε
894 4629 986 4686 καὶ
1017 4628 1114 4695 τὴν
1141 4625 1328 4694 Θηϐῶν
1357 4627 1509 4678 πόλιν
1534 4643 1546 4655 ·
1572 4625 1668 4695 τὴν

143 4719 235 4786 γὰρ
264 4710 524 4788 Κόρινθον
573 4717 829 4769 κατέλιπε
856 4718 931 4785 τῷ
957 4717 1189 4787 κηδεστῇ
1219 4716 1381 4768 αὐτοῦ
1410 4717 1666 4787 Θεοδώρῳ

142 4810 207 4877 τῷ
230 4810 485 4880 βασιλέως
516 4806 746 4876 ἀδελφῷ.
776 4809 885 4881 Τὴν
916 4808 975 4866 δὲ
1001 4807 1241 4874 Ἀθηνῶν
1270 4807 1442 4870 πόλιν,
1469 4807 1664 4874 ἀφελό-

147 4915 287 4964 μενος
311 4901 512 4975 ταύτην
540 4900 600 4952 τὸ
640 4900 869 4967 πρόσθεν
896 4901 1020 4974 τοὺς
1056 4898 1396 4968 Κελτίϐηρας
1417 4899 1522 4951 ἀπὸ
1555 4901 1669 4951 Να-

144 4992 298 5059 ϐἁρης
333 4994 374 5055 ³,
408 4987 554 5063 εἶχον
582 4991 687 5060 γὰρ
709 4989 772 5059 δὴ
807 4992 898 5043 καὶ
929 4989 1130 5056 ταύτην
1163 4990 1210 5042 oi
1233 4989 1446 5058 Ἴϐηρες
1504 5005 1668 5042 κατα-

147 5082 514 5150 στρεψάμενοι,
571 5080 825 5135 κατέλιπε
869 5081 978 5142 τοῖς
1025 5081 1321 5142 Οὐενετοῑς.
1381 5080 1440 5131 Ὀ
1487 5079 1668 5148 μέντοι

148 5175 256 5232 παῖς
282 5173 444 5225 αὐτοῦ
486 5172 768 5233 Ἀντώνιος
796 5166 968 5235 οὗτος,
1018 5169 1092 5232 ὡς
1142 5170 1291 5240 παρὰ
1335 5169 1429 5223 τοῦ
1470 5171 1674 5237 πατρὸς

149 5264 459 5331 παρεδέξατο
513 5266 613 5336 τὴν
658 5264 758 5333 τῆς
793 5261 1049 5324 Βοιωτίας
1082 5262 1283 5330 ἀρχήνο
1319 5262 1414 5331 τὴν
1446 5264 1552 5332 γάρ
1609 5263 1674 5333 δὴ

148 5353 375 5406 Φωκαΐδα
409 5353 591 5424 χώραν
649 5354 838 5422 ἄλλην,
892 5353 985 5416 καὶ
1031 5352 1293 5405 Λεϐαδὶαν
1355 5355 1673 5420 ὑπηγάγετο

154 5443 442 5514 Πιιαζὴτης
471 5447 499 5496 ό
530 5446 903 5515 Ἀμουράτεω,
960 5443 1327 5513 προσθέμενος
1357 5447 1421 5513 τῇ
1469 5443 1665 5496 ἑαυτοῦ

153 5535 300 5605 ἀρχῇ,
322 5538 394 5597 ὡς
418 5535 681 5604 πρότερόν
717 5554 806 5604 μοι
835 5535 1124 5604 δεδήλωται
1148 5552 1162 5566 ⁸
1198 5529 1348 5595 οὗτος
1371 5535 1433 5602 δὴ
1464 5533 1556 5587 οὖν
1579 5537 1669 5588 ἐπὶ

156 5628 266 5690 τοὺς
290 5628 578 5690 Ούενετοὺς
605 5628 863 5698 ἐξήνεγκε
912 5630 1161 5698 πόλεμον,
1201 5630 1291 5681 καὶ
1320 5630 1416 5691 τὰς
1445 5629 1673 5698 Ἀθήνας

1769 3438 1992 3507 imperio
2029 3436 2289 3489 admovit.
2333 3432 2434 3499 Qui
2491 3431 2851 3502 principatum
2908 3423 3302 3479 administravit

1766 3544 1889 3583 cum
1932 3541 2104 3596 usque
2149 3541 2235 3580 res
2295 3541 2406 3580 suae
2465 3526 2792 3576 incrementa
2841 3524 3140 3580 sumerent,
3173 3531 3303 3584 pace

1767 3621 2014 3689 belloque
2055 3618 2187 3672 nulli
2219 3619 2411 3671 dueum
2453 3617 2699 3679 cederet;
2728 3605 2943 3666 tandem
2981 3626 3101 3682 cum
3127 3610 3298 3667 bellis,

1766 3728 1887 3784 quae
1932 3713 2190 3767 adversus
2240 3711 2499 3764 ﬁnitimos
2561 3708 2745 3778 gessit,
2805 3705 3092 3774 plurimum
3119 3701 3300 3765 gloria:

1767 3808 1871 3862 sibi
1900 3806 2219 3875 peperisset,
2259 3804 2434 3865 duxit,
2480 3811 2538 3855 ut
2567 3815 2729 3869 supra
2763 3799 3067 3857 docuimus,
3101 3793 3301 3847 Rainc-

1768 3900 1834 3952 rii
1871 3899 2198 3964 Athenarum
2256 3905 2312 3950 et
2361 3893 2611 3948 Corinthi
2662 3889 2920 3960 principis
2955 3887 3141 3956 filiam.
3167 3883 3303 3936 Huic

1767 3989 1889 4042 duci
1949 3995 2111 4040 natus
2155 3993 2239 4039 est
2297 3983 2436 4037 ﬁlius
2487 3981 2717 4046 nothus;
2754 3994 2875 4032 nam
2932 3991 2999 4030 ex
3056 3973 3304 4029 'Euboide

1769 4093 1937 4134 uxore
1958 4078 2122 4146 stirps
2157 4075 2330 4130 virilis
2373 4075 2512 4128 haud
2556 4082 2678 4127 nata
2711 4081 2813 4126 est.
2847 4071 3052 4122 Nomen
3077 4068 3168 4120 ﬁlii
3204 4081 3302 4119 no-

1771 4172 1845 4226 thi
1875 4178 1992 4225 erat
2023 4169 2311 4223 Antonius.
2353 4166 2489 4221 Huic
2543 4172 2868 4219 testamento
2903 4160 3123 4228 reliquit
3153 4160 3305 4212 Βαιο-

1771 4264 1920 4325 tiam,
1952 4271 2005 4316 et
2038 4261 2252 4314 Thebas
2306 4258 2521 4321 urbem;
2565 4270 2687 4307 nam
2738 4252 3028 4308 Corinthus
3069 4260 3304 4305 cesserat

1768 4368 1965 4426 genero
2025 4350 2328 4410 Theodoro,
2372 4352 2514 4418 regis
2568 4345 2745 4400 fratri.
2795 4345 2993 4400 Urbem
3044 4345 3300 4407 Athenas,

1768 4461 1889 4522 quae
1914 4444 2062 4514 prius
2087 4442 2481 4497 Celtiberorum
2515 4449 2631 4496 erat
2659 4447 2805 4508 (nam
2837 4447 2891 4490 et
2915 4438 3054 4489 hanc
3084 4446 3303 4488 tenuere

1771 4536 1930 4604 lberi)
1987 4535 2087 4591 sibi
2140 4533 2456 4602 subiiciens,
2517 4526 2731 4584 tandem
2793 4527 3014 4582 Venetis
3065 4526 3299 4594 reliquit.

1771 4624 1942 4681 Filius
1969 4625 2237 4679 Antonius
2267 4638 2294 4674 a
2327 4631 2479 4693 patre
2530 4621 2736 4689 accepit
2780 4619 2996 4673 Bmotiaa
3041 4631 3300 4687 regnum;

1772 4732 1896 4770 nam
1936 4716 2142 4782 reliqua
2175 4713 2531 4768 Phocensium
2578 4711 2725 4780 regio
2762 4718 2814 4764 et
2868 4707 3097 4762 Lebadia
3148 4723 3305 4761 vene-

1770 4816 1894 4861 rant
1945 4808 1998 4871 in
2057 4811 2380 4876 potestatem
2420 4802 2694 4880 Pajazitis.
2759 4817 2894 4869 quas
2932 4816 3030 4853 suo
3060 4800 3303 4852 dominio

1772 4899 2032 4968 adjunxit,
2074 4905 2131 4949 ut
2159 4910 2322 4963 supra
2351 4893 2787 4946 memoravimus.
2817 4891 3082 4944 Antonius
3112 4901 3300 4944 centra

1774 4987 2007 5044 Venetos
2034 4988 2230 5040 bellum
2263 4983 2444 5046 movit,
2475 4992 2528 5037 et
2571 4983 2808 5034 Athenas
2831 4993 3040 5034 summa
3073 4979 3301 5046 diligen-

1774 5081 1849 5135 tia
1885 5079 2216 5134 exercitibus
2249 5073 2623 5131 circnmsedit.
2665 5072 2854 5128 Veneti
2898 5085 3035 5140 aegre
3063 5069 3303 5123 ferebant

1773 5173 2141 5226 urbein‘suam
2182 5168 2464 5225 obsidione
2510 5166 2678 5234 premi
2718 5182 2732 5218 :
2769 5172 2963 5232 parant
2997 5163 3158 5230 igitur
3183 5174 3299 5210 eam

1771 5251 2050 5319 obsidione
2079 5262 2308 5316 solvere.
2363 5259 2425 5313 Et
2475 5276 2596 5313 cum
2641 5254 3157 5313 statuissenthostili
3190 5255 3304 5306 aui-

1771 5370 1859 5409 mo
1889 5354 2154 5422 proﬁcisci
2197 5363 2378 5407 contra
2412 5351 2645 5410 Thebas,
2687 5352 2977 5404 exercitum
3008 5361 3069 5399 ex
3102 5345 3303 5399 Euboia

1772 5455 2032 5514 quantum
2094 5454 2314 5515 potuere
2374 5450 2780 5510 compararunt,
2837 5455 3044 5494 necnon
3101 5439 3303 5505 reliqua

1777 5555 1896 5607 qua:
1924 5538 1986 5591 ad
2036 5537 2409 5591 instruendum
2459 5535 2746 5588 exercitum
2801 5535 3049 5593 attinent,
3079 5531 3308 5597 college-

1779 5637 1924 5681 runt.
1959 5627 2022 5680 Et
2050 5629 2114 5682 ab
2142 5627 2344 5682 Euboia
2392 5638 2534 5682 recta
2576 5631 2790 5677 movent
2845 5624 2894 5676 in
2943 5621 3223 5682 Bmotiam,
3253 5624 3310 5669 et

1415 5744 1651 5805 Nolula:
1682 5745 2072 5818 marginales.

239 5842 321 5908 39)
343 5844 586 5895 Daulum.

245 5983 263 6011 ³
286 5981 533 6049 Ναϐἁρας
562 5979 627 6033 li.
663 5989 715 6032 ut
745 5980 793 6031 in
827 5997 874 6032 ι.
