3994 6336
685 455 790 516 363

1771 451 2065 512 LAONlt‘J
2104 409 2754 508 anLcocoNorLe

3739 442 3833 507 365

684 575 909 620 rentur:
945 580 1127 619 verum
1179 574 1414 617 armatos
1467 579 1651 631 [Menas
1708 564 2019 616 delictorum
2079 560 2208 612 dare
2245 573 2338 611 eos
2399 549 2630 610 volabat.
2701 560 2754 610 In
2814 561 2953 610 lnrnc
3040 556 3257 609 modum
3321 556 3722 620 miserabiliter,
3778 564 3829 606 ut

682 671 910 728 quorum
959 656 1104 709 nulla
1153 655 1287 708 ratio
1326 655 1630 717 haberetur,
1681 653 1945 722 peribant.
1991 652 2274 704 Pannones
2320 665 2442 702 cum
2498 651 2790 717 conspicati
2855 658 3039 703 essent
3097 648 3359 703 Dacorum
3422 648 3812 708 transitionem.

681 754 852 821 primo
890 752 1226 805 mirabantur
1263 753 1390 820 quid
1432 751 1544 804 hac
1578 747 1679 804 sibi
1727 748 1944 801 vellent.
1985 745 2052 801 Ut
2075 752 2456 809 compererunt
2491 741 2659 795 Dacos
2721 743 2773 794 in
2815 743 2957 794 hunc
3007 741 3219 794 modum
3276 741 3658 795 reconciliatos
3707 754 3819 794 esse

680 846 830 918 regi,
868 846 1099 914 graviter
1137 857 1520 901 succensnere,
1573 840 1715 908 quod
1748 838 1976 905 turpiter
2021 833 2310 887 admodum
2353 831 2722 885 destituissent
2778 831 2979 884 amicos
3031 845 3178 885 suos.
3222 830 3376 898 195
3434 830 3632 883 Verum
3695 827 3824 881 haud

682 938 852 992 multo
889 944 1030 1007 post,
1071 938 1159 991 ubi
1190 937 1683 990 animadverterunt
1704 934 2009 990 universos,
2042 927 2186 980 nullo
2222 939 2410 979 eorum
2451 935 2697 991 respectu
2755 926 2961 984 habito.
3015 923 3308 994 crudeliter
3351 924 3595 980 interire.
3677 918 3832 971 adrni-

681 1035 886 1089 ratione
928 1035 1245 1101 flgebantttr,
1301 1033 1594 1100 cogitantes
1630 1031 1770 1096 regis
1824 1027 2181 1084 sententiam,
2225 1019 2474 1074 videlicet
2510 1019 2652 1085 quod
2675 1035 2780 1072 non
2829 1016 3505 1084 desideraretJtujusmodi
3560 1014 3736 1070 socios
3785 1023 3830 1063 et

681 1100 989 1183 auxiliares.
1031 1126 1258 1181 Proinde
1293 1124 1506 1193 plurimi
1550 1121 1889 1185 faciebant,si
1923 1115 2316 1186 quamprimum
2342 1110 2628 1166 abscedere
2661 1100 2898 1180 possent.

748 1284 982 1338 Joannes
1023 1282 1184 1350 igitur
1232 1264 1498 1332 excedens
1561 1277 1768 1347 prndio,
1830 1273 2089 1344 pergebat
2135 1268 2201 1322 ad

681 1390 898 1438 currus,
952 1383 1007 1428 et
1066 1372 1472 1439 colloqnebatur
1532 1386 1654 1424 cum
1698 1368 1946 1430 ducibus,
2002 1365 2094 1433 qui
2129 1361 2204 1416 ibi

679 1478 854 1528 erant,
878 1465 1085 1529 dit-ens,
1128 1480 1186 1518 se
1222 1465 1403 1516 venire
1443 1479 1563 1516 cum
1608 1464 1722 1514 suis
1774 1460 1840 1513 ab
1878 1472 1939 1513 ea
1971 1456 2206 1510 hostium

684 1565 858 1611 turma
894 1557 945 1610 in
999 1570 1103 1622 qua
1159 1554 1371 1607 steterit
1418 1569 1525 1606 rex.
1579 1551 1762 1619 itaque
1811 1550 1898 1602 ubi
1938 1548 1990 1600 in
2014 1547 2210 1613 jannas

685 1647 957 1716 irruperit.
996 1656 1048 1699 et
1099 1645 1149 1700 id
1201 1659 1298 1712 per
1331 1647 1577 1696 nuntium
1623 1641 1963 1711 significarit,
2012 1645 2069 1690 ttt
2101 1653 2208 1691 uno

597 1731 615 1804 ’ς
684 1740 883 1808 impetu
921 1752 1108 1790 omnes
1127 1734 1438 1796 adveniant,
1471 1745 1629 1802 atque
1662 1734 1715 1785 in
1749 1731 1944 1800 januas
1975 1731 2208 1783 irruant.

683 1828 806 1884 llaec
844 1843 962 1883 cum
1001 1829 1225 1882 dixisset
1266 1826 1578 1887 Cltoniates,
1620 1826 1762 1877 circa
1791 1833 2082 1877 extremam
2115 1835 2211 1872 no-

680 1925 784 1978 ctis
815 1919 1048 1991 vigiliam
1096 1917 1256 1984 elegit
1283 1933 1378 1970 eos
1410 1917 1498 1983 qui
1518 1915 1717 1984 Optime
1742 1915 1808 1968 ad
1835 1912 2027 1967 bellum
2053 1919 2210 1965 erant

683 2015 952 2078 instructi,
1004 2023 1058 2065 et
1104 2023 1238 2078 quos
1288 2007 1390 2063 sibi
1447 2006 1903 2060 familiarissimos
1932 2002 2207 2057 ducebat:

681 2110 735 2153 et
779 2100 885 2152 illis
917 2097 1011 2167 qui
1061 2095 1316 2149 curribus
1353 2096 1705 2155 vehebantur,
1750 2091 1999 2160 imperat,
2038 2100 2092 2140 ut
2120 2087 2210 2140 ubi

684 2193 914 2257 primum
957 2192 1167 2257 signum
1215 2186 1448 2249 dederit,
1489 2201 1700 2239 summa
1733 2183 1782 2237 vi
1818 2183 1868 2235 in
1896 2180 2094 2249 januas
2136 2181 2212 2233 fe-

681 2291 888 2338 rantur.
928 2282 1048 2352 lpse
1077 2295 1202 2333 vero
1240 2286 1442 2332 mutata
1461 2279 1765 2350 voluntate.
1799 2276 1863 2329 ad
1893 2275 2085 2338 Istrugn
2125 2273 2210 2324 itt-

682 2383 890 2432 strttcto
921 2372 1130 2440 agmine
1174 2385 1332 2435 quam
1383 2368 1676 2422 celerrime-
1695 2367 2032 2435 properabat.
2077 2364 2207 2416 Cum

680 2475 857 2520 autent
895 2464 1010 2516 dies
1062 2461 1345 2522 illuxisset,
1395 2473 1497 2511 non
1552 2459 1783 2526 amplius
1827 2456 2115 2523 apparebat
2143 2455 2211 2508 iis

683 2552 1048 2615 Pannonibus,
1083 2549 1174 2620 qui
1229 2550 1398 2603 relicti
1445 2555 1598 2602 erant
1642 2560 1762 2600 cum
1808 2546 2077 2604 curribus,
2102 2561 2209 2597 non

683 2644 866 2716 procul
914 2644 982 2696 ab
1033 2655 1159 2711 rege
1210 2639 1471 2694 submoti.
1525 2637 1688 2690 Turci
1745 2638 1985 2688 videntes
2030 2643 2210 2689 castra

683 2737 913 2792 hostium
945 2749 1062 2789 esse
1091 2748 1280 2794 vacua,
1315 2740 1367 2782 et
1396 2743 1596 2797 paucos
1627 2727 1914 2781 admodum
1950 2742 2070 2779 cum
2093 2742 2212 2780 cur-

681 2808 834 2877 ribus
877 2835 1002 2875 esse
1051 2819 1290 2880 relictos,
1343 2817 1748 2870 admirabantur
1786 2815 1912 2879 quid
1960 2815 2063 2868 hoc
2108 2815 2211 2869 sibi

2396 1268 2646 1335 Ἰωάννης
2678 1268 2774 1336 μὲν
2802 1262 2894 1319 οὖν
2919 1265 2990 1326 ὡς
3019 1265 3125 1317 ἀπὸ
3153 1264 3249 1332 τῆς
3287 1240 3464 1332 μάγης
3502 1260 3719 1330 ἐγένετο
3756 1259 3838 1310 ἐπὶ

2309 1359 2416 1412 τῶν
2466 1358 2709 1428 ἁμαξῶν,
2763 1357 3032 1424 διελέγετο
3074 1358 3184 1415 τοῖς
3236 1356 3512 1424 ἡγεμόσιν,
3572 1351 3646 1414 ὡς
3692 1351 3836 1411 αύτὶς

2315 1453 2415 1522 μὲν
2448 1453 2544 1504 σὺν
2585 1453 2694 1513 τοῖς
2739 1449 2873 1517 ἀμφ’
2921 1449 3080 1502 αὑτὸν
3108 1449 3196 1518 ᾔει
3245 1449 3349 1500 ἀπὸ
3386 1448 3478 1498 τοῦ
3520 1445 3678 1516 λόχου
3712 1445 3774 1506 ⁸⁸,

2314 1545 2530 1613 ἑστήκει
2563 1541 2721 1605 αὐτὸς
2751 1541 3021 1611 βασιλεὺς,
3051 1541 3124 1603 ὡς
3156 1542 3211 1601 ἐς
3241 1540 3336 1601 τὰς
3369 1537 3538 1607 θύρας
3573 1537 3832 1605 ἐμϐαλὼν,

2309 1637 2468 1696 αὐτὸς
2526 1635 2569 1674 ⁸⁷
2610 1633 2686 1695 δὲ,
2723 1632 2939 1684 ἐπειδὰν
2990 1630 3216 1700 ἄγγελον
3251 1631 3470 1698 πέμψας
3515 1629 3833 1698 διασημήνῃ,

2309 1727 2552 1779 ἐλαύνειν
2603 1725 2738 1795 ὁμοῦ
2778 1725 2982 1786 πάντας
3029 1724 3192 1791 ὁμόσε
3239 1723 3331 1795 ἐπὶ
3377 1722 3473 1783 τὰς
3521 1720 3711 1789 θύρας.
3743 1718 3836 1769 Καὶ

2308 1816 2476 1869 ταῦτα
2526 1817 2718 1883 λέγων,
2746 1811 2814 1886 ἦν
2867 1815 2921 1866 δὲ
2966 1816 3107 1883 ἀμφὶ
3150 1813 3246 1883 τὴν
3298 1813 3532 1880 ἐσχάτην
3580 1810 3835 1878 φυλακὴν,

2307 1908 2689 1975 ἐπιλεξάμενος
2730 1907 2855 1970 τούς
2889 1924 2945 1958 τε
2991 1907 3212 1970 ἄμεινον
3262 1907 3317 1961 ἐς
3348 1906 3437 1957 τὸν
3484 1903 3717 1970 πόλεμον
3748 1922 3834 1953 πα-

2311 2000 2791 2068 ρεσκευασμένους,
2844 1999 2936 2052 καὶ
2983 1996 3073 2057 οὒς
3125 1997 3198 2065 ὡς
3257 1995 3576 2063 ἐπιτηδείως
3628 1995 3836 2063 ἔχοντας

2310 2092 2587 2158 ἠπίστατο.
2630 2092 2750 2154 Τοῖς
2794 2090 2848 2142 δὲ
2897 2092 2954 2141 ἐν
3003 2081 3120 2150 ταῖς
3171 2089 3405 2155 ἁμάξαις
3448 2086 3834 2156 παραγγεὶλα;,

2311 2183 2527 2234 ἐπειδὰν
2580 2179 2819 2250 σημήνῃ,
2882 2180 3019 2232 κατὰ
3073 2179 3244 2230 ταῦτα
3304 2178 3552 2246 προϊέναι
3601 2179 3694 2227 ἐπὶ
3749 2178 3835 2235 τὰς

2310 2273 2499 2342 θύρας.
2529 2272 2692 2331 Αὐτός
2743 2288 2801 2320 τε
2839 2271 2934 2338 μὲν
2972 2272 3081 2322 ἵετο
3130 2267 3551 2335 συντεταγμένῳ
3580 2266 3656 2342 τῷ
3685 2282 3835 2331 στρι

2307 2365 2535 2434 τεύματι
2565 2366 2630 2415 τὰ
2656 2362 2888 2429 ἔμπαλιν
2921 2361 3213 2429 γενόμενος
3240 2359 3454 2410 ἐπὶητδν
3489 2335 3723 2424 ἾστρΙςν,
3750 2356 3836 2408 καὶ

2309 2455 2542 2507 ἐλαύνων
2566 2471 2578 2483 ·
2611 2454 2683 2514 ὼς
2709 2454 2763 2503 δὲ
2788 2453 2966 2522 ήμέρα
2996 2451 3228 2521 τάχιστα
3267 2450 3530 2517 ἐγεγόνει,
3567 2449 3719 2511 οὗτος
3749 2451 3837 2517 μὲν

2308 2547 2407 2596 οὒκ
2441 2544 2517 2596 ἔτι
2545 2546 2750 2614 ἑωρᾶτο
2771 2541 2898 2598 οὔτε
2946 2541 3081 2612 πρδς
3122 2541 3229 2595 τῶν
3267 2542 3550 2608 inuolat;
3565 2543 3762 2594 θέντων
3789 2546 3839 2591 ἐν

2308 2636 2422 2696 ταῖς
2463 2634 2698 2700 ἀμάξαις
2757 2635 3017 2690 Παιόνων,
3065 2634 3187 2710 οὔτε
3236 2633 3370 2703 πρὸς
3415 2635 3509 2687 τοῦ
3563 2636 3838 2704 βασιλέως.

2318 2729 2404 2789 Ὠς
2445 2727 2499 2778 δὲ
2538 2729 2585 2780 οἱ
2630 2727 2770 2795 ἀμφὶ
2797 2727 3049 2800 ⁴βαισιλέα
3089 2729 3326 2798 ὁρῶντες
3375 2727 3434 2778 τὸ
3483 2729 3842 2794 στρατόπεδον

2307 2819 2415 2868 τῶν
2443 2818 2686 2871 Παιόνων
2716 2818 2870 2869 κενόν
2903 2834 2960 2868 τε
2991 2814 3146 2879 εἶναι,
3186 2821 3279 2869 καὶ
3319 2819 3528 2885 ὀλίγους
3561 2821 3710 2881 ἐντὸς
3739 2821 3843 2871 τῶν

683 2913 858 2968 vellet.
890 2912 1086 2965 Deinde
1130 2909 1349 2978 quidam
1388 2907 1726 2965 occurrebat,
1779 2907 2038 2958 nuntians
2073 2907 2208 2957 Pan--

2310 2910 2528 2977 ἁμαξῶν
2551 2907 3025 2978 ἐναποληφθῆναι,
3058 2913 3115 2960 ἐν
3145 2907 3382 2979 θαύματι
3415 2912 3511 2978 μὲν
3539 2911 3837 2963 ἐποιοῦντο·

681 3019 852 3057 nones
884 3005 1030 3056 circa
1055 3002 1315 3053 decimam
1363 2999 1533 3051 noctis
1569 2997 1805 3066 vigiliam
1832 2997 2031 3066 fugisse
2061 3009 2211 3050 trans

681 3094 876 3147 Istrum
913 3093 1044 3161 (18).
1087 3089 1180 3143 llis
1226 3089 1447 3150 auditis,
1488 3088 1750 3157 peregrini
1788 3104 1936 3140 arma
1967 3086 2208 3155 CapiUnt,

681 3191 732 3234 et
780 3195 945 3235 cursu
993 3179 1303 3233 ferebantur
1351 3187 1540 3230 contra
1599 3178 1883 3231 Pannones
1915 3177 1980 3230 ad
2015 3192 2210 3229 currus

680 3273 916 3328 relictos.
949 3271 1034 3334 Hi,
1082 3285 1201 3324 eum
1248 3277 1529 3322 cernerent
1574 3283 1633 3323 se
1667 3283 1694 3320 a
1735 3270 1851 3322 suis
1880 3269 2124 3323 desertos
2157 3279 2210 3323 et

680 3363 941 3433 proditos,
995 3361 1203 3414 fortiter
1257 3357 1657 3426 praeliabantur,
1721 3373 1843 3412 cum
1908 3359 2210 3430 desperatio

679 3460 929 3510 virtutem
994 3450 1311 3506 accenderet
1380 3449 1641 3502 adversus
1683 3448 2030 3518 peregrinos.
2101 3448 2211 3506 Nec

679 3549 848 3602 multo
890 3554 1009 3615 post
1067 3543 1328 3612 peregrini
1380 3555 1572 3594 currus
1604 3543 1997 3605 conscendunt,
2031 3551 2084 3596 et
2116 3558 2211 3611 per

681 3643 965 3691 l'annones
1011 3633 1149 3687 vecti
1191 3645 1378 3685 omnes
1426 3630 1790 3682 trucidarunt.
1813 3632 1902 3682 oAt
1927 3631 2206 3686 Pattnones

682 3743 775 3795 per
801 3735 969 3779 toturn
999 3725 1134 3776 diem
1159 3722 1212 3774 itt
1238 3721 1477 3775 conferta
1505 3720 1739 3774 hostium
1777 3720 1928 3774 turba
1966 3737 2209 3789 pugnan-

617 3876 630 3895 .
682 3833 782 3878 tes,
811 3829 931 3867 cum
963 3811 1140 3866 forent
1170 3811 1269 3863 viri
1319 3811 1506 3877 optimi
1558 3819 1610 3864 et
1642 3810 1946 3875 fortissimi,
1990 3814 2206 3864 tandem

679 3907 1001 3960 occubuere.
1036 3901 1233 3972 Regem
1275 3902 1491 3970 quidem
1524 3901 1587 3952 ad
1633 3903 2034 3969 persequendos
2070 3901 2208 3954 Part-

650 4027 654 4031 -
682 4013 848 4049 nones
871 3976 1296 4047 adhortabantur
1336 3991 1497 4041 duces
1529 4005 1544 4043 :
1580 4004 1762 4043 verum
1784 3993 1828 4043 is
1856 4005 2039 4044 eorum
2077 4006 2209 4045 con-

677 4090 797 4140 silia
836 4068 1049 4154 i'epulit,
1095 4081 1149 4134 in
1193 4082 1375 4132 animo
1420 4094 1606 4134 secum
1642 4087 1930 4147 reputans,
1964 4097 2206 4150 quaenam

678 4191 870 4246 passus
917 4183 1063 4230 esset
1113 4189 1142 4226 a
1199 4171 1459 4225 Cboniate
1507 4170 1764 4227 Clusinos
1798 4174 1938 4228 filius
1965 4173 2206 4248 Mazara-

2308 3001 2556 3067 ἀγγέλλει
2585 3001 2640 3051 δέ
2675 3015 2759 3062 τις
2803 2999 2951 3066 αύτῷ
2983 2999 3164 3068 δρόμῳ
3191 3001 3544 3068 ἀφικόμενος,
3571 3001 3646 3059 ὡς
3693 3001 3845 3053 Παίο-

2309 3106 2394 3149 νες
2456 3090 2790 3156 π;φευγότες
2835 3086 2945 3140 εἷεν
2994 3090 3083 3140 ἐπὶ
3143 3090 3232 3141 τὸν
3290 3092 3502 3158 Ἴστρον
3559 3091 3700 3157 ἀμφὶ
3752 3091 3844 3158 τὴν

2306 3178 2539 3246 δεκάτην
2592 3179 2856 3249 φυλακήν.
2925 3179 3186 3232 Ἐνταῦθα
3241 3181 3288 3232 οἱ
3346 3179 3592 3248 νεήλυδες
3651 3180 3844 3234 ἀναλα-

2309 3273 2489 3335 ϐόντες
2539 3275 2603 3326 τά
2659 3275 2817 3335 ὅπλα,
2861 3273 3044 3343 δρόμῳ
3103 3273 3252 3326 ἔθεον
3309 3273 3398 3326 ἐπὶ
3444 3276 3569 3336 τοὺς
3618 3279 3676 3328 ἐν
3732 3281 3844 3339 ταῖς

2306 3365 2539 3434 ἁμάξαις
2595 3367 2843 3428 Παίονας.
2871 3365 3028 3420 Οὗτοι
3079 3368 3177 3435 μὲν
3214 3367 3426 3429 οὗν,ὼς
3472 3369 3698 3438 ᾔσθοντο
3745 3371 3846 3422 ὑπὸ

2305 3459 2414 3512 τῶν
2462 3461 2732 3527 σφετέρων
2783 3460 3178 3528 προδεδομένοι,
3218 3461 3483 3528 ἐμάχοντο
3531 3462 3669 3530 πρὸς
3723 3464 3846 3524 τοὺς

2307 3551 2564 3619 νεήλυδας
2593 3551 2755 3616 ἀξίως
2787 3551 2964 3618 λόγου.
3001 3552 3132 3604 Μετ’
3166 3553 3226 3602 ού
3258 3551 3390 3603 πολὺ
3424 3552 3470 3602 δ’
3517 3554 3564 3603 οἱ
3598 3553 3843 3619 νεήλυδες

2308 3640 2573 3707 ἀνέδησαν
2622 3641 2712 3691 ἐπὶ
2765 3639 2860 3702 τὰς
2920 3640 3153 3708 ἁμάξας,
3211 3640 3554 3708 ὑπερέϐησαν
3613 3623 3693 3693 δὲ’
3725 3647 3846 3703 τοὺς

2309 3731 2541 3792 Παίονας
2614 3733 2819 3791 πάντας
2882 3731 3016 3798 όμοῠ
3085 3731 3504 3792 κατακαίνοντες
3562 3732 3627 3785 ⁸⁸.
3694 3733 3846 3788 Οὗτοι

2307 3819 2473 3871 ἕωθεν
2544 3819 2600 3870 δέ
2683 3818 2976 3887 μαχόμενοι
3043 3820 3169 3887 περὶ
3228 3820 3531 3891 πλήθουσαν
3620 3827 3844 3895 ἀγορὰ-ι,

2307 3908 2494 3974 ἄνδρες
2553 3907 2831 3975 γενόμενοι
2880 3907 3094 3973 ἀγαθοὶ,
3142 3907 3538 3979 ἐτελεύτησανο
3593 3913 3846 3981 βασιλεὺς

2307 3999 2362 4050 δὲ
2390 3997 2610 4065 ὥρμητο
2636 3999 2731 4066 μὲν
2759 3998 2970 4050 διώκειν
2995 4001 3116 4060 τοὺς
3149 4003 3398 4065 Παίονας,
3435 4006 3846 4074 προσφερόντων

2305 4089 2451 4157 αύτῷ
2497 4088 2685 4155 λόγους
2716 4088 2824 4140 τῶν
2860 4087 3182 4159 στρατηγῶν
3205 4105 3218 4118 ·
3249 4090 3310 4143 οὐ
3348 4093 3556 4159 μέντοι
3588 4097 3845 4165 προσίετο

2304 4182 2428 4242 τοὺς
2451 4179 2662 4248 λόγους,
2697 4180 3241 4249 ἀναμιμνησκόμενος
3270 4178 3355 4235 οἷα
3382 4185 3677 4239 ἐπεπόνθει.
3711 4192 3846 4256 πρὸς

675 4243 755 4317 eis
792 4265 923 4332 (l9),
970 4279 1091 4316 eum
1142 4273 1560 4348 persequeretur
1621 4263 1926 4320 Pannones.
1981 4244 2204 4322 Volebat

2308 4272 2403 4325 τοῦ
2427 4243 2703 4324 Χωνιάτου
2745 4243 2995 4339 Χασέμης
3026 4243 3138 4324 "'6
3177 4275 3517 4344 Μαζαράκεω
3553 4281 3609 4330 ἐν
3639 4285 3701 4348 τῇ
3729 4243 3846 4333 διώζ

678 4355 858 4420 itaque
885 4351 1129 4418 praesenti
1171 4347 1385 4402 fortuna
1431 4347 1622 4401 melius
1675 4351 1773 4403 uti.
1824 4349 1960 4406 Caesi
2001 4362 2124 4406 sunt
2154 4355 2204 4407 in

679 4448 781 4497 isto
830 4442 1035 4511 pratlio,
1084 4447 1144 4492 ut
1194 4438 1380 4507 accepi
1429 4443 1706 4509 (utrinque
1752 4443 1894 4499 enim
1947 4446 2114 4499 occisi
2177 4462 2206 4498 a

677 4535 1034 4587 'l'rtballorum
1070 4532 1201 4583 duce
1228 4539 1409 4598 postea
1447 4532 1765 4587 dinumerati
1802 4539 1972 4604 Illlll),
2000 4537 2208 4592 Panno-

675 4642 804 4678 num
825 4634 876 4678 et
903 4624 1164 4676 Dacorum
1207 4621 1391 4676 decem
1444 4631 1494 4675 et
1537 4634 1740 4692 septem
1777 4627 1965 4690 millia,
1998 4626 2205 4682 Turco-

678 4735 791 4769 rum
817 4723 1048 4786 quatuor
1073 4714 1238 4768 millia
1288 4713 1419 4784 (20).
1467 4713 1595 4768 Nam
1637 4714 1792 4770 facile
1819 4716 2207 4785 dignoscttntur

679 4824 706 4857 a
746 4809 964 4874 reliquis
990 4806 1175 4871 'furci,
1215 4820 1332 4860 cum
1361 4822 1549 4862 omnes
1572 4807 1680 4861 sint
1709 4809 2040 4863 circumcisi.
2068 4809 2207 4864 Prae-

679 4907 822 4946 tt-rea
876 4898 1155 4949 t'aunones
1205 4896 1488 4950 admodum
1534 4899 1790 4952 decenter
1833 4901 2055 4968 capillos
2107 4918 2205 4954 nu-

607 4995 618 5001 '
680 4990 867 5040 triunt.
916 4985 1076 5039 'l‘urci
1137 4999 1262 5038 vero
1315 4989 1596 5054 raduntur,
1643 4990 1843 5046 relictis
1884 4993 2200 5061 quibusdam

2311 4363 2413 4429 ξει,
2444 4363 2630 4429 ἠγάπα
2658 4379 2714 4414 τε
2747 4366 2808 4432 τῇ
2844 4364 3090 4433 παρούσῃ
3114 4366 3253 4434 τύχῃ
3279 4367 3424 4436 αὐτῴ
3460 4373 3515 4431 ἐς
3547 4372 3607 4423 τὸ
3639 4373 3849 4440 βέιτιον

2311 4453 2668 4520 καταστῆσαι.
2710 4453 3002 4506 Ἀπέθανον
3049 4456 3104 4508 δὲ
3145 4459 3210 4508 ἐν
3243 4461 3306 4528 τῇ
3364 4459 3513 4529 μάχῃ
3545 4464 3742 4532 ταύτῃ,
3778 4468 3848 4523 ὡς

2310 4543 2608 4610 ἐπυθόμην,
2650 4544 2921 4612 ἠριθμήθη
2964 4545 3071 4614 γὰρ
3121 4544 3342 4616 ὕστερον
3386 4552 3712 4621 ἀμφοτέρων
3744 4557 3847 4607 om

2310 4631 2402 4682 τοῦ
2450 4632 2759 4699 Τριϐαλλῶν
2805 4634 3082 4701 ἡγεμόνος,
3110 4637 3349 4691 Παιόνων
3381 4642 3479 4707 μὲν
3531 4644 3627 4693 καὶ
3659 4645 3851 4695 Δακῶν

2312 4724 2729 4791 συναμφοτέρων
2759 4725 3146 4796 ἑπτακισχίλιοι
3201 4732 3293 4782 καὶ
3343 4732 3552 4800 μύριοι,
3592 4733 3850 4804 Τούρκων

2310 4813 2365 4864 δὲ
2431 4814 2484 4873 ἐς
2528 4814 2651 4874 τοὺς
2693 4819 3172 4885 τετρακισχιλίους.
3225 4821 3334 4889 Τὴν
3399 4824 3507 4887 γὰρ
3560 4823 3851 4889 διάγνωσιν

2301 4905 2508 4973 -ρᾳδίως
2554 4908 2827 4958 ποιοῦνται
2854 4909 2919 4972 ⁷⁸,
2953 4913 3045 4961 καὶ
3087 4914 3153 4963 τὰ
3186 4913 3460 4980 αἰτήματα
3491 4915 3693 4978 αὐτῶν,
3747 4921 3851 4970 ἀπό

2310 5012 2368 5047 τε
2400 4996 2505 5062 τῶν
2539 4996 2751 5049 αἰδοίων
2801 5003 3269 5069 περιτεμνομὲνων
3302 5002 3409 5054 τῶν
3441 5003 3725 5075 Τούρκων,
3762 5027 3849 5069 και

1941 5199 2184 5282 Notulm
2216 5201 2608 5276 marginales.

748 5406 855 5475 (l8)
882 5407 1001 5463 llaec
1054 5410 1154 5462 sub
1197 5425 1395 5462 annum
1425 5408 1579 5470 “48,
1605 5408 1739 5462 festo
1767 5409 1854 5463 die
1886 5410 2061 5472 Lucas,
2093 5420 2210 5463 acta

679 5474 940 5596 fleruu'lur,
974 5486 1029 5530 ut
1069 5483 1228 5530 refert
1258 5480 1486 5544 Bonum,
1518 5481 1608 5533 sed
1640 5481 1972 5548 aliquantum
2000 5481 2068 5531 ab
2109 5482 2208 5532 ltoc

679 5569 696 5596 ι
719 5561 942 5596 ινεηυε.

679 5561 942 5600 ιιινειτιυε.

751 5748 793 5777 ⁸⁸
824 5744 882 5800 In
919 5764 1039 5809 uno,
1069 5746 1250 5814 λόφου.
1305 5745 1343 5772 ’⁸

2382 5412 2492 5480 (l9)
2522 5412 2797 5468 Mazaalis.

2381 5482 2488 5561 (20)
2515 5485 3003 5561 siliquam-apium
3048 5489 3211 5544 millia
3246 5487 3546 5545 Turcorum
3594 5493 3855 5549 cecidisse

2311 5556 2552 5612 tradunt,
2581 5553 2669 5604 alit
2692 5553 2882 5609 54000.

1351 5747 1367 5755 ”
1394 5747 1583 5806 αὐτοὺς
1617 5745 1702 5813 δή.
1733 5744 1817 5799 Sic
1838 5749 1992 5799 etiam
2026 5744 2089 5798 Β.
2165 5745 2206 5775 ⁸⁸

2485 5753 2826 5837 κριτακαιονττ
2973 5757 3033 5811 In
3068 5775 3192 5822 uno,
3227 5758 3525 5816 Χωνιάτου.
3603 5763 3855 5837 Χσσίμης

680 5815 734 5867 et
764 5818 811 5869 ὁ.
897 5819 942 5849 ⁷⁵
973 5819 1059 5871 διε
1085 5820 1190 5869 Ιιιιτ
1223 5815 1367 5866 rerbu
1391 5829 1533 5866 erant
1573 5832 1625 5867 tu
1661 5820 1894 5869 munibus
1927 5833 2048 5867 ntss.
2076 5829 2188 5880 qua?

2308 5827 2472 5880 νει-ια.
2508 5818 2594 5871 διο
2622 5825 2776 5874 ctiam
2809 5828 2860 5877 in
2897 5825 2956 5880 li.
