3994 6336
757 425 866 491 379

1884 428 2187 489 LAONICI
2223 377 2876 486 CllALCOCONDYLE

3825 409 3912 471 390

757 560 865 613 que
886 541 1098 596 tandem
1127 543 1357 596 bellandi
1379 545 1547 611 gratia
1571 544 2005 614 proficiscantur.
2033 544 2296 597 Przrterea

2404 538 2759 608 περιάγεσθαι
2801 534 3197 599 ,πολλαπλάσια
3266 527 3372 580 τῶν
3429 525 3741 594 ἀνθρώπων,
3791 521 3904 572 dm;

756 643 819 689 nt
848 644 1239 687 commeatuum
1278 635 1435 699 copia
1466 635 1764 698 abundent,
1784 638 2020 689 camelos
2041 645 2093 688 et
2126 635 2297 686 mulos

758 706 1212 788 quamplurimas,
1275 730 1333 774 ut
1378 723 1431 775 in
1471 725 1795 778 necessariis
1828 725 2086 785 serviant,
2112 739 2294 778 secum

760 815 985 866 ducunt.
1023 811 1194 868 Iulos
1225 815 1444 883 quidem
1500 814 1702 870 habent
1729 827 1944 884 propter
1971 817 2129 869 aliam
2156 817 2298 884 ipso-

765 920 877 954 rum
914 904 1251 958 felicitatem.
1286 905 1494 974 Singuli
1524 921 1654 959 vero
1675 923 1865 975 equos,
1915 909 2151 960 camelos
2181 922 2299 958 mu-

761 995 948 1061 Iusque
973 996 1308 1062 pulchriores
1331 1000 1640 1053 ostentandi
1666 1000 1837 1068 gratia
1870 999 2292 1052 adducunt.Rex

760 1101 883 1137 cum
922 1087 1163 1140 venisset
1192 1085 1536 1156 Byzantium,
1577 1090 1717 1144 haud
1755 1097 1923 1142 nmlto
1952 1100 2073 1159 post
2111 1099 2294 1144 secuta

759 1184 842 1226 est
869 1161 1282 1244 classis.",ré'gia,
1308 1179 1361 1231 in
1413 1194 1518 1245 qua
1565 1190 1722 1234 erant
1756 1183 2006 1235 triremes
2053 1171 2294 1249 triginta,

761 1276 924 1314 naves
970 1262 1210 1318 minores
1235 1266 1500 1320 ducentae.
1530 1266 1704 1322 Graeci
1736 1270 1825 1322 uhi
1853 1270 2168 1323 intellexere
2183 1269 2297 1322 ad-

757 1369 970 1407 versum
997 1370 1056 1408 se
1076 1356 1368 1410 adventare
1407 1359 1639 1414 classem
1679 1360 1903 1425 regiam,
1935 1370 2156 1414 catenas
2190 1359 2297 1414 fer-

758 1460 879 1498 reas
906 1446 974 1499 ab
1009 1448 1140 1502 urbe
1170 1463 1290 1514 qua:
1317 1465 1378 1502 ex
1412 1450 1642 1505 adverso
1689 1459 1828 1512 erat,
1858 1452 2216 1505 extenderunt
2245 1453 2294 1505 in

757 1533 1000 1604 Byzantii
1047 1553 1258 1590 murum
1325 1554 1490 1607 prope
1546 1555 1748 1594 arcem.
1800 1539 1977 1595 Naves
2035 1551 2294 1608 praeterea

758 1637 1020 1692 quotquot
1045 1630 1291 1688 aderant.
1323 1645 1554 1697 quarum
1581 1633 1824 1698 quaedam
1859 1634 2044 1687 auxilii
2088 1633 2294 1688 ferendi

756 1723 950 1786 gratia,
985 1720 1226 1788 quaedam
1271 1722 1530 1776 mercium
1574 1727 1917 1794 appulerant,
1961 1726 2100 1782 intra
2153 1735 2300 1779 cate-

755 1825 855 1864 nas
895 1812 1119 1872 sistunt,
1157 1818 1214 1864 ut
1245 1813 1394 1870 aditu
1442 1815 1642 1881 regiam
1671 1815 1895 1871 classem
1923 1817 2292 1880 excluderent,

2397 632 2541 684 σιτία
2569 629 2922 699 ἐπιφέρεσθαι
2981 629 3138 677 ίκανα
3173 622 3322 689 σφίσι
3344 637 3403 672 τε
3454 618 3636 677 αὐτοῖς
3686 615 3776 666 καὶ
3815 616 3903 672 τοῖς

2394 722 2573 783 ἄλλοις
2603 719 2786 781 ἵπποις
2810 735 2868 770 τε
2891 718 2984 770 καὶ
3012 701 3264 783 ’ἀνδράσμ
3294 710 3457 764 Μόνοι
3485 709 3540 761 δὲ
3559 701 3700 760 οὗτοι
3729 704 3903 773 ἀνθρώ-

2394 827 2532 873 πων,
2561 804 2634 863 ὧν
2661 811 2821 879 ἡμεῖς
2855 801 3482 875 ίσμεν,ηάσφαλιζόμενοι
3516 800 3666 864 σφίσι
3712 798 3776 847 τὰ
3811 797 3907 844 ἑπι-

2398 907 2575 972 τήδια.
2607 904 2729 956 ὅποι
2780 902 2844 956 ἂν
2877 899 3297 968 στρατεύωνται,
3337 894 3476 947 ὥστε
3521 890 3757 957 αὐτάρκη
3793 883 3908 936 εἶναι

2401 996 2606 1059 αὐτοῖς,
2639 992 2734 1045 καὶ
2756 992 3058 1060 καμήλους,
3121 987 3215 1041 καὶ
3278 985 3533 1054 ἡμῖόνους
3561 982 3633 1041 ὡς
3688 977 3910 1036 πλείστας

2396 1086 2743 1153 περιάγονται
2773 1085 2825 1143 ἐς
2850 1083 2918 1134 τὰ
2946 1081 3248 1149 ἐπιτήδεια,
3276 1078 3370 1132 καὶ
3421 1075 3681 1144 ἡμιόνους
3747 1072 3797 1132 ἐς
3831 1071 3910 1127 τὴν

2395 1175 2561 1241 ἄλλην
2581 1173 2759 1225 αὐτῶν
2794 1170 3158 1238 εὐδαιμονίαν,
3196 1168 3358 1228 αὐτός
3401 1181 3483 1225 τις
3538 1163 3784 1220 ἕκαστος,
3838 1157 3910 1209 ir.-

2396 1283 2530 1329 πους
2557 1282 2616 1317 τε
2642 1266 2736 1316 καὶ
2756 1264 3041 1334 ,καμήλους
3086 1262 3180 1313 καὶ
3227 1259 3483 1328 ἡμιόνους
3527 1255 3654 1316 τοὺς
3692 1249 3909 1307 καλλίους

2394 1356 2574 1424 ἐαυτῷ
2606 1355 2961 1422 ἐπειγόμενος
2994 1349 3390 1405 ἐνδείκνυσθαι.
3426 1343 3845 1413 Παραγενομένῳ
3867 1337 3911 1388 δὲ

2396 1447 2603 1516 βασιλεῖ
2627 1447 2685 1498 οὺ
2718 1445 2896 1512 πολλῷ
2925 1443 3149 1508 ὕστερον
3176 1439 3359 1508 παρῆν
3383 1437 3476 1491 καὶ
3504 1439 3532 1490 ὁ
3567 1435 3743 1496 στόλος
3790 1430 3910 1492 αὐτῷ

2393 1537 2481 1592 διὰ
2503 1537 2797 1601 θαλάσσης,
2833 1535 3077 1602 τριήρεις
3107 1534 3202 1601 μέν
3227 1532 3300 1591 ὡς
3327 1530 3643 1597 τριάκοντα,
3680 1525 3828 1576 πλοῖα
3869 1521 3912 1572 δὲ

2398 1631 2569 1700 μικρά
2597 1629 2740 1698 ἀμφὶ
2765 1628 2831 1680 τά
2862 1627 3129 1680 διακόσια.
3169 1626 3426 1694 Ἕλληνες
3459 1624 3556 1690 μὲν
3582 1621 3673 1686 οβν
3697 1621 3768 1680 ὡς
3810 1617 3914 1668 trai-

2395 1723 2548 1774 θοντο
2567 1721 2778 1773 ἐπιέναι
2810 1721 2959 1785 σφίσι
2989 1718 3077 1771 τὸν
3095 1717 3355 1786 βασιλέως
3386 1715 3590 1774 στόλον,
3619 1712 3703 1765 διὰ
3745 1710 3912 1762 θαλάσ-

2397 1829 2498 1879 σης
2535 1811 2704 1873 πέδας
2737 1809 2986 1879 σιδηροῦς
3021 1809 3378 1867 διατείνοντες
3405 1805 3513 1856 ἀπὸ
3557 1804 3657 1871 τῆς
3694 1817 3917 1853 καταντι-

757 1917 823 1954 nc
856 1904 999 1955 intra
1047 1911 1255 1966 portum
1299 1906 1524 1958 veniret.
1581 1906 1629 1959 ls
1671 1908 1814 1959 enim
1840 1905 1902 1958 ad
1933 1908 2116 1959 urbem
2147 1915 2294 1974 patet

2404 1876 2502 1973 κρῖ)
2536 1888 2741 1966 πόλεως
2767 1905 2822 1963 ἐς
2845 1876 2909 1954 τὸ
2936 1903 3112 1968 τεῖχος
3144 1902 3238 1952 τοῦ
3291 1897 3587 1959 Βυζαντίου
3648 1893 3792 1959 παρὰ
3835 1893 3915 1952 τὴν

756 1993 945 2047 stadiis
1014 1996 1351 2061 octuaginta,
1392 1996 1520 2047 etin
1583 1997 1949 2049 continentem
1983 2011 2042 2050 se
2067 1997 2295 2065 porrigit

757 2087 952 2142 stadiis
1007 2097 1222 2139 centum
1290 2098 1342 2141 et
1395 2091 1807 2157 quinquaginta.
1869 2088 2028 2145 Urbis
2077 2092 2293 2158 quidem

758 2178 902 2231 illius
943 2180 1138 2232 mmnia
1182 2180 1323 2234 haud
1383 2181 1672 2234 admodum
1708 2181 1856 2234 firma
1892 2189 2039 2244 sunt,
2068 2197 2165 2235 nec
2198 2181 2296 2234 ad-

758 2269 976 2322 modum
1012 2285 1202 2338 magna
1236 2270 1455 2324 flumina
1491 2272 1671 2336 habet,
1703 2283 1761 2326 ut
1801 2286 1964 2325 naves
2011 2271 2298 2325 advenien-

754 2369 837 2414 tes
874 2363 1264 2430 periclitentur.
1306 2363 1420 2427 Qua
1456 2379 1582 2417 vero
1621 2365 1750 2417 urhs
1781 2373 1986 2432 spectat
2011 2363 2296 2417 continen-

758 2463 890 2514 tem,
922 2469 1104 2506 muros
1131 2455 1289 2506 habet
1323 2454 1458 2507 duos
1501 2454 1860 2506 firmissimos.
1893 2451 2044 2506 Unus
2075 2467 2300 2514 magnus

756 2553 810 2592 et
833 2542 1197 2595 memorabilis
1214 2550 1296 2596 est
1313 2560 1326 2593 :
1350 2544 1485 2595 alter
1503 2552 1652 2596 extra
1672 2542 1807 2595 situs
1829 2553 1934 2602 est,
1975 2558 2158 2595 verum
2177 2559 2302 2610 pne-

755 2631 968 2685 c.-deuti
1005 2632 1203 2697 minor,
1247 2631 1450 2686 fossam
1513 2631 1818 2701 suhjectarn
1865 2631 2074 2687 habens
2120 2632 2302 2687 latitu-

754 2719 1086 2787 dinejugeri,
1122 2722 1392 2790 lapidibus
1430 2709 1797 2776 exstructam.

2398 1996 2691 2065 ἀκρόπολιν
2732 1991 3090 2058 καλουμένην,
3122 1990 3212 2041 καὶ
3238 1987 3334 2048 τάς
3366 2003 3424 2038 τε
3463 1983 3615 2047 ναῦς,
3656 1985 3774 2035 ὅσαι
3821 1980 3920 2031 ἐτυ-

2399 2108 2490 2158 χον
2517 2087 2952 2157 παραγενόμεναι
2985 2082 3171 2145 αὑτοῦ,
3200 2083 3252 2134 αί
3281 2081 3380 2151 μέν
3420 2079 3558 2148 μετά
3599 2073 3918 2144 ξυμμαχιῶν.

2400 2184 2452 2233 αἱ
2485 2179 2539 2233 δέ
2571 2180 2663 2232 καὶ
2682 2178 2943 2247 ἐμπορίας
2975 2175 3156 2244 χάριν,
3200 2173 3461 2242 φέροντες
3507 2169 3834 2222 καθίστασαν
3878 2164 3923 2222 ἐς

2401 2277 2498 2336 τὰς
2531 2273 2718 2333 πέδας.
2742 2270 2854 2322 Καὶ
2883 2269 3022 2320 οὕτω
3053 2267 3345 2320 διενοοῦντο
3369 2263 3685 2317 διακωλύειν
3718 2261 3806 2312 τὸν
3848 2257 3924 2325 βα-

2404 2364 2593 2425 σιλέως
2623 2359 2807 2414 στόλον
2836 2359 2910 2428 μὴ
2941 2357 3195 2427 παριέναι
3237 2357 3367 2410 stato
3409 2355 3466 2417 ἐς
3522 2352 3616 2406 τὸν
3659 2350 3924 2413 Βυζαντίου

2402 2454 2617 2518 λιμένα.
2649 2452 2835 2519 Διήκει
2864 2451 2974 2518 γὰρ
3003 2449 3152 2509 ἐντος
3177 2449 3271 2500 ἐπὶ
3291 2447 3538 2508 σταδίους
3564 2443 3704 2498 κατὰ
3737 2443 3830 2511 μὲν
3851 2441 3927 2502 τὴν

2405 2545 2558 2596 πόλιν
2589 2541 2933 2611 ὀγδοήκοντα,
2969 2537 3060 2590 ἐπὶ
3112 2537 3168 2589 δέ
3220 2538 3318 2605 τὴν
3369 2535 3537 2604 ᾇλλην
3583 2535 3808 2601 ἠπειρον
3847 2529 3927 2595 τῆς

2404 2639 2590 2706 χώρας
2641 2635 2734 2688 ἐπὶ
2777 2634 2970 2687 ἐκατδν
3020 2632 3112 2684 καὶ
3173 2632 3532 2698 πεντήκοντα.
3586 2628 3662 2680 Τὺ
3716 2626 3810 2695 μὲν
3853 2617 3929 2674 οὖν

2401 2731 2576 2798 τεῖχος
2639 2729 2842 2794 ταύτης
2870 2728 2970 2795 τῆς
3034 2725 3238 2786 πόλεως
3289 2723 3351 2775 οὐ
3409 2722 3554 2775 πάνυ
3618 2736 3699 2772 τοι
3756 2714 3930 2798 ὀχυρὸν

752 2813 833 2875 ὂν,
888 2811 1010 2865 οὕτε
1066 2814 1313 2884 ῥεύματα
1374 2815 1487 2884 ἔχει
1545 2815 1772 2882 μεγάλα,
1835 2815 2086 2876 ὥστε,τᾶ
2151 2818 2310 2871 πλοῖα
2367 2794 2754 2892 παραπλέοντα
2842 2794 3145 2887 πράγματα
3200 2817 3365 2885 ἔχειν.
3425 2813 3558 2867 Κατ’
3614 2812 3836 2880 ἤπειρον
3886 2794 3932 2856 δὲ

755 2903 906 2956 ἐστδν
957 2907 1065 2958 δύω
1115 2909 1288 2975 τεὶχεε
1348 2908 1447 2972 τῆς
1497 2907 1724 2971 πόλεως,
1777 2911 1836 2961 τὸ
1891 2911 1988 2976 μὲν
2045 2911 2184 2977 μέγα
2235 2928 2292 2964 τε
2330 2916 2422 2966 καὶ
2473 2914 2619 2978 ἄξιον
2663 2913 2846 2982 λόγου,
2887 2913 2948 2965 τὸ
3005 2912 3060 2965 δέ
3117 2911 3357 2972 ἔλαττον,
3407 2907 3566 2968 ἐκτὸς
3616 2908 3673 2965 ὲς
3703 2902 3800 2972 τὴν
3849 2899 3930 2951 ’δί’

754 3017 888 3067 φρον
941 3000 1349 3067 ὑπερκείμενον.
1403 3001 1617 3066 Τάφρος
1665 3000 1721 3052 δὲ
1769 3001 1986 3053 ἔπεστιν
2020 3001 2407 3076 ᾠκοδομημένη
2466 3007 2653 3070 λίθοις,
2689 3007 2750 3058 τὺ
2801 3001 2956 3074 εὖρος
3021 3000 3329 3071 πλεθριαία.
3374 3063 3381 3071 ι

825 3090 936 3144 Rex
955 3106 1073 3141 cum
1095 3089 1296 3142 Graecis
1326 3089 1682 3152 deliberabat,
1709 3088 1924 3142 ubinam
1947 3092 2301 3145 resistendum

2477 3096 2566 3165 Τῷ
2624 3098 2721 3166 μὲν
2762 3091 2854 3147 οὖν
2904 3093 3113 3162 βασιλεῖ
3159 3091 3249 3144 καὶ
3295 3090 3411 3152 τοῖς
3459 3085 3682 3156 Ἕλλησι
3730 3085 3932 3156 βουλευ-

754 3190 898 3234 esset
917 3180 1331 3234 hosti.’l‘andem
1359 3181 1530 3232 visum
1546 3189 1647 3246 est,
1675 3182 1888 3235 utirent
1905 3183 1958 3234 in
1981 3183 2302 3236 exteriorem

755 3287 990 3331 tuarum,
1013 3271 1103 3339 qui
1117 3271 1514 3324 fossatnunitus
1533 3282 1667 3331 erat.
1687 3285 1739 3324 et
1753 3283 2113 3342 repugnarent
2137 3273 2305 3337 hosti,

753 3363 1206 3429 quemadmodum
1230 3362 1466 3417 fecerant
1485 3378 1607 3416 cum
1625 3363 1786 3435 20‘.
1802 3366 2083 3419 Amurates
2104 3363 2305 3435 Byzano

759 3457 889 3506 tium
909 3461 1330 3521 oppugnaverat.
1355 3451 1460 3506 Rex
1483 3452 1804 3509 Mechmetes
1823 3456 2083 3508 continuo
2103 3455 2305 3510 Inachi-

758 3561 855 3596 nas
875 3545 1127 3612 plurimas
1147 3545 1262 3597 urbi
1286 3544 1542 3599 admovit.
1561 3544 1892 3599 Bomhardas
1907 3545 2039 3599 duas
2058 3547 2305 3614 expedie-

761 3634 1087 3699 lrat,quihus
1109 3633 1304 3686 mteuia
1345 3643 1632 3687 sterneret.
1658 3631 1827 3686 Unam
1859 3647 2187 3703 Opposuerat
2226 3653 2306 3689 re-

760 3725 864 3793 gali
884 3723 1189 3777 (ir-amorum
1211 3723 1408 3790 palatio
1431 3741 1442 3775 :
1463 3724 1688 3776 alteram
1713 3714 1982 3778 direxerat
2005 3726 2056 3778 in
2079 3726 2303 3780 Romani

762 3819 1090 3873 nominatam
1109 3828 1341 3883 portam,
1357 3817 1594 3883 adquam
1615 3818 1754 3886 regis
1772 3829 1946 3871 castra
1963 3821 2308 3874 erant.Eraot

759 3923 938 3965 autem
967 3910 1271 3964 bntnbarda!
1289 3925 1382 3979 per
1413 3920 1594 3965 castra
1621 3913 1854 3980 undique
1876 3912 2150 3981 dispersm,
2188 3933 2308 3984 qua:

757 4001 1070 4069 globulosin
1093 4001 1938 4071 Graecos]actabant.Bombard:e
1953 4022 2085 4074 quas
2106 4023 2195 4061 rex
2219 4010 2308 4060 ha-

765 4093 941 4149 huhat.
963 4093 1077 4145 dua:
1095 4096 1366 4158 maximae,
1387 4095 1704 4150 emittebant
1724 4096 1951 4160 lapidem
1994 4099 2088 4166 qui
2108 4116 2308 4168 appen-

761 4183 922 4236 dcbat
942 4185 1138 4238 talenta
1159 4183 1267 4239 duo
1287 4185 1421 4256 (56).
1445 4197 1534 4240 aut
1573 4188 1827 4255 amplius.
1853 4186 2084 4256 Lapides
2102 4191 2152 4243 hi
2174 4193 2306 4259 nigri

759 4283 939 4336 erant,
971 4284 1024 4327 et
1070 4279 1497 4344 apportahatrtur
1545 4278 1613 4331 ab
1643 4279 1854 4332 Euxino
1883 4279 2056 4333 Ponto
2089 4299 2182 4347 per
2217 4299 2310 4336 eos

761 4367 961 4434 quibus
989 4381 1081 4419 rex
1112 4370 1162 4418 id
1196 4371 1394 4436 negotii
1433 4368 1676 4422 dederat.
1714 4371 2132 4429 Botnbardarius
2167 4377 2308 4442 regis

765 4460 978 4511 nomine
1004 4455 1254 4512 Orbanus
1275 4474 1470 4527 genere
1510 4458 1687 4516 Dacus
1713 4472 1854 4523 erat.
1883 4473 1936 4517 et
1965 4475 2124 4518 antea
2168 4481 2302 4518 con-

763 4562 1012 4604 versatus
1040 4563 1156 4603 crat
1187 4567 1308 4602 cum
1338 4548 1561 4606 Graecis.
1583 4550 1783 4607 Deinde
1815 4554 2129 4622 relinquens
2156 4555 2306 4608 Grae—

763 4655 858 4692 cos
881 4641 1059 4708 in0pia
1096 4643 1172 4695 rei
1221 4641 1545 4711 familiaris,
1576 4656 1888 4701 accesserat
1916 4646 2115 4715 januas
2142 4647 2305 4714 regis.

764 4730 864 4784 llic
879 4733 945 4785 ab
965 4737 1421 4804 regeconductus,
1443 4752 1635 4808 magno
1662 4741 1836 4807 pretio
1861 4737 2182 4791 bombardas
2217 4752 2306 4806 pa-

768 4824 938 4876 rabat.
971 4824 1040 4878 Ea
1075 4840 1255 4881 autem
1286 4839 1627 4899 tempestate,
1651 4845 1760 4898 qua
1795 4829 2106 4900 Byzantium
2131 4844 2305 4897 oppu-

2404 3193 2620 3261 ομένοις
2685 3191 2929 3243 ἐδέδοκτο
2986 3184 3507 3255 παρατασσομένοις
3566 3183 3624 3244 ἐς
3681 3182 3745 3233 τὸ
3801 3178 3935 3236 ἐκτὸς

2403 3287 2578 3353 τεῖχος
2637 3281 2963 3352 ἀμύνεσθαι,
3017 3277 3104 3332 οἶα
3155 3281 3221 3349 τῇ
3284 3277 3476 3345 τάφρῳ
3543 3274 3936 3341 ὑπερκείμενον,

2403 3375 2542 3427 κατὰ
2579 3373 2649 3426 τὰ
2705 3373 2835 3439 πρὶν
2891 3369 3184 3437 δεδογμένα
3236 3367 3417 3434 σφίσιν
3459 3364 3551 3418 ἐπὶ
3581 3363 3934 3432 ’Δμουράτεω.

2403 3469 2492 3521 ὅτε
2542 3465 2848 3535 ἐπολιόρκει
2890 3464 2989 3530 τὴν
3043 3462 3221 3514 πόλιν.
3268 3459 3530 3519 Βασιλεὺς
3587 3458 3682 3525 μὲν
3743 3450 3836 3507 οὖν
3863 3452 3940 3504 aia-

2404 3559 2530 3611 τίκα
2589 3558 2688 3618 τάς
2744 3574 2802 3609 τε
2871 3555 3114 3625 μηχανὰς
3169 3553 3263 3604 καὶ
3311 3551 3476 3611 ἄλλας
3523 3547 3657 3618 ἄλλῃ
3713 3547 3815 3614 τῆς
3861 3542 3939 3593 πέ-

2405 3651 2540 3711 λεως
2589 3649 2918 3715 προσέφερε,
2965 3647 3058 3698 καὶ
3086 3646 3211 3704 τούς
3237 3659 3294 3694 τε
3332 3640 3650 3710 τηλεϐόλους
3674 3637 3774 3690 δύο
3815 3636 3939 3703 ἱδρυ-

2409 3740 2654 3806 σάμενος.
2691 3737 2886 3790 ἔτυπτε
2940 3738 3000 3790 τὸ
3046 3739 3242 3804 τεῖχος.
3296 3734 3511 3800 ’Ἱδρυτο
3555 3731 3612 3782 δέ
3651 3733 3675 3781 ὀ
3725 3729 3823 3797 μὲν
3850 3727 3939 3777 τιίν

2405 3828 2706 3894 τηλεόόλων
2768 3829 2907 3880 κατὰ,
2949 3830 3014 3880 τὰ
3059 3828 3278 3879 ἐκείνων
3327 3823 3592 3894 βασίλεια,
3637 3822 3666 3873 δ
3717 3822 3774 3873 δὲ
3819 3818 3939 3871 κατὰ

2405 3923 2502 3986 τὴν
2531 3920 2626 3973 τοῦ
2687 3919 2967 3986 Ῥωμανοῦ
3025 3917 3364 3985 καλουμένην
3416 3915 3610 3982 πύλην,
3670 3907 3818 3983 ᾖδὴ
3863 3911 3941 3960 καὶ

2408 4008 2570 4070 αὐτὸς
2598 4007 3083 4074 ἐστρατοπεδεύετο
3130 4004 3398 4074 βασιλεύς.
3443 4003 3689 4071 Ἰόρυντο
3729 4001 3827 4068 μὲν
3863 3997 3940 4049 καὶ

2407 4102 2537 4170 ἄλλῃ
2595 4101 2836 4168 πολλαχῆ
2890 4099 2982 4151 τοῦ
3056 4097 3417 4166 στρατοπέδου
3487 4094 3794 4163 τηλέεολοι,
3840 4090 3944 4158 βάλ’

2406 4191 2586 4253 λοντες
2617 4195 2672 4253 ἐς
2699 4193 2823 4252 τοὺς
2851 4189 3139 4255 Ἕλληνας.
3172 4184 3331 4241 Οὗτοι
3361 4187 3415 4238 δέ
3458 4185 3553 4238 δύο
3601 4187 3847 4253 μέγιστοι
3884 4181 3943 4230 λέ-

2409 4285 2497 4337 θον
2537 4285 2765 4346 ἕκαστος
2789 4286 3023 4352 ἠφίεσαν
3053 4282 3361 4334 διτάλαντον
3394 4279 3487 4330 καὶ
3515 4279 3789 4331 ἐπέκεινα.
3828 4277 3945 4332 Τοὺς

2411 4379 2466 4430 δέ
2519 4377 2700 4438 λίθους
2760 4376 2995 4444 μέλανας
3058 4374 3218 4436 δντας
3273 4372 3490 4438 λέγεται
3553 4372 3830 4438 ἐνεγκεῖν,
3880 4364 3944 4417 οἷς

2413 4469 2754 4531 ἐπετέτακτο,
2790 4466 2894 4520 ἀπὸ
2942 4465 3192 4528 Εὐξείνου
3247 4465 3442 4516 πόντου
3495 4465 3553 4526 ἐς
3589 4466 3650 4516 τὸ
3701 4463 3945 4533 βασιλέως

2416 4560 2794 4630 στρατόπεδον.
2860 4557 3254 4628 Τηλεσολιστὴς
3309 4557 3353 4609 δ’
3408 4551 3476 4627 ἦν
3531 4556 3626 4609 τοῦ
3705 4554 3945 4624 βασιλέως

2412 4653 2644 4721 τοῦνομα
2702 4649 2996 4717 Ὀρϐανδς,
3053 4648 3160 4712 sae
3208 4649 3269 4701 τὸ
3329 4651 3506 4718 γένος,
3554 4649 3651 4702 καὶ
3704 4647 3949 4715 πρότερον

2415 4744 2540 4814 παρ’
2595 4742 2817 4808 Ἕλλησι
2868 4740 3194 4808 διατρίϐων,
3241 4741 3335 4793 καὶ
3392 4739 3519 4801 τούς
3567 4756 3627 4789 τε
3698 4737 3950 4803 Ἕλληνας

2411 4833 2714 4896 ἀπολιπὼν,
2746 4830 2995 4896 δεόμενος
3057 4829 3194 4899 βίου,
3248 4828 3474 4896 ἀφίκετο
3515 4828 3669 4897 παρὰ
3733 4827 3830 4888 τὰς
3874 4825 3949 4874 θύ-

768 4915 1060 4984 gnabatur,
1098 4921 1403 4974 bombardze
1435 4923 1577 4984 duae,
1616 4937 1736 4991 quae
1766 4923 2062 4977 stabantah
2093 4931 2301 4988 utroqut

2421 4944 2519 4994 ρας
2545 4921 2639 4976 τοῦ
2682 4922 2962 4992 βασιλέως.
3021 4924 3115 4982 ὐς
3142 4921 3261 4972 τότε
3304 4919 3366 4986 δὴ
3400 4919 3816 4988 μεμισθωμένος
3845 4915 3952 4966 πολ-

767 5009 932 5060 latere
961 5009 1178 5073 tnajoris
1211 5011 1537 5074 bomhardaa,
1569 5011 2019 5065 incendebantur.
2045 5009 2134 5062 liae
2161 5009 2314 5062 emit-

767 5103 953 5154 tebant
981 5100 1208 5167 lapidem
1247 5103 1402 5170 cujus
1436 5104 1641 5171 pondus
1672 5114 1787 5156 erat
1827 5104 2104 5156 dimidium
2142 5103 2313 5156 talen.

768 5206 876 5247 tum
915 5194 1049 5263 (δῖ).
1075 5191 1166 5245 Ha:
1207 5193 1383 5257 itaque
1420 5211 1542 5248 cum
1589 5197 1778 5263 globos
1809 5211 1938 5248 suos
1976 5205 2308 5264 torquerent,

767 5283 907 5334 muri
947 5281 1152 5350 lapides
1172 5281 1596 5349 perfringebant.
1631 5285 1733 5338 Eos
1761 5285 1958 5338 deinde
1984 5285 2311 5353 sequebatur

767 5373 1064 5425 bombarda
1106 5374 1359 5431 maxima.
1393 5391 1510 5441 quae
1540 5377 1824 5444 torquebat
1877 5377 2095 5444 globum
2151 5375 2309 5443 cujus

769 5467 979 5534 pondus
1007 5469 1318 5522 continebat
1352 5470 1450 5523 tria
1489 5471 1706 5526 circiter
1737 5473 1957 5537 talenta,
1981 5479 2034 5526 et
2061 5484 2304 5539 magnam

2419 5018 2544 5079 λοῦ,
2612 5015 3058 5081 παρεσκευάσατο
3125 5013 3251 5073 τοὺς
3311 5009 3650 5078 τηλεῶλους.
3722 5011 3952 5077 ’Περίαντο

2415 5107 2470 5157 δὲ
2499 5103 2637 5157 οὕτω
2675 5117 2686 5130 ·
2723 5103 2913 5171 πρῶτα
2946 5104 3043 5171 μὲν
3076 5100 3329 5161 ἐλάττους
3351 5099 3673 5167 τηλεδόλους
3699 5101 3793 5153 δύο
3824 5099 3952 5156 παρὰ

2416 5196 2484 5247 τὰ
2511 5195 2710 5261 πλάγια
2743 5193 2834 5244 τοῦ
2883 5192 3117 5261 μεγάλου
3164 5190 3313 5253 ὄντες
3356 5189 3605 5258 ἠφίεντο,
3645 5191 3797 5242 λίθον
3837 5192 3950 5238 ἑπα-

2416 5290 2626 5356 φιέντες
2673 5286 3060 5355 ἡμιτάλαντον.
3102 5283 3211 5335 Καὶ
3257 5277 3401 5336 οὗτοι
3451 5283 3551 5352 μὲν
3594 5285 3644 5335 oi
3698 5284 3792 5336 δύο
3833 5278 3962 5330 λίθοι·

2417 5382 2709 5448 φερόμενοι
2763 5378 2948 5446 ἐδῄουν
2999 5376 3044 5406 ⁹¹
3097 5373 3222 5436 τοὺς
3271 5373 3490 5435 λίθους’
3545 5376 3684 5443 μετὰ
3737 5373 3793 5424 δέ
3845 5370 3950 5419 τοὶς

2416 5472 2508 5525 δύο
2569 5471 2748 5533 λίθους
2786 5467 2975 5535 ἠφίετο
3002 5468 3093 5518 καὶ
3115 5465 3141 5517 ὁ
3175 5465 3346 5534 μέγας
3369 5464 3542 5530 λίθος,
3573 5464 3698 5535 τρία
3736 5463 3950 5516 τάλαντα

2020 5572 2269 5648 Νοιυιεο
2293 5586 2689 5668 marginales.

841 5678 950 5744 ('56)
1001 5680 1146 5734 Ultra
1173 5694 1385 5736 centum
1418 5684 1597 5740 libras.

848 5798 892 5828 ³³
928 5799 1077 5868 Eat/3v
1112 5805 1165 5857 τὸ
1191 5808 1386 5876 τεῖχος.

2495 5685 2605 5752 ('57)
2642 5678 3034 5752 Quinquaginta
3059 5677 3230 5730 ιιὶη-ω.
