3994 6336
633 453 732 514 387

1672 447 1974 506 LAONlCl
2004 403 2667 506 ἐΗΑιευεοΝοΥιηε

3691 435 3791 502 388

633 574 836 622 structa
858 571 909 618 et
933 572 1113 632 parata
1145 563 1343 627 l’orent,
1369 574 1674 615 convocans
1696 575 2007 628 peregrtnos
2025 601 2039 624 ,
2067 575 2161 614 eos

2274 558 2579 622 εσκεύαστο,
2615 557 2950 623 συγκαλέσας
2974 558 3097 618 τοὺς
3123 556 3405 632 νεῄὶιιδας,
3431 554 3583 620 ἔλεγε
3603 553 3790 606 τοιῶδε·

632 657 715 713 sic
741 657 1002 709 allocutus
1027 665 1106 707 est
1137 671 1150 706 :
1180 651 1287 706 Viri
1311 652 1600 720 peregrini,
1622 652 1833 719 meique
1861 650 2023 718 208
2049 649 2164 711 lilii,

635 750 725 816 qui
748 762 956 815 semper
983 761 1096 799 rem
1124 745 1378 814 prazclare
1428 742 1639 810 geritis,
1673 757 1990 809 quocunque
2042 740 2165 793 belli

635 846 1001 905 tempestatem
1044 846 1276 914 vertero,
1301 834 1352 885 in
1377 835 1528 886 vobis
1555 843 1700 887 certo
1753 834 1916 885 situm
1956 839 2058 893 est,
2109 839 2166 883 ut

635 931 765 982 urbs
825 929 912 982 illa
967 936 1280 996 occupetur.
1333 926 1516 988 Scitis,
1541 941 1664 978 cum
1696 925 2017 978 sententiam
2069 938 2168 977 vos

635 1020 1043 1086 interrogarem,
1071 1016 1213 1083 quod
1250 1015 1604 1082 respondistis
1635 1018 1820 1066 urbem
1847 1023 2004 1083 captu
2049 1029 2169 1069 esse

636 1107 867 1169 lacilrm,
931 1105 978 1159 si
1025 1104 1215 1158 saltem
1278 1102 1415 1154 muri
1469 1109 1858 1154 sternerentur.
1920 1099 2169 1153 Circum-

637 1201 827 1250 εισι-ωε
858 1196 1023 1263 igitur
1057 1209 1152 1246 vos
1207 1192 1553 1260 interrogavi.
1586 1190 1630 1243 si
1684 1192 1819 1260 satis
1871 1189 1982 1258 iam
2029 1192 2167 1243 muri

635 1286 881 1353 dissipati
911 1285 1214 1336 videantur.
1239 1279 1477 1334 Tantum
1519 1281 1682 1350 igitur
1711 1281 1874 1340 muri.
1909 1288 2168 1344 quantum

637 1378 769 1429 satis
801 1375 1092 1441 apparebat
1121 1373 1294 1432 vobis.
1336 1371 1747 1426 bombardarum
1794 1374 1992 1440 impetu
2047 1386 2170 1425 cor-

639 1477 840 1519 ruerat.
864 1463 1218 1532 Nuncitgque
1251 1472 1374 1516 cum
1412 1471 1621 1530 tempus
1667 1464 1928 1532 postulet,
1970 1472 2026 1515 ut
2069 1479 2167 1531 0p-

640 1559 1016 1627 pttgnationem
1057 1523 1209 1611 tirbis
1238 1557 1592 1626 occipiamus,
1627 1558 1739 1611 haec
1784 1559 1937 1611 vobis
1981 1573 2171 1626 propo-

641 1665 767 1702 nere
798 1651 960 1701 volui.
992 1647 1097 1703 Vos
1148 1649 1238 1716 qui
1291 1649 1491 1716 ubique
1540 1663 1660 1702 cum
1712 1648 1852 1716 apud
1902 1664 2006 1711 me,
2058 1660 2168 1702 tum

2270 651 2491 719 ’Ἄνδρες
2528 650 2800 717 νεήλυδες,
2826 651 2918 702 καὶ
2949 651 3070 716 ἐμοὶ
3105 650 3310 710 παῖδες,
3335 647 3400 700 τὰ
3430 646 3690 699 κάλλιστα
3713 647 3796 700 ἀεὶ
3838 639 3841 641 ’

2264 739 2385 792 ὅποι
2409 739 2475 792 ἂν
2526 739 2903 808 στρατεύωμαι
2954 739 3348 807 ἀριστεύοντες,
3390 736 3477 803 ἐφ’
3523 738 3655 805 ὑμῖν
3700 736 3794 804 ἤδη

2266 831 2412 882 ἐστὶν
2447 830 2646 884 ἁλῶναι
2678 830 2836 901 τήνδε
2885 829 2982 900 τὴν
3012 829 3204 882 πόλιν·
3246 829 3364 881 ἴστε
3403 829 3459 880 δὲ
3509 829 3604 879 καὶ
3651 826 3797 880 τόδε*

2265 923 2426 973 ὁπότε
2458 921 2744 992 ὲπηρόμην
2790 922 2955 990 ὑμᾶς,
3018 923 3280 988 ἑφάσκετε
3340 920 3617 987 ἁλώσιμον
3667 915 3799 972 εἶναι

2266 1012 2364 1079 τὴν
2413 1014 2588 1073 πόλιν,
2642 1015 2693 1066 εί
2745 1016 2904 1081 μόνον
2934 1013 3001 1066 τά
3057 1013 3211 1084 τείχη
3241 1013 3370 1082 ὑμῖν
3419 1013 3815 1081 καταϐάλοιμι.’

2269 1107 2551 1172 Περιόιγων
2571 1106 2626 1158 δὲ
2669 1108 2830 1174 ὑμᾶς,
2879 1107 3182 1176 ἐπηρόμην,
3211 1107 3259 1158 εί
3321 1107 3519 1168 [κανῶς
3571 1105 3797 1157 καταδέ-

2269 1199 2459 1265 6ληται
2502 1199 2602 1268 ἤδη
2659 1197 2750 1251 τοῦ
2784 1200 3016 1268 τείχους,
3049 1202 3140 1252 καὶ
3192 1203 3248 1263 ἐς
3285 1201 3406 1251 ὅσον
3447 1202 3576 1265 ὑμῖν
3609 1199 3798 1257 ἱκανῶς

2270 1287 2412 1355 ἔχειν
2442 1287 2608 1350 ἔδοξε,
2643 1289 3019 1341 κατεϐάλλετο.
3046 1289 3159 1341 Νῦν
3211 1289 3268 1342 δὲ
3313 1288 3499 1359 ἐπειδὴ
3530 1288 3651 1355 ὥρα
3693 1289 3802 1339 ἐστὶ

2268 1381 2366 1448 τὴν
2401 1379 2696 1448 προσϐολὴν
2731 1381 3022 1444 ποιεῖσθαι,
3056 1379 3179 1434 τάδε
3239 1383 3584 1451 προτίθεμαι.
3622 1380 3801 1447 Ὑμεῖς

2271 1471 2552 1538 ἁπανταχῆ
2579 1470 2736 1536 δόξαν
2789 1471 2938 1538 παρά
2994 1475 3105 1534 τοῖς
3158 1474 3470 1540 προγόνοις,
3532 1473 3627 1524 καὶ
3683 1475 3802 1540 ἐμοὶ

2269 1568 2462 1632 εὐκλεῆ
2495 1568 2824 1636 ἀνελόμενοι,
2866 1568 3370 1638 συγκατεργάζισθε
3396 1568 3494 1636 τὴν
3533 1566 3803 1636 βασιλείαν

2268 1660 2410 1727 ἐμοὶ.
2453 1661 2593 1711 Ἰστε
2616 1659 2676 1720 δὴ
2704 1654 2796 1710 οὖν
2831 1661 2929 1710 ὅσα
2975 1659 3218 1728 ὑπάρχια
3242 1659 3310 1723 ’⁸,
3363 1660 3420 1711 ιν
3442 1675 3498 1710 τε
3546 1662 3610 1728 τῇ
3655 1660 3802 1723 Ἀσία

640 1741 777 1805 apud
812 1742 1044 1805 majores
1075 1749 1291 1792 nostros
1320 1754 1530 1806 semper
1556 1739 1846 1806 plurimum
1907 1740 2082 1794 laudis
2113 1750 2165 1795 et

2274 1752 2360 1801 καὶ
2391 1752 2444 1801 ἐν
2467 1754 2528 1820 τῇ
2578 1749 2811 1824 Εὐρώπῃ
2856 1739 3210 1818 τυγχάνουσιν
3267 1751 3418 1811 ὄντα,
3455 1750 3658 1802 τούτων
3705 1752 3801 1817 τὴν

641 1832 822 1896 gloria
852 1830 1010 1882 rebus
1035 1830 1246 1881 l‘ortiter
1278 1830 1442 1896 gestis
1496 1830 1796 1897 invenistis,
1844 1835 1976 1897 rogo
2017 1830 2166 1884 Gm-

640 1930 824 1966 corum
854 1930 1071 1980 regnum
1119 1931 1308 1981 parare
1345 1916 1540 1969 velitis.
1566 1918 1714 1970 llaud
1770 1934 1863 1973 vos
1915 1922 2170 1987 praeterit,

642 2015 773 2070 quot
802 2006 955 2057 nobis
1011 2005 1064 2057 in
1117 2005 1323 2074 EnrOpa
1375 2008 1608 2074 Asiaque
1663 2009 1991 2075 pra-rectura:
2041 2013 2170 2064 sint.

644 2092 841 2146 Harum
885 2105 935 2146 et
963 2096 1377 2164 pulcherrimam
1427 2108 1480 2150 et
1512 2099 1768 2165 optimam
1795 2101 1842 2152 ei
1892 2101 2052 2166 dabo,
2083 2102 2174 2170 qui

642 2185 919 2254 pritnusin
945 2201 1254 2254 supremum
1282 2203 1490 2240 murum
1523 2190 1780 2249 evaserit.
1819 2194 2177 2260 eumdemque

645 2291 740 2342 pro
770 2275 1029 2341 dignitate
1064 2278 1329 2332 honorare
1365 2296 1470 2333 non
1522 2283 1768 2334 cessabo.
1803 2280 1948 2335 Hanc
1995 2295 2173 2352 autem

644 2367 691 2418 ei
721 2369 944 2435 gratiam
975 2367 1224 2429 referant,
1265 2377 1321 2421 ut
1347 2387 1373 2419 ιι
1429 2388 1512 2425 me
1537 2373 1766 2439 accipiat
1817 2364 2172 2442 principatum

646 2458 962 2524 opulentum
987 2473 1000 2508 :
1024 2467 1079 2510 et
1101 2459 1286 2513 sedulo
1309 2465 1542 2526 annitar,
1579 2474 1629 2513 ut
1658 2465 1941 2530 plurimum
1983 2466 2052 2518 ab
2084 2482 2177 2518 no-

647 2547 744 2598 stri
792 2547 1007 2615 generis
1047 2548 1354 2603 hominibus
1406 2550 1696 2604 honoretur
1755 2565 1810 2606 et
1851 2555 2172 2609 celebretur.

650 2637 811 2691 l’orro
837 2639 881 2692 si
927 2640 1216 2703 rescivero,
1270 2641 1397 2694 dum
1449 2645 1775 2710 Oppugnatio
1839 2643 2029 2708 fervet,
2080 2647 2177 2698 ali-

647 2745 804 2796 quem
835 2731 887 2782 in
921 2732 1163 2785 tentoriis
1197 2747 1415 2786 manere
1462 2740 1516 2787 et
1554 2736 1694 2786 muri
1722 2737 2177 2805 oppugnationem

648 2819 916 2887 refugere,
951 2823 993 2873 is
1017 2821 1275 2889 proiecto,
1310 2821 1410 2875 etsi
1471 2825 1642 2877 instar
1667 2826 1901 2881 volucris
1933 2829 2049 2882 alas
2082 2831 2178 2882 ba-

650 2913 817 2976 beret,
877 2927 1152 2979 nunquam
1201 2923 1438 2979 nostras,
1493 2918 1781 2982 quominus
1856 2920 2175 2987 supplicium

649 3004 760 3065 det,
791 3004 1006 3071 ell'ugiet
1043 3017 1255 3057 manus.
1314 3002 1388 3056 lte
1421 3005 1604 3074 igitur,
1638 3023 1867 3076 pugnam
1925 3012 2080 3062 istam
2126 3022 2178 3064 et

652 3095 1068 3162 pulcherrimam
1094 3106 1146 3146 et
1182 3095 1644 3163 opulentissimam
1695 3101 1978 3165 capessite.
2042 3099 2172 3152 Nam
2202 3096 2243 3151 C

651 3195 870 3255 manent
911 3200 1020 3242 vos.
1053 3201 1283 3253 quorum
1308 3187 1610 3254 potiemini,
1639 3188 1694 3240 in
1723 3191 1853 3242 urbe
1879 3194 1978 3242 ista
2027 3207 2177 3244 man-

649 3275 786 3342 cipia
818 3275 1046 3343 plurima
1085 3285 1142 3329 et
1173 3277 1432 3343 pretiosa,
1483 3277 1737 3331 mulieres
1781 3289 1834 3331 et
1857 3281 2032 3345 liberi,
2097 3281 2180 3333 ui-

649 3367 895 3434 vitiaque
929 3367 1196 3434 plurimae.
1261 3365 1383 3419 Haec
1428 3367 1691 3420 dicentem
1755 3369 2074 3424 decuriones
2125 3381 2178 3422 et

650 3459 1044 3526 manipulorum
1066 3458 1344 3522 ductores,
1401 3458 1490 3526 qtti
1522 3471 1810 3512 ascensum
1858 3461 2017 3523 muri,
2073 3476 2174 3530 qua

653 3558 800 3615 parte
822 3547 1087 3616 irrupturi
1120 3555 1299 3613 erant,
1329 3549 1488 3612 dejiei
1525 3549 1836 3604 bombardis
1886 3551 2174 3618 iusserant,

649 3653 828 3705 regem
861 3641 996 3690 bono
1018 3638 1199 3691 animo
1229 3652 1350 3692 esse
1372 3641 1584 3704 jnbent,
1623 3649 1679 3694 ut
1722 3642 1811 3709 qui
1876 3643 1926 3693 in
1989 3645 2175 3696 urbem

650 3731 793 3779 citra
848 3742 1060 3781 omnem
1125 3729 1616 3795 tergiversationem
1679 3732 1788 3783 sint
1845 3734 2175 3797 procursuri.

653 3817 912 3870 Petebant
935 3826 1111 3869 autem
1147 3824 1200 3869 ut
1235 3833 1328 3870 rex
1371 3817 1501 3887 ipsis
1548 3821 1685 3872 lianc
1718 3824 1941 3888 gratiam
1992 3837 2178 3889 repen-

653 3910 822 3960 det-et.
852 3907 907 3958 ιιι
932 3907 1141 3959 vincula
1176 3905 1300 3960 duci
1330 3916 1656 3975 praeceperat
1691 3923 1781 3960 rex
1818 3909 1982 3975 viros,
2043 3927 2177 3978 quos

651 3997 1028 4064 suspicabatur
1053 3997 1290 4050 victoria
1350 4000 1553 4050 navalis
1611 4000 1957 4066 impedienda:
2010 4002 2178 4070 gratia

651 4089 1024 4154 gubernatoris
1096 4089 1314 4141 oculum
1392 4091 1724 4142 vulnerasse.
1778 4091 1890 4145 Hos
1948 4093 2178 4146 vinculis

652 4178 811 4230 eximi
846 4188 896 4232 et
927 4182 1222 4245 impunitos
1258 4180 1454 4231 dimitti
1505 4179 1836 4247 ﬂagitabant.
1878 4179 1991 4234 Rex
2028 4198 2180 4250 pere-

606 4305 611 4312 .
652 4272 928 4337 grinorum
965 4286 1150 4336 preces
1184 4270 1324 4323 haud
1351 4279 1432 4323 est
1465 4283 1740 4324 aversatus
1768 4289 1782 4337 ;
1816 4287 1998 4326 verum
2031 4285 2087 4326 ut
2113 4276 2177 4329 iis

652 4376 763 4412 rem
793 4369 996 4426 gratam
1028 4361 1251 4423 laceret,
1303 4363 1542 4430 captivos
1573 4377 1786 4418 carcere
1833 4366 2036 4418 emisit.
2093 4366 2175 4418 ln-

652 4463 795 4504 terea
828 4466 945 4503 cum
969 4451 1072 4517 μω
1105 4461 1333 4519 tempus,
1366 4439 1472 4522 quo
1511 4457 1960 4523 Oppugnatiouem
1995 4458 2174 4526 auspi-

649 4549 868 4593 caturns
894 4549 1030 4601 erat,
1068 4541 1310 4602 instaret,
1378 4557 1471 4608 per
1520 4553 1696 4595 castra
1745 4545 1880 4596 edici
1909 4544 2088 4611 jubet,
2117 4559 2177 4596 se

651 4632 1034 4685 incrastinnm
1091 4641 1355 4685 matutino
1430 4643 1666 4698 tempore
1739 4644 2176 4701 oppugnaturum

653 4722 856 4776 urbem.
889 4720 1208 4775 Pronuntiat
1240 4738 1460 4775 munera
1500 4733 1552 4776 et
1599 4725 1738 4776 dona
1785 4739 1833 4776 et
1862 4725 1952 4792 qui
1989 4724 2041 4776 in
2075 4725 2176 4778 ista

649 4814 1042 4880 oppugnatione
1067 4800 1134 4872 sci
1155 4815 1358 4880 optime
1390 4814 1612 4883 gesserit
1638 4833 1652 4878 ;
1678 4814 1752 4868 illi
1784 4825 1960 4868 autem
1995 4818 2084 4886 qui
2117 4830 2176 4868 se

650 4907 829 4972 praelio
854 4904 1201 4966 subtraxerit,
1262 4907 1489 4971 capitale
1519 4907 1840 4974 supplicium
1897 4907 2175 4974 praemium

648 5000 762 5047 lore
786 4993 966 5047 edicit.
996 4993 1241 5047 Ztcbides
1267 4998 1318 5046 in
1357 5007 1531 5049 castra
1561 5003 1851 5066 progressi,
1881 4998 1937 5051 in
1976 5013 2177 5064 memo-

648 5087 778 5136 riam
825 5085 1138 5151 redigebaut
1209 5083 1398 5139 Turcis
1454 5088 1698 5154 gloriam,
1760 5089 1851 5155 qui
1913 5089 2177 5143 hactenus

634 5173 988 5226 relaruisseut.
1024 5173 1284 5228 Praeterea
1326 5175 1598 5240 dicebant,
1649 5177 1817 5230 heroa
1877 5179 1944 5230 iis
1973 5179 2063 5245 qui
2119 5181 2173 5232 in

652 5264 847 5328 prazliis
865 5269 1266 5333 occumberent,
1299 5270 1678 5335 sempiternam
1716 5269 1950 5336 polliceri
2006 5271 2176 5323 beati-

617 5356 906 5410 'tudiuem.
959 5357 1465 5414 Comtltetnorabant
1502 5367 1554 5411 et
1585 5361 1711 5422 alia,
1781 5370 1836 5411 ut
1891 5375 2023 5428 gens
2082 5363 2170 5414 illa

617 5447 1057 5501 ‘assolet.Gr:Bci
1099 5453 1267 5502 virum
1319 5449 1481 5519 209
1535 5447 1858 5503 Januensem
1893 5451 2024 5520 (58).
2080 5458 2167 5523 qtti

2274 1841 2462 1908 βελτίω
2485 1841 2637 1894 δώσω
2660 1843 2736 1910 τῷ
2766 1841 2965 1912 πρώτῳ
2985 1843 3237 1895 ἀναϐάντι
3269 1845 3360 1894 ἐπὶ
3385 1843 3444 1894 τὸ
3466 1841 3796 1910 διάφραγμα.

2275 1933 2499 1999 Τιμήσω
2525 1933 2577 1983 δὲ
2603 1933 2806 1983 τούτων
2835 1929 2920 1984 οἷα
2944 1931 3108 1994 εἰκὸς,
3139 1933 3232 1982 καὶ
3255 1931 3584 1999 ἀμείψομαι,
3631 1933 3802 2000 ἀρχὴν

2273 2029 2641 2093 παρεχόμενος
2663 2025 2970 2093 εὐδαίμονα,
2999 2025 3088 2077 καὶ
3116 2024 3381 2090 ἀποδείξω
3433 2022 3804 2093 μακαριζόμεο

2275 2133 2361 2170 νον
2388 2117 2490 2168 ὑπὸ
2525 2118 2628 2170 τῶν
2648 2117 2737 2168 τοῦ
2765 2117 3032 2187 ἡμετέρου
3053 2109 3250 2184 ’γένους
3274 2115 3598 2189 ἀνθρώπων.
3629 2117 3722 2166 Ὃν
3761 2116 3804 2164 r’.‘

2277 2208 2342 2259 ἂν
2379 2207 2650 2275 αἴσθωμαι
2677 2208 2733 2258 ὲν
2789 2211 3012 2276 σκηναῖς
3046 2207 3536 2277 ἀναστρεφόμενον,
3587 2206 3682 2259 καὶ
3734 2209 3802 2273 μὴ

2278 2299 2580 2367 μαχόμενον
2629 2302 2684 2360 ἐς
2720 2299 2780 2351 τὸ
2812 2301 3010 2368 τεῖχος,
3037 2299 3149 2352 οὐδ’
3177 2299 3244 2351 ἂν
3284 2300 3329 2350 εἰ
3360 2299 3655 2366 πετόμενος
3670 2301 3807 2350 κατᾶ

2277 2389 2344 2439 τὰ
2371 2390 2546 2454 πτηνά
2580 2389 2865 2457 ἀποδραίη,
2889 2390 3081 2451 ίκανῶς
3130 2389 3279 2442 ἔσται
3310 2388 3454 2459 αὐτῷ
3482 2391 3798 2458 ἀποφυγεῖν.

2281 2478 2354 2547 μὴ
2371 2480 2436 2530 τὰ
2464 2480 2662 2549 ἔσχατα
2697 2482 2918 2532 παθόντι
2962 2480 3269 2534 ἀποθανεῖν.
3304 2482 3412 2533 Ἴτε
3462 2481 3526 2548 δὴ
3580 2477 3671 2534 οὖν
3719 2481 3806 2531 ἐπὶ

2276 2568 2365 2618 τὸν
2416 2570 2599 2636 ἀγῶνα
2659 2572 2863 2636 τοῦτον,
2893 2570 3175 2623 κάλλιστόν
3223 2588 3280 2623 τε
3312 2576 3402 2624 καὶ
3463 2572 3804 2624 ὀλϐιώτατον.

2291 2660 2618 2728 Ἀνδράποδά
2673 2680 2731 2714 τι
2778 2664 2882 2732 γὰρ
2926 2663 3075 2716 ἔσται
3127 2666 3255 2734 ὑμῖν
3299 2666 3494 2717 πολλοῦ
3540 2667 3666 2731 ἀξια
3717 2667 3809 2719 καὶ

2277 2749 2547 2813 γυναῖκες,
2573 2752 2665 2801 καὶ
2709 2750 2917 2812 παῖδες,
2952 2754 3044 2804 καὶ
3097 2753 3322 2815 πλοῦτος
3343 2757 3400 2806 ἐν
3426 2759 3491 2825 τῇ
3527 2759 3676 2808 πόλει
3707 2773 3805 2809 πο-

2277 2835 2394 2895 λύς.
2427 2837 2607 2902 Ταῦτα
2648 2841 2857 2893 είπόντι
2915 2845 2990 2910 τῷ
3018 2844 3247 2910 βασιλεῖ,
3283 2845 3672 2916 οἱδεκαδάρχαι
3720 2847 3812 2898 καὶ

2278 2928 2498 2997 λοχαγοὶ
2525 2933 2572 2982 οί
2611 2936 2703 2984 καὶ
2724 2935 3026 3003 πρότερον,⁶
3044 2935 3118 2997 ὡς
3167 2937 3510 2987 ἐπεδείκνυτο
3551 2940 3610 2988 τὸ
3639 2941 3812 3001 τεῖχος

2279 3021 2458 3081 αὐτοῖς
2494 3021 2522 3070 ό
2544 3020 2793 3088 βασιλεὺς
2821 3024 3122 3091 περιάγων,
3150 3028 3198 3076 εἰ
3239 3027 3439 3086 ἱκανῶς
3491 3026 3603 3094 ἔχει
3633 3032 3811 3081 εἰσπε-

2278 3107 2560 3162 σεῖσθαι¹⁹⁶
2590 3113 2696 3164 ἔσω
2723 3116 2774 3174 ἐς
2801 3115 2899 3181 τὴν
2925 3116 3097 3178 πόλιν,
3137 3117 3230 3168 καὶ
3259 3118 3509 3170 ἐκέλευον
3545 3120 3812 3170 καταϐάλ-

2277 3201 2406 3261 λειν,
2430 3203 2482 3260 ἐς
2509 3202 2535 3253 ὃ
2565 3203 2735 3254 ἐδόκει
2771 3205 2953 3265 αὐτοῖς
2982 3207 3178 3269 ἱκανῶς
3228 3208 3390 3276 ἔχειν.
3444 3211 3552 3263 Καὶ
3585 3212 3702 3264 τότε
3750 3212 3812 3280 δὴ

2278 3291 2497 3367 θαρρεῖν
2527 3309 2586 3343 τε
2617 3295 2777 3345 αὐτὸν
2807 3297 3186 3361 ἑκὲ).ευον,⁴ὼς
3212 3301 3267 3362 ἐς
3287 3300 3395 3370 τὴν
3426 3303 3583 3355 πόλιν
3614 3307 3814 3372 ἀμετα-

2279 3383 2505 3446 στρεπτὶ
2541 3383 2912 3465 ἐπιπεσοῦνται.
2959 3386 3210 3458 ᾘτοῦντο
3262 3389 3306 3442 δ’
3331 3392 3490 3444 αὐτὸν
3521 3395 3676 3462 χάριν
3725 3394 3812 3445 0:3-

2278 3472 2397 3524 σθαι
2435 3474 2583 3538 σφίσι
2616 3475 2738 3535 τοὺς
2783 3475 2976 3545 ἄνδρας
3023 3476 3114 3541 οὓς
3140 3481 3396 3532 συνέλαϐε
3428 3481 3518 3536 διὰ
3563 3485 3654 3535 τὸν
3687 3485 3814 3537 vati-

2277 3573 2461 3625 αρχον,
2496 3560 2573 3611 ὅτι
2599 3563 2657 3611 ἐν
2689 3562 2914 3632 ὐπόπτῳ
2943 3560 3100 3633 ἦσαν,
3160 3569 3234 3628 ὡς
3279 3569 3522 3636 ἔτρωσαν
3553 3571 3712 3624 αὐτὸν
3757 3576 3814 3636 ἐς

2275 3650 2363 3699 τὸν
2387 3651 2680 3719 ὀφθαλμὸν,
2707 3656 2995 3724 χαρίσαιτο
3029 3659 3231 3719 αὐτοῖς.
3277 3657 3333 3712 Ὀ
3363 3661 3419 3712 δὲ
3442 3662 3693 3724 ἐπύθετο.
3717 3675 3814 3719 καὶ

2277 3743 2509 3793 ἀπέλυσε
2537 3745 2661 3806 τοὺς
2716 3746 2940 3815 ἄνδρας,
2997 3750 3360 3820 χαρισάμενος
3411 3757 3522 3816 τοῖς
3575 3759 3810 3829 νεήλυσι.

2278 3833 2430 3884 Μετὰ
2479 3834 2534 3884 δὲ
2585 3834 2779 3892 ταῦτα.
2833 3836 2910 3897 ὡς
2967 3839 3141 3892 ἐδόκει
3190 3841 3336 3910 αὐτῷ
3387 3846 3710 3913 προσϐαλεῖν
3744 3851 3810 3911 ",

2277 3919 2523 3986 ἔπεμπεν
2573 3922 2629 3982 ἐς
2699 3922 2758 3974 τὸ
2813 3926 3203 3992 στρατόπεδον,
3259 3934 3687 4001 περιαγγέλλων,
3738 3939 3812 3997 ὡς

2276 4012 2439 4063 ἕωθεν
2474 4013 2646 4065 ἔσοιτο
2674 4016 3026 4088 ἡιπροσϐολὴ,
3056 4021 3148 4072 καὶ
3193 4026 3528 4094 προηγόρευε
3560 4029 3706 4100 δῶρα
3737 4033 3811 4097 τῷ

2277 4105 2630 4172 ἀριστεύοντι,
2663 4107 2739 4176 τῷ
2764 4109 2856 4187 μὴ
2891 4113 3177 4182 μαχομένῳ
3213 4116 3267 4168 δὲ
3310 4116 3535 4182 θάνατος
3566 4123 3813 4194 ἐπέκειτο

2278 4195 2467 4262 ζημία.
2511 4199 2620 4250 Καὶ
2661 4200 2879 4268 Ζύχιὸες
2908 4202 2972 4271 δὴ
3001 4206 3056 4267 ὲς
3096 4206 3165 4258 τὰ
3197 4210 3531 4277 στρατόπεδα
3573 4218 3808 4283 περιιόν·

2277 4303 2386 4351 τες,
2417 4287 2830 4359 ὑπεμίμνησκον
2859 4294 2953 4359 τὴν
3001 4301 3392 4371 νενομισμένην
3415 4307 3600 4371 σφίσιν
3625 4308 3717 4360 ἐπὶ
3743 4309 3808 4375 τῇ

2278 4376 2498 4445 τελευτῇ
2527 4377 2703 4441 δόξαν,
2735 4379 2808 4440 ὡς
2841 4384 2952 4443 τοῖς
2979 4398 3032 4434 τε
3058 4387 3383 4454 μαχομένοις
3412 4392 3440 4440 ὀ
3465 4392 3621 4461 ἥρως
3646 4398 3813 4461 ἑπαγ-

2279 4467 2529 4532 γὲλ).εται
2560 4469 2905 4537 εὐδαιμονίαν
2940 4476 3048 4537 τοῖς
3078 4476 3504 4548 τετελευτηκόσι,
3559 4485 3654 4538 καὶ
3684 4489 3810 4538 ἄλλα

2280 4555 2366 4609 οία
2398 4559 2460 4627 δὴ
2496 4561 2776 4626 νομίζεται
2813 4563 2963 4631 παρ’⁵
2993 4567 3196 4630 αὐτοῖς.
3233 4572 3292 4622 οι
3363 4574 3458 4640 μὲν
3491 4574 3586 4626 οὖν
3619 4575 3810 4646 Ἕλλη-

2278 4668 2387 4715 νες,
2419 4651 2587 4720 ἄνδρα
2631 4653 2854 4706 Ἰανύῖον
2893 4659 3219 4729 ἀφικόμενον
3252 4664 3310 4724 ἐς
3355 4669 3627 4733 τιμωρίαν
3666 4673 3812 4738 σφίσι

2280 4743 2375 4793 σὺν
2411 4742 2500 4809 νηῒ
2542 4759 2599 4794 τε
2644 4745 2896 4818 μεγίστῃ,
2933 4752 3027 4802 καὶ
3063 4752 3306 4815 ὁπλίταις
3337 4756 3410 4816 ὡς
3457 4765 3809 4826 τριακοσίοις,

2279 4832 2527 4886 ἐκέλευον
2557 4836 2727 4908 ταύτῃ
2756 4839 3042 4908 ἑστηκότα.
3074 4837 3106 4916 ᾖ
3137 4843 3392 4912 βασιλεὺς
3414 4850 3510 4900 καὶ
3551 4853 3602 4902 οἱ
3625 4855 3810 4923 νεήλυ-

2238 4915 2361 4986 ’ὁις
2406 4924 2627 4994 ἔμελλον
2657 4915 3086 4999 ἐπεισπεσόντες
3117 4935 3421 5003 βιάζεσθαι,
3455 4941 3532 5006 ὡς
3582 4915 3809 5000 ambos

2279 5017 2375 5067 σὺν
2404 5020 2513 5079 τοῖς
2543 5020 2789 5082 ὁπλίταις
2809 5022 2976 5073 αὐτοῦ
3003 5029 3474 5094 παρασκευάζοιτο
3493 5037 3804 5102 ἀμύνεσθαι.

2278 5106 2380 5156 Καὶ
2403 5109 2562 5170 αὐτός
2590 5126 2649 5160 τε
2686 5111 2802 5180 ἅμα
2837 5112 3089 5178 βασιλεὺς
3133 5118 3396 5189 Ἑλλήνων
3430 5125 3491 5176 οὐ
3515 5126 3692 5195 πολλῷ
3718 5129 3743 5179 ὃ
3769 5130 3812 5176 ί-

2277 5214 2438 5249 στατο
2468 5194 2562 5252 σὺν
2600 5202 2713 5263 τοῖς.
2759 5202 2894 5270 ἀμφ’
2930 5205 3109 5271 αὐτὸν,
3163 5209 3300 5265 ὥστε
3347 5216 3668 5284 ἐπαμύνειν.
3709 5221 3807 5269 Καὶ

2275 5289 2614 5354 καρόινῶ.ιος
2663 5291 2690 5340 ό
2741 5290 3004 5355 Ἰσίδωρος
3051 5295 3380 5367 Σαρματίας,
3431 5299 3493 5356 οὗ
3549 5305 3844 5374 πρότερον

2274 5379 2572 5448 ἐμνήσθην,
2604 5380 2797 5449 παρὼν
2827 5382 2948 5435 τότε
2979 5389 3092 5449 τοῖς
3120 5389 3381 5462 Ἕλλησιν
3426 5398 3685 5464 ἀτιμώρει
3713 5410 3806 5445 ποο

2281 5467 2656 5537 λεμουμένοις.
2687 5474 3023 5541 ιιαρετὲνετο
3052 5481 3161 5548 γὰρ
3190 5481 3264 5545 ὡς
3324 5483 3534 5546 ξύνοδον
3565 5499 3626 5535 τε
3657 5501 3807 5550 ποιη-

1882 5573 2120 5640 Νοιυιω
2148 5587 2546 5663 marginaies.

717 5669 822 5736 (58)
856 5666 1111 5723 Joannem
1135 5671 1492 5727 Justinianum
1523 5672 1787 5740 Longum.

714 5810 758 5841 "
788 5810 1071 5878 ὐπάρχεια.
1106 5809 1169 5865 R.
1201 5813 1323 5864 utin
1363 5827 1407 5863 c.
1484 5812 1528 5840 εδ
1561 5809 1623 5861 In
1658 5827 1774 5872 uno,
1808 5814 2168 5871 ἐσπεσείσϐαι.

2274 5822 2287 5853 ⁷
2322 5822 2381 5875 In
2411 5842 2531 5891 uno,
2572 5825 2944 5895 προσϐάλλειν.
