3970 6348
698 397 794 461 551

1837 395 2140 458 LAONICI
2179 397 2826 462 CHALCOCONDYLJi
3138 396 3195 433 ν
3345 368 3348 376 ’
3625 383 3629 387 ’
3775 412 3858 475 552

767 511 889 568 [hec
936 527 1057 567 cum
1103 512 1399 580 accepisset
1429 510 1571 581 regis
1607 510 1735 577 dux,
1793 511 1966 567 visum
2015 521 2096 568 est
2127 511 2235 580 regi

2409 517 2591 573 Ταῦτα
2635 521 2944 572 ἀκούσαντα
2974 521 3071 573 τὸν
3111 519 3371 590 βασιλέως
3400 522 3666 593 ἡγεμόνα,
3711 527 3858 581 ἐδόκει

610 588 645 670 ,’
693 601 938 658 indicare
994 611 1053 655 ut
1111 601 1542 671 Peloponnesum
1576 602 1898 671 opprimeret
1948 618 1962 655 :
2005 617 2063 658 se
2118 616 2243 656 vero

611 682 614 686 ί
696 693 1080 764 profectionem
1137 693 1360 747 ulterius
1413 690 1653 747 facturos
1703 690 2005 747 Lebadiam
2052 708 2242 760 usque.

699 786 929 856 Nuntius
963 787 1122 855 igitur
1139 785 1218 838 Iad
1271 800 1448 854 regem
1485 783 1649 847 venit,
1686 783 1779 852 qui
1837 783 2118 838 nuntiabat
2151 799 2247 851 ap-

694 889 936 948 paratum
974 879 1095 931 belli
1118 893 1236 930 esse
1262 891 1516 944 magnum
1540 887 1591 928 et
1624 875 2047 928 memorabilem.
2081 874 2246 931 Litte-

694 959 765 1020 rae
801 971 965 1021 etiam
1007 968 1074 1021 ab
1103 966 1478 1030 Peloponneso
1507 963 1677 1017 allata:
1709 973 1854 1026 sunt,
1894 964 2086 1032 quibus
2117 966 2246 1021 inci-

696 1061 928 1120 tabatur,
968 1067 1020 1111 ut
1055 1054 1177 1110 cum
1211 1057 1383 1124 c0piis
1403 1056 1663 1110 accedere
1701 1064 2039 1110 maturaret:
2072 1054 2246 1111 Vene-

695 1159 776 1203 tos
806 1149 949 1202 enim
976 1147 1093 1215 ejus
1120 1148 1402 1200 adventum
1440 1151 1782 1215 nequaquam
1814 1156 2239 1214 exspectaturos.

696 1240 920 1294 Litteras
957 1241 1051 1293 has
1081 1240 1143 1293 ad
1178 1254 1300 1291 eum
1335 1238 1556 1306 pertulit
1590 1240 1670 1289 vir
1724 1236 1939 1303 quidam
1981 1232 2241 1301 Albanus,

693 1332 785 1401 qui
809 1331 874 1383 ah
903 1330 1163 1384 Corintho
1193 1340 1352 1382 noctu
1376 1329 1609 1392 solvens,
1633 1327 1830 1397 scapha
1862 1328 2069 1398 trajecit
2098 1344 2244 1384 mare

695 1425 989 1476 observans
1033 1419 1196 1472 maris
1250 1417 1713 1486 tranquillitatem,
1745 1428 1800 1472 et
1823 1429 2010 1479 ventos
2047 1435 2242 1474 secun-

694 1516 815 1576 dos,
857 1521 911 1566 et
946 1512 996 1563 in
1059 1511 1319 1564 Bieotiam
1359 1502 1600 1578 appulit..
1656 1509 1791 1565 llinc
1822 1525 2069 1580 egressus
2117 1511 2241 1565 navi

692 1606 836 1657 venit
865 1604 927 1657 ad
959 1601 1349 1656 Maeliumetem
1403 1603 1454 1655 in
1483 1601 1836 1655 Thessaliam.
1880 1599 2240 1658 Machumetes

691 1711 813 1749 cum
843 1695 1047 1747 litteras
1093 1693 1332 1762 legisset,
1365 1693 1418 1745 in
1479 1689 1907 1769 Peloponnesum
1954 1692 2103 1746 abire
2131 1701 2240 1769 sua

694 1785 816 1839 tuit.
854 1785 956 1840 Ubi
987 1785 1131 1837 venit
1155 1784 1207 1835 in
1252 1783 1367 1836 loca
1404 1780 1622 1836 Boeotiae
1663 1783 1959 1853 propinqua
2015 1785 2240 1838 accessit

692 1879 916 1930 nuntius
979 1875 1071 1943 qui
1130 1873 1430 1937 referebat,
1485 1872 1737 1938 Venetos,
1775 1874 1962 1929 relicto
2014 1874 2239 1940 Isthmo,

694 1967 816 2035 fuga
847 1966 1033 2018 dilabi.
1067 1963 1320 2018 Collectis
1345 1966 1526 2034 itaque
1555 1965 1808 2024 omnibus
1831 1966 1898 2019 ab
1924 1963 2240 2020 Plataearum

691 2057 910 2124 regione
938 2056 1281 2108 Citheronem
1324 2056 1567 2119 veniens,
1601 2071 1763 2125 quem
1806 2065 1967 2111 noctu
2023 2071 2242 2126 supera-

694 2147 792 2210 vit,
847 2145 1015 2213 prima
1075 2145 1194 2199 luce
1257 2147 1311 2198 in
1373 2145 1579 2201 Isthmo
1610 2157 1775 2200 erat:
1814 2158 1868 2200 et
1913 2144 2239 2204 Venetorum

697 2248 857 2290 naves
889 2237 940 2289 in
965 2252 1109 2292 mare
1139 2238 1398 2293 deductas
1428 2237 1915 2305 contemplabatur.
1950 2237 2240 2295 inveniens

690 2340 872 2382 autem
915 2326 1176 2382 Isthmum
1209 2330 1277 2382 ab
1331 2327 1549 2383 Venetis
1609 2329 1911 2396 desertum,
1965 2332 2238 2400 ingressus

692 2419 886 2473 ibidem
920 2429 1333 2475 castrametatus
1383 2430 1488 2474 est.
1545 2421 1742 2477 Deinde
1788 2436 1888 2490 per
1914 2418 2237 2478 Corinthum

690 2507 968 2578 profectus
997 2511 1190 2577 Argos.
1222 2510 1348 2563 Eam
1390 2510 1576 2564 urbem
1616 2510 1966 2566 defensabant
1984 2520 2038 2566 et
2095 2522 2243 2568 tene-

693 2601 823 2652 bant
880 2599 1202 2653 Venetorum
1249 2599 1565 2666 praesidiarii
1613 2587 1774 2669 300
1832 2602 2054 2667 milites,
2106 2617 2240 2671 quos

692 2704 882 2750 omnes
912 2705 1224 2758 oppugnatis
1259 2691 1399 2756 cepit
1433 2707 1446 2742 :
1482 2700 1534 2743 et
1566 2680 1790 2754 vinctos,
1839 2706 1960 2749 cum
2016 2708 2240 2748 numero

691 2782 868 2834 forent
901 2779 1260 2850 septuaginta,
1309 2781 1374 2834 ad
1425 2795 1601 2849 regem
1629 2781 1793 2836 misit.
1832 2781 2094 2838 Cancrum
2145 2800 2236 2840 rex

689 2873 977 2929 consilium
1009 2872 1238 2925 abeundi
1274 2871 1324 2923 in
1362 2870 1788 2938 Pe|0p0unesum
1819 2873 2104 2942 abiecerat.
2137 2872 2240 2928 No-

688 2969 832 3021 lebat
859 2966 1000 3020 enim
1064 2980 1187 3018 cum
1261 2964 1557 3034 accepisset
1612 2963 1869 3018 Isthmum
1919 2977 2235 3034 occupatum

689 3073 831 3124 esse,
896 3058 947 3111 in
978 3056 1403 3124 Peloponnesum
1430 3057 1777 3120 contendere,
1819 3073 2046 3124 parcens
2082 3075 2236 3114 exer-

2347 607 2554 677 βασιλετ
2607 611 2704 678 μὲν
2756 611 3239 680 καταλαμϐάνοντα
3307 615 3416 684 ’τὴν
3484 616 3859 688 Πελοπόννησον

2343 701 2725 767 ἀπαγγέλλειν,
2763 702 2954 765 αὐτοὺς
2983 702 3039 754 δὲ
3069 702 3494 768 ἀναζεύξαντας.
3544 707 3678 760 ἰέναι
3725 710 3776 770 ἐς
3812 712 3862 760 τὸ

2345 793 2550 860 πρόσω,
2588 794 2655 857 ⁸ἐς
2702 794 2986 847 Λεεαόίαν.
3043 795 3300 858 Βασιλεὺς
3355 800 3474 862 μέν,
3532 800 3619 862 ὡς’
3664 801 3860 866 ἀγγελία

2343 884 2489 955 αὐτῷ
2515 886 2759 952 ἀφίκετο,
2788 889 2886 956 τήν
2923 904 2981 938 τε
3007 891 3359 960 παρασκευὴν
3397 893 3636 960 μεγάλην
3658 911 3714 944 τε
3749 888 3860 944 εἶναι

2345 976 2435 1030 καὶ
2459 977 2742 1046 ἀξιόχρεα»,
2783 979 2827 1012 ⁸³
2887 979 3100 1046 λέγεται
3139 981 3195 1034 δέ
3251 983 3398 1052 αὐτῷ
3428 985 3523 1036 καὶ
3583 986 3858 1054 γράμματα

2347 1064 2523 1119 ἐλθεῖν
2549 1068 2656 1119 ἀπὸ
2679 1061 3108 1139 Πελοποννήσου,
3141 1073 3523 1141 ἐποτρύνοντα,
3549 1076 3620 1129 ὠς
3637 1078 3709 1143 ’ῆν
3734 1080 3856 1146 ἐπίῃ.

2342 1158 2403 1210 οὐ
2468 1152 2721 1226 μενοῦσιν
2756 1162 2916 1213 αὑτὸν
2966 1164 3186 1215 ἐπιόντα
3225 1166 3271 1215 οἱ
3309 1166 3562 1217 Οὐενετοὶ
3591 1169 3660 1218 τὰ
3707 1170 3858 1235 γράμ-

2347 1264 2490 1316 ματα
2524 1249 2742 1316 ἐνέγκαι
2772 1251 2919 1322 αὑτῷ
2950 1253 3117 1324 ἄνδρα
3165 1257 3422 1310 Ἀλϐανὸν
3455 1259 3564 1310 ἀπὸ
3596 1260 3854 1328 Κορίνθου.

2345 1339 2544 1406 σκάφει
2581 1341 2642 1392 τὸ
2676 1341 2907 1409 πέλαγος
2960 1348 3151 1406 νυκτὸς
3191 1353 3497 1417 τηρήσαντα
3530 1351 3764 1418 πνεῦμα,
3801 1352 3857 1413 t'u;

2342 1427 2505 1497 οὔρου
2532 1436 2966 1502 κατασταμένου,
2994 1440 3091 1491 καὶ
3125 1442 3314 1504 νυκτὸς
3343 1442 3668 1511 ἀπαίροντα,
3697 1443 3856 1495 διαπει

2345 1519 2679 1588 ραιὼσασθαι
2708 1524 2764 1585 ἐς
2794 1514 3381 1590 Βοιωτίαν,’ἁποΰαντα
3411 1533 3704 1599 ἀφικέσθαι
3737 1534 3858 1600 παρᾶ

2340 1610 2740 1679 Μαχουμούτην
2778 1615 2830 1676 ἐς
2862 1599 3180 1672 Θετταλίαν.
3214 1621 3316 1672 Τὸν
3346 1623 3402 1675 δὲ
3441 1625 3856 1697 ἐπιφρασςίμενον

2337 1700 2404 1752 τὰ
2427 1702 2743 1771 γράμματα,
2767 1709 3234 1778 συσκευασάμενον
3258 1713 3579 1784 ἐντεῦθενές
3606 1717 3668 1768 rb
3701 1717 3857 1786 πρόσω

2269 1833 2315 1892 Β
2341 1790 2607 1858 ἐλαύνειν,
2641 1795 2908 1851 ἐλάσαντα
2939 1799 3105 1867 ἀγχοῦ
3145 1802 3424 1865 Βοιωτίας,
3449 1807 3751 1870 ἀφικνεῖται
3776 1810 3856 1874 ἀγ-

2342 1881 2514 1948 γελία.
2546 1884 2622 1949 ὡς
2653 1886 2906 1942 Οὐενετοὶ
2948 1890 3036 1958 τόν
3089 1909 3162 1946 τε,
3214 1893 3427 1960 Ἰσθμὸν
3487 1895 3854 1957 ἐκλελοιπότες,

2339 1971 2542 2042 ᾤχοντο
2576 1975 2884 2042 φεύγοντες.
2922 1979 3078 2033 Οὕτω
3111 1981 3174 2050 δὴ
3204 1981 3437 2050 ἑσπέρας
3475 1982 3523 2014 ⁸⁸
3550 1985 3732 2052 οὔσης,
3785 2003 3856 2037 συ-

2342 2065 2737 2132 σκευασάμενος
2761 2068 2866 2122 ἀπὸ
2892 2069 2989 2137 τῆς
3027 2071 3298 2133 Πλαταίας
3326 2071 3506 2140 χώρας
3529 2073 3664 2141 πρὸς
3690 2074 3855 2125 Κιθαι-

2343 2155 2488 2224 ρῶνα
2517 2157 2705 2219 νυκτὸς
2731 2156 3133 2227 διαπορευθεὶς,
3187 2162 3356 2216 ἔωθεν
3405 2164 3462 2224 ἐς
3520 2165 3613 2220 τὸν
3644 2172 3647 2179 ’
3675 2164 3855 2231 Ἰσθμὸν

2342 2245 2522 2314 παρῆν
2543 2261 2556 2276 ·
2585 2250 2676 2303 καὶ
2725 2249 2824 2310 τάς
2853 2266 2911 2301 τε
2942 2251 3077 2319 νῆας
3109 2252 3329 2323 ἀφεώρα
3369 2255 3470 2325 ήδη
3504 2258 3852 2326 ἀπαγομένας,

2338 2337 2432 2388 καὶ
2459 2336 2550 2389 τὸν
2580 2337 2790 2407 Ἰσθμὸν
2823 2332 3026 2409 ἔρημον
3057 2343 3391 2410 κατώαὸὼν,
3421 2347 3854 2414 παρελθὼνἹῐσω,

2338 2428 2838 2498 ἐστρατοπεδεύετο.
2865 2432 3150 2487 Ἐντεῦθεν
3173 2435 3262 2490 διὰ
3291 2437 3393 2507 τῆς
3423 2441 3684 2506 Κορένθου
3703 2441 3851 2499 διιὼν,

2339 2519 2560 2584 ἀφίκετο
2585 2521 2640 2582 ἐς
2679 2511 2904 2591 Ἄργος.
2943 2523 3015 2577 Τὸ
3052 2524 3110 2577 δέ
3147 2527 3350 2595 Ἀργος
3390 2532 3637 2599 κατεῖχον
3670 2532 3716 2583 ol
3744 2533 3856 2584 Οὐε-

2339 2611 2481 2664 νετοί
2503 2624 2516 2638 ’
2541 2606 2784 2680 φρουρῶ
2813 2616 2869 2665 ἐν
2905 2615 3052 2683 αὑτῷ
3073 2616 3550 2686 ἐγκαταλιπόντες,
3568 2625 3856 2690 ἐφύλαττον.

2338 2700 2570 2765 Τούτους
2591 2705 2710 2772 μὲν,
2729 2704 2803 2766 ὠς
2823 2705 3127 2776 ἐπολιόρκει
3151 2711 3440 2775 ἐπελάσας,
3461 2718 3818 2786 παρεστήσατο
3837 2733 3855 2746 ·

2338 2793 2431 2845 καὶ
2462 2793 2584 2857 τοὺς
2615 2794 2814 2865 ἀνδρας
2857 2797 3113 2866 δεσμίους
3141 2801 3483 2871 ἀποπέμπων
3510 2804 3586 2868 ὡς
3631 2807 3857 2874 βασιλέα,

2336 2885 2533 2954 ἀνδρας
2566 2903 2626 2938 τε
2675 2887 3069 2957 ἐϐδομήκοντα·
3114 2894 3261 2964 αὐτῷ
3313 2895 3499 2963 μέντοι
3552 2898 3627 2966 τῷ
3668 2900 3860 2966 βασιλεῖ

2335 2977 2434 3030 οὐκ
2462 2977 2542 3047 ἐτι
2567 2980 2835 3045 ἐφαίνετο,
2872 2982 3010 3050 ἄρας
3048 2983 3104 3045 ἐς
3143 2984 3241 3053 τὴν
3269 2986 3669 3056 Πελοπόννησον
3709 2987 3856 3039 ἐσϐα-

2337 3066 2466 3128 λεῖν.
2499 3070 2594 3121 καὶ
2625 3071 2692 3122 τὰ
2729 3073 3118 3140 στρατεύματα
3150 3075 3298 3142 αὺτῷ
3343 3078 3576 3143 κάμνειν
3617 3077 3765 3146 ἄρτι·
3795 3080 3856 3139 ὡς

689 3150 822 3203 citui
847 3165 913 3202 ne
934 3148 1156 3202 nimium
1191 3156 1245 3201 et
1285 3149 1480 3200 frusrra
1513 3135 1896 3217 defatigaretur
1925 3165 1938 3201 :
1966 3148 2064 3203 sed
2091 3160 2234 3208 retro

2340 3158 2566 3211 ἐπύθετο
2627 3135 3041 3233 καταληφθῆναι
3105 3165 3194 3218 τὸν
3267 3135 3499 3234 iraeirati,
3545 3135 3857 3237 ἀπηλαυνεν

691 3241 745 3292 in
784 3240 979 3306 regiam
1007 3239 1157 3291 abiit.
1228 3237 1592 3292 biachumctes
1626 3241 1805 3307 regius
1863 3240 1966 3294 dux
1995 3256 2097 3309 per
2127 3241 2231 3299 Te-

692 3345 816 3398 gaza:
844 3329 1117 3400 regionem
1139 3327 1239 3380 iter
1269 3325 1492 3392 faciens,
1523 3326 1876 3383 Leontariutn
1920 3333 2064 3386 venit
2093 3350 2108 3388 :
2141 3335 2232 3389 ubi

661 3421 748 3475 ‘et
774 3412 949 3474 castra
982 3418 1358 3474 communivit.
1391 3418 1517 3474 Inde
1555 3421 1716 3475 mittit
1746 3420 2041 3495 laganum,
2072 3440 2229 3495 quem
2291 3447 2293 3449 ί

688 3515 986 3586 principem
1046 3512 1413 3582 Peloponneso
1467 3515 1987 3589 constituit,cjecto
2051 3533 2116 3571 es
2169 3534 2259 3590 eo_

690 3608 1003 3673 magistratu
1037 3602 1200 3659 Josue
1225 3598 1227 3605 ’
1251 3605 1474 3661 Albanis
1507 3604 1638 3668 fiiio,
1697 3605 1884 3660 Patras
1914 3609 2150 3674 Achaia’,
2176 3619 2234 3666 et

690 3698 743 3750 in
783 3697 916 3750 alias
943 3695 1200 3749 finitimas
1233 3697 1413 3760 urbes,
1450 3705 1507 3749 ut
1538 3711 1692 3752 arces
1729 3696 1998 3753 frumento
2033 3710 2086 3754 et
2113 3717 2234 3755 tnu-

644 3780 650 3786 ’
689 3788 983 3842 nitionihus
1000 3785 1211 3840 bellicis
1240 3773 1497 3840 firmaret.
1520 3786 1767 3841 Ornarcm
1783 3789 1935 3857 jubet
1957 3805 2234 3848 assumere

688 3872 985 3928 exercitum
1017 3869 1108 3940 qui
1140 3868 1472 3927 continebat
1514 3871 1698 3939 viginti
1759 3873 1921 3928 millia
1979 3876 2229 3941 militum,

687 3973 742 4018 et
775 3962 1112 4017 incursiones
1166 3959 1343 4014 facere
1382 3961 1434 4014 in
1495 3958 1809 4015 Venetorum
1848 3959 2142 4035 regionem.
2185 3967 2233 4022 Is

692 4053 954 4121 imperata
1011 4051 1241 4122 impigre
1281 4051 1506 4118 faciens,
1533 4068 1654 4107 cum
1689 4056 1927 4111 exercitu
1983 4058 2127 4112 venit
2178 4060 2230 4113 in

691 4142 804 4198 loca
838 4143 1095 4196 Methona:
1133 4143 1352 4196 tinitima
1379 4159 1392 4195 :
1423 4156 1682 4214 captoque
1715 4145 1910 4201 ibidem
1951 4139 2227 4220 oppidulo,

682 4229 984 4300 ~oppidanos
1009 4249 1198 4288 omnes
1238 4234 1302 4287 ad
1338 4235 1528 4288 ducem
1566 4235 1952 4291 Machumetem
1986 4241 2230 4306 abduxit,

692 4322 845 4390 eique
881 4323 1126 4379 tradidit.
1188 4323 1249 4376 lfi
1303 4341 1514 4391 omnes,
1580 4343 1701 4381 cum
1775 4344 2000 4384 numero
2059 4333 2234 4405 forent

689 4413 985 4483 quingenti,
1017 4415 1209 4468 exinde
1239 4418 1304 4468 ad
1332 4433 1506 4486 regem
1543 4420 1810 4487 perducti,
1859 4421 2145 4478 crudeliter
2176 4425 2228 4492 ign
2259 4491 2262 4494 ~

2337 3248 2510 3304 ὀπίσω
2539 3251 2628 3304 ἐπὶ
2659 3252 2764 3305 τῶν
2808 3253 3112 3323 βασιλείων.
3160 3256 3559 3328 Μαχουμούτης
3605 3260 3659 3312 δὲ
3686 3265 3710 3312 ὸ
3745 3262 3856 3328 ἡγε-

2340 3339 2476 3411 μὼν,
2506 3344 2709 3411 προῖὼν
2750 3345 2835 3399 διὰ
2884 3347 2980 3415 τῆς
3023 3348 3280 3417 Τεγαίης,
3313 3351 3537 3419 ἀφίκετο
3567 3355 3622 3413 ἐς
3652 3355 3856 3407 Λεοντὰ-

2339 3450 2451 3501 ριον
2482 3434 2666 3500 πόλιν,
2685 3437 2779 3489 καὶ
2807 3437 2972 3489 αὐτοῦ
3001 3439 3556 3509 ἐστρατοπεδεύσατο.
3596 3444 3854 3503 Ἐντεῦθεν

2337 3524 2652 3579 ἀποστέλλει
2709 3529 2972 3597 Ζάγανον,
3033 3529 3091 3582 ὃν
3155 3532 3450 3602 ἐπέστησεν
3517 3535 3744 3604 ἄρχοντα
3798 3541 3853 3603 τῇ

2338 3615 2744 3687 Πελοποννήσῳ,
2782 3618 3026 3690 ἐκϐαλὼν
3062 3621 3265 3688 Ἰησοῦν
3287 3623 3377 3676 τὸν
3400 3624 3666 3679 Ἀλὸἀνεω
3692 3629 3852 3680 παῖδα.

2339 3705 2535 3758 Τοῦτον
2551 3706 2604 3781 δέ
2622 3707 2711 3759 τὸν
2728 3710 2964 3777 Ζάγανον
2988 3711 3189 3779 πέμπει
3213 3714 3268 3775 ἐς
3288 3714 3504 3784 [ἰάτρας
3518 3716 3612 3786 τῆς
3633 3719 3853 3788 Ἀχαΐας,

2340 3793 2434 3846 καὶ
2468 3795 2524 3856 ἐς
2551 3796 2645 3858 τὰς
2674 3796 2837 3860 ἀλλας
2872 3801 3033 3852 αὑτοῦ
3065 3804 3234 3873 ταύτῃ
3265 3806 3468 3873 πόλεις,
3514 3812 3776 3878 ἐχυρώσαὶ
3806 3830 3856 3862 τε

2339 3885 2434 3944 τὰς
2465 3883 2785 3953 ἀκροπόλεις
2831 3889 3018 3950 σιτίοις
3050 3910 3106 3943 τε
3146 3896 3236 3946 καὶ
3260 3898 3323 3963 τῇ
3353 3896 3489 3968 ἄλλῃ
3531 3916 3797 3969 παρωκει
3821 3909 3851 3966 λ.

2339 3971 2587 4045 Ὀμὰρην
2639 3977 2693 4029 δὲ
2748 3979 3052 4045 ἐκέλευσεν,
3110 3987 3443 4041 ἀναλαϐόντα
3485 3993 3574 4042 τὸν
3629 3999 3852 4061 στρατόν,

2338 4067 2412 4129 ὡς
2438 4067 2778 4138 δισμυρίους,
2837 4073 3155 4143 ἐπιδραμεῖν
3203 4079 3302 4146 τὴν
3352 4083 3626 4135 υύενετὼν
3671 4086 3852 4152 χώραν.

2339 4149 2502 4220 Οὗτος
2528 4159 2624 4226 μὲν
2645 4156 2735 4213 οὖν
2758 4163 2800 4192 ⁸⁵
2827 4165 3156 4232 παραλαϐὼν
3180 4171 3238 4220 τὺ
3289 4175 3622 4241 στράτευμα,
3659 4149 3856 4243 doleam

2342 4251 2397 4313 ἐς
2417 4251 2482 4303 τά
2515 4252 2639 4321 περὶ
2663 4246 2758 4321 τῆν
2787 4256 3046 4324 Μεθώνην
3083 4262 3274 4329 χωρία,
3298 4265 3393 4315 καὶ
3422 4267 3677 4338 πολίχνην
3706 4289 3856 4338 παρα-

2340 4343 2697 4410 στησάμενος,
2729 4346 2851 4407 τοὺς
2885 4346 3198 4412 ἀνθρώπους
3225 4344 3453 4419 ἀπάγων
3499 4361 3769 4428 παρεδίδου
3792 4361 3856 4426 τῷ

2338 4432 2587 4500 ἡγεμόνι.
2624 4434 2782 4485 Οὗτοι
2813 4437 2909 4503 μὲν
2938 4435 3028 4490 οὖν
3057 4438 3132 4499 ὡς
3179 4443 3491 4513 ἀνήχθησαν
3524 4453 3582 4508 ἐς
3634 4453 3854 4520 βασιλέα,

691 4505 825 4558 duas
877 4515 1057 4574 partes
1105 4507 1323 4560 dissecti
1379 4509 1919 4567 occubuere._Fama
1977 4500 2233 4569 constans

2817 4500 2825 4503 -
3269 4500 3316 4511 ,η
3374 4500 3387 4513 1
3530 4500 3578 4508 τ-
3634 4500 3854 4520 r*""“’

2342 4521 2650 4590 σύμπαντες
2688 4527 2740 4587 ἐς
2767 4529 3151 4592 πεντακοσίους
3187 4537 3486 4603 γενόμενοι,
3519 4542 3776 4595 ἀπέθανον
3811 4546 3857 4602 ἐς

692 4597 870 4658 habet,
904 4611 1026 4649 cum
1056 4596 1313 4649 cadavera
1344 4608 1736 4667 peremptorum
1763 4601 2003 4671 Byzantii
2031 4621 2094 4659 eo
2125 4607 2230 4660 loci

689 4697 868 4744 essent
916 4686 1166 4757 proiecta,
1233 4703 1338 4755 quo
1363 4702 1453 4742 rex
1508 4689 1746 4758 iusserat
1799 4692 2007 4746 induas
2055 4707 2234 4762 partes

690 4780 963 4833 conscissa
997 4778 1210 4846 exponi,
1247 4778 1435 4832 bovem
1489 4779 1774 4848 quemdam
1815 4781 1866 4835 in
1899 4796 2020 4836 eum
2052 4784 2231 4839 locum

689 4885 990 4939 egressum,
1016 4881 1068 4924 et
1102 4869 1230 4924 visis
1278 4869 1631 4924 cadaveribus
1655 4869 1885 4925 flebilem
1933 4873 1984 4926 in
2017 4875 2231 4929 modum

687 4979 873 5016 vocem
933 4961 1222 5028 tnugiendo
1283 4961 1568 5024 exalta’Sse,
1648 4972 1829 5030 postea
1897 4965 2235 5019 medietatem

692 5070 853 5108 unam
941 5053 1219 5107 cadaveris
1290 5051 1612 5116 'sustulisse,
1692 5053 1886 5108 deinde
1962 5071 2235 5110 reversum

692 5148 851 5213 etiam
905 5148 1126 5199 alteram
1169 5143 1448 5197 cadaveris
1527 5144 1867 5200 medietatem
1922 5148 2235 5212 abstulisse,

691 5247 744 5290 et
781 5239 963 5291 ambas
1004 5237 1313 5291 medietates
1360 5235 1614 5305 deinceps
1673 5241 2058 5314 composuisse.
2106 5245 2231 5295 Stu-

695 5331 939 5394 pentibus
993 5339 1251 5382 autemet
1305 5331 1622 5383 mirantibus
1672 5325 1893 5393 factum,
1927 5335 2018 5402 qui
2083 5338 2133 5388 in
2170 5351 2234 5390 eo

695 5417 813 5468 loco
843 5427 1012 5479 erant,
1046 5417 1219 5470 evenit
1247 5426 1304 5470 ut
1330 5418 1447 5484 ejus
1469 5418 1542 5471 rei
1575 5433 1760 5472 rumor
1780 5420 1939 5475 etiam
1964 5425 2028 5476 ad
2059 5416 2235 5491 regem

2339 4611 2429 4664 δύο
2461 4614 2777 4680 τμηθέντες.
2815 4617 3043 4689 Λέγεται
3073 4621 3148 4687 δὲ,
3179 4624 3253 4687 ὡς
3280 4628 3339 4678 ἐν
3367 4631 3648 4702 Βυζαντίῳ
3681 4638 3740 4686 τὰ
3770 4636 3856 4688 σώ-

2343 4718 2488 4766 ματα
2512 4704 2679 4756 αὒτοῦ
2713 4706 2883 4778 ταύτῃ
2915 4711 3110 4777 ἔκειτο,
3208 4716 3567 4785 ἐπιτάξαντος
3594 4725 3684 4775 τοῦ
3723 4725 3858 4792 βοαιι

2341 4793 2473 4853 λέως
2504 4797 2557 4857 ἐς
2588 4796 2679 4847 δύο
2713 4802 2976 4868 γενόμενα
3023 4807 3204 4872 ἔπεσε,
3255 4810 3383 4876 βοῦν
3421 4809 3531 4866 τῶν
3562 4816 3629 4876 ,ἐς
3673 4817 3729 4867 τὺ
3768 4835 3857 4885 χω-

2341 4884 2456 4952 ρίον
2495 4888 2666 4939 ἐκεῖνο
2697 4890 2997 4958 ἐξελθόντα,
3033 4897 3078 4976 "_
3109 4901 3165 4960 ἐς
3208 4902 3276 4951 τὰ
3319 4901 3546 4968 σώματα
3597 4884 3775 4976 γοερόν
3814 4926 3856 4957 τι

2341 4973 2746 5043 φθεγξάμενον,
2807 4973 3078 5047 ἐξελέσθαι
3128 4989 3188 5040 τὸ
3248 4992 3518 5060 ἡμίτομον
3590 4973 3702 5060 ἐνὸξ
3763 5001 3857 5050 τῶν

2339 5067 2622 5159 στομάτων,
2669 5069 2714 5102 ⁸⁸
2752 5078 2890 5141 μετὰ
2941 5077 2995 5128 δὲ
3035 5080 3443 5148 ὑποστρέψαντα
3479 5087 3853 5159 ἐπιδεεόμενον.

2338 5155 2576 5225 ἐξευρεῖν
2607 5159 2665 5212 τὸ
2704 5162 2828 5216 ἄλλο
2879 5167 3168 5236 ἡμίτομον,
3203 5170 3298 5222 καὶ
3348 5155 3716 5243 ἐξενεγκόντα,
3749 5200 3856 5232 συν·

2336 5246 2523 5302 θέσθαι
2569 5251 2684 5321 ἃμα
2729 5257 2894 5324 ἄμφω
2933 5259 3006 5310 τὼ
3061 5261 3333 5331 ἡμιτόμω.
3371 5265 3856 5338 Ύποοορυόοὑντων

2346 5338 2401 5390 δὲ
2432 5340 2536 5394 τῶν
2562 5346 2639 5406 εἰς
2659 5339 2879 5417 ἐκείνην
2909 5350 3006 5416 τὴν
3036 5343 3241 5419 χώραν,
3263 5359 3328 5409 τά
3347 5366 3488 5430 περὶ
3509 5366 3599 5416 τὸν
3629 5367 3748 5432 βοῦν
3777 5382 3858 5414 πισοί

2348 5429 2530 5485 θέσθαι
2559 5433 2782 5503 βασιλέα
2811 5438 2854 5469 ⁸⁷
2882 5440 3196 5512 Μεχμέτην,
3232 5449 3324 5502 καὶ
3346 5429 3648 5523 πυθόμενον
3675 5457 3742 5517 ὠς
3785 5456 3855 5519 εἰη

1951 5564 2197 5625 Νυιυιω
2231 5571 2636 5647 marginales.
2694 5566 2697 5571 ’

762 5692 807 5723 ⁸¹
840 5689 936 5744 Hic
957 5691 1145 5770 locum:
1177 5704 1269 5770 cst.
1310 5695 1389 5770 λη’
1515 5703 1861 5770 γιγνομένης.

1962 5704 2006 5734 ⁸⁸
2038 5703 2098 5756 R.
2131 5706 2324 5766 λαϐών,

701 5765 952 5831 φέροντα,
992 5764 1180 5816 θέσθαι
1208 5765 1361 5827 ἐκτός
1392 5764 1828 5838 τῶνσωμάτων.
1903 5773 1946 5804 ⁸⁷
1980 5764 2364 5852 Μιχουμέτην.

2432 5720 2474 5751 ⁸⁵
2510 5721 2714 5778 Ἕωθεν
2747 5726 2807 5776 ἐκ
2828 5726 2920 5796 τῆς
2946 5730 3145 5804 φάτνης
3176 5739 3266 5790 καὶ
3294 5739 3612 5796 ἀπελθόντα.
3688 5744 3729 5772 ³⁸
3766 5737 3858 5793 Καῖ
