3970 6348
660 404 754 465 563

1851 413 2302 483 MARQUARDI
2348 418 2685 500 FREHERI
3743 406 3832 467 50$

661 521 938 592 atriusque
968 524 1118 578 vocis
1170 523 1402 580 litteram
1453 527 1755 580 convenire.
1799 527 1902 581 Sed
1956 538 2009 581 et
2066 530 2199 580 ami-
2227 542 2270 594 Α
2304 531 2374 582 De
2395 532 2516 599 imp.
2539 530 2825 597 Rom.cap.
2851 529 3332 597 ult.:Conﬁdenter
3350 527 3554 595 loquor,
3572 524 3618 576 si
3635 521 3831 576 Germa-

661 628 750 668 cos
811 613 863 666 in
915 615 1202 671 consilium
1268 616 1412 671 misi.
1462 617 1615 671 Alius
1654 599 1749 684 pro
1772 619 1970 686 Βλένης
2021 621 2199 674 mallet

660 707 868 777 Βοέμης
906 707 987 761 vel
1017 708 1270 776 Βοεμίας,
1327 725 1488 777 quam
1545 712 1728 765 nescio
1784 729 1849 764 an
1903 711 2200 766 Germanis:

660 800 927 854 ascribere
979 798 1242 854 voluisset
1289 799 1559 855 Laonicus
1598 802 1780 856 :alius
1828 796 2055 871 Βελγεης
2121 806 2203 857 vel

664 890 1031 959 Βελγεας,ιιοιι
1069 892 1358 946 abludente
1388 891 1706 949 Gern'tattico
1724 897 1937 950 nomine
1969 895 2204 966 Fleming

663 984 730 1036 ab
765 982 868 1037 ista
903 982 1167 1064 Βλίνῃυεί
1197 984 1324 1039 illud
1370 999 1522 1054 teque
1551 987 1888 1051 conveniret,
1941 988 2041 1056 τῆς
2094 990 2209 1042 ἅνω·

663 1074 1304 1146 Γερμανίας-γενομένης.
1327 1076 1589 1146 Equidem
1610 1077 1784 1132 locum
1807 1080 2199 1132 conclamatum

664 1167 806 1234 quod
838 1168 964 1225 olim
990 1169 1150 1238 aegris
1177 1169 1475 1236 desperatis
1494 1168 1669 1224 facere
1685 1171 1950 1233 solebant,
1975 1171 2027 1224 in
2050 1171 2208 1225 trivio

664 1259 878 1328 depono
917 1271 1010 1313 :et
1036 1259 1269 1328 publica?
1303 1260 1487 1328 pietati
1540 1271 1633 1316 aut
1664 1262 1894 1317 lortunte
1917 1278 2030 1316 sua:
2058 1277 2211 1315 com-

668 1362 841 1406 ntltto.

737 1487 855 1544 Col.
889 1488 954 1542 77
976 1488 1042 1546 G.
1077 1489 1264 1557 Γένος
1305 1491 1482 1546 τοῦτο
1499 1490 1969 1562 μέγα-,τοιίθιιίιιι
1993 1495 2217 1548 Triones

670 1582 757 1650 {ut
786 1580 1036 1638 Sidonius
1071 1583 1330 1652 loquitur)
1360 1583 1415 1636 ln
1436 1584 1576 1640 hanc
1594 1585 1780 1641 eﬂ‘usi:
1803 1601 1926 1641 vere
1949 1587 2214 1642 omcinam

669 1673 931 1774 alentium.
967 1672 1232 1730 Nanrius
1289 1675 1344 1729 in
1392 1678 1660 1774 Pspegyr.
1687 1679 1752 1732 ad
1800 1677 2215 1734 Constantinum

668 1762 947 1820 M.:Jaeet
1001 1767 1054 1818 in
1071 1764 1231 1819 latere
1276 1762 1566 1822 Galliaiutn
1619 1778 1708 1823 aut
1739 1770 1794 1823 in
1821 1771 1938 1823 sinu
1991 1780 2078 1824 tuo
2103 1770 2219 1838 fusa

670 1860 953 1925 Barbaria,
984 1877 1073 1925 per
1099 1878 1152 1914 ss
1187 1863 1302 1931 ipsa
1356 1872 1535 1932 potens
1573 1863 1735 1930 natio,
1784 1871 1833 1917 et
1868 1873 1982 1932 post
2016 1861 2209 1917 Roma-
2242 1875 2281 1931 Β

671 1970 791 2004 nam
815 1954 1222 2023 magnitudinem
1246 1956 1300 2008 in
1334 1955 1482 2010 terris
1507 1956 1751 2010 secunda.
1778 1955 1948 2011 Locus
1965 1957 2209 2025 insignis,

671 2055 725 2098 et
750 2046 834 2113 ad
865 2044 1164 2101 Germania
1201 2047 1459 2102 honorem
1530 2049 1741 2112 unicus,
1790 2048 1874 2103 eni
1915 2047 2210 2102 secundum

673 2137 896 2193 Latinus
922 2140 1081 2192 homo
1105 2140 1281 2193 locum
1300 2140 1501 2194 tribuat
1534 2155 1562 2193 a
1594 2140 1785 2203 Roma,
1811 2141 1898 2194 cui
1921 2141 2062 2194 alius
2085 2153 2212 2207 pro-

674 2230 921 2284 vincialis
941 2229 1077 2283 nihil
1097 2229 1295 2295 simile,
1316 2228 1449 2284 nihil
1469 2231 1762 2284 secundum
1780 2231 2212 2286 assentabundus

674 2322 900 2376 dixerat.
927 2320 1029 2377 Sed
1049 2337 1234 2377 vereor
1255 2322 1438 2393 lupum
1465 2324 1633 2377 cauda
1659 2324 1845 2384 teneri,
1869 2330 1924 2378 et
1945 2322 2215 2376 hanelau-
2303 2340 2307 2344 ~

676 2415 793 2467 dem
829 2413 980 2468 nobis
1001 2424 1264 2469 extortam
1302 2416 1365 2468 irl
1407 2430 1436 2467 a
1461 2412 1639 2469 Persis
1676 2414 1911 2486 :quihus
1926 2427 2033 2468 non
2057 2411 2215 2484 paulo

679 2507 979 2574 promptius
1028 2506 1130 2560 hoc
1166 2505 1395 2574 elogium
1442 2503 1673 2559 dedisset
1731 2507 1890 2558 homo
1917 2500 2214 2567 Romanus,

677 2613 835 2657 suam
868 2599 1174 2667 Germanis,
1197 2601 1282 2668 qui
1306 2599 1506 2666 absque
1525 2599 1669 2666 justo
1699 2597 2000 2670 principatu
2022 2597 2216 2650 distra-

678 2691 748 2744 ιειὶ
780 2693 832 2742 in
864 2692 1045 2760 plures
1074 2699 1279 2760 gentes,
1311 2691 1560 2760 interque
1584 2706 1641 2745 se
1667 2689 1960 2748 discordes.
1989 2685 2052 2740 Et
2077 2687 2120 2741 si
2148 2702 2214 2742 ex

678 2782 845 2836 animi
875 2783 977 2836 mei
1012 2785 1275 2837 sententia
1325 2797 1501 2851 roger,
1537 2797 1657 2837 eum
1703 2794 1978 2849 posuetno
2011 2779 2217 2833 editore

681 2886 783 2924 non
815 2870 1022 2927 ha'rens
1048 2873 1118 2926 ita
1163 2873 1379 2943 legam:
1409 2871 1558 2925 Iacet
1612 2873 1666 2924 in
1719 2873 1878 2925 latere
1927 2869 2218 2926 Galliarum

679 2964 840 3015 autin
861 2963 978 3016 sinu
997 2971 1083 3017 tuo
1101 2964 1218 3031 [usa
1235 2963 1509 3017 Barbaria.
1533 2961 1729 3026 Persae,
1749 2962 1861 3031 ipsa
1881 2968 2056 3026 potens
2077 2958 2218 3010 natio

679 3066 726 3109 et
766 3066 881 3123 post
913 3056 1200 3109 Romanam
1237 3056 1651 3124 magnitudinem
1683 3059 1735 3105 in
1775 3054 1929 3106 terris
1968 3052 2214 3116 secunda,

680 3147 968 3200 amicitiam
999 3157 1166 3214 tuam,
1208 3144 1544 3200 Constantine
1575 3144 1823 3207 Maxime,
1885 3160 1987 3198 non
2049 3145 2215 3197 minus

674 3241 874 3308 trepide
902 3254 1058 3310 quam
1099 3238 1396 3292 amabiliter
1420 3238 1724 3307 petiverunt.
1775 3234 1825 3288 Ν
1832 3235 1936 3292 ulla
1970 3237 2023 3288 in
2073 3237 2224 3293 terris
2251 3230 2292 3288 C

681 3347 786 3388 tam
810 3338 956 3404 [eros
984 3336 1128 3389 natio
1155 3346 1250 3400 est,
1281 3349 1395 3404 quae
1426 3342 1473 3385 te
1497 3346 1600 3386 non
1648 3339 1842 3384 metuat
1865 3339 1956 3382 aut
2011 3329 2222 3399 diligat.

681 3428 795 3483 Hoc
825 3429 982 3483 modo
1007 3428 1226 3495 pulchre
1251 3438 1303 3480 et
1331 3425 1614 3479 verborum
1641 3434 1914 3478 structura
1944 3432 1998 3476 et
2033 3434 2225 3477 sensus

681 3528 948 3575 constant.
975 3519 1078 3573 Sed
1116 3529 1167 3572 et
1197 3506 1448 3572 Germani
1487 3530 1608 3569 cum
1651 3513 1866 3567 Parthis
1897 3522 1991 3568 aut
2048 3511 2226 3564 Persis

683 3615 996 3680 plerumque
1027 3608 1177 3678 jungi
1205 3609 1378 3661 solent
1405 3622 1418 3660 :
1457 3607 1667 3675 utrique
1688 3607 1871 3658 hostes
1897 3605 2075 3674 populi
2125 3603 2228 3658 Ro-

685 3702 828 3756 mani
855 3702 891 3755 l.
913 3700 1120 3762 Hostes,
1141 3700 1226 3753 9.4.
1261 3697 1322 3752 D.
1345 3699 1407 3751 de
1423 3708 1557 3764 capt.
1580 3697 1876 3768 etpostlim.
1898 3695 2226 3749 Tltcntistius

683 3793 927 3845 oratione
961 3789 1023 3843 ν.
1053 3789 1109 3844 ln
1142 3787 1656 3844 nummis'Victoria
1694 3787 1889 3841 visitur
1927 3785 2228 3839 inscribens

685 3887 872 3952 clypeo
901 3882 1091 3951 palma:
1137 3880 1294 3938 sllixo
1343 3894 1357 3931 :
1399 3877 1512 3934 Vtc.
1556 3877 1688 3934 Gen.
1745 3888 1798 3932 et
1855 3877 1909 3929 in
1943 3874 2082 3940 aliis,
2113 3871 2226 3926 Vtc.

684 3974 808 4031 Ριιι.

755 4113 887 4166 Ibid.
923 4109 1168 4166 Σκυθῶν
1198 4104 1320 4164 τῶν
1345 4105 1633 4174 Νομάδων
1663 4104 1962 4171 δεύτερον.
1996 4098 2156 4154 Hisce
2177 4108 2230 4152 et

696 4204 892 4259 Strabo
924 4203 1225 4257 Germanos
1255 4205 1535 4270 comparat
1569 4197 1661 4254 lib.
1688 4213 1760 4252 vn
1798 4218 1809 4254 :
1844 4193 2032 4265 Τροφὴ
2058 4193 2102 4244 δ’
2126 4191 2232 4246 ἀπὸ

687 4297 793 4348 τῶν
833 4295 1160 4366 Θρεμμάτων
1190 4296 1222 4362 ἡ
1259 4293 1506 4361 πλείστη,
1544 4291 1685 4344 καθά
1718 4308 1820 4345 που
1849 4291 1958 4350 τοῖς
1991 4283 2231 4354 Νομάσι.

685 4387 815 4441 ὥστ’
848 4389 1083 4446 ἐκείνους
1110 4383 1434 4453 μιμούμενοι
1479 4393 1584 4437 etc.

759 4548 896 4602 Ibid.
930 4547 1000 4601 El
1044 4543 1223 4598 ταυτὸ
1271 4544 1542 4612 φρονοίη,
1575 4541 1672 4596 καὶ
1717 4541 1819 4608 ὑφ’
1859 4541 1946 4596 ἑνὶ
1992 4541 2233 4611 ἄρχοντι

694 4643 952 4709 ἡγεμόνι.
979 4637 1412 4714 EtteasSylvins
1435 4639 1486 4690 in
1508 4635 1807 4696 Germania,
1830 4648 1949 4706 cap.
1973 4631 2071 4690 72:
2105 4631 2230 4688 Plu-

692 4740 950 4788 ralitatent
984 4733 1272 4802 principum
1332 4729 1622 4799 philosophi
1663 4727 1935 4781 abhorrent
1970 4741 1987 4776 :
2055 4741 2142 4785 1'33
2174 4741 2234 4785 ea

691 4829 946 4900 gaudetis.
979 4827 1114 4879 Nam
1137 4824 1371 4898 quamvis
1396 4823 1753 4892 imperatorem
1782 4836 1829 4877 et
1859 4840 2023 4894 regem
2056 4834 2104 4876 et
2137 4825 2232 4874 do-

654 4922 888 4978 .minum
913 4933 1138 4976 vestrum
1169 4935 1276 4971 esse
1318 4916 1575 4984 fatemini,
1637 4914 1871 4983 precario
1929 4926 2100 4966 tamen
2150 4913 2237 4965 ille

694 5019 946 5084 imperare
973 5016 1190 5074 videtur,
1223 5008 1367 5061 nulla
1399 5007 1510 5074 ejus
1537 5007 1765 5072 potentia
1792 5014 1890 5059 est.
1940 5005 2167 5059 Tantum
2191 5004 2238 5054 ei

694 5109 881 5175 paratis
903 5117 1153 5174 quantum
1176 5102 1353 5166 vultis,
1381 5100 1530 5153 vultis
1547 5108 1722 5152 autem
1737 5097 2031 5150 minimum.
2055 5094 2237 5146 Liber-

696 5216 776 5252 tas
804 5202 1039 5250 omnibus
1067 5198 1120 5248 in
1143 5195 1400 5247 communi
1440 5193 1631 5261 placet,
1653 5205 1812 5253 neque
1862 5189 2118 5250 ciuitates,
2153 5201 2240 5237 ne-

693 5309 789 5358 que
825 5292 1098 5356 principes,
1125 5287 1260 5354 quod
1294 5302 1444 5338 suum
1494 5294 1569 5336 est
1616 5282 1915 5347 imperatori
1967 5280 2239 5347 prwbent:

697 5381 843 5434 nulla
868 5379 945 5430 illi
967 5377 1255 5444 vectigalia,
1274 5377 1473 5426 nullum
1498 5375 1759 5424 a'rarium.
1781 5370 2010 5436 Quisque
2033 5383 2140 5419 sua:
2167 5367 2240 5416 rei

697 5479 994 5529 moderator
1022 5483 1069 5525 et
1100 5471 1293 5524 arbiter
1329 5484 1434 5520 esse
1465 5468 1590 5518 vult.
1625 5467 1754 5517 Uine
1795 5463 2065 5516 discordia:
2111 5465 2242 5512 inter

700 5585 782 5618 vos
811 5565 1020 5622 crcbrm.
1055 5573 1101 5616 et
1133 5561 1344 5614 assidua
1383 5559 1512 5610 bella
1565 5567 1873 5622 grassantur
1906 5576 1921 5606 :
1957 5570 2019 5607 ex
2055 5551 2238 5620 quibus

702 5659 912 5725 rapinar,
934 5659 1193 5718 incendia,
1227 5653 1409 5718 ardes,
1445 5661 1490 5703 et
1527 5649 1663 5700 mille
1696 5649 1948 5699 malorum
1980 5656 2239 5712 emergunt

700 5770 881 5818 geneta
920 5752 1391 5819 :qttemudmodum
1420 5747 1487 5797 ibi
1537 5744 1840 5795 intervenire
1892 5756 2091 5793 necesse
2146 5753 2239 5801 est,

596 5848 609 5862 '
701 5846 1298 5900 ubivlnmdominantur
1322 5839 1512 5892 cavita.
1543 5836 1727 5890 l'rttus
1771 5834 1833 5887 tle
1870 5831 2041 5884 Andlo
2098 5830 2189 5885 lib.
2227 5847 2241 5884 ι

2301 623 2354 674 ni
2374 622 2631 690 principes
2670 623 2993 686 imperatori,
3019 631 3268 692 tanquam
3304 619 3561 671 advocato
3599 615 3831 668 Ecclesia

2301 715 2520 780 fideliter
2569 702 2890 770 assisterent.
2922 722 3072 780 prout
3126 711 3438 780 temporibus
3481 709 3713 780 antiquis
3735 722 3833 758 (on-

2304 816 2593 870 sueverunt,
2637 807 2805 859 omnis
2838 806 3072 871 profecto
3100 813 3325 870 potestas
3353 801 3630 854 contraria
3655 800 3834 851 ridere-

2307 910 2392 952 tur
2421 915 2600 966 parva.
2633 897 2773 949 Tunc
2807 915 2908 949 non
2936 897 3102 950 solum
3128 893 3349 951 Cra-cia.
3380 893 3469 946 sed
3500 890 3760 959 Aigyptns
3793 899 3833 940 et

2306 985 2551 1041 Chaldata
2575 987 3004 1044 contremisceret,
3041 1001 3101 1036 ac
3127 985 3323 1037 ultima:
3344 983 3572 1048 regiones
3628 978 3834 1035 Sarace-

2309 1094 2498 1130 norum
2525 1078 2860 1146 trepidarent.
2895 1076 3245 1129 Protendente
3263 1088 3440 1138 nempe
3457 1072 3635 1140 acluila
3660 1069 3835 1125 Roma-

2312 1186 2492 1222 norum
2523 1169 2586 1222 ab
2624 1167 2833 1235 Europa
2861 1166 2974 1219 alas
3004 1184 3148 1226 suas.
3182 1182 3271 1222 nec
3296 1170 3581 1234 gryphones
3603 1165 3739 1218 Asiae
3767 1172 3836 1213 at-

2310 1279 2404 1331 que
2445 1262 2631 1331 Africae
2664 1261 2795 1314 satis
2825 1245 2953 1313 tuta:
2983 1269 3153 1312 erunt.
3257 1258 3262 1262 ’

2379 1390 2493 1445 Col.
2519 1391 2583 1445 77
2614 1390 2670 1443 D.
2699 1389 2840 1446 Οὔτε
2861 1391 3028 1445 σείει.
3063 1391 3201 1444 idem
3229 1391 3294 1442 de
3322 1388 3492 1442 Gallia
3523 1385 3708 1440 scribit
3741 1385 3834 1438 Pii»

2317 1484 2459 1537 nius.
2482 1480 2659 1535 Terrae
2689 1490 2865 1536 motus
2885 1492 3059 1536 tamen
3097 1479 3358 1549 plurimos
3377 1477 3612 1532 Annales
3630 1475 3839 1529 subinde

2319 1576 2596 1638 adnatant,
2633 1575 2724 1627 sed
2756 1573 3011 1642 nimirum
3049 1571 3452 1640 frequentiores
3481 1581 3535 1625 et
3571 1571 3836 1624 vehemen-

2320 1668 2480 1722 tiores
2505 1669 2556 1721 in
2590 1667 2713 1720 Asia
2744 1675 2800 1721 et
2827 1665 3066 1732 Oriente,
3096 1665 3184 1742 ubi
3232 1665 3477 1720 civltates
3499 1664 3659 1719 etiam
3718 1663 3835 1715 inte-

2321 1775 2443 1832 gras
2472 1768 2738 1815 evertunt.

2386 1893 2522 1950 Ibid.
2573 1896 2948 1948 Πολιτεύεται
2996 1897 3145 1950 κατὰ
3188 1895 3374 1948 ταῦτα
3430 1892 3737 1965 Ῥωμαίοις.
3773 1890 3838 1948 lla

2316 1987 2630 2057 jamdudum
2662 1989 2921 2056 Agathine
2953 1989 3015 2043 de
3051 1986 3275 2041 Francis
3309 2004 3322 2040 :
3367 1987 3477 2042 Καὶ
3512 1985 3745 2051 πολιτείᾳ
3775 1983 3837 2040 ὼς

2316 2078 2385 2130 τὰ
2411 2076 2577 2128 πολλὰ
2601 2078 2837 2145 χρῶνται
2876 2076 3173 2149 Ῥωμαϊκῇ,
3200 2076 3292 2130 καὶ
3319 2078 3501 2144 νόμοις
3526 2076 3633 2144 τοῖς
3655 2073 3839 2131 αὐτοῖς.

2317 2168 2411 2219 καὶ
2434 2167 2499 2218 τὰ
2519 2167 2654 2221 ἄλλα
2675 2170 2872 2236 ὁμοίως
2893 2168 3033 2236 ἀμφί
3057 2185 3113 2219 τε
3137 2167 3203 2220 τὰ
3224 2184 3286 2221 συ
3296 2166 3523 2236 abditam
3543 2166 3637 2219 καὶ
3653 2164 3839 2233 γάμους

2319 2259 2412 2311 καὶ
2439 2257 2538 2329 τὴν
2557 2257 2651 2311 τοῦ
2683 2259 2824 2311 θείου
2845 2258 3138 2330 θεραπείαν
3168 2257 3498 2331 νομίζουσιν.
3526 2256 3586 2310 Ει
3617 2262 3668 2308 at
3697 2254 3837 2308 altius

2319 2359 2430 2398 rem
2456 2355 2783 2414 repetamus,
2816 2345 3009 2401 Florus
3037 2348 3132 2401 lib.
3175 2363 3250 2411 tv,
3283 2362 3400 2415 cap.
3436 2346 3502 2400 l2
3541 2364 3552 2398 :
3583 2343 3744 2400 ﬂores
3765 2359 3842 2396 no-

2228 2484 2229 2487 η
2320 2446 2453 2492 stros
2484 2440 2647 2508 magis
2681 2456 2838 2507 quam
2864 2457 3016 2493 arma
3037 2444 3130 2492 sub
3154 2440 3464 2507 imperatore
3486 2439 3653 2494 Druso
3688 2453 3840 2493 susce-

2319 2539 2526 2597 perant.
2558 2527 2620 2582 Et
2659 2544 2781 2584 vere
2803 2544 2864 2582 ex
2893 2529 3166 2608 perpetuis
3224 2543 3346 2585 cum
3401 2529 3658 2585 Romanis
3701 2528 3839 2581 hellis

2322 2635 2550 2690 quaeque
2573 2619 2837 2674 accedunt
2897 2609 3278 2690 legationibus,
3303 2618 3622 2686 fmderibus,
3653 2621 3773 2690 quin
3799 2628 3841 2670 et

2321 2712 2681 2773 commerciis,
2718 2712 2945 2765 multum
2974 2713 3206 2767 subinde
3237 2723 3290 2768 et
3313 2717 3379 2769 ad
3410 2714 3646 2786 linguam
3706 2722 3756 2767 et
3776 2712 3839 2762 vi-

2323 2811 2430 2856 tam
2453 2800 2705 2856 Germani
2743 2810 3044 2857 traxerunt.
3079 2803 3219 2869 Quid
3258 2804 3400 2874 quod
3425 2815 3480 2860 et
3527 2802 3764 2857 deducta
3795 2798 3841 2851 in

2323 2901 2538 2948 nostras
2561 2908 2685 2949 oras
2711 2893 3080 2948 Romanorum
3115 2895 3363 2958 colonia,
3414 2903 3468 2949 et
3505 2910 3599 2964 per
3655 2906 3839 2948 connu-

2324 2984 2407 3040 bia
2434 2985 2626 3038 mistus
2647 2986 2894 3055 sanguis,
2949 2995 3002 3040 et
3053 2986 3319 3056 exportati
3371 2985 3597 3039 Romam
3645 2982 3837 3060 captivi.

2325 3078 2463 3132 servi
2496 3093 2509 3132 :
2541 3078 2808 3143 stipendia
2833 3079 2973 3147 apud
3002 3077 3277 3134 Romanos
3306 3077 3580 3133 iacientes
3643 3077 3838 3132 milites.

2327 3169 2626 3238 principum
2663 3170 2940 3237 satellites,
2972 3185 3310 3226 communem
3360 3170 3644 3239 utriusque
3686 3167 3842 3237 gentis

2326 3262 2562 3329 linguam
2595 3261 2870 3332 vitamque
2901 3263 3162 3317 iecerunt.
3193 3261 3303 3318 Nec
3325 3263 3497 3319 solum
3523 3264 3576 3316 in
3604 3258 3840 3315 Romanis

2328 3351 2619 3421 provinciis
2674 3353 2924 3407 Germani
2981 3354 3244 3425 indigenis
3298 3353 3512 3408 misceri
3568 3357 3840 3422 coeperunt.

2327 3447 2419 3499 sed
2455 3460 2579 3500 vero
2613 3447 2664 3500 in
2691 3447 2807 3515 ipsa
2837 3446 3150 3511 Germania,
3195 3447 3494 3516 praesertim
3555 3445 3694 3500 circa
3725 3441 3843 3496 limi-

2332 3544 2431 3600 tes,
2455 3534 2680 3590 Roman't
2711 3538 2914 3593 nostris
2943 3553 3258 3594 assuescere
3283 3536 3612 3591 didicerunt.
3634 3533 3772 3590 Unde
3798 3532 3841 3583 in

2333 3629 2714 3684 vetustissimis
2739 3629 2944 3697 legibus
2978 3630 3190 3698 patriis,
3247 3627 3423 3681 Salica
3489 3629 3572 3681 tit.
3603 3628 3690 3692 45,
3724 3625 3747 3694 §
3780 3624 3839 3677 7:

2331 3720 2391 3774 Si
2419 3718 2684 3773 Romanus
2708 3723 2858 3774 homo
2884 3737 3171 3788 possessor,
3195 3721 3247 3773 id
3301 3722 3488 3792 estqui
3509 3715 3680 3777 res'in
3731 3732 3841 3789 pago

2333 3813 2419 3865 ubi
2442 3824 2746 3877 commonet,
2778 3815 3016 3884 proprias
3054 3815 3302 3881 possidet,
3356 3814 3560 3868 occisus
3615 3813 3777 3882 fuerit,
3805 3809 3842 3858 is

2330 3904 2418 3968 qui
2451 3921 2566 3957 eum
2596 3907 2846 3959 occidisse
2891 3907 3236 3967 convincitur,
3293 3923 3345 3960 tv
3405 3906 3527 3958 den.
3597 3899 3842 3970 culpabilis

2328 3996 2616 4062 judicetnr.
2643 3996 2702 4051 Si
2729 3999 2841 4065 quis
2878 3997 3168 4050 Romanum
3223 3997 3556 4050 tributariam
3605 3993 3842 4049 occiderit.

2334 4101 2464 4155 εις..
2521 4100 2572 4145 et
2606 4091 2726 4145 aliis
2765 4092 2964 4160 passim
2997 4107 3011 4144 :
3047 4089 3107 4142 Si
3128 4089 3390 4144 Romanus
3440 4091 3614 4150 Ιιοιιιο,
3660 4096 3754 4142 etc.
3799 4079 3846 4134 Si

2338 4182 2569 4237 Francus
2599 4185 2772 4246 homo,
2797 4191 2901 4235 etc.
2930 4181 3134 4245 Quibus
3158 4183 3288 4250 ipsis
3320 4182 3372 4236 in
3401 4181 3607 4248 legibus
3633 4194 3753 4234 sane
3775 4190 3845 4226 ve-

2335 4276 2672 4337 tustissimis,
2696 4285 2892 4343 praeter
2915 4275 3052 4344 quod
3078 4274 3270 4332 Latino
3323 4281 3602 4342 utcunque
3625 4280 3842 4327 sermone

2335 4370 2545 4437 scriptae
2567 4376 2714 4431 sunt,
2750 4369 3028 4436 complura
3059 4367 3222 4422 etiam
3256 4365 3490 4421 subinde
3519 4367 3683 4419 veluti
3708 4360 3842 4416 vesti-

2336 4458 2420 4526 gia
2446 4459 2711 4512 etdnctus
2741 4473 2770 4512 a
2797 4456 3318 4511 Romanisderivatte
3339 4453 3566 4523 justitize
3583 4456 3844 4512 observare

2335 4550 2481 4606 licet.
2519 4549 2752 4605 Tandem
2786 4565 2973 4606 everso
3013 4559 3065 4601 et
3087 4550 3295 4622 direpto
3325 4564 3418 4622 per
3445 4553 3735 4608 Germanas
3771 4561 3845 4598 na-

2340 4645 2512 4703 tiones.
2537 4643 2781 4719 itttperio,
2801 4649 2982 4710 Gothi,
2998 4647 3360 4715 Langobardi,
3379 4646 3595 4707 Franci,
3612 4642 3846 4695 Romano-

2339 4757 2454 4796 rum
2491 4751 2543 4795 et
2581 4743 2811 4797 victores
2831 4749 3270 4801 etsuccessores,
3316 4753 3494 4792 mores
3546 4749 3752 4804 quoquc
3779 4746 3848 4783 on-

2337 4851 2480 4899 rum,
2516 4835 2667 4897 ritus,
2695 4833 3068 4897 caeremonias,
3091 4831 3374 4890 formulas,
3432 4838 3486 4882 et
3521 4829 3594 4881 ttil
3625 4845 3726 4881 non
3771 4823 3848 4874 sibi

2337 4921 2852 4993 assumpserunt.Et
2881 4933 2996 4991 post
3023 4925 3121 4977 hos
3146 4922 3259 4976 veri
3293 4920 3366 4973 illi
3407 4918 3682 4982 Germani,
3717 4912 3847 4969 Sueri

2339 5017 2559 5083 inquam
2600 5025 2652 5066 ct
2700 5014 2965 5078 Saxones,
2999 5029 3120 5067 cum
3152 5026 3303 5080 reges
3335 5018 3390 5063 et
3408 5010 3651 5064 Caesares
3689 5009 3850 5061 Roma-

2340 5123 2529 5162 norum
2563 5105 2830 5167 audirent,
2859 5116 3090 5160 veterem
3123 5104 3262 5156 illam
3319 5102 3580 5158 Latialem
3635 5100 3850 5166 majesta-

2340 5209 2446 5250 tem
2478 5207 2531 5251 et
2566 5198 2890 5250 cothurnum
2923 5195 3069 5249 omni
3107 5194 3287 5250 studio
3329 5195 3659 5251 .ati‘ectabant
3687 5208 3698 5242 :
3727 5198 3776 5241 ut
3797 5185 3848 5238 dc

2341 5286 2551 5343 Othone
2585 5289 2647 5340 ΙΙΙ
2686 5289 2817 5355 imp.
2855 5286 3126 5340 Ditmarus
3171 5286 3478 5344 scribitlib.
3519 5299 3592 5344 tv,
3638 5280 3848 5346 antiquas

2343 5374 2759 5427 consuetudines
2790 5373 3151 5426 Romanorum
3214 5375 3320 5442 jam
3371 5387 3436 5429 ex
3498 5381 3648 5440 parte
3691 5379 3848 5435 magna

2344 5467 2545 5520 deletas
2577 5476 2946 5528 revocantem,
2985 5464 3242 5535 pleraque
3285 5464 3380 5518 ad'
3415 5473 3650 5516 veterum
3685 5457 3850 5530 princi-

2343 5574 2469 5625 pum
2504 5557 2856 5609 imitationem
2887 5554 3078 5610 fecisse
3109 5573 3122 5609 :
3168 5557 3298 5611 adeo
3332 5563 3388 5608 ut
3441 5554 3602 5607 etiam
3633 5554 3693 5607 ad
3719 5566 3846 5606 men-

2345 5667 2458 5705 satn
2499 5653 2549 5702 in
2588 5645 2984 5700 st-tnicircnlmn
3028 5647 3314 5700 l'ortnatnnt
3343 5645 3529 5713 (quam
3581 5644 3746 5714 Signia
3767 5655 3844 5694 ve-

2347 5753 2484 5794 teres
2522 5738 2878 5803 vut‘:tl)uttl)cl
2913 5739 3139 5792 editiore
3180 5741 3296 5791 loco
3332 5737 3558 5804 positam
3630 5737 3760 5790 solus
3783 5745 3849 5786 sc-

2347 5835 2511 5886 dctct.
2548 5827 2729 5899 Neque
2757 5827 2856 5881 alia
2879 5841 3042 5881 causa
3071 5827 3308 5889 linguam
3342 5822 3504 5877 etiam
3561 5823 3781 5877 Latinam
3802 5815 3845 5869 in
