3970 6348
163 423 261 521 εδδ

1633 470 1874 531 NOTAE.

3236 453 3338 519 566

162 572 410 625 omnibus
443 570 672 639 publicis
695 572 905 630 actibus
932 579 985 626 et
1014 573 1314 628 tabularum
1335 577 1698 629 monumentis
1729 589 1773 636 Α
1802 593 1992 647 quoque
2023 595 2082 634 ac
2107 577 2585 644 Galli,extremique
2625 575 2891 626 mirantur
2930 570 3174 639 Hispani,
3227 554 3355 625 eos?

163 663 564 717 conscribendis
597 665 767 716 nostri
807 663 1051 722 Caesares
1109 681 1204 734 per
1253 667 1459 734 aliquot
1513 668 1708 721 saecula

165 752 411 819 religiose
445 763 842 808 conservarunt
869 772 884 811 :
916 756 1133 826 etleges
1165 758 1385 811 tandem
1435 758 1710 811 Romanas

163 841 522 899 alustiniano
568 845 902 914 compositas
942 847 995 900 in
1045 848 1266 903 scholas
1307 859 1361 902 et
1421 849 1707 903 tribunalia

146 935 490 990 induxerunt
526 952 541 990 :
579 952 676 990 ceu
732 933 1022 1006 utrumque
1076 940 1443 996 certissimum
1513 941 1711 993 veteris

160 1027 307 1080 illius
334 1026 691 1082 Romanitatis
713 1028 948 1096 signum,
970 1038 1022 1086 et
1045 1031 1242 1086 stantis
1287 1031 1463 1086 adhuc
1498 1011 1711 1101 imperii

162 1129 563 1184 argumentum.
598 1117 929 1187 Sigismundi
964 1128 1110 1174 certe
1134 1129 1395 1189 tempore,
1443 1106 1550 1190 quo
1609 1123 1711 1175 ista

162 1206 428 1278 Laeuinus
461 1209 703 1276 scripsit,
732 1205 1025 1264 Germania
1076 1212 1229 1266 miris
1260 1213 1434 1265 modis
1491 1213 1708 1267 exculta

163 1300 336 1353 nihilo
371 1299 537 1356 italia:
566 1300 810 1365 cedebat,
841 1303 1252 1372 συμφερόμενος
1276 1305 1358 1368 (ut
1381 1304 1494 1372 ipse
1528 1306 1706 1372 loqui-

164 1390 271 1456 tur)
306 1391 371 1442 τὰ
400 1390 532 1443 ἄλλα
573 1391 886 1459 Ῥωμαῖοις.
915 1393 1071 1446 Addo
1100 1403 1153 1450 et
1181 1394 1383 1448 Graecis
1442 1395 1594 1461 ipsis,
1629 1405 1709 1448 tuo

162 1493 346 1537 Stante
371 1482 483 1550 jam
540 1493 655 1540 tum
683 1481 912 1552 Agathia
942 1503 959 1540 :
992 1485 1212 1554 Ἔχουσι
1242 1487 1298 1538 δὲ
1330 1488 1422 1538 καὶ
1447 1488 1716 1556 ἄρχοντας

162 1579 221 1626 ἐν
247 1577 368 1637 ταῖς
401 1577 591 1630 πόλεσι
619 1616 635 1640 ,
675 1579 768 1631 καὶ
800 1579 987 1648 ἱερεῖς,
1018 1581 1111 1629 καὶ
1139 1583 1239 1639 τὰς
1283 1579 1474 1647 ἑορτὰς
1515 1580 1716 1646 ὁμοίως

165 1669 300 1734 ἡμῖν
331 1667 661 1725 ἐπιτελοῦσι.
699 1671 810 1724 Καὶ
839 1671 914 1735 ὡς
966 1674 1024 1724 ὲν
1057 1670 1318 1740 βαρϐάρῳ
1347 1671 1492 1736 γένει
1522 1671 1716 1740 ἔμοιγε

161 1761 382 1815 δοκοῦσι
423 1763 627 1832 σφόδρα
671 1759 810 1816 εἶναι
857 1766 1074 1831 κόσμιοί
1108 1781 1167 1815 τι
1221 1767 1314 1815 xui.
1350 1764 1709 1816 ὰστειότατοι.

160 1852 336 1924 Οὐδέν
378 1870 437 1906 τε
471 1854 614 1922 ἔχειν
645 1854 703 1908 τὸ
735 1854 1044 1910 διαλλάττον
1074 1856 1106 1921 ἢ
1148 1855 1306 1924 μόνον
1347 1854 1406 1908 τὸ
1445 1854 1714 1924 Βαρὸαρι-
1747 1898 1790 1956 Β

172 1946 269 1996 κὸν
295 1945 396 2020 τῆς
443 1947 654 2014 στολῆς,
715 1947 812 2000 καὶ
851 1947 912 1998 τὸ
956 1946 1055 2014 τῆς
1087 1945 1267 2014 φωνῆς
1302 1947 1522 2021 ἰδιάζον,
1555 1949 1718 2013 Ἀγα-

167 2054 271 2102 μαι
305 2025 412 2106 γὰρ
437 2036 630 2100 αὐτοὺς
664 2038 742 2099 si;
775 2037 843 2089 τὰ
882 2037 1112 2106 μάλιστα
1145 2037 1341 2103 ἔγωγε,
1388 2037 1495 2088 τῶν
1535 2055 1590 2089 τε
1622 2038 1719 2091 ἆλ-

164 2127 274 2179 ὶων
307 2123 384 2181 ὧν
415 2129 626 2197 ἔχουσιν
654 2129 896 2195 ἀγαθῶν,
937 2129 1031 2182 καὶ
1065 2129 1160 2197 τῆς
1214 2131 1270 2190 ις
1329 2128 1592 2197 ἀλλήλους
1640 2131 1720 2181 δι-

164 2218 462 2289 καιοσύνης
495 2235 555 2271 τε
597 2221 690 2272 καὶ
718 2222 989 2287 ὁμονοίας.
1673 2202 1676 2205 ⁷

233 2351 352 2406 Col.
381 2353 446 2406 ’Π
470 2353 532 2406 D.
559 2356 922 2423 Μονομαχια.
953 2353 1182 2409 Velleius
1206 2354 1518 2411 Patet-culus
1542 2356 1635 2410 lib.
1661 2373 1721 2418 tt,

165 2443 258 2496 ubi
291 2444 358 2495 de
386 2445 648 2508 Quintilio
695 2461 724 2498 a
755 2446 1038 2501 Germanis
1070 2463 1231 2513 caeso,
1287 2457 1469 2498 narrat
1513 2462 1605 2500 ens
1643 2448 1720 2500 sir

166 2536 370 2588 mutate
400 2538 576 2605 egisse
606 2539 826 2607 gratias.
860 2540 994 2608 quod
1041 2539 1154 2594 lites
1214 2541 1437 2608 ipsorum
1489 2538 1723 2591 Romana

160 2629 380 2700 justitia
402 2632 600 2695 ﬁniret,
638 2632 921 2700 feritasque
944 2647 1040 2683 sua
1064 2632 1291 2684 nouitate
1335 2631 1607 2699 incognitae
1633 2631 1722 2682 di-

163 2719 402 2784 sciplina:
472 2721 782 2783 mitesceret,
821 2733 871 2775 et
928 2723 1086 2776 solita
1119 2722 1279 2774 armis
1338 2721 1563 2774 discerni
1613 2721 1720 2788 (in-

165 2813 442 2880 quit)jure
473 2818 903 2868 terminarentur.
976 2813 1216 2883 ldipsum
1276 2823 1498 2885 apparet
1536 2813 1587 2888 in
1628 2829 1722 2866 ven

166 2905 268 2956 teri
327 2907 442 2970 lege
483 2907 890 2973 Alemanorum,
952 2907 1034 2960 tit.
1073 2908 1162 2964 44.
1223 2906 1302 2977 §i
1347 2925 1362 2961 :
1407 2907 1587 2960 Liceat
1643 2907 1721 2958 illi

165 2998 260 3050 alii
301 2999 387 3049 cui
419 2998 614 3050 crimen
670 3000 938 3063 imposuit,
986 3015 1100 3051 cum
1148 2998 1315 3066 spada
1364 3015 1418 3052 se
1477 3000 1722 3056 idoneure

163 3098 355 3143 contra
382 3088 532 3140 illum
572 3089 757 3139 alium.
791 3089 854 3143 Et
889 3091 967 3142 lit.
1004 3088 1089 3151 56,
1125 3087 1152 3160 §
1194 3089 1219 3143 1
1252 3103 1267 3140 :
1307 3086 1568 3157 Sequatur
1605 3103 1720 3140 eum

165 3189 504 3232 sacramento
530 3195 642 3234 cum
667 3181 950 3235 nominatis
982 3198 1061 3242 v.,
1101 3190 1191 3232 aut
1220 3197 1335 3238 cum
1381 3181 1545 3249 spada
1580 3191 1721 3235 trata

167 3285 347 3336 pugna
377 3268 600 3320 duorum
622 3285 640 3322 :
663 3271 709 3323 si
733 3280 900 3338 potest
944 3272 1210 3339 acquirere
1266 3280 1356 3326 aut
1397 3287 1488 3339 per
1541 3288 1722 3324 διιστα-

168 3368 402 3411 mentum
432 3368 524 3410 aut
546 3375 638 3425 per
667 3376 914 3427 pugnam,
961 3361 1054 3419 illa
1087 3363 1307 3425 pecunia
1354 3370 1469 3429 post
1504 3373 1718 3414 mortem

169 3451 407 3502 mulieris
437 3459 575 3502 retro
607 3465 869 3519 nunquam
901 3460 1207 3506 revertatur.
1253 3452 1553 3507 Przescrtim
1589 3468 1718 3506 vero

167 3543 256 3595 tit.
293 3542 382 3603 84,
418 3539 645 3605 Quando
676 3541 852 3608 parati
897 3551 1018 3594 sunt
1068 3543 1133 3597 ad
1166 3558 1412 3611 pugnam,
1470 3553 1588 3597 tunc
1633 3560 1723 3608 po-

167 3643 300 3683 nunt
332 3635 498 3699 ipsam
526 3645 722 3689 terram
742 3633 799 3685 in
835 3634 1024 3695 medio,
1047 3642 1094 3685 et
1125 3641 1341 3702 tangant
1381 3633 1550 3694 ipsam
1602 3649 1721 3683 cum

164 3725 367 3789 spathis
396 3725 524 3785 suis,
561 3741 679 3777 cum
707 3723 890 3792 quibus
923 3739 1152 3792 pugnare
1202 3723 1383 3776 debent
1415 3739 1433 3776 :
1483 3733 1528 3773 et
1587 3722 1725 3774 testi-

162 3817 391 3880 ﬁcentur
415 3813 581 3866 Deum
616 3825 921 3876 creatorem,
957 3825 1008 3868 ut
1044 3815 1194 3883 cujus
1223 3813 1286 3868 sit
1303 3813 1530 3882 justitia,
1563 3813 1723 3879 ipsius

165 3907 239 3957 sit
266 3914 313 3956 et
345 3920 515 3973 pugna
537 3915 582 3956 et
609 3905 848 3957 victoria.
894 3906 1072 3958 Donec
1129 3906 1228 3956 hoc
1280 3903 1617 3972 probationis
1670 3910 1723 3954 et

163 3997 511 4067 purgationis
532 4011 703 4066 genus
736 4011 830 4064 per
870 3995 1130 4058 duellum,
1196 4005 1303 4047 tam
1364 3997 1618 4061 frequens
1667 3994 1721 4045 in

165 4090 623 4160 Longobardicis,
659 4088 954 4152 Francicis,
994 4087 1280 4141 Saxonicis
1337 4086 1566 4155 legibus,
1630 4100 1722 4154 per

165 4194 410 4235 canones
445 4179 716 4233 sublatum
753 4178 894 4242 fuit;
941 4179 1013 4232 ita
1050 4187 1104 4232 et
1156 4193 1250 4245 per
1309 4175 1724 4230 constitutiones

167 4275 478 4343 principum
516 4273 674 4330 ludus
709 4272 1081 4343 gladiatorias.
1135 4269 1286 4338 Quod
1337 4285 1458 4324 cum
1518 4268 1720 4321 dudum

165 4376 299 4418 ante
327 4366 547 4420 Laonici
580 4363 751 4418 nostri
787 4379 956 4418 aevum
993 4363 1193 4419 factum
1244 4360 1427 4424 fuerit,
1471 4360 1722 4413 existimo

163 4472 298 4509 eum
337 4458 438 4508 hoc
461 4456 580 4509 loco
622 4454 829 4519 patius‘
860 4454 926 4525 de
955 4456 1347 4511 exercitatione
1405 4453 1497 4505 illa
1555 4449 1726 4519 loqui,

165 4562 282 4616 quo
321 4545 592 4599 Germana
625 4547 791 4613 pubes
843 4530 1053 4601 festivis
1080 4545 1298 4612 diebus,
1325 4559 1417 4614 per
1457 4542 1606 4595 varia
1635 4555 1724 4593 ar-

168 4649 408 4693 matura:
437 4651 656 4709 genera,
691 4638 896 4699 hastas,
935 4652 1096 4710 gaesa,
1126 4651 1283 4691 enses
1336 4645 1578 4694 retusos,
1628 4647 1727 4699 pu»

172 4731 470 4800 giunculos
503 4729 732 4798 ligneos,
789 4730 1006 4800 publico
1047 4727 1364 4795 spectacqu
1427 4724 1727 4779 inserviens

171 4837 385 4891 (neque
417 4839 478 4880 eo
508 4836 723 4894 semper
754 4821 996 4892 innoxio)
1049 4823 1306 4878 decertat.
1360 4817 1412 4875 In
1443 4832 1546 4886 qua
1578 4826 1730 4868 vetus

170 4915 312 4970 illud
349 4913 737 4982 propemodum
782 4926 1140 4981 recognoscas
1179 4909 1354 4966 Taciti
1405 4909 1459 4966 in
1514 4905 1731 4959 Germa-

166 5023 260 5059 nia
297 5022 320 5057 :
349 5002 677 5062 Exercitatio
725 5012 888 5064 artem
935 5014 1107 5073 parat,
1146 5021 1231 5058 ars
1293 5005 1545 5053 decorem.
1611 4994 1732 5047 Non

135 5115 223 5147 om
258 5106 522 5163 quaestum
554 5111 730 5156 (einen
753 5107 797 5152 et
844 5095 1124 5150 mercedem
1146 5111 1162 5144 :
1212 5093 1446 5162 quamvis
1514 5087 1728 5142 audacis

169 5186 413 5241 lascivia:
449 5188 670 5255 pretiunt
698 5197 774 5243 est
811 5189 1040 5254 voluptas
1063 5187 1428 5253 spectantium.

239 5322 397 5377 Ibid.
435 5318 793 5381 Δεξιώτατον
843 5320 909 5384 ἔς
957 5337 1020 5371 τε
1065 5321 1359 5386 μηχανάς.
1422 5320 1476 5373 In
1530 5321 1732 5374 maelii-

171 5417 259 5468 nis
321 5411 664 5480 ooinigenis,
724 5412 1045 5469 automatis.
1100 5409 1388 5479 grapliide,
1437 5411 1733 5477 czrlatura,

173 5505 411 5572 ingenio
441 5515 493 5556 et
528 5502 790 5556 felicitate
852 5501 1141 5557 Germania
1192 5509 1414 5554 exteras
1487 5504 1736 5556 nationes

173 5593 468 5665 pracellit,
491 5604 545 5647 et
573 5594 627 5644 in
650 5605 712 5644 ea
763 5601 986 5644 ceteras
1016 5591 1179 5661 urbes
1208 5588 1525 5656 Noriberga,
1584 5591 1740 5643 indu-

172 5688 394 5741 strioso
422 5683 616 5753 populo
640 5683 766 5736 faeta
794 5682 1053 5750 (utsupra
1097 5697 1161 5735 ex
1196 5680 1362 5734 Enen
1390 5679 1568 5749 Sylvio
1607 5682 1738 5734 rela-

171 5779 320 5839 tum)
391 5785 442 5827 et
493 5775 827 5842 ingeniorum
893 5788 1113 5841 parcns.
1177 5772 1442 5838 Artiﬁcum
1474 5772 1525 5823 in
1557 5788 1613 5823 eo
1662 5772 1741 5821 in-

188 5872 372 5940 genia,
429 5868 500 5919 ait
557 5867 854 5932 Cttclilteus,
920 5865 1105 5917 nedum
1156 5865 1416 5926 Germani,
1485 5863 1570 5915 sed
1621 5863 1742 5916 Itali

1806 686 1900 738 que
1923 685 2146 737 per-sape
2173 670 2460 738 requirunt,
2513 675 2561 719 et
2608 680 2784 718 eorum
2834 679 2988 731 opera
3045 660 3344 731 longissime

1809 762 2102 814 mittuntur.
2158 759 2484 828 Extollitque
2516 757 2790 810 Albertum
2843 754 3125 818 Durerum,
3170 753 3344 824 picto-

1812 868 1922 904 rem
1966 852 2462 920 incomparabilem,
2500 851 2762 904 Joannem
2791 848 3166 902 Neuscltelium
3189 884 3206 911 ,
3260 855 3350 900 ως

1818 945 2004 997 barum
2039 944 2432 1012 exsculptoretn
2459 942 2657 1011 pariter
2695 951 2747 995 et
2780 939 3101 1003 inﬂatorem,
3129 937 3344 992 Petrum

1813 1033 2147 1100 Fisclterum,
2197 1035 2431 1089 l'usorem
2488 1042 2540 1088 et
2620 1033 2918 1086 caelatorem
2989 1028 3346 1094 metallorum,

1820 1122 2120 1176 Erbardum
2157 1125 2407 1178 Erlslaub
2446 1133 2497 1178 et
2526 1123 2654 1177 Hele
2684 1123 2958 1191 horologia
2993 1122 3343 1186 fabricantes;

1819 1213 1911 1265 sed
1944 1214 2187 1266 omittere
2217 1229 2320 1268 non
2352 1229 2570 1282 possunt
2602 1214 2899 1282 elegantem
2958 1211 3132 1266 locum
3188 1209 3352 1264 nobi-

1816 1304 2007 1358 lissimi
2065 1314 2230 1371 poeta:
2290 1304 2450 1369 Galli,
2531 1304 2774 1358 Gulielmi
2836 1303 3074 1357 Sallustii
3125 1299 3350 1356 Bartasii

1816 1393 1909 1446 lib.
1946 1409 1994 1447 Vt
2028 1393 2377 1448 Ilebdomadis
2405 1409 2422 1446 :

2369 1558 2434 1565 —
2471 1527 2579 1590 Que
2606 1528 2832 1596 diray-je
2865 1528 2925 1580 de
2951 1528 3121 1594 l’uigle

1890 1598 2028 1652 Dont
2045 1615 2113 1651 un
2143 1599 2289 1652 docte
2307 1599 2541 1650 Alemant
2574 1599 2770 1650 honora
2798 1609 2969 1650 nostre
2989 1597 3138 1650 sie‘cle
3157 1596 3182 1647 .’

1889 1667 2035 1738 Aigle
2065 1669 2151 1734 qui
2180 1668 2473 1735 deslogeant
2498 1669 2561 1738 de
2594 1667 2647 1720 ia
2675 1669 2970 1720 maistresse
2998 1667 3141 1738 main

1892 1736 2012 1791 Alia
2045 1739 2150 1791 loin
2173 1755 2240 1790 au
2267 1738 2450 1790 derant
2480 1736 2602 1788 d‘un
2637 1753 2900 1806 empereur
2930 1737 3160 1806 germain
3182 1750 3201 1788 :

1892 1807 1960 1859 Et
1997 1808 2192 1876 l‘oyant
2223 1808 2489 1860 rcncontré
2509 1805 2728 1858 soudain
2757 1806 2906 1858 d‘une
2927 1805 3064 1876 aisle
3085 1814 3286 1859 accorte

1887 1878 1950 1929 Se
1977 1875 2241 1936 tournant,
2280 1878 2324 1929 te
2350 1878 2503 1931 suivit
2538 1877 2775 1945 iusqu‘au
2802 1876 2934 1929 seuit
2957 1875 3017 1928 de
3050 1875 3100 1928 la
3124 1886 3267 1942 porte

1899 1948 1978 1998 Du
2011 1946 2114 2013 fort
2147 1945 2610 2012 Norembergeois:
2644 1963 2738 2014 que
2773 1947 2842 1998 les
2873 1946 3049 2011 piliers
3080 1947 3250 2010 dorés,

1891 2016 1985 2069 Les
2014 2017 2229 2080 tnpissés
2265 2015 2512 2078 clremins,
2557 2015 2627 2066 les
2649 2031 2762 2065 arcs
2797 2015 3085 2078 étnbourés,

1892 2085 1985 2137 Les
2016 2085 2339 2154 foudroyans
2369 2099 2586 2143 sanans,
2617 2085 2670 2136 ni
2703 2083 2754 2134 ia
2773 2085 3016 2146 jeunesse
3045 2084 3222 2138 isnelle

1893 2155 2043 2207 Nile
2067 2153 2228 2209 clienti
2258 2156 2406 2206 sénat
2445 2154 2801 2206 n‘ltonoraient
2850 2161 2960 2206 tant
2999 2168 3194 2205 comme
3240 2153 3353 2206 elle.

1890 2289 2059 2358 Cujus
2096 2289 2339 2342 miraculi
2387 2287 2576 2343 Petrus
2606 2288 2767 2343 etiam
2807 2288 3016 2342 Ramus
3065 2287 3119 2341 in
3171 2289 3357 2356 praela-

1826 2386 1970 2439 tione
2015 2383 2134 2437 libri
2172 2398 2209 2437 tt
2267 2384 2627 2437 Mathematic.
2665 2383 2930 2455 meminit,
2978 2384 3137 2453 idque
3167 2382 3358 2440 Joanni

1823 2478 1889 2530 de
1921 2475 2095 2530 Monte
2128 2474 2296 2546 Regio
2329 2476 2594 2529 attribuit.
2768 2478 2783 2495 '
3256 2518 3263 2528 ..

1890 2566 2006 2621 Col.
2040 2567 2103 2621 ΤΙ
2130 2567 2191 2619 D.
2220 2564 2516 2633 Πολεμικὰ
2541 2566 2700 2635 ἔργα.
2733 2563 2870 2630 Quid
2905 2563 3128 2617 Romani
3166 2565 3361 2617 arietes

1823 2655 2192 2723 machinaeque
2217 2669 2406 2709 omnes
2437 2656 2814 2723 poliorceticaa,
2842 2664 2932 2711 aut
2961 2654 3119 2706 etiam
3151 2652 3360 2706 Graeco-

1823 2763 1940 2799 rum
1963 2747 2048 2801 ille
2081 2747 2220 2815 ignis
2256 2748 2498 2818 marinus
2525 2747 2637 2814 (qui
2679 2746 3011 2800 Chelandrite
3067 2745 3201 2814 apud
3261 2743 3359 2798 Zo-

1823 2852 2009 2890 naram
2037 2846 2090 2890 et
2116 2837 2356 2890 Nicetam
2385 2843 2650 2906 vocatur),
2680 2836 2743 2889 ad
2773 2835 3160 2890 Germanorum
3186 2831 3360 2887 fulmi-

1826 2944 1925 2982 nea
1963 2937 2226 2982 tormenta
2257 2929 2343 2982 illa
2371 2930 2520 2999 pyrio
2551 2929 2770 2996 pulvere
2803 2927 3062 2995 displosa,
3091 2941 3364 2979 murorum

1825 3021 2164 3088 turriumque
2245 3031 2449 3088 pestem
2531 3018 2936 3073 certissimam?
2996 3016 3085 3070 De
3168 3018 3363 3086 quibus

1827 3111 2025 3166 Aineas
2083 3111 2296 3182 Sylvius
2339 3114 2392 3164 in
2445 3111 2746 3174 Germania,
2793 3125 2910 3178 cap.
2960 3108 3067 3161 67:
3139 3107 3362 3160 Rideant

1750 3223 1796 3286 ρ
1829 3221 2026 3258 necesse
2051 3216 2124 3258 est
2159 3206 2384 3275 reliquas
2435 3219 2698 3257 armorum
2728 3202 2954 3271 ofﬁcinas
2977 3240 2990 3262 ,
3023 3201 3108 3270 qui
3157 3196 3363 3267 publica

1829 3293 2228 3349 Teutonicorum
2263 3295 2676 3348 armamentaria
2706 3294 2914 3348 uiderit.
2977 3290 3065 3345 Tot
3096 3291 3165 3345 ibi
3203 3290 3364 3358 majo-
3422 3326 3426 3330 ι

1832 3402 1910 3439 res
1938 3386 2162 3444 balistae.
2190 3397 2263 3440 tot
2297 3387 2606 3454 catapultte,
2642 3395 2715 3436 tot
2757 3386 2965 3444 arietes,
3015 3393 3102 3434 tot
3146 3381 3366 3435 insolita:

1830 3483 2205 3552 magnitudinis
2238 3499 2381 3535 (enea
2429 3491 2684 3534 tormenta
2721 3480 2980 3539 uisuntur,
3023 3493 3137 3544 qua!
3188 3483 3364 3530 vocant

1831 3574 2152 3625 Bombardas
2177 3589 2432 3642 :quorum
2465 3580 2514 3625 et
2536 3572 2634 3637 ipsi
2661 3568 2912 3622 Teutones
2945 3578 3226 3634 repertores
3275 3566 3365 3615 Ira-

1831 3669 2028 3720 bentur.
2061 3664 2324 3720 Huttenus
2361 3665 2414 3718 in
2449 3665 2677 3732 eleganti
2709 3660 2900 3730 lilyliio
2932 3659 3004 3731 De
3057 3672 3158 3711 non
3213 3656 3361 3722 dege-

1831 3761 1944 3812 neri
1976 3758 2260 3811 Germania
2290 3774 2304 3810 :

1909 3890 2043 3942 Nam
2067 3908 2178 3956 qua
2203 3891 2426 3943 sidereas
2457 3891 2646 3943 vocalis
2683 3891 2920 3942 machina
2948 3897 3114 3940 turres

1901 3961 2109 4022 Dejicit.
2132 3978 2193 4012 ac
2217 3960 2414 4011 solidas
2447 3960 2675 4028 impulsu
2703 3960 2925 4012 concutit
2946 3973 3088 4008 arces

1902 4032 2188 4098 Moeniaque
2216 4047 2276 4082 ac
2317 4031 2510 4096 spissos
2545 4039 2750 4098 aggesto
2779 4028 2999 4097 pondere
3030 4045 3201 4080 muros

1844 4109 1846 4111 ’
1904 4100 2093 4166 λΕψισι
2126 4101 2266 4168 agris
2289 4137 2302 4159 ,
2325 4102 2607 4166 sternitque
2634 4101 2832 4162 domos,
2861 4109 2906 4152 et
2937 4098 3155 4150 destruit
3185 4102 3364 4162 urbes;

1904 4170 2104 4222 Ριοάὶὶι
2141 4187 2172 4221 a
2204 4168 2368 4223 nobis.
2834 4201 2840 4207 -

1912 4306 2032 4358 llaec
2071 4305 2299 4374 eleganti
2349 4319 2482 4358 voce
2513 4302 2830 4369 τηλεϐόλους
2877 4311 2928 4353 et
2961 4301 3368 4367 τηλεὸολίσκους

1837 4395 2100 4454 nominat.
2137 4411 2241 4463 qua
2307 4396 2467 4448 etiam
2503 4392 2752 4447 Lascaris
2814 4391 3020 4446 utitur:
3076 4405 3370 4459 eorumque

1840 4485 2202 4538 inventionem
2233 4486 2518 4540 Germanis
2559 4485 2751 4538 tribuit
2788 4483 3091 4546 Laonicus,
3128 4481 3268 4549 quod
3319 4493 3372 4536 et

1759 4592 1802 4673 D
1833 4576 2075 4644 pluribus
2098 4578 2291 4644 repetit
2324 4578 2418 4629 lib.
2457 4593 2509 4637 ν,
2554 4575 2626 4629 fol
2660 4575 2784 4628 579.
2811 4570 2969 4627 Plura
3025 4574 3092 4626 de
3123 4571 3371 4624 bombar-

1834 4670 1916 4724 dis
1934 4667 2183 4738 Polydor.
2214 4667 2481 4734 Vergilius
2524 4666 2620 4721 lib.
2650 4682 2710 4731 tt,
2757 4680 2875 4733 cap.
2918 4665 3003 4725 Η,
3063 4671 3110 4716 et
3161 4665 3251 4718 lib.
3292 4679 3369 4728 tn,

1831 4759 1998 4824 e.l8;
2037 4759 2256 4811 Gubert.
2294 4758 2559 4811 Costanus
2608 4757 2661 4810 in
2718 4750 3053 4824 Palyltistore
3101 4768 3217 4823 cap.
3270 4753 3369 4816 95;

1831 4848 2217 4916 Wimplieling,
2285 4846 2338 4898 in
2386 4843 2625 4911 Epitome
2688 4845 2956 4909 German.,
2997 4860 3095 4915 cap
3174 4843 3262 4905 64,
3321 4851 3373 4895 et

1832 4939 2089 4991 Mnester.
2118 4935 2489 5004 Cosmograph.
2521 4936 2611 4988 lib.
2647 4951 2722 4988 ιιι.
3064 4934 3066 4936 ’

1909 5033 2046 5088 ibid.
2098 5034 2192 5095 Ἐς
2240 5029 2436 5092 πάσας
2489 5027 2594 5092 τὰς
2643 5029 2854 5095 τέχνας
2905 5026 3220 5094 εὐδοκιμεῖ.
3253 5025 3372 5079 Alio

1835 5138 2037 5180 mutata
2093 5142 2120 5178 a
2172 5124 2338 5177 veteri
2396 5123 2484 5176 illa
2542 5121 2769 5192 rudique
2821 5121 3164 5175 Germania:
3219 5105 3372 5172 facile

1835 5234 1893 5274 ut
1927 5229 2178 5286 appareat
2210 5218 2372 5287 (quod
2416 5213 2622 5268 Tullius
2667 5226 2718 5264 tv
2772 5209 2982 5264 Tuscul.
3021 5209 3087 5262 dc
3112 5209 3224 5263 suis
3277 5210 3372 5262 bo-

1838 5311 2070 5362 minibus
2094 5309 2190 5374 ait)
2227 5317 2440 5359 nostros
2476 5302 2653 5358 omnia
2689 5299 2944 5368 consequi
2980 5299 3236 5366 potuisse,
3295 5299 3369 5348 si—

1838 5399 1946 5450 mul
1980 5410 2036 5449 ut
2065 5399 2200 5449 velle
2237 5395 2547 5463 erupissent.
2606 5390 2678 5445 De
2732 5389 2970 5444 omnium
3004 5383 3370 5442 'sulertissitno

1837 5488 2202 5542 etutilissimo
2234 5485 2451 5539 invento
2495 5483 2860 5553 typograpltize
2915 5481 3179 5536 Laonicus
3227 5494 3432 5532 men-x

1843 5584 2040 5633 tionem
2075 5578 2252 5631 facere
2276 5592 2384 5629 non
2415 5577 2609 5645 potuit,
2632 5575 2788 5644 'quod
2841 5583 2959 5644 post
2983 5573 3099 5641 ejus
3156 5572 3371 5630 demum

1843 5682 2052 5727 :etatem
2081 5669 2182 5722 sub
2232 5667 2490 5722 Friderici
2530 5666 2592 5721 Ill
2625 5667 2849 5735 imperio
2899 5672 3081 5717 natum
3134 5670 3257 5723 est,
3318 5671 3376 5714 ut

1844 5762 2116 5818 adnotavit
2155 5760 2534 5829 Wimplteling.
2559 5761 2608 5810 in
2647 5757 2784 5824 Epit.
2840 5756 3085 5811 German.
3119 5769 3232 5821 cap.
3285 5754 3374 5814 65,

1845 5872 1893 5914 et
1925 5856 2171 5919 l‘olydor.
2199 5853 2284 5906 lib.
2316 5869 2373 5916 ιι,
2398 5867 2446 5906 c.
2479 5854 2527 5906 7.
2556 5850 2804 5907 Hadrian.
2833 5847 3021 5902 Junius
3055 5849 3106 5899 in
3133 5844 3375 5898 Batus-ia.
