3970 6348
711 439 808 506 567

1868 504 1872 508 .
1908 453 2252 526 MARQUAI

2351 430 2376 513 t‘
2412 458 2610 535 mea
2627 460 2752 518 ειη
3433 459 3436 461 ‘
3782 467 3860 528 su

777 550 890 606 Col.
923 555 992 608 80
1019 557 1082 610 Α.
1117 561 1280 625 Φέρει
1315 561 1362 612 τ’
1388 562 1547 615 ἀλλὰ
1573 561 1786 615 πάντα.
1823 542 1993 637 Etiam
2027 565 2244 618 metalla

2351 566 2436 619 ubi
2491 569 2716 624 Carolus
2759 568 3035 627 Martellus
3108 575 3350 631 Francus
3421 577 3601 643 palatii
3649 578 3859 647 magister

712 655 872 695 omne
895 660 1084 712 genus,
1112 650 1253 714 quod
1309 652 1435 705 olim
1488 652 1705 708 Tacitus
1760 657 1989 719 negavit.
2047 653 2150 708 Sed
2181 655 2248 708 de

679 802 683 806 Ι
713 728 797 782 his
824 731 967 786 alibi.
1012 733 1176 808 Illud
1204 739 1270 790 de
1323 741 1631 795 volucribus
1702 743 1981 797 noctilucis
2054 731 2247 810 inirqu

695 811 972 891 Dionysio
996 835 1047 878 et
1081 825 1229 882 Solio
1247 829 1591 896 adnotatum,
1617 831 1725 886 risu
1755 834 1972 902 dignum
2003 844 2106 888 est.

781 973 932 1052 Quod
963 977 1387 1052 parcituvolucres
1417 978 1653 1048 (mirum)
1683 982 1999 1052 fulgentibus
2045 985 2142 1037 nlis

848 1041 1004 1106 Queis
1021 1047 1237 1100 ducibus
1275 1041 1432 1102 noctu
1467 1041 1749 1108 cernuntur
1764 1041 1916 1120 "ﬂexa
1948 1055 2174 1107 viarum.
2207 1113 2209 1115 _

780 1169 910 1224 Ibid.
959 1173 1085 1227 Ἐπὶ
1145 1178 1408 1245 Βοέμους
1457 1181 1595 1246 τοὺς
1631 1169 1903 1252 Κεχίους.
1952 1186 2101 1253 Quod
2142 1187 2249 1244 Un-

710 1262 911 1327 gariam
963 1269 1352 1322 conterminam
1405 1271 1534 1326 facit
1591 1273 1904 1337 Bohemiae.
1962 1280 2085 1333 imle
2134 1295 2249 1346 est,

710 1351 851 1426 quod
886 1355 984 1408 sub
1016 1355 1264 1413 Boltemis
1311 1361 1555 1420 Moravos
1604 1367 1766 1419 etiam
1823 1371 2246 1437 comprehendit,

713 1445 806 1510 qui
842 1447 1036 1501 subditi
1079 1467 1242 1520 regno
1281 1453 1550 1509 Bohemiae
1614 1457 1899 1526 Ungariam
1954 1464 2243 1532 attingunt.

717 1535 868 1598 Quod
902 1554 1025 1592 vero
1056 1541 1128 1594 ait
1163 1541 1424 1599 Bohenms
1454 1547 1558 1600 dici
1611 1546 1839 1617 Ccchos,
1887 1552 1954 1604 ab
2010 1553 2249 1620 ipsorum

711 1624 1118 1683 et'l'olonorum
1150 1631 1334 1702 lingua
1388 1647 1492 1696 est,
1524 1626 1723 1706 quibus
1774 1640 2038 1697 Bohemus
2088 1645 2248 1699 Czec/t

702 1715 773 1767 'ut
830 1714 1094 1788 Ungarica
1153 1724 1272 1775 czélt
1341 1727 1677 1795 appellatur;
1740 1729 1824 1782 (ΞΖ
1883 1734 1956 1785 ita
2013 1749 2249 1803 pronun-

715 1807 866 1874 tiato,
899 1812 1169 1875 quomodo
1204 1814 1329 1868 Tsch
1383 1817 1434 1868 in
1472 1807 1758 1875 Tac/rudus.
1802 1823 1953 1888 Quod
1988 1840 2177 1877 nomen
2219 1843 2246 1878 a
2305 1863 2308 1868 η

2347 667 2502 711 erat:
2553 662 2706 723 cuius
2757 672 2940 729 rogatu
2985 664 3343 734 Luitprandus
3401 668 3858 722 obsidionem-sul-

2348 746 2442 800 vit.
2498 748 2778 818 Pippiuus,
2834 752 3059 808 Martelli
3116 757 3276 822 tilius,
3321 757 3625 812 Childerico
3676 760 3857 812 domino

2349 853 2445 891 suo
2473 839 2664 908 ignavo
2695 845 3022 900 monasterio
3042 845 3271 910 incluso,
3295 830 3436 900 anno
3482 847 3601 912 755,
3657 861 3793 901 curat
3817 865 3858 901 se

2346 913 2539 992 eligiet
2564 926 2629 979 ad
2658 915 2970 984 Zachariam
3036 934 3166 986 dicti
3231 931 3473 1002 Gregorii
3520 951 3854 990 successorem

2350 1013 2544 1066 mittit:
2573 1015 2664 1082 qui
2695 1019 2896 1085 accepti
2945 1020 3187 1074 beneﬁcii
3229 1035 3436 1076 memor
3469 1039 3590 1076 mox
3627 1028 3798 1077 annuit
3821 1039 3858 1076 et

2349 1117 2532 1157 omnes
2554 1105 2859 1160 Cliilderico
2893 1107 2995 1162 llde
3021 1110 3308 1166 obstrictos
3338 1113 3588 1190 absolvit.
3623 1114 3685 1168 C.
3713 1116 3856 1172 Alius,

2349 1195 2434 1248 l5.
2466 1211 2520 1263 q.
2547 1196 2596 1250 6.
2627 1195 2826 1253 Dehinc
2845 1199 3072 1254 Carolus
3125 1200 3369 1270 Magnus,
3398 1201 3603 1271 Pippini
3631 1204 3778 1263 titius,
3797 1219 3859 1255 ro-

2349 1293 2503 1352 gatus
2519 1286 2587 1337 ab
2613 1286 2883 1341 IIadriano
2906 1292 2974 1358 (c.
3000 1290 3247 1344 Hortatu.
3266 1291 3355 1345 23.
3381 1309 3435 1361 σι.
3460 1293 3535 1362 8).
3563 1293 3855 1346 Desiderium

2351 1374 2828 1444 Longobardorum
2885 1395 3061 1450 regem
3114 1383 3308 1450 insigni
3376 1384 3518 1438 bello
3577 1386 3760 1438 devicit
3798 1402 3857 1438 re-

2350 1481 2619 1534 gnumque
2678 1469 3038 1524 illuddclevit
3062 1486 3205 1526 anno
3231 1473 3353 1526 776.
3387 1468 3719 1543 Deinde'post
3745 1489 3860 1527 com;

2349 1557 2530 1625 plures
2566 1574 2734 1613 annos
2767 1560 3042 1617 invocatus
3075 1579 3103 1615 a
3139 1562 3312 1618 Leone
3342 1563 3428 1627 III,
3467 1579 3587 1619 eum
3625 1565 3677 1619 in
3713 1566 3858 1619 sedem

2348 1649 2584 1703 restituit
2619 1668 2631 1701 :
2674 1669 2701 1702 a
2732 1667 2842 1720 quo
2875 1654 3107 1707 vicissim
3139 1654 3429 1723 imperator
3459 1658 3752 1711 declaratus
3779 1668 3858 1715 est,

2349 1749 2400 1791 et
2419 1751 2707 1794 coronatus
2735 1743 2915 1796 Romae
2939 1745 3027 1796 die
3060 1744 3259 1799 Natalis
3291 1746 3496 1800 Domini
3526 1763 3668 1802 anno
3698 1747 3804 1800 80l.

2415 1832 2530 1886 Col.
2553 1834 2619 1886 80
2645 1833 2704 1887 Ι).
2733 1836 3163 1899 Μετενήνεκται
3182 1841 3213 1889 ὀ
3241 1836 3462 1904 Ψῆφος.
3484 1839 3528 1890 Λ
3552 1838 3748 1892 Latinis
3777 1855 3852 1891 au-

711 1900 920 1955 tjzecho
942 1916 1062 1972 rege
1083 1905 1256 1974 primo
1279 1911 1453 1978 gentis
1501 1913 1783 1969 conditore
1815 1914 2035 1971 duxisse
2070 1915 2247 1970 ferun-
2279 1925 2322 1982 Β
2351 1923 2548 1976 ditione
2573 1925 2776 1990 accepit
2799 1923 3060 1979 Laonicus
3086 1926 3152 1979 tle
3199 1900 3551 1986 translatione
3607 1930 3798 1998 imperii
3821 1939 3860 1980 et

713 1999 820 2040 tur.
849 1992 1128 2054 Quomodo
1157 2006 1270 2053 et'a
1298 2000 1474 2057 Lecho
1504 2005 1683 2074 primo
1733 2006 1869 2060 duce
1919 2018 2250 2076 auctorequc

712 2095 830 2161 suo,
857 2081 1038 2140 Poloni
1078 2104 1106 2141 a
1135 2090 1396 2148 Ruthenis
1441 2097 1757 2166 caeterisque
1787 2099 1959 2154 Slavis
2001 2101 2177 2154 Leclu'i
2201 2111 2250 2155 et

717 2173 935 2226 Lee/ritis
955 2179 1312 2246 appellantur,
1364 2193 1423 2237 ut
1448 2185 1750 2242 Alexander
1779 2189 2092 2259 Guaguinus
2149 2193 2249 2246 ad.

713 2266 938 2319 notavit.
957 2264 1070 2322 Hoc
1099 2271 1216 2326 loco
1238 2277 1516 2342 praeterire
1549 2294 1652 2334 non
1683 2296 1898 2349 possum
1957 2283 2248 2349 NemitzOS.

712 2369 849 2420 quos
892 2358 1147 2418 Celticam
1198 2367 1467 2422 nationem
1517 2386 1638 2426 esse
1683 2384 1736 2428 et
1785 2376 2247 2442 Constantitmpoli

717 2451 979 2508 militasse
1028 2455 1270 2514 Zonaras
1325 2471 1378 2516 et
1424 2464 1615 2534 Gl‘ycas
1663 2470 1946 2523 scribunt:
1980 2468 2152 2522 Ἦσαν
2195 2473 2251 2523 δὲ

715 2542 859 2607 παρά
888 2559 1004 2596 τινα
1029 2547 1234 2616 πύργον
1261 2551 1396 2620 πρὸς
1440 2557 1505 2624 τῇ
1545 2555 1682 2627 πύλῃ
1709 2558 1804 2623 τῆς
1845 2559 2046 2619 πόλεως
2075 2561 2108 2629 ἢ
2142 2562 2249 2611 Κα-

717 2632 860 2715 poiou
891 2633 1129 2690 καλεΞταίι
1150 2638 1504 2706 φυλάσποντες
1531 2644 1794 2713 Νέμετζοι
1819 2647 1985 2716 (ἔθνος
2013 2649 2056 2700 δ’
2077 2651 2123 2701 oi
2152 2651 2251 2701 Νέ-

716 2728 897 2791 μετζοι
929 2731 1205 2802 Κελτικὸν)
1229 2750 1247 2768 ο
1277 2737 1423 2790 οὗτοι
1462 2722 1772 2811 λάθραρτοῖς
1798 2745 1920 2813 περὶ
1949 2747 2074 2807 τοὺς
2102 2749 2251 2812 Kay-

714 2817 903 2881 νηνοὺς
934 2819 1407 2892 ὲκοινολογήσαντο
1427 2831 1553 2900 περὶ
1582 2832 1866 2900 προδοσίας
1893 2835 1986 2900 τῆς
2022 2835 2245 2895 πόλεως.

717 2900 783 2953 Εῑ
800 2904 1000 2970 statim,
1028 2924 1098 2958 πα
1111 2909 1178 2976 ρὰ
1199 2911 1304 2962 τῶν
1328 2913 1576 2983 Νεμίζων
1593 2936 1606 2983 ;
1626 2930 1782 2988 atque
1805 2922 1993 2975 iterum
2025 2924 2122 2974 ὑπὸ
2147 2924 2250 2974 τῶν

715 2991 983 3063 Νεμὶζων.
1025 2998 1235 3054 Gentem
1259 3003 1510 3060 Gallicam
1562 3010 1824 3078 interpres
1865 3015 2040 3071 vertit.
2071 3025 2117 3064 et
2173 3023 2251 3069 ta-

714 3102 835 3141 men
867 3089 917 3142 in
951 3091 1125 3148 indice
1156 3095 1450 3155 Germanos
1478 3105 1838 3159 subodoratus
1877 3117 1978 3170 est,
2013 3109 2249 3177 adeoque

704 3173 961 3242 ‘Nemetcs
988 3181 1160 3238 Rheni
1191 3191 1424 3244 accolas.
1459 3191 1816 3250 Leunclavius
1837 3209 2012 3250 autem
2066 3211 2246 3254 noster

713 3268 766 3321 in
808 3267 970 3340 Glyea
995 3273 1058 3326 ad
1090 3289 1236 3329 oram
1266 3280 1563 3346 adnotavit,
1623 3286 1887 3341 Teutones
1935 3290 2242 3344 Sciat-orum

713 3360 895 3429 lingua
938 3363 1205 3423 Neinitzos
1227 3374 1423 3428 vocari.
1453 3374 1513 3429 Et
1539 3374 1771 3433 Ortelius
1795 3396 2008 3451 quoque
2036 3382 2248 3434 inThe-

713 3469 870 3507 sauro
908 3471 1006 3525 pro
1031 3457 1346 3529 Niemecltes,
1399 3466 1448 3520 id
1498 3480 1603 3533 cst,
1652 3470 1948 3527 Germanos
1977 3473 2248 3527 habendos

711 3553 915 3600 Censet.

783 3658 914 3715 Ibid.
949 3663 1009 3719 Β.
1053 3668 1453 3734 Συμφέρονται
1493 3672 1562 3724 δὲ
1597 3671 1933 3742 Γερμανοῖς.
1981 3678 2089 3732 IIoc
2121 3696 2252 3748 quo-

713 3766 817 3819 que
844 3753 944 3807 lide
975 3754 1188 3820 Laonici
1213 3761 1301 3822 sit,
1343 3759 1583 3830 ngaros
1606 3781 1724 3820 cum
1743 3765 2028 3823 Germanis
2064 3771 2248 3825 iisdem

714 3843 879 3896 armis
905 3855 957 3897 et
986 3846 1224 3903 moribus
1257 3851 1354 3903 uti.

788 3955 922 4009 Ibid.
953 3957 1014 4012 C.
1058 3957 1193 4012 Ἅπό
1221 3978 1280 4014 τε
1303 3963 1474 4030 σφῶν
1496 3965 1712 4018 αὐτῶν.
1742 3967 1893 4032 Quod
1922 3969 2006 4020 hic
2041 3969 2249 4031 scribit,

722 4045 968 4114 l‘ugaros‘
1005 4064 1100 4102 sua
1141 4051 1381 4119 ipsorum
1433 4057 1611 4123 lingua
1670 4057 1953 4112 Pannones
1980 4059 2081 4112 dici
2126 4076 2251 4113 nes-

717 4138 801 4191 cio
839 4152 904 4189 an
949 4139 1072 4190 olim
1117 4157 1297 4196 verum
1352 4144 1544 4210 fuerit;
1601 4146 1754 4199 hodie
1803 4159 1947 4200 certe
1994 4163 2097 4201 non
2148 4163 2249 4203 est.

719 4227 927 4296 Magiar
950 4231 1294 4301 dissyllabum
1332 4234 1560 4304 Ungaris
1593 4235 1833 4306 Ungarus
1865 4238 2098 4302 dicitur;
2138 4240 2252 4293 Mu-

715 4319 914 4385 giarok.
949 4322 1172 4390 litigari.
1479 4343 1481 4346 ‘

785 4433 920 4488 Iliid.
964 4435 1258 4503 Ῥωμαίων
1296 4439 1585 4505 ἀρχιερέα.
1642 4439 1935 4508 Eugenium
1986 4444 2047 4497 IV
2098 4446 2254 4514 cujus
2301 4486 2304 4490 .

716 4524 988 4592 cpitaphio
1015 4525 1066 4578 id
1093 4526 1266 4595 ipsum
1304 4528 1496 4596 legitur
1520 4548 1534 4582 :

790 4656 952 4712 Istius
986 4670 1106 4712 ante
1124 4667 1301 4714 sacros
1325 4679 1374 4714 se
1408 4663 1650 4729 praebuit,
1705 4666 1834 4716 alter
1866 4667 1927 4716 ab
1964 4675 2103 4729 ortu,

857 4730 1002 4782 Alter
1028 4732 1088 4782 ab
1119 4749 1306 4784 occasu
1337 4731 1514 4785 Cit-sar
1543 4743 1752 4802 uterque
1781 4738 1950 4799 pedes.

790 4802 933 4870 Alter
965 4810 1019 4852 ut
1047 4802 1269 4868 accipiat
1309 4803 1428 4869 ﬁdei
1451 4804 1756 4855 documenta
1794 4803 2011 4870 Latintr,

854 4869 999 4921 Alter
1026 4885 1079 4924 ut
1103 4883 1293 4924 aurato
1322 4873 1492 4941 cingat
1521 4873 1713 4926 Itonore
1738 4890 1908 4939 caput.

787 5027 912 5083 Ibid.
942 5027 1001 5081 D.
1058 5029 1180 5095 Τοῖς
1225 5027 1461 5082 Κελτῶν
1521 5031 1868 5093 βασιλεῦσι.
1915 5033 1987 5085 Ita
2037 5033 2254 5091 omnino

715 5119 1000 5188 legi-udum
1039 5130 1131 5174 :et
1159 5136 1252 5189 pro
1286 5121 1448 5174 Celtis
1485 5124 1560 5176 \el
1603 5122 1788 5183 Gallis,
1817 5123 2041 5176 Francis
2077 5126 2253 5190 potius

718 5213 1019 5264 dicendum.
1069 5210 1248 5279 Neque
1313 5213 1362 5264 id
1423 5223 1527 5266 tam
1582 5214 1770 5267 merito
1824 5215 2057 5268 liberata:
2093 5231 2121 5269 a
2154 5215 2254 5269 Sa-

720 5303 931 5354 racenis
953 5303 1219 5370 Hispaniae
1245 5303 1405 5370 (quod
1441 5314 1589 5373 putat
1635 5304 1938 5373 Laonicus),
1970 5320 2129 5372 quam
2167 5305 2253 5357 de-

720 5397 886 5446 tensa:
935 5393 1102 5460 ipsius
1167 5393 1328 5446 Italiae
1382 5404 1432 5445 et
1491 5394 1690 5448 Romae.
1742 5395 2069 5461 Luitpraudo
2111 5395 2253 5447 enim

723 5485 1192 5555 Langobardorum
1237 5500 1357 5554 rege
1419 5486 1638 5539 Romam
1698 5487 1995 5546 obsidente,
2053 5485 2255 5555 Grego-

727 5582 837 5632 rius
868 5577 930 5632 Ill
966 5595 1098 5646 papa
1131 5593 1233 5631 non
1257 5576 1363 5643 jam
1397 5579 1458 5629 ad
1491 5579 1707 5632 solitum
1747 5576 2002 5628 auxilium
2035 5577 2258 5643 impera-

725 5673 857 5726 toris
884 5672 1454 5739 Coustantinoliolitani
1489 5675 1668 5739 (quem
1700 5669 1768 5722 ob
1802 5669 1998 5734 ejeclas
2044 5672 2255 5738 tcmp'is

726 5763 982 5828 nnagines
1007 5765 1381 5816 communione
1429 5774 1480 5816 et
1512 5761 1738 5829 imperio
1767 5759 2092 5831 privaverat)
2125 5774 2252 5812 cou-

720 5852 875 5922 l'ugit,
898 5850 986 5903 Sl‘tl
1008 5852 1068 5903 ad
1091 5851 1352 5922 principes
1371 5844 1694 5907 Francorum
1718 5849 1914 5903 Gallias
1939 5848 2253 5912 tenentium,

2352 2013 2595 2067 instituto
2621 2017 2930 2081 electurum;
2987 2019 3128 2085 quod
3176 2033 3280 2071 non
3333 2019 3528 2083 miror,
3563 2035 3686 2073 cum
3727 2021 3857 2073 etiam

2349 2103 2679 2157 Constantini
2701 2106 3038 2160 donationem
3056 2107 3276 2162 Photius
3297 2120 3460 2177 ponat
3485 2109 3538 2162 in
3559 2109 3859 2164 Nomocano-

2350 2209 2436 2247 ne.
2472 2192 2791 2248 Fuitautem
2839 2195 3119 2264 imperium
3180 2199 3572 2267 hereditarium
3627 2201 3678 2254 in
3727 2199 3861 2266 stirpe

2349 2285 2524 2338 Caroli
2549 2281 2722 2354 Magni
2755 2301 2847 2354 per
2864 2296 3081 2341 centum
3119 2288 3308 2354 viginti
3369 2304 3567 2352 annos,
3633 2289 3859 2357 usquead

2347 2376 2653 2431 Conradum
2685 2379 2912 2446 primum
2945 2396 2960 2432 :
3011 2381 3100 2448 qui
3159 2382 3393 2435 moriens
3436 2397 3579 2436 anno
3607 2382 3721 2446 920,
3752 2384 3862 2436 ultro

2349 2469 2534 2523 detulit
2585 2469 2866 2538 imperium
2903 2469 2966 2523 ad
2991 2468 3279 2525 Henricum
3304 2471 3599 2542 Aucupen,
3623 2473 3860 2528 Saxonum

2349 2563 2562 2623 ducem,
2593 2577 2715 2615 cum
2744 2575 2853 2631 quo
2883 2561 3079 2615 bellum
3114 2561 3309 2630 injuste
3336 2562 3573 2630 gerebat.
3627 2562 3679 2616 In
3727 2563 3858 2616 lami-

2350 2649 2417 2702 lia
2449 2648 2608 2716 hujus
2649 2649 2859 2702 ilenrici
2897 2647 2914 2700 I
2960 2650 3050 2716 (de
3100 2666 3206 2718 quo
3265 2660 3347 2705 est
3393 2654 3703 2706 constitutio
3755 2652 3860 2704 dist.

2350 2741 2436 2808 65)
2478 2741 2869 2794 haereditarium
2895 2738 2993 2793 fuit
3024 2741 3305 2809 imperium
3360 2757 3529 2810 usque
3551 2735 3614 2797 ad
3645 2743 3861 2798 Ottonem

2350 2832 2413 2883 Ill
2447 2843 2789 2900 pronepotem
2814 2832 2973 2900 ejus:
3006 2834 3096 2900 qui
3156 2833 3345 2887 carens
3383 2834 3512 2910 ﬁliis
3561 2837 3615 2887 in
3663 2832 3864 2886 comitiis

2353 2924 2719 2991 imperialibus
2754 2923 3056 2992 principum
3090 2933 3290 2990 septem
3332 2924 3590 2977 electores
3633 2924 3862 2984 instituit,

2351 3024 2403 3068 et
2431 3029 2486 3068 ιιι
2512 3013 2909 3069 Fraucolordia:
2947 3015 3136 3069 electio
3174 3014 3314 3068 fieret
3351 3033 3365 3069 :
3401 3016 3722 3083 approbante
3751 3013 3863 3067 Gre-

2350 3107 2498 3173 gorio
2526 3104 2568 3158 γ
2599 3120 2754 3172 papa,
2786 3107 2998 3158 natione
3023 3115 3074 3160 et
3103 3107 3216 3175 ipso
3259 3099 3491 3160 Saxone.
3535 3103 3712 3174 Itaque
3746 3118 3865 3161 anno

2359 3197 2491 3250 l300
2524 3195 2810 3257 Henricus,
2847 3194 3081 3249 Bavaria‘.
3129 3188 3432 3260 dux,juxta
3489 3193 3630 3247 illam
3687 3193 3863 3247 consti-

2353 3285 2610 3337 tutionem
2650 3285 2871 3351 primus,
2926 3295 2978 3338 et
3034 3284 3193 3349 hujus
3221 3282 3452 3336 nominis
3476 3285 3739 3337 secundus
3767 3283 3860 3334 ele-

2351 3385 2469 3428 ctus
2501 3374 2618 3428 fuit.
2652 3373 2772 3428 Hinc
2796 3373 2857 3429 C.
2887 3375 2952 3428 Μ.
2975 3375 3026 3427 in
3057 3374 3220 3427 addit.
3249 3373 3319 3442 gl.
3343 3375 3406 3428 ad
3431 3389 3480 3429 c.
3517 3373 3858 3432 Venerabilem,

2313 3472 2316 3473 ⁷
2351 3466 2422 3518 De
2451 3467 2691 3520 election.
2728 3475 2782 3520 et
2811 3467 2968 3520 clem.
3000 3464 3024 3517 l
3066 3463 3136 3516 De
3155 3465 3386 3533 jurejur.

2417 3558 2532 3611 Jam
2572 3574 2697 3611 vero
2743 3557 2909 3627 (lubet
2971 3556 3112 3609 cnim
3166 3558 3436 3627 praedictis
3506 3557 3644 3612 banc
3687 3556 3865 3621 digres-

2351 3636 2650 3704 siuncu'lam
2702 3647 3037 3716 adnectere),
3077 3648 3178 3703 etsi
3227 3648 3452 3704 Carolus
3510 3649 3730 3715 Magnus
3780 3659 3863 3696 non

2354 3725 2715 3808 tantum'jure
2752 3741 2898 3806 belli,
2924 3742 3065 3811 quod
3114 3758 3236 3797 cum
3275 3740 3645 3809 Longobardls
3692 3738 3865 3805 ἀμυνό-

2352 3851 2510 3905 μενος
2549 3843 2811 3904 gesserat,
2837 3841 2891 3887 et
2918 3833 2976 3887 S.
3012 3833 3069 3887 P.
3100 3833 3165 3899 ρ.
3198 3829 3264 3886 B.
3293 3832 3568 3887 voluntate
3591 3843 3644 3888 et
3675 3833 3864 3902 pontiﬁ-

2352 3931 2430 3984 cis
2461 3927 2806 3984 coronatione
2834 3935 2983 3981 vetus
3010 3937 3060 3981 et
3079 3926 3371 3995 legitimus,
3405 3925 3450 3979 si
3482 3927 3604 3994 quis
3633 3937 3862 3993 unquam.

2351 4020 2573 4077 etl‘ectus
2633 4028 2776 4075 esset
2842 4003 3148 4088 imperator,
3227 4018 3320 4072 sed
3385 4017 3741 4072 transactione
3795 4016 3865 4065 in-

2353 4129 2514 4183 super
2543 4127 2664 4166 cum
2684 4111 2832 4166 lrene
2852 4112 3091 4178 Augusta
3123 4122 3349 4177 eamque
3405 4108 3604 4164 secutis
3630 4105 3865 4172 Nicepho-

2357 4215 2418 4253 ro
2447 4211 2499 4253 et
2539 4199 2733 4254 Basilio
2766 4197 3183 4266 imperatoribus
3234 4195 3571 4266 interposita,
3625 4198 3866 4260 certisque

2360 4291 2598 4344 terminis
2639 4290 2848 4358 imperii
2878 4290 3018 4342 inter
3042 4302 3131 4341 eos
3154 4286 3420 4343 divisione
3460 4287 3602 4344 facta
3627 4288 3712 4356 ius
3731 4300 3864 4340 suum

2359 4381 2569 4437 abunde
2663 4380 3055 4442 conﬁrmasset,
3101 4379 3327 4451 ideoque
3391 4379 3548 4449 legati
3618 4373 3865 4450 Byzantini

2357 4490 2478 4529 eum
2509 4471 2731 4543 βασιλέα
2757 4472 2935 4540 palam
2973 4469 3317 4534 salutassent,
3342 4478 3396 4525 et
3415 4469 3638 4525 omnino
3661 4469 3729 4522 ita
3752 4467 3868 4520 inter

2288 4567 2502 4635 Dipsas
2580 4571 2901 4617 conventum
2963 4561 3160 4630 diuque
3216 4558 3554 4615 observatum
3619 4565 3753 4613 esset
3822 4563 3869 4606 ut

2355 4673 2508 4727 aequo
2535 4657 2657 4726 jure
2717 4651 2993 4724 Byzantini
3048 4665 3101 4706 et
3152 4649 3319 4706 nostri
3352 4650 3626 4719 Augustos
3653 4647 3866 4714 adeoque

2356 4750 2548 4804 fratres
2582 4761 2640 4801 se
2659 4746 3018 4814 appellarent:
3070 4742 3325 4813 paulatim
3386 4749 3565 4795 tamen
3623 4738 3786 4793 invida
3822 4743 3868 4786 et

2358 4840 2639 4893 ambitiosa
2668 4838 2758 4899 illa
2789 4838 2936 4890 natio
2981 4835 3177 4890 nostris
3198 4830 3503 4890 Caesaribus
3527 4847 3652 4887 eum
3676 4829 3863 4885 titulum

2332 4984 2335 4990 ,
2360 4931 2647 4985 detrahere
2678 4938 2865 4981 conata
2895 4938 2995 4992 est,
3025 4937 3078 4981 et
3113 4940 3243 4980 suos
3273 4924 3419 4980 solos
3455 4923 3691 4990 βασιλεῖς
3714 4935 3762 4980 et
3791 4921 3867 4974 αὐ-

2358 5011 2684 5088 τοκράτορας
2742 5020 3028 5088 Ῥωμαίων
3070 5018 3122 5071 in
3179 5016 3563 5086 diplomatibus
3609 5025 3662 5073 et
3682 5013 3866 5070 numis-

2361 5112 2593 5165 matibus
2621 5111 2973 5179 perscribere,
3036 5107 3395 5176 dominosque
3421 5108 3571 5163 orbis
3628 5117 3865 5162 terrarum

2356 5203 2577 5271 jactare.
2607 5201 2825 5256 Nostros
2859 5211 3037 5255 autem
3062 5197 3277 5252 Latinos
3328 5206 3532 5252 tantum
3549 5207 3603 5252 et
3623 5197 3867 5252 Alamanos

2361 5292 2707 5362 Francosque,
2735 5306 2788 5347 et
2809 5291 3073 5347 Caesarem
3106 5299 3345 5344 nostrum
3379 5305 3486 5345 non
3510 5291 3686 5343 minus
3711 5287 3866 5354 inepto

2359 5401 2518 5453 quam
2575 5401 2714 5438 novo
2771 5390 3074 5438 commento
3137 5383 3273 5449 ρἦα.
3313 5380 3864 5451 ’Λλαμανίαςῆῠραγ-

2361 5477 2497 5543 γίας.
2535 5477 2681 5532 Unde
2703 5476 2900 5528 factum
2930 5482 3029 5532 est,
3061 5484 3118 5528 ut
3146 5488 3175 5526 a
3223 5475 3427 5528 nostris
3480 5472 3716 5526 vicissim
3739 5465 3864 5538 paria

2362 5568 2738 5634 repoaeutibus
2770 5580 2874 5618 non
2905 5565 3058 5618 aliter
3107 5579 3267 5632 quam
3319 5565 3618 5620 ercorum
3669 5576 3796 5629 reges
3821 5561 3866 5609 ei

2360 5656 2918 5722 Constantiuopolitani
2951 5656 3282 5723 imperatores
3304 5657 3630 5713 dicerentur.
3659 5662 3713 5706 ut
3752 5646 3866 5716 apud

2362 5751 2715 5804 llclinoltlum.
2756 5746 3034 5807 Othonem
3067 5747 3325 5816 Frising.,
3357 5746 3499 5800 Petr.
3529 5747 3595 5798 de
3628 5743 3796 5797 Vincis
3826 5748 3866 5788 cl

2361 5844 2489 5898 alios
2529 5843 2786 5898 videmus.
2821 5840 2880 5896 Et
2914 5841 3031 5910 quis
3056 5843 3170 5896 sine
3205 5839 3485 5895 stomacho
3512 5839 3648 5910 legat
3674 5838 3864 5893 Urceu-
