3970 6348
201 486 309 546 Ξι69

1678 494 1914 557 ΝΟΤίΕ.

3277 476 3384 554 570

201 596 316 650 lum
352 595 580 653 Henrico
612 601 918 668 imperatori
979 606 1049 660 ita
1082 607 1487 674 obgannieutem
1518 612 1538 696 ’ξ
1580 611 1667 673 Ὦς
1694 615 1743 667 ιι
1769 611 1821 669 Δ
1845 610 2101 672 maniam.
2125 612 2439 682 quatnolim
2471 612 2637 667 solam
2666 611 3025 689 desiderabat,
3060 590 3176 683 jam
3211 615 3381 677 solam

200 689 408 757 κυρίων
433 690 616 761 κύριος
641 694 970 766 καθεστήκει
992 701 1086 752 καὶ
1119 700 1370 769 βασιλεὺς
1400 689 1743 756 ἀναδέδεκται

205 778 488 848 βασιλέων,
519 784 664 847 ὅπως
691 789 986 856 μοναρχίαν
1044 792 1442 861 περιϐαλεῖται,
1501 795 1594 848 καὶ
1652 795 1746 849 κύ-

207 887 324 939 ριος
355 873 558 927 insitas
603 877 712 928 τῶν
749 877 931 947 κύκλῳ
963 881 1290 936 δυναστειῶν
1344 887 1464 948 τοὺς
1500 887 1748 940 Ἀντωνι-

206 978 329 1024 νους
358 963 451 1015 καὶ
486 966 821 1033 Αὐγούστους
847 969 924 1038 τῷ
951 971 1277 1043 διανοητικῷ
1321 978 1744 1044 φανταζομένος,

209 1055 307 1105 καὶ
333 1056 465 1123 πρὸς
488 1057 596 1108 τῶν
627 1060 848 1112 ἐκείνων
868 1063 1042 1131 ἀρχὴν
1079 1065 1344 1118 ἐκτείνων,
1385 1068 1483 1137 τὴν
1537 1070 1743 1140 εφεσινε

212 1147 304 1198 καὶ
341 1148 533 1217 μικροῦ
567 1150 932 1219 φθεγγόμενος
963 1156 1082 1207 κατ’
1106 1153 1476 1227 Ἀλέξανδρον,
1520 1162 1587 1228 ea
1615 1163 1743 1228 τῇδε

211 1240 309 1291 καὶ
345 1239 414 1292 τὰ
442 1241 567 1310 τῇδε
587 1243 762 1297 πάντα
808 1245 1003 1311 ἐμάᾸδ
1050 1255 1134 1302 est
1182 1246 1396 1304 Nicetas
1438 1249 1744 1306 Citouiates.

211 1330 353 1395 Quid
411 1336 553 1399 quod
615 1333 1228 1407 Fredericolmperatori
1279 1342 1559 1394 transitum
1589 1359 1748 1396 exer.

210 1420 340 1474 eitui
399 1437 499 1476 suo
554 1428 756 1493 petenti
806 1427 971 1497 (quod
1038 1429 1360 1484 Godet‘ridus
1406 1442 1581 1487 noster
1643 1435 1750 1488 Co-

209 1512 474 1567 loniensis
534 1517 810 1586 adnotavit
867 1521 968 1575 sub
1031 1537 1172 1574 anno
1224 1523 1379 1592 “87)
1424 1523 1750 1596 Byzantinus

210 1619 306 1668 per
326 1606 660 1672 responsales
676 1623 805 1664 suos
826 1609 1182 1675 demandavit,
1226 1628 1284 1664 se
1315 1623 1437 1683 post
1487 1614 1649 1668 Deum
1669 1633 1751 1671 es-

208 1707 272 1744 se
315 1692 594 1748 dominum
641 1696 1224 1765 dominantium.Quod
1248 1701 1292 1755 si
1316 1717 1532 1769 regnum
1558 1703 1752 1759 Roma-

207 1785 552 1836 norumdare
571 1785 732 1840 vellet
770 1786 823 1840 in
845 1803 1037 1844 manus
1053 1789 1192 1857 ejus,
1213 1793 1346 1845 etab
1363 1807 1426 1844 eo
1448 1792 1568 1845 loco
1583 1793 1752 1848 horni-

116 1945 122 1956 γ’
209 1873 285 1925 ιιί
326 1875 578 1942 recipere.
610 1878 928 1934 conductum
989 1880 1036 1934 ei
1069 1882 1221 1936 daret
1279 1899 1370 1950 per
1409 1893 1578 1938 terras
1626 1900 1751 1940 suas

192 1972 259 2016 'et
292 1973 583 2020 mercatum
629 1967 913 2025 suﬁciens.
944 1970 1108 2038 Quasi
1138 1989 1243 2029 non
1287 1977 1452 2030 nostri
1491 1977 1666 2046 potius
1721 1992 1752 2032 a

205 2052 373 2105 veteri
405 2053 594 2118 Roma,
621 2072 780 2125 quam
805 2073 834 2113 a
870 2074 1005 2114 nova
1041 2076 1140 2130 sua
1188 2062 1538 2119 Constantina
1570 2066 1751 2133 (quam

206 2155 310 2196 nec
345 2142 511 2212 ipsam
534 2145 735 2215 absque
756 2146 1048 2205 Gothorum
1113 2167 1214 2221 ope
1233 2164 1493 2208 structam
1537 2171 1756 2211 surrex-

203 2232 341 2298 isse,
361 2233 669 2292 Jornandcs
691 2238 744 2292 iu
780 2237 974 2297 Geticis
999 2251 1187 2296 auctor
1213 2243 1318 2314 est)
1343 2260 1531 2299 nomen
1557 2247 1756 2315 princi-

203 2334 368 2390 patus
397 2325 482 2381 sui
513 2337 565 2381 et
597 2327 989 2386 Antoninorum
1037 2333 1513 2405 Angustorumqne
1536 2354 1756 2397 succes-

200 2411 413 2468 sionem
438 2411 876 2474 deducerentiet
928 2421 973 2476 si
1033 2423 1112 2476 vel
1147 2420 1315 2477 Roma
1373 2426 1578 2491 relicta,
1613 2429 1756 2496 quod

197 2502 371 2589 etiam
407 2507 614 2575 antiqui
661 2503 934 2589 principes
959 2527 1065 2567 non
1121 2530 1247 2568 raro
1277 2516 1536 2579 fecerunt,
1564 2517 1760 2574 Medio-

200 2586 417 2658 Ianum,
439 2597 732 2663 Treverim,
755 2586 1020 2659 Lutetiam
1046 2607 1226 2662 Romae
1251 2608 1612 2678 praeferentes.
1633 2612 1759 2666 alibi

203 2688 461 2744 habitare
508 2706 923 2764 prmoptassent,
962 2708 1121 2769 atque
1161 2701 1297 2756 adeo
1337 2699 1563 2758 Romam
1605 2704 1756 2758 alteri

206 2777 562 2834 habitandam
584 2783 727 2837 ultro
764 2787 1079 2862 cessissent,
1115 2799 1173 2844 ιιι
1203 2793 1470 2859 quondam
1497 2791 1640 2846 Zeno
1661 2793 1759 2847 int-

203 2882 433 2937 perator
451 2872 782 2931 Theoderico
801 2877 1011 2944 Gotho;
1044 2896 1148 2935 non
1180 2883 1358 2950 potius
1388 2883 1510 2938 aula
1528 2893 1577 2937 et
1595 2886 1760 2939 corni-

207 2973 361 3017 tatus
382 2964 631 3030 Caesaris,
647 2977 700 3022 et
717 2968 802 3024 ubi
822 2973 1028 3026 curiam
1055 2974 1310 3034 celebrat.
1329 2988 1384 3029 ut
1407 2978 1570 3031 nostri
1590 2978 1759 3046 scrip.

212 3064 364 3107 tores
385 3056 704 3126 lnqnnntttr,
724 3061 953 3128 denique
973 3051 1061 3116 ubi
1083 3063 1258 3118 Caesar
1274 3076 1372 3128 est,
1395 3064 1558 3121 Roma
1577 3069 1757 3121 haberi

213 3147 516 3201 dcbnissnt.
575 3148 649 3202 ita
689 3153 830 3206 enim
892 3157 1024 3209 satis
1052 3156 1225 3210 visum
1255 3168 1358 3220 est,
1385 3167 1442 3211 ιιι
1471 3157 1758 3212 Germania

1845 703 2035 757 habeat
2062 720 2078 758 :
2105 703 2195 756 sed
2217 713 2272 757 ut
2290 704 2467 757 solum
2484 714 2736 773 quantum
2752 703 2843 756 sub
2868 702 3020 758 Tatio
3039 707 3262 778 populus
3284 705 3384 773 Ro-

1843 810 2028 848 manus
2056 793 2240 847 arabat
2264 809 2284 857 ;
2319 809 2448 849 eove
2472 796 2646 848 minus
2678 791 2982 854 Romanu'm
3009 789 3147 851 foret
3171 797 3213 866 ἵ)
3240 806 3385 850 certe

1843 893 2093 956 porrecta
2128 886 2431 940 Germania:
2480 895 2532 940 ut
2597 889 2770 953 spatio
2803 887 3118 944 terraenulli
3148 903 3382 961 unquam

1845 977 2054 1040 regioni
2112 976 2419 1044 cesserunt,
2478 980 2550 1032 ita
2599 993 2698 1034 nec
2731 979 2894 1034 hodie
2928 978 3156 1043 viribus,
3193 979 3382 1041 armis,

1848 1069 2054 1124 artibus
2084 1078 2174 1123 aut
2197 1070 2425 1135 ingeniis
2449 1068 2700 1138 cuiquam
2731 1067 3140 1124 habi‘tati‘orbis
3162 1070 3384 1138 provin-

1847 1160 1944 1213 cia:
1974 1160 2056 1212 vel
2091 1160 2260 1214 hilum
2290 1161 2624 1215 concedant:
2652 1168 2706 1214 et
2741 1160 3377 1228 Occidentisimperium,

1847 1249 1894 1303 si
1919 1263 2040 1302 eum
2057 1249 2380 1307 Germanica
2401 1250 2524 1306 sede
2537 1250 2798 1319 principis
2827 1260 3014 1304 cetera
3032 1251 3173 1305 socia
3196 1265 3385 1320 regna,

1847 1355 1968 1408 quae
1998 1355 2094 1393 ceu
2128 1341 2354 1394 colonia
2393 1329 2455 1394 ex
2495 1342 2580 1396 illa
2639 1344 2884 1410 gentium
2929 1327 3150 1398 ofﬁcina
3175 1340 3385 1411 prodie-

1848 1439 1992 1490 runt.
2025 1411 2081 1484 et
2105 1431 2417 1486 alterutrius
2442 1431 2635 1500 linguae
2657 1432 2968 1489 Teutonica.
2985 1448 3143 1486 mera:
3172 1430 3382 1485 antLa-

1850 1521 1975 1574 tina:
2017 1533 2286 1590 corruptas
2328 1523 2603 1577 consortio
2655 1525 2935 1578 nobiscum
2985 1533 3257 1585 tenentur,
3294 1538 3386 1576 eo-

1849 1612 2077 1681 demque
2111 1615 2232 1685 jure
2253 1615 2495 1668 Romano
2523 1616 2800 1670 nobiscum
2845 1617 3204 1690 communiter
3225 1623 3383 1668 utun-

1860 1712 1964 1763 tur,
2000 1705 2443 1771 coniungantur;
2479 1717 2737 1774 quantum
2780 1709 3004 1760 tandem
3031 1701 3250 1760 Graecia:
3283 1706 3379 1758 toti

1857 1793 2190 1863 imperioque
2220 1794 2351 1857 Eoo,
2385 1797 2547 1850 etiam
2608 1799 2697 1851 ubi
2733 1797 2860 1851 illttd
2898 1796 3303 1865 integerrimum
3330 1805 3384 1848 ct
3428 1794 3433 1799 ’

1852 1884 2289 1939 ﬂorentissimum
2326 1876 2445 1949 fuit,
2477 1889 2779 1943 concedet?
2816 1887 2938 1941 Sive
2963 1897 3143 1940 autem
3177 1885 3383 1942 utrius-

1853 1987 1960 2040 que
2011 1973 2153 2028 vires
2179 1984 2230 2026 et
2253 1958 2546 2042 potentiam
2575 1976 2942 2040 conferamus,
2963 1991 3030 2029 an
3050 1974 3380 2028 Francorum

1855 2063 1961 2116 illis
2011 2065 2223 2129 regibus
2275 2064 2690 2132 potentissimis.
2725 2065 2922 2119 Carolo
2966 2063 3266 2127 prasertim
3301 2069 3383 2115 tot

1854 2155 2171 2222 populorqu
2210 2156 2398 2209 victori
2443 2163 2496 2208 et
2541 2153 3192 2219 dominatoril‘ortissimo
3218 2159 3271 2204 et
3294 2165 3385 2205 sa-

1857 2237 2214 2313 pientissimo,
2272 2245 2412 2300 ullus
2453 2246 2762 2301 Graecorum
2797 2261 2892 2315 par
2927 2259 3046 2299 esse
3085 2239 3391 2312 potuisset?

1855 2334 2078 2402 Quoties
2110 2334 2415 2390 Germanici
2443 2352 2563 2391 cum
2597 2351 2692 2410 per
2721 2345 2869 2390 tanta
2929 2345 3082 2389 terris
3112 2333 3388 2402 pelagique
3439 2385 3442 2389 ,

1857 2427 2136 2480 intervalla
2165 2426 2306 2481 bello
2339 2442 2494 2482 sacro
2522 2426 2824 2483 Saracenos
2884 2427 2938 2481 in
2975 2426 3102 2482 Asia
3129 2434 3313 2494 petere
3336 2432 3390 2476 et

1857 2528 2056 2571 terram
2101 2518 2244 2572 illam
2280 2518 2483 2587 (quam‘
2514 2519 2742 2587 vocant)
2775 2527 3040 2592 Sanctam,
3080 2516 3387 2574 Graecorum

1859 2609 2066 2677 ignavia
2095 2609 2295 2664 dudum
2324 2611 2578 2666 amissam
2603 2627 2795 2678 magna
2812 2626 2876 2665 ex
2898 2620 3047 2680 parte
3073 2622 3390 2678 recuperare

1859 2707 2172 2767 potuerunt.
2205 2701 2288 2753 vel
2322 2701 2375 2753 in
2411 2701 2639 2756 transitu
2693 2699 3004 2770 Byzantinis
3037 2699 3258 2768 regibus
3285 2705 3391 2750 ter-

1859 2786 1968 2838 rori
2025 2797 2076 2841 et
2131 2786 2405 2841 formidini
2473 2788 2734 2842 fuerunt?
2785 2785 2972 2841 Nonne
3030 2803 3156 2841 vero
3178 2787 3390 2841 illorum

1857 2876 2194 2945 principatus
2220 2880 2323 2932 sub
2346 2879 2532 2933 Alexio
2548 2879 2750 2944 Angela
2772 2879 3052 2934 Germanis
3073 2862 3392 2931 tributarius

1860 2966 2053 3036 iactus,
2084 2970 2372 3040 elvectigal
2395 2970 2518 3024 inde
2548 2966 2905 3038 Ἀλαμξανικόν
2926 2975 3169 3021 vocatum
3190 2965 3394 3022 Graecis

1830 3060 2170 3115 ‘ltontinibus
2228 3061 2534 3115 indictum?
2573 3060 2637 3115 ad
2692 3061 2832 3130 quod
2878 3059 3265 3113 conllciendum
3295 3074 3393 3111 nec

1861 3153 2076 3219 quidem
2141 3152 2382 3221 priorum
2423 3153 2802 3220 imperatorum
2863 3149 3127 3219 thesauris
3170 3163 3391 3202 nec-se-

211 3247 506 3304 postquam
540 3241 663 3297 inde
711 3243 780 3296 ab
823 3244 972 3299 urbis
995 3249 1249 3315 auspiciis
1293 3248 1410 3315 ejus
1465 3251 1678 3305 inimica
1703 3259 1755 3305 et

1861 3243 2066 3310 pulcris
2124 3244 2388 3311 parcitum
2438 3243 2559 3300 fuit.
2617 3243 2751 3296 Cum
2807 3242 3071 3296 Henricus
3134 3226 3390 3293 Friderici

208 3329 434 3393 aemula,
493 3346 599 3384 non
657 3334 836 3389 minus
901 3352 1063 3404 quam
1103 3338 1410 3407 .Carthago,
1446 3339 1748 3395 Romanam

211 3420 473 3473 virtutem
518 3423 790 3490 perpetuis
847 3424 1000 3480 bellis
1054 3432 1408 3492 exercuisset.
1472 3439 1526 3485 et
1587 3448 1748 3501 quam

208 3510 376 3564 avide
408 3525 437 3564 a
483 3509 739 3568 Romanis
773 3515 1026 3584 expetita,
1067 3517 1365 3572 Germanici
1405 3520 1618 3575 titulum
1647 3537 1754 3589 pm

208 3601 339 3654 aliis
367 3617 396 3654 a
430 3612 570 3657 terra
604 3604 928 3674 triumphata
951 3608 1119 3677 magis
1139 3625 1299 3676 quam
1329 3611 1468 3665 victa
1503 3613 1754 3668 all'ectan-

214 3695 390 3756 tibus,
432 3703 550 3749 'tam
597 3697 976 3765 insuperabilis
1006 3715 1236 3769 semper"
1265 3704 1569 3771 restitisset,
1606 3705 1752 3760 limi-

210 3798 434 3853 ictuque
455 3787 800 3843 victoriarum
820 3806 979 3860 quem
1004 3792 1261 3855 excedere
1275 3809 1383 3862 non
1402 3796 1572 3864 magis
1591 3813 1756 3866 quam

209 3878 533 3932 Parthicum
563 3878 945 3950 Persicumque
980 3895 1180 3952 posset,
1201 3884 1265 3938 ad
1292 3883 1463 3940 Rheni
1490 3897 1544 3943 et
1577 3890 1756 3942 Danu-

212 3969 290 4021 bii
319 3969 521 4021 ﬂuenta
549 3970 629 4022 eis
655 3972 972 4039 praeﬁxisset
1007 3991 1021 4026 :
1066 3975 1282 4028 tandem
1305 3991 1459 4030 versa
1488 3978 1605 4032 vice
1640 3980 1754 4047 ipsa

213 4061 365 4110 ultro
397 4055 716 4112 Romaniam
745 4060 1003 4116 immissis
1024 4065 1270 4132 procella!
1302 4081 1452 4119 more
1480 4068 1758 4125 immensis

175 4162 182 4170 '
210 4151 544 4219 populorum
604 4153 840 4207 millibus
897 4156 1316 4224 aggrederetur:
1344 4173 1517 4228 neque
1550 4143 1757 4216 tantum

209 4257 412 4296 omnes
441 4244 508 4297 ad
550 4244 882 4298 occidentem
919 4247 1226 4313 provincias
1273 4249 1528 4306 Romanis
1576 4261 1762 4307 estor-

207 4343 432 4400 qneret,
494 4335 690 4404 quibus
751 4351 848 4391 ceu
880 4336 1116 4393 inductis
1144 4353 1208 4394 ex
1247 4356 1306 4395 se
1338 4343 1546 4398 colonis
1575 4343 1626 4399 in
1663 4345 1760 4398 ho-

207 4424 469 4478 diernum
497 4426 640 4480 diem
667 4427 769 4482 sub
797 4427 1027 4484 diversis
1055 4432 1364 4488 nominibus
1395 4428 1760 4500 Francorum,

210 4514 728 4585 Langobardorum,
749 4517 1071 4582 Gothorum,
1095 4520 1413 4588 Anglorum,
1446 4521 1762 4593 Burgundii-

1851 3321 2188 3390 Bzirbarossae
2208 3336 2368 3397 ﬁlius,
2398 3335 2695 3389 lmeiaiibus
2715 3337 2778 3388 ad
2801 3337 2948 3388 illum
2970 3333 3170 3395 missis,
3193 3333 3390 3386 Roma-

1834 3442 1959 3512 .nas
1986 3426 2291 3494 previncias
2319 3441 2508 3480 omnes
2526 3417 2602 3479 ab
2630 3427 2924 3494 Epidamno
2954 3439 3121 3492 usque
3141 3423 3202 3474 ad
3216 3421 3391 3512 Ines-

1853 3517 2138 3569 salonicam
2157 3525 2418 3583 repetens,
2436 3528 2482 3565 et
2497 3513 2777 3566 Germanis
2796 3514 2846 3564 in
2866 3510 3142 3566 Palaestina
3162 3503 3389 3561 militan-

1854 3608 1995 3661 tibus
2037 3606 2236 3660 auxilia
2293 3605 2493 3659 namilia
2575 3603 2711 3657 mitti
2785 3603 3004 3671 jubens,
3053 3601 3393 3664 niimperata

1857 3699 2112 3760 lacerent,
2161 3697 2357 3751 bellum
2391 3712 2629 3765 praesens
2658 3695 3034 3749 denuntiaret:
3070 3693 3212 3761 quod
3246 3689 3391 3744 Clin-

1857 3791 2031 3845 niatcs
2064 3789 2267 3857 prolixe
2302 3789 2584 3842 describit.
2607 3787 2740 3863 Quid
2764 3785 2906 3854 quod
2934 3791 3038 3837 nou
3071 3783 3250 3836 multis
3274 3789 3392 3848 pest

1855 3882 2008 3935 annis
2040 3881 2206 3948 ipsum
2231 3879 2512 3948 imperium
2534 3879 2756 3945 ejusque
2782 3876 2938 3944 regia:
2957 3875 3107 3947 sedes
3128 3871 3390 3932 Censtan-
3429 3913 3431 3915 .

1859 3972 2113 4040 tinopolis
2144 3985 2172 4023 a
2203 3969 2485 4037 Germanis
2520 3967 2782 4021 Balduino
2804 3963 3034 4020 Flandro
3062 3964 3194 4016 duce
3225 3978 3388 4013 oecu-

1859 4072 2081 4130 patum;
2107 4059 2306 4114 Grazcis
2337 4061 2538 4113 interea
2569 4057 2800 4114 Nicaeam
2833 4066 2884 4111 et
2912 4055 3299 4125 Trapezuntem
3332 4052 3386 4104 itt
3447 4046 3450 4051 ’

1858 4152 2133 4219 angustias
2151 4149 2374 4218 coactis;
2394 4158 2448 4203 et
2465 4148 2582 4217 plus
2602 4146 2964 4217 quinquaginta
2985 4145 3139 4199 annis
3162 4143 3228 4220 ab
3246 4142 3390 4196 illius

1858 4243 2171 4316 posteritate
2199 4257 2510 4310 possessum
2543 4239 2666 4294 fuit.
2692 4239 2806 4294 Non
2836 4239 3053 4300 addam,
3078 4237 3200 4292 illos
3228 4237 3390 4305 impe-

1861 4335 1956 4388 riis
1980 4335 2114 4395 suis,
2143 4342 2198 4388 et
2224 4330 2460 4393 Niceno,
2490 4341 2544 4386 et
2570 4329 3001 4401 Trapezuntino,‘
3023 4336 3077 4382 et
3115 4325 3392 4380 Bizantino

1861 4426 2072 4478 tandem
2090 4438 2121 4477 a
2132 4421 2324 4478 Turcis
2338 4423 2500 4477 citius
2515 4430 2728 4485 exutos,
2753 4421 3096 4489 lunditusqne
3110 4419 3321 4473 excisos
3339 4427 3395 4472 et

1860 4516 2089 4571 deletos:
2104 4525 2291 4570 contra
2311 4513 2721 4583 quosGermana
2739 4515 2906 4579 virtus
2925 4515 3183 4569 hactenus
3198 4510 3391 4565 invicta

208 4622 368 4671 rum,
401 4605 863 4662 Nurtmannorum
905 4609 1215 4664 dominatur
1243 4650 1258 4676 ,
1288 4620 1345 4664 ut
1371 4611 1481 4681 jam
1513 4589 1623 4666 tota
1653 4614 1760 4668 En-
1790 4589 1838 4649 ί)
1863 4625 1970 4664 non
2002 4619 2209 4664 tantum
2242 4608 2473 4679 patriam
2510 4618 2677 4663 tutam
2731 4607 3054 4677 prastiterit.
3089 4605 3180 4660 sed
3207 4613 3262 4658 et
3287 4618 3392 4660 ca-

209 4716 354 4771 ropa
391 4700 466 4756 nil
519 4699 666 4754 aliud
724 4715 887 4770 quam
941 4718 1133 4775 magna
1194 4703 1439 4773 quaedam
1468 4703 1760 4761 Germania

210 4795 517 4858 videatur;
552 4790 647 4845 sed
669 4805 796 4845 vero
835 4791 1040 4848 italiam
1075 4795 1244 4865 ipsam
1273 4807 1327 4849 et
1361 4797 1548 4851 urbem
1579 4798 1754 4851 domi-

216 4900 354 4938 nam
396 4883 608 4953 imperii
643 4886 847 4944 sedem,
866 4881 915 4933 vi
945 4892 998 4937 et
1024 4887 1190 4940 armis
1211 4902 1317 4941 non
1343 4889 1762 4957 settteloccupa-

210 4987 299 5031 ret
327 4995 345 5041 ;
389 4976 904 5045 tandemqtte'titulo
920 4985 972 5030 et
989 4977 1247 5046 dignitate
1281 4981 1491 5050 imperii
1519 4980 1758 5049 legitime

211 5071 515 5139 potiretur.
536 5069 613 5122 ita
635 5078 693 5122 nt
715 5068 998 5138 imperium
1030 5067 1355 5133 Romanum,
1380 5073 1519 5139 quod
1543 5070 1765 5124 Germa-

212 5178 318 5216 nos
355 5174 551 5227 capere
576 5175 683 5213 non
714 5162 910 5229 potuit,
944 5156 1154 5214 illorum
1191 5161 1388 5215 virtute
1422 5172 1675 5231 captum;
1710 5174 1764 5216 et

209 5254 304 5323 qui
343 5251 532 5305 hostes
551 5252 679 5304 olim
710 5252 988 5315 Romanis,
1009 5261 1149 5307 nunc
1175 5252 1438 5318 victores;
1464 5257 1605 5324 quod
1633 5255 1760 5326 olim

211 5342 579 5399 Bnrbaricum
650 5342 926 5408 Romanis,
956 5342 1129 5409 utipsi
1190 5344 1630 5410 pi'zeseiereitanl,
1669 5345 1763 5398 dc-

213 5435 488 5503 spicatui,
519 5448 580 5485 re
602 5443 779 5488 autem
813 5450 936 5487 vera
970 5434 1238 5488 formidini
1274 5434 1393 5500 fuit,
1429 5437 1477 5487 id
1504 5453 1646 5490 nunc
1675 5453 1763 5490 ar-

175 5519 183 5527 ’
216 5527 378 5580 tibus
408 5533 463 5577 et
498 5524 741 5578 moribus
777 5524 1128 5578 cultissimum
1169 5526 1320 5579 sedes
1336 5536 1390 5578 et
1424 5541 1514 5578 arx
1550 5527 1760 5596 imperii

215 5622 431 5670 tat-tuin
465 5618 538 5670 sit
563 5656 579 5670 .
604 5614 753 5679 Quod
790 5615 835 5668 si
871 5615 1038 5667 etiam
1071 5616 1293 5668 ditionis
1327 5616 1611 5684 utriusque
1643 5635 1760 5672 ain-

227 5707 563 5780 plitudincm
597 5705 868 5776 inspicere
902 5708 1063 5758 libeat
1087 5748 1100 5771 ,
1127 5708 1375 5775 quamvis
1405 5723 1465 5760 ea
1500 5709 1565 5760 ad
1623 5712 1761 5762 hanc

213 5799 586 5868 quxstionem
610 5813 714 5870 non
738 5797 968 5867 pertinet
997 5797 1145 5864 (quid
1170 5796 1352 5850 enim?
1378 5798 1430 5864 Isi
1467 5799 1546 5852 vel
1579 5799 1644 5850 ad
1670 5793 1760 5856 cas

213 5889 511 5961 angustias
543 5889 835 5963 itnpcriutn‘
863 5887 1156 5957 redigatur,
1193 5904 1298 5945 non
1329 5890 1504 5946 dicam
1540 5901 1594 5943 ut
1627 5890 1754 5944 Ger-

1864 4700 1993 4755 teris
2026 4697 2294 4770 Hesperiae
2321 4699 2609 4769 provinciis
2638 4709 2817 4753 contra
2849 4695 3250 4752 immanissima:
3269 4708 3395 4760 gen-

1867 4792 1936 4847 tis
1961 4792 2255 4848 eluvionem
2277 4790 2419 4844 velut
2439 4791 2494 4845 in
2520 4790 2657 4844 muri
2683 4788 2968 4858 aggerique
2997 4788 3164 4840 vicem
3197 4784 3394 4850 fuerit;

1863 4887 2004 4954 quod
2024 4894 2192 4936 totum
2214 4882 2341 4934 illud
2358 4897 2462 4936 non
2484 4882 2550 4936 ab
2575 4881 2926 4935 humanarum
2944 4879 3138 4933 virium
3158 4886 3392 4932 ostenta.

1862 4976 2027 5036 tione,
2051 4974 2141 5026 sed
2165 4973 2276 5026 sola
2295 4971 2474 5025 divina
2494 4988 2592 5042 ope
2610 4973 2840 5041 pendere
2861 4987 3236 5043 agnoscamus.
3258 4971 3392 5023 Cum

1863 5076 2040 5119 autem
2064 5065 2284 5133 imperia
2302 5045 2553 5135 et'regna,
2580 5066 2622 5122 si
2657 5065 2942 5134 nonjnsta.
2972 5067 3044 5119 nil
3070 5065 3171 5120 nisi
3204 5077 3394 5134 magna

1864 5160 1971 5212 sint
1990 5159 2297 5223 latrocinia;
2321 5160 2371 5212 in
2391 5172 2635 5229 promptu
2658 5157 2817 5213 fuerit
2836 5159 3147 5227 diiudicare,
3170 5165 3284 5208 uter
3304 5155 3398 5208 ho-

1865 5267 1980 5305 rum
2000 5251 2218 5319 legitimi
2239 5251 2493 5321 principis
2518 5268 2710 5307 nomen
2732 5251 2921 5306 melius
2943 5259 3211 5303 tueretur:
3238 5249 3395 5302 illene

1863 5342 1952 5411 qui
1986 5342 2297 5411 plerumque
2325 5343 2470 5396 nulla
2493 5342 2640 5412 justa
2664 5358 2834 5410 neque
2855 5340 3197 5396 successione
3222 5356 3395 5410 neque

1862 5434 2143 5500 electione,
2181 5436 2270 5488 sed
2311 5434 2600 5503 aliquando
2625 5435 2842 5502 magicis
2884 5434 3142 5496 sortibus,
3169 5433 3395 5500 aliisque

1863 5526 2019 5578 malis
2057 5527 2261 5578 artibus
2290 5523 2530 5578 aﬂectata
2567 5527 2870 5596 tyrannide,
2907 5542 3036 5578 vero
3053 5524 3289 5595 principe
3324 5525 3392 5590 (si

1861 5616 2029 5668 velt'rzn
2042 5627 2116 5668 ter
2133 5616 2225 5683 sit)
2248 5627 2337 5667 aut
2355 5614 2466 5668 sica
2493 5629 2760 5668 venenove
2780 5626 3069 5685 perempto,
3093 5623 3184 5665 aut
3200 5613 3278 5681 (ut
3296 5613 3395 5665 mi-

1864 5709 1989 5777 tius)
2011 5708 2307 5760 cluciiicato
2328 5707 2408 5759 vel
2437 5688 2692 5765 castrato,
2715 5716 2806 5760 aut
2824 5709 2903 5774 (nt
2919 5701 3222 5772 mitissime)
3241 5713 3397 5757 tonso

1864 5811 1914 5855 et
1938 5804 1990 5852 in
2014 5800 2402 5854 monasterium
2446 5801 2668 5852 detruso
2701 5801 2979 5868 imperium
3015 5798 3150 5850 male
3183 5798 3394 5866 arripit.

1864 5892 2012 5956 peius
2033 5891 2161 5954 gerit
2179 5889 2406 5955 pessime
2426 5900 2471 5944 et
2492 5888 2652 5943 simili
2674 5890 2814 5943 exitu
2846 5904 3030 5943 rursus
3047 5886 3240 5942 amittit
3265 5906 3277 5942 :
3312 5890 3413 5944 vol-
