3970 6348
666 416 767 487 571

1710 430 2536 498 MARQUAR-DloFltEI-IEHI
2578 417 2810 499 Nor—ri.
3738 434 3814 495 5:2

671 529 813 588 forte
837 546 942 585 non
991 532 1165 589 dicam
1199 533 1539 602 feminarum,
1583 540 1677 593 sed
1714 540 1874 609 (quod
1911 543 2205 612 indignius)
2239 557 2279 610 Α
2313 547 2456 601 nitus
2513 550 2769 604 immissis
2821 549 3088 607 hostibus.
3153 549 3218 601 ab
3242 547 3530 603 Occidente
3574 546 3807 606 Vandalis.

665 622 1045 679 cunuchorum
1106 634 1234 678 nutu
1273 635 1325 680 et
1357 628 1597 690 libidine.
1623 630 1913 700 aliquando
1938 644 1990 686 et
2013 635 2204 689 factio-

668 725 799 763 num
826 710 1203 769 theatricarum
1226 715 1447 786 impetu,
1475 735 1858 790 nonnunquam
1883 724 2043 776 etiam
2069 725 2212 793 ipso-

667 817 788 856 rum
815 806 1051 860 hostium
1088 818 1138 861 et
1173 809 1523 870 barbarorum
1565 823 1726 882 atque
1747 813 1886 869 adeo
1911 815 2208 875 Turcorum

669 890 943 949 voluntate
970 886 1022 947 et
1051 897 1232 960 minis,
1283 900 1347 952 ad
1391 911 1602 969 sceptra
1642 903 1939 971 extollitur,
1980 921 2209 974 quorum

603 1040 609 1066 ᾗ
669 984 909 1037 omnium
927 989 1166 1056 exempla
1201 990 1252 1042 in
1275 989 1583 1052 Graecorum
1610 993 1850 1053 historiis
1867 1007 1992 1052 sunt
2018 997 2172 1052 obvia
2197 1017 2208 1055 :

671 1089 738 1128 an
764 1091 890 1131 vero
917 1078 1006 1132 ille
1040 1082 1238 1148 potius,
1273 1082 1367 1150 qui
1424 1083 1821 1149 sapientissimo
1861 1096 1916 1145 et
1939 1088 2213 1142 liberrimo

669 1164 975 1221 antistitum
1006 1168 1424 1241 principumque
1477 1186 1812 1228 summorum
1855 1176 2109 1242 concilio,
2144 1178 2212 1232 oh

585 1328 587 1336 Ι
663 1254 888 1314 virtutis
917 1270 1170 1326 spectatae
1223 1263 1474 1316 meritum
1524 1275 1579 1318 et
1607 1265 1699 1321 alti
1734 1267 1950 1333 generis
1979 1268 2211 1325 indolem

667 1346 897 1417 electus,
927 1352 1095 1404 sacris
1122 1357 1456 1412 cmremoniis
1479 1363 1530 1411 et
1559 1357 1843 1425 exquisitis
1858 1358 2213 1414 solemnitati-

676 1435 777 1489 bus
809 1453 954 1492 more
979 1441 1242 1513 majorum
1275 1445 1550 1508 initiatus.
1587 1446 1863 1514 conceptis
1902 1448 2078 1504 verbis
2119 1448 2215 1502 Ec-

670 1528 850 1583 clesiae
879 1542 930 1586 et
977 1535 1162 1599 patriae
1217 1535 1372 1602 fidem
1406 1551 1561 1595 suam
1599 1535 1946 1606 obstringens
1970 1575 1984 1598 ,
2015 1541 2212 1606 p0pulo

671 1621 1002 1676 acclamante
1051 1624 1150 1677 rite
1201 1626 1586 1689 renuntiatur.
1649 1626 1789 1682 trina
1858 1628 2214 1689 coronationo

670 1711 946 1773 sancitur;
987 1723 1152 1785 atque
1199 1713 1271 1765 ita
1317 1714 1549 1788 legitime
1587 1730 1686 1773 ceu
1730 1715 1819 1769 Dei
1852 1732 2010 1772 manu
2041 1717 2092 1770 in
2121 1733 2214 1772 so-

667 1801 741 1855 lio
766 1802 1091 1868 collocatus,‘
1119 1813 1178 1858 ut
1203 1821 1440 1874 prasens
1501 1808 1555 1864 in
1585 1809 1743 1865 terris
1773 1808 1982 1864 Numen
2019 1809 2214 1864 colitur

672 1897 873 1964 pariter
932 1908 986 1953 et
1011 1899 1254 1958 timetur.
1285 1899 1414 1958 Jure
1441 1900 1604 1971 igitur
1647 1901 1748 1956 hoc
1772 1902 2074 1956 Germaniae
2105 1901 2212 1956 Ro-

673 2003 890 2049 manum
915 1989 1218 2058 imperium,
1271 2001 1348 2047 tot
1378 1991 1641 2046 hactenus
1672 1994 2027 2060 sapientibus,
2058 1993 2208 2049 forti-

670 2082 790 2144 blts,
826 2081 1122 2140 moderatis
1162 2083 1495 2158 principibus
1525 2085 1908 2153 gubernatum,
1950 2101 2057 2138 non
2090 2097 2209 2140 tau-

664 2180 776 2230 utut
807 2173 1102 2248 legitimum
1135 2185 1188 2232 et
1197 2177 1430 2248 justum,
1466 2176 1561 2230 sed
1591 2192 1713 2230 vere
1767 2178 1931 2248 (quod
1962 2179 2208 2245 vocatur)

665 2273 1096 2331 sacrosanctum,
1142 2267 1366 2339 ideoque
1392 2265 1500 2324 Deo
1546 2268 1771 2327 charum
1793 2277 1845 2322 et
1877 2268 2210 2338 θεοφρούρη-

662 2372 751 2405 τον
792 2367 1045 2416 censetur
1074 2375 1090 2419 ι
1124 2369 1176 2418 et
1213 2359 1281 2417 ab
1309 2360 1562 2418 omnibus
1613 2358 1905 2418 Christiani
1941 2362 2090 2415 orbis
2120 2376 2209 2429 po-

662 2447 802 2514 pulis
829 2447 1160 2520 regibusque
1191 2448 1319 2502 hinc
1351 2465 1455 2502 non
1477 2450 1740 2519 gravatim
1773 2450 1947 2504 fasces
1977 2451 2202 2508 submit-

662 2539 904 2594 tentibus
933 2540 1270 2599 honoratur:
1308 2538 1512 2610 talique
1547 2543 1613 2595 ad
1649 2539 1809 2599 [illam
1829 2541 2015 2595 mundi
2046 2541 2206 2597 durs-

660 2640 840 2686 turum
872 2630 1258 2700 prophetarum
1293 2630 1534 2688 oraculis
1586 2631 1852 2687 creditur.
1881 2632 2013 2687 Cum
2045 2633 2098 2688 in
2126 2634 2204 2688 al-

662 2731 772 2776 tera
799 2719 886 2774 illa
921 2721 987 2779 ad
1045 2721 1312 2777 Euxinum
1362 2721 1588 2775 Pontum
1637 2720 1902 2790 septicolli
1934 2718 2124 2784 Roma,
2153 2731 2204 2776 et

663 2814 1040 2884 imperitantes
1075 2811 1176 2883 ipsi
1208 2811 1484 2866 Neronum
1517 2812 1698 2883 potius
1745 2813 2212 2880 Claudiorumque

667 2923 832 2975 quam
857 2906 1198 2962 Constantini
1228 2906 1408 2973 (cujus
1434 2920 1631 2960 nomen
1689 2905 2029 2973 affectabam)
2082 2923 2202 2960 suc-

661 3013 904 3055 cessores
941 2999 1106 3052 variis
1147 3011 1358 3051 morum
1389 2997 1601 3049 damnis
1640 3005 1691 3049 et
1726 2998 1848 3052 vita
1876 2997 2117 3067 ﬂagitiis,
2146 2995 2198 3050 in

661 3090 837 3145 socios
876 3089 1006 3159 perﬂ
1030 3089 1126 3152 lia,
1181 3087 1459 3156 perulciali
1517 3088 1656 3140 inter
1705 3086 1852 3154 ipsos
1905 3088 2196 3154 discordia,

663 3182 877 3237 infanda
902 3180 1240 3244 crudelitate,
1272 3188 1326 3232 et
1349 3178 1569 3246 tragicis
1604 3180 1920 3242 sceleribus,
1958 3180 2198 3249 adeoque

2311 637 2522 700 Gothis.
2559 640 2820 707 Bulgaris.
2862 639 3095 702 Vlachis.
3161 640 3344 708 Mysis,
3387 623 3616 700 llunnis,
3656 640 3810 692 Avari-

2313 729 2436 791 bus,
2497 729 2719 795 Serviis,
2787 731 3064 794 Triballis,
3101 732 3418 794 Patzinacis,
3449 730 3656 793 Rossls,
3685 730 3807 791 Uris;

2312 821 2379 873 ab
2401 818 2615 876 Oriente
2672 837 2796 875 vero
2823 821 3022 885 Persis,
3049 823 3292 891 AbaSgis,
3323 821 3513 885 lberis,
3562 819 3825 883 Arabibus,

2311 910 2615 974 Armeniis.
2656 911 2870 967 tandem
2929 913 3119 966 Turcis
3155 925 3209 966 et
3263 912 3552 967 Saracenis
3609 913 3808 965 omnium

2313 1005 2615 1066 acerrimis,
2662 1015 2916 1073 tanquam
2965 1005 3162 1072 capitis
3226 1018 3350 1056 reus
3377 1003 3569 1057 bestiis
3599 1003 3808 1070 objectus

2314 1095 2406 1154 diu
2443 1094 2589 1154 varia
2624 1095 2832 1149 fortuna
2859 1095 3043 1150 fuisset
3094 1084 3488 1159 conﬂictatum;
3537 1096 3808 1163 plerumque

2313 1202 2442 1246 Vero
2463 1199 2554 1242 aut
2571 1202 2759 1254 magna
2782 1199 2959 1254 strage
2975 1197 3329 1251 attenuatum,
3345 1194 3438 1239 aut
3456 1187 3521 1239 ad
3537 1187 3807 1240 durissimas

2313 1279 2645 1348 dependendi
2667 1263 3205 1333 tributiconditiones
3216 1279 3462 1331 adactum
3489 1293 3503 1328 :
3522 1291 3623 1330 non
3639 1285 3805 1329 tantum

2314 1370 2446 1423 fines
2473 1369 2588 1423 illos
2615 1369 2824 1436 imperii
2844 1368 2970 1421 olim
3002 1367 3250 1423 latissimi
3273 1365 3570 1420 exteriores
3597 1376 3804 1435 perpetua

2317 1463 2473 1530 quasi
2507 1460 2777 1515 alluvione
2816 1475 3068 1523 arrosos,
3106 1459 3321 1514 amissis
3368 1459 3599 1514 subinde
3628 1460 3804 1527 optimis

2313 1552 2618 1620 quibusque
2653 1552 2947 1619 provinciis
2981 1550 3154 1618 magis
3188 1548 3471 1619 magisque
3526 1548 3799 1603 contrahere

2314 1660 2534 1698 necesse
2570 1643 2774 1706 habuit.
2820 1645 2910 1697 sed
2940 1644 3020 1697 vir
3057 1631 3272 1696 tandeu‘l
3315 1642 3558 1711 pomaria
3587 1657 3694 1702 sua,
3719 1642 3800 1692 imo

2313 1738 2512 1794 mania
2545 1748 2834 1805 portasque
2865 1737 3028 1790 tutari
3056 1735 3250 1804 potuit.
3281 1733 3467 1802 Itaque
3492 1748 3611 1786 cum
3640 1733 3801 1798 aliquot

2315 1830 2624 1885 obsidiones
2648 1827 3171 1894 Constantinopolis,
3212 1825 3282 1880 ab
3311 1825 3596 1885 Auribus.
3625 1822 3803 1892 Sarace-

2316 1922 2389 1982 ni,
2429 1919 2829 1975 Genuensibus.
2901 1929 3064 1986 atque
3107 1917 3273 1971 etiam
3314 1921 3367 1969 in
3415 1915 3657 1969 civilibus
3682 1910 3800 1966 bellis

2287 2027 2490 2080 passa.
2518 2013 2666 2080 justo
2698 2012 2993 2080 paenitendi
3028 2019 3270 2078 tempore
3299 1991 3484 2076 elapso
3518 2006 3680 2062 nihilo
3699 2005 3801 2058 inte-

2311 2104 2411 2157 rim
2437 2106 2685 2157 evaderet
2721 2105 2946 2168 melior;
2973 2101 3066 2179 sed
3091 2102 3249 2154 veluti
3271 2101 3509 2169 obligato
3541 2099 3635 2153 sibi
3659 2095 3800 2151 divino

2310 2196 2518 2249 auxilio
2582 2195 2949 2248 invincihilem
2979 2193 3039 2248 se
3061 2202 3118 2247 et
3145 2193 3546 2262 θεοφρούρητον
3577 2191 3798 2259 iactaret;

2310 2289 2523 2342 tandem
2554 2303 2585 2340 a
2615 2284 2723 2337 Deo
2785 2285 2999 2338 deserta
3050 2282 3216 2352 (quod
3261 2284 3368 2336 Leo
3407 2283 3538 2350 imp.
3563 2278 3735 2335 dudum
3757 2276 3796 2328 in

2307 2378 2538 2447 quodam
2599 2375 2855 2427 vaticinia
2889 2373 3279 2443 prasaglerat).
3313 2381 3370 2426 ut
3411 2389 3443 2426 a
3493 2369 3802 2425 Constantino

2306 2469 2481 2538 primo
2512 2467 2750 2526 condita.
2786 2467 2858 2520 ita
2913 2467 2984 2518 ab
3021 2465 3211 2517 ultimo
3245 2463 3467 2521 amissa.
3531 2460 3803 2515 immanissi-

2305 2575 2409 2614 ma
2437 2559 2738 2612 Turcarum
2810 2556 2961 2622 genti
3008 2555 3355 2624 pertinaciter
3388 2551 3707 2607 obsidionem
3733 2562 3801 2599 ur-

2304 2650 2471 2720 genti,
2504 2665 2777 2717 nunquam
2828 2650 2960 2702 satis
2999 2645 3340 2714 deplorando
3361 2643 3516 2698 orbis
3547 2635 3806 2695 Christiani

2302 2742 2500 2797 damno
2529 2740 2828 2805 concessit;
2855 2739 3018 2794 nobis
3036 2738 3241 2795 interea
3273 2735 3561 2790 manifesto
3581 2726 3804 2809 exemplo,

2304 2836 2512 2887 utdum
2549 2835 2600 2886 in
2635 2833 2740 2887 illis
2790 2848 3033 2894 errorum
3089 2829 3643 2899 superstitionnrnque
3669 2820 3807 2875 collu-

2303 2924 2468 2988 viem,
2491 2925 2754 2979 bonarum
2784 2926 2957 2992 legum
2990 2932 3382 2990 contemptum,
3412 2917 3698 2985 disciplinae
3720 2911 3810 2964 dis-

2300 3015 2649 3080 solutionem,
2685 3016 2969 3070 intestinas
3026 3014 3348 3074 discordias.
3375 3011 3616 3076 aulaeque
3638 3000 3809 3060 etcleri

2299 3108 2653 3176 corruptelas,
2683 3116 2736 3160 et
2782 3107 3025 3174 perditos
3060 3104 3294 3170 denique
3322 3101 3503 3170 populi
3539 3112 3704 3152 mores
3736 3105 3814 3143 n0-

2300 3211 2525 3264 tamus;
2580 3199 2738 3252 obvia
2778 3199 2828 3250 in
2882 3193 3155 3265 plerisque
3210 3205 3523 3248 nostrorum
3552 3199 3812 3255 temporum

662 3280 843 3339 “Pella
901 3269 1209 3338 impium”:
1277 3277 1331 3322 εί
1381 3283 1571 3322 eorum
1626 3269 1875 3337 “emph’
1902 3279 2197 3339 θθπυβίυδ
2226 3300 2268 3356 C
2301 3290 2673 3351 similitudine,
2735 3289 2835 3341 nisi
2885 3287 2950 3341 de
2979 3287 3300 3355 paenitentia
3340 3285 3485 3338 serio
3528 3283 3814 3349 cogitemus.

663 3361 742 3428 (ut
773 3360 848 3424 ﬁt)
890 3361 1116 3429 populus
1144 3375 1208 3414 eo
1230 3358 1623 3422 dissolutionis.
1655 3360 1930 3426 nequitiae,
1968 3359 2202 3416 infamiae

662 3447 1067 3520 prolaberetur.
1103 3461 1158 3508 ut
1187 3467 1284 3519 pro
1318 3451 1459 3506 Nova
1493 3451 1661 3506 lloma
1681 3463 1735 3505 et
1777 3451 1942 3508 Sione
1971 3451 2115 3521 (nam
2152 3461 2208 3506 et

658 3551 759 3594 noc
819 3541 974 3596 titulo
1003 3539 1104 3595 sibi
1132 3540 1562 3606 blandiebantur)
1600 3553 1733 3593 nova
1774 3539 1954 3606 potius
1984 3539 2205 3608 Sybaris

660 3643 708 3687 et
744 3632 980 3701 Sodoma
1017 3633 1098 3686 vel
1130 3633 1261 3700 ipsis
1296 3632 1526 3686 testibus
1569 3642 1712 3685 esset
1736 3630 1985 3685 dicenda.
2027 3628 2204 3694 Quam

664 3724 1061 3792 perversionem
1090 3722 1266 3780 fatalis
1283 3723 1400 3792 ejus
1421 3721 1668 3780 interitus
1692 3729 1744 3778 et
1772 3721 2034 3776 excidium
2057 3720 2206 3789 justo

664 3817 936 3870 Ailrastea
955 3813 1158 3883 judicio
1171 3825 1253 3870 est
1274 3822 1583 3872 consecuta.
1603 3811 1893 3880 Postquam
1920 3811 2060 3866 enim
2080 3826 2202 3867 cum

669 3907 862 3962 vicinis
902 3905 1152 3963 omnibus
1183 3903 1394 3976 populis
1416 3944 1430 3973 .
1457 3905 1568 3976 jam
1598 3904 1741 3964 velut
1761 3903 1958 3975 iuratis
1990 3913 2044 3961 et
2064 3903 2204 3960 divi-

2300 3386 2368 3438 ab
2398 3383 2599 3436 eisdem
2627 3382 2804 3435 causis
2829 3397 2984 3450 pares
3008 3380 3187 3434 exitus
3224 3379 3540 3432 sortiantur.
3574 3373 3692 3438 Quae
3715 3367 3818 3436 qui-

2301 3464 2423 3530 dem
2461 3475 2562 3527 hoc
2594 3473 2709 3526 loco
2761 3475 2920 3538 paulo
2967 3470 3141 3523 fusius
3172 3469 3442 3522 disserere
3469 3506 3485 3530 ,
3534 3461 3735 3533 quando
3767 3472 3819 3508 eo

2303 3568 2422 3634 ipso
2451 3580 2564 3619 arvo
2598 3565 2754 3635 cujus
2801 3564 2887 3616 hic
2926 3562 3104 3614 varios
3149 3561 3447 3627 scriptores
3474 3559 3817 3635 repraesenta-

2307 3672 2447 3720 mus,
2493 3671 2553 3709 ea
2602 3654 2882 3725 Byzantini
2939 3649 3148 3718 imperii
3198 3650 3411 3702 eversio
3458 3634 3694 3712 contigit,
3719 3649 3815 3693 et:

2312 3749 2493 3802 multis
2543 3749 2758 3801 illorum
2795 3744 3048 3798 adnotata
3093 3743 3409 3812 reperietur,
3461 3755 3561 3793 non
3608 3737 3813 3790 alienum

2313 3843 2637 3912 putavimus.
