3970 6348
171 420 3308 478 W

1571 458 3308 478 ,,-________________________________

1413 670 1618 796 AN
1634 676 2128 809 NALES

296 947 1582 1112 SULTANORUM
1694 959 3225 1135 OTHMANIDARUM

1111 1281 1159 1338 Α
1209 1278 1482 1339 TURCIS
1522 1280 1671 1340 SUA
1736 1282 2039 1344 LI'NGUA
2083 1236 2408 1348 SCRIPTI.

401 1458 763 1536 Hieronymi
797 1461 956 1522 Beck
980 1481 1018 1521 a
1046 1461 1501 1543 Leopoldstorf,
1528 1464 1732 1525 Marci
1756 1465 1845 1540 fil.
1884 1465 2093 1528 studio
2125 1477 2179 1530 et
2210 1469 2539 1548 diligentia
2569 1471 3121 1554 Constantinopoli

628 1580 870 1644 advecti
894 1585 1130 1658 MDLI,
1163 1585 1308 1646 divo
1335 1584 1732 1647 Ferdinando
1765 1587 1915 1650 σω.
1955 1587 2098 1667 Opt.
2146 1593 2327 1654 Max.
2356 1593 2431 1655 D.
2463 1595 2536 1656 Ι).
2572 1597 2877 1676 jussuque

224 1709 390 1775 Cas.
449 1730 492 1771 a
549 1713 794 1775 Joanne
865 1713 1143 1778 Gaudier
1212 1717 1378 1780 dicto
1453 1719 1715 1801 Spiegel,
1810 1722 2146 1800 interprete
2211 1727 2474 1788 Turcico
2528 1728 2888 1798 Germanica
2955 1730 3267 1799 translatt.

472 1906 744 1970 Joannes
803 1908 1235 1971 Lnuncuvws
1295 1910 1524 1972 nobilis
1597 1915 2017 1991 Angrivarius,
2081 1896 2332 1980 Latine.
2363 1919 2644 1990 redditos
2697 1921 3034 1990 illustravit

1006 2041 1067 2104 et
1102 2039 1276 2103 auxit
1309 2056 1507 2120 usque
1536 2015 1612 2108 ad
1643 2057 1878 2104 annum
1907 2043 2026 2107 CII)
2055 2047 2128 2108 IT)
2160 2047 2492 2112 XXCVIII.

763 2407 1552 2554 JOANNIS,
1621 2404 2734 2544 LEIINCLAVII

1277 2693 1362 2735 AD
1417 2693 1690 2738 NOBILBM
1720 2690 1792 2735 AC
1832 2691 2222 2736 HAGNIFICUM

941 2865 1014 2926 D.
1036 2864 1553 2928 HIERONYMUM
1597 2866 1800 2928 BECK
1842 2867 1894 2928 Α
1925 2866 2538 2929 LEOPOLDSTORF

1085 3046 1210 3087 us.
1263 3046 1476 3088 ιωεετ.
1505 3026 1744 3087 ἐΔΙΕΒΕ
1778 3048 1982 3089 sumas
2030 3048 2426 3104 CONSILIABIUI,

877 3232 1003 3321 IN
1077 3228 1307 3322 HOS
1374 3232 1908 3323 ANNALES
1963 3233 2642 3327 PREFATIO.

200 3624 367 3693 305
403 3622 658 3691 Equidem
687 3620 868 3675 audire
891 3637 992 3676 non
1009 3621 1164 3676 semel
1189 3636 1253 3682 ex
1272 3629 1320 3676 te
1346 3625 1578 3689 memini,
1612 3625 1690 3682 vir
1719 3622 2010 3693 magniﬁce,
2047 3629 2094 3675 te
2132 3621 2540 3690 peregrinatione
2568 3617 2934 3689 tuafsuscepta.
2963 3637 3080 3676 cum
3113 3621 3334 3678 Romam

131 3731 268 3764 mmo
302 3710 514 3766 Jubtleo
551 3710 687 3763 1550
710 3711 948 3774 adiisses,
992 3719 1040 3764 et
1071 3709 1236 3763 Roma
1283 3709 1521 3764 Venetias
1546 3712 1835 3780 profectus,
1869 3715 2100 3768 indidem
2135 3716 2434 3768 triremibus
2479 3714 2767 3784 majoribus
2793 3716 2858 3773 ad
2885 3715 3129 3781 Tripolim
3161 3715 3330 3785 Syria:

131 3798 431 3865 appulisses
459 3811 476 3848 :
506 3793 786 3864 Halepum,
810 3797 1146 3862 Damascum,
1169 3797 1451 3860 Nazaret'll.
1483 3796 1538 3851 S.
1567 3798 1825 3856 S.Christi
1841 3802 2139 3868 sepulcrum
2166 3799 2536 3868 Hierosolymis
2554 3810 2601 3852 et
2630 3801 2681 3852 in
2712 3801 2908 3860 Arabia
2943 3811 3164 3854 montem
3195 3801 3330 3855 Oreb

131 3887 462 3950 accessisse;
501 3898 878 3957 peragrataque
913 3885 1145 3957 deinceps
1172 3884 1423 3958 Egypto,
1453 3889 1515 3940 ab
1547 3887 1669 3940 urbe
1689 3887 1833 3942 illius
1864 3888 2184 3943 Alexandria
2207 3888 2342 3939 mari
2381 3886 2617 3953 trajecta,
2647 3903 2736 3954 per
2772 3887 3030 3944 Attalium
3065 3887 3332 3959 Pamphy-

129 3979 232 4038 liae.
265 3975 554 4045 Cotyaium
577 3975 837 4044 Plirygite,
870 3975 1096 4029 Prusam
1135 3975 1412 4046 Bithyniar,
1471 3975 1676 4028 tandem
1702 3974 2020 4046 Byzantium
2048 3976 2279 4030 Thracia:
2314 3975 2621 4044 pervenisse.
2686 3973 2929 4046 Byzantii
2962 3987 3096 4038 vero,
3134 3977 3188 4029 in
3210 3994 3326 4031 am-

129 4065 380 4131 plissima
407 4064 741 4118 Turcicorum
769 4063 886 4120 sede
913 4066 1074 4132 regia,
1108 4062 1296 4119 librum
1322 4061 1539 4116 Turcica
1563 4061 1739 4130 lingua
1792 4064 2062 4128 scriptum,
2115 4061 2385 4116 Otlnnana:
2446 4061 2665 4130 familite
2712 4062 3004 4129 principum
3037 4079 3114 4116 res
3153 4073 3325 4132 gestas

128 4153 510 4210 continentem,
539 4166 724 4217 magno
758 4150 952 4213 studio,
991 4167 1080 4204 nec
1115 4151 1258 4203 nullo
1287 4161 1496 4218 sumptu
1535 4150 1694 4218 fuisse
1724 4161 2094 4213 consecutum:
2137 4165 2287 4219 quem
2338 4149 2457 4203 divo
2493 4147 2827 4203 Ferdinando
2851 4146 3141 4208 Rom.Ctes.
3183 4151 3326 4217 plen-

129 4241 357 4301 tissimo,
396 4253 532 4289 anno
568 4236 914 4291 Christi155l
955 4237 1098 4305 felici
1129 4247 1216 4290 tuo
1237 4237 1291 4290 in
1316 4237 1587 4289 Austriam
1614 4235 1805 4300 reditu,
1833 4237 1968 4291 dono
2019 4237 2266 4290 obtuleris
2297 4237 2602 4290 :hnmiliter
2617 4247 2767 4290 orato
2827 4249 2964 4302 rege,
3010 4244 3064 4286 ut
3100 4233 3322 4301 publica:

127 4329 377 4381 utilitatis
401 4341 562 4380 causa
594 4329 646 4380 in
678 4325 921 4380 Latinam
945 4327 1020 4378 vel
1061 4325 1424 4380 Germanicam
1453 4327 1685 4394 linguam
1731 4324 2029 4378 vertendum
2057 4325 2285 4391 juberet.‘
2322 4322 2450 4378 Post
2481 4322 2575 4379 illa
2598 4332 2662 4384 te,
2688 4322 2860 4389 ofﬁciis
2883 4321 3202 4390 negotiisque
3229 4338 3326 4389 pu-

129 4419 273 4469 blicis
310 4420 580 4478 obrutum,
617 4416 860 4483 exiguam
889 4415 1044 4482 hujus
1081 4415 1157 4470 rei
1172 4431 1354 4502 citrum
1383 4415 1658 4477 habuisse;
1687 4427 1842 4480 quam
1882 4420 2053 4462 tamen
2077 4411 2285 4477 penitus
2317 4408 2456 4460 haud
2492 4408 2759 4475 abjeceris.
2785 4407 2980 4475 Elapso
3005 4424 3105 4461 non
3142 4410 3329 4476 exiguo

128 4514 358 4568 tempore
383 4500 546 4569 306
573 4516 688 4551 cum
711 4501 897 4554 nobilis
927 4501 1001 4552 vir
1035 4497 1244 4555 Ulricui
1305 4500 1698 4560 Masrhwander
1725 4519 1757 4553 a
1804 4500 2168 4570 Cranigsperg,
2222 4500 2308 4568 qui
2339 4499 2517 4551 multis
2570 4499 2722 4552 annis
2742 4499 2859 4552 divo
2895 4497 3232 4552 Ferdinando
3269 4501 3323 4551 in

125 4592 366 4642 cubiculo
393 4587 823 4654 inservivit,filite
845 4605 972 4650 sure,
1001 4588 1280 4656 Alphonste
1312 4590 1375 4642 de
1412 4588 1598 4644 Games
1650 4592 1701 4642 in
1740 4590 2133 4642 matrimonium
2160 4587 2449 4648 collocatw,
2479 4585 2733 4645 solemnes
2776 4585 2984 4640 Viennte
3017 4589 3224 4654 nuptias
3241 4603 3328 4638 ce-

127 4677 349 4730 lebraret
379 4692 398 4728 :
432 4692 546 4729 eum
566 4675 679 4737 tibi,
703 4675 766 4728 de
794 4674 885 4727 illo
910 4675 1044 4728 libro
1070 4675 1375 4744 diligentius
1405 4679 1696 4731 sciscitanti
1740 4676 2084 4744 respondisse,
2110 4673 2360 4725 memoria
2410 4687 2463 4724 se
2525 4681 2712 4748 tenera,
2755 4669 3013 4725 Caesarem
3052 4673 3324 4738 interpreti

123 4779 214 4836 suo
251 4763 478 4815 Turcico
503 4761 727 4815 Annales
757 4762 1005 4830 quosdam
1039 4763 1289 4824 vertendi,
1318 4765 1687 4831 exercendique
1723 4764 1834 4831 ejus
1870 4764 2068 4832 gratia,
2106 4762 2382 4813 tradidisse
2410 4774 2428 4810 :
2460 4759 2745 4829 habereque
2774 4777 2828 4814 se
2860 4759 3130 4830 Turcicam
3161 4761 3324 4815 histo-

126 4851 278 4910 riam,
305 4850 494 4916 lingua
525 4849 857 4912 Germanica,
890 4864 1047 4901 manu
1076 4850 1344 4916 scriptam.
1380 4847 1529 4899 Hanc
1567 4850 1727 4916 igitur
1757 4868 1894 4903 anno
1928 4851 2061 4903 1586
2109 4851 2172 4901 ab
2209 4850 2300 4901 illo
2333 4849 2426 4901 tibi
2485 4849 2718 4913 missam,
2759 4866 2876 4903 eum
2919 4865 2982 4903 ex
3023 4851 3321 4917 interpretis

123 4934 344 4986 Joannis
378 4934 639 4997 Gaudier,
673 4937 801 4988 dicti
829 4933 1054 5001 Spiegel,
1087 4937 1307 5000 epistola
1333 4936 1664 5004 prooemiaca.
1697 4938 1979 4990 versionem
2002 4954 2108 4989 esse
2143 4938 2266 4989 libri
2303 4939 2398 4995 tui.
2430 4952 2622 5004 magna
2651 4953 2766 4989 cum
2796 4938 3052 4997 voluptate
3079 4941 3322 5006 agnovis-

124 5029 199 5073 ses‘
220 5063 234 5080 .
281 5024 471 5073 statim
497 5025 721 5076 exscribi
741 5023 970 5090 jnssisti.
1003 5019 1232 5077 Fueram
1263 5041 1356 5094 ego
1389 5023 1694 5092 pracedenti
1721 5032 1841 5074 tunc
1868 5041 2002 5075 anno
2060 5023 2509 5092 Constantinopoli
2547 5024 2792 5078 Viennam
2822 5039 3070 5080 reversus.
3100 5027 3184 5078 cui
3212 5042 3316 5078 non

125 5110 374 5164 indicasti
409 5114 771 5166 tantummodo
797 5110 858 5165 de
889 5112 1101 5178 repertis
1125 5111 1228 5164 illis
1259 5111 1547 5166 Annalibus
1588 5111 1715 5174 tuis,
1778 5127 1946 5163 verum
1973 5113 2130 5163 etiam
2154 5129 2254 5163 non
2287 5113 2496 5175 invitus,
2530 5129 2645 5182 quia
2701 5110 2982 5180 singularis
3038 5113 3091 5165 in
3115 5130 3194 5165 me
3225 5123 3314 5164 tua

121 5209 188 5250 est
213 5195 600 5263 benevolentia,
633 5216 830 5252 mecum
853 5215 936 5254 eos
971 5201 1388 5255 communicasti.
1420 5199 1622 5252 Lubens
1658 5202 1751 5251 hoc
1782 5196 2016 5265 equidem
2040 5196 2252 5265 perlegi,
2282 5215 2496 5267 cumque
2549 5214 2650 5250 non
2713 5213 2918 5266 parum,
2959 5197 3192 5264 pluribus
3249 5199 3315 5252 de

123 5289 315 5348 causis,
344 5287 635 5353 placerent,
695 5289 898 5341 eosdem
922 5295 1103 5356 rogatu
1139 5298 1225 5338 tuo
1259 5286 1464 5350 Latine,
1497 5299 1552 5340 ut
1575 5290 1624 5340 in
1649 5287 1809 5339 lucent
1829 5283 1954 5335 editi
1986 5284 2282 5334 nationibus
2319 5286 2512 5336 exteris
2563 5285 2723 5338 etiam
2755 5285 2872 5339 usui
2935 5298 3121 5350 essent,
3165 5297 3312 5337 trait-

123 5377 324 5441 scripsi.
348 5374 585 5425 Redeunt
613 5374 775 5442 igitur
807 5377 874 5426 ad
899 5387 944 5427 te
969 5391 1101 5426 nunc
1130 5374 1258 5442 typis
1291 5377 1522 5441 expressi
1547 5372 1987 5442 cltalcograpliiris
2037 5369 2269 5422 Annales
2298 5369 2532 5433 Turcici,
2569 5381 2655 5423 tuo
2687 5372 2776 5442 qui
2805 5372 3056 5424 debentur
3113 5373 3308 5426 studio.

121 5457 248 5522 quod
280 5473 390 5509 non
425 5466 628 5506 tantum
658 5469 742 5507 eos
780 5472 844 5510 ex
871 5458 979 5509 illis
1011 5457 1134 5509 locis
1177 5465 1340 5507 tecum
1376 5457 1645 5508 attulisti:
1674 5474 1846 5511 verum
1875 5459 2031 5509 etiam
2070 5473 2226 5523 prope
2258 5456 2489 5522 sepultos
2519 5457 2581 5510 ab
2646 5459 2894 5533 annis37
2929 5469 2977 5511 et
3031 5461 3168 5528 ipsos
3216 5461 3314 5510 eri-
3358 5469 3363 5476 ‘

122 5545 272 5609 puisti
304 5559 494 5596 rursus
526 5559 552 5594 e
577 5543 821 5606 tenebris,
848 5554 897 5596 et
924 5545 1218 5597 latitantem
1247 5543 1373 5595 alibi
1399 5541 1754 5598 Germanicam
1784 5562 1979 5615 quoque
2010 5547 2286 5598 versionem
2324 5561 2355 5595 a
2387 5544 2562 5600 blattis
2593 5557 2642 5598 et
2670 5548 2820 5600 tineis
2868 5547 3158 5600 asseruisti.
3195 5545 3310 5607 Qua

120 5634 176 5684 de
198 5647 391 5695 causa,
423 5645 541 5681 cum
571 5630 691 5680 libri
713 5631 780 5681 ad
811 5647 902 5684 nos
929 5631 1221 5699 perferendi
1249 5630 1448 5696 primus
1481 5641 1684 5692 auctor,
1706 5633 1839 5685 idem
1871 5633 2088 5698 perituri
2129 5632 2312 5683 vindex
2345 5640 2393 5682 et
2418 5644 2751 5685 conservator
2780 5635 3034 5686 exstiteris
3069 5647 3085 5683 :
3120 5631 3308 5698 absque

123 5720 312 5785 iniuria
345 5729 461 5780 tua,
486 5716 714 5782 cujusvis
734 5717 950 5770 alterius
971 5721 1214 5787 prwfcrre
1240 5732 1421 5768 nomen
1447 5716 1669 5771 Annales
1695 5722 1793 5786 ipsi
1822 5731 2092 5788 nequeant.
2131 5719 2298 5771 Meam
2327 5735 2442 5772 vero
2471 5721 2861 5787 injexpoliendis
2886 5722 2960 5771 liis
2993 5721 3306 5771 laboriosam

123 5822 325 5874 operam
351 5806 697 5876 probaturum
736 5816 799 5870 te,
834 5824 947 5859 cum
977 5807 1092 5860 aliis
1120 5809 1316 5861 sincere
1342 5807 1728 5875 judican'ibus,
1761 5824 1884 5860 sane
1919 5808 2143 5875 conﬁdo.
2172 5805 2303 5861 Cum
2335 5807 2468 5859 enim
2496 5807 2575 5857 vir
2605 5807 2810 5860 clariss.
2851 5805 3000 5873 [luga
3025 5804 3223 5858 Blotiu;
3250 5804 3298 5857 J.
