3970 6348
152 476 268 540 577
656 549 659 554 _
1072 480 1410 544 ANNALES
1446 431 1781 543 mactet.
1822 502 1886 511 —
1924 477 2155 538 El‘iS‘l‘.
2196 477 2437 538 DEDtC.
2638 493 2643 512 ι
2723 442 2769 515 ’-
3235 480 3337 538 snt

163 633 2664 656 WW

2673 644 2801 655 Am

526 804 1112 917 JOANNIS
1195 735 1818 964 GAUDIER
1906 801 2961 917 DICTISPIEGEL

1355 1017 1628 1075 TURCICI
1692 1018 2144 1095 INTEBPRETIS
2748 1102 2754 1107 _

427 1171 863 1246 EPISTOLA,
914 1173 1568 1240 ΡΜῑιιΜιΝΑΒις.
1623 1179 1737 1239 AD
1805 1179 1881 1242 D.
1948 1179 1995 1241 Ε

1532 1179 1568 1238 ἶ,
1623 1179 1737 1239 AD
1805 1179 1881 1242 D.
1948 1179 2572 1277 FERDINANDUM'
2636 1180 2830 1244 ΒΟΜ.
2910 1183 3100 1244 CASS.

943 1512 1303 1580 Serenissime,
1337 1517 1687 1583 potentissime
1713 1514 1844 1583 Rex,
1897 1520 2113 1574 Domine
2145 1520 2555 1577 clementissime.

223 1647 530 1717 mli-um
554 1665 654 1703 non
687 1651 760 1704 ita
785 1651 982 1716 pridem
1011 1653 1154 1720 regia
1181 1651 1361 1706 Vestra
1386 1652 1641 1723 Majestas
1665 1657 1853 1723 librum
1879 1655 2149 1710 Turcicnm
2173 1657 2296 1710 mihi
2312 1656 2649 1715 commiserit.
2669 1656 2723 1709 in
2738 1671 2838 1724 quo
2860 1665 3002 1709 ortus
3020 1667 3177 1723 atque
3195 1670 3342 1728 gesta
3417 1655 3420 1669 ῖ
3510 1659 3515 1663 ’

145 1733 319 1801 impp.
350 1735 680 1788 Turcicorum
704 1736 1101 1789 describuntur:
1123 1753 1266 1804 quem
1300 1741 1502 1806 quidem
1529 1743 1684 1810 regia:
1714 1737 1913 1792 Vestra:
1943 1735 2235 1806 Majestatis
2267 1738 2472 1794 nobilis.
2497 1748 2739 1790 strenuus
2793 1747 2946 1804 atque
2976 1740 3337 1816 integerrimus

147 1824 504 1892 Hieronymus
540 1825 672 1878 Beck
701 1842 733 1877 a
767 1824 1134 1894 Leopoldstorf
1158 1842 1220 1880 ea:
1263 1829 1444 1882 itinere
1490 1829 1955 1896 llierosolymitano
1976 1835 2024 1876 et
2074 1822 2262 1876 Turcia
2320 1823 2539 1883 rediens,
2581 1818 2762 1876 obtulit
2796 1841 2813 1876 :
2862 1826 2950 1890 qui
2982 1825 3106 1876 mihi
3133 1840 3164 1875 a
3198 1824 3336 1891 regia

159 1907 347 1963 Vestra
379 1911 656 1981 Majestate
691 1913 992 1966 Germanice
1018 1915 1457 1982 interpretandns.
1487 1918 1759 1968 clementer
1789 1911 2162 1965 demandatus:
2214 1913 2347 1975 quod
2372 1909 2661 1962 .hnmiliter
2709 1913 2948 1976 praestiti,
2980 1927 3138 1978 eaque
3173 1926 3273 1978 qua
3307 1931 3336 1961 (ι
3388 1960 3393 1982 ζ
3444 1988 3449 1992 ί

150 1998 340 2051 Turcis
365 2005 589 2067 scriptus
616 2009 690 2052 est
721 1994 977 2066 met/todo,
1015 2003 1067 2052 in
1122 2001 1318 2055 idioma
1374 1995 1732 2079 Germanicum
1767 1998 2032 2053 transtuli.
2063 1997 2200 2049 Licet
2249 2010 2364 2048 vero
2427 1997 2653 2064 idipsnm
2691 1999 2906 2050 libenter
2965 2013 3103 2050 more
3125 2009 3173 2049 et
3207 1999 3338 2066 siglo

142 2086 406 2138 rhetorico
433 2087 750 2153 effecissent:
787 2090 874 2140 sed
892 2103 1002 2139 cum
1029 2090 1092 2139 ab
1121 2088 1327 2140 ineunte
1349 2100 1519 2156 aetate,
1550 2100 1738 2156 parum
1775 2092 2055 2140 admodum
2089 2085 2274 2138 litteris
2297 2085 2684 2138 humanioribus
2738 2087 2928 2152 fuerim
2956 2087 3206 2149 imbutus,
3256 2100 3335 2137 al-

134 2187 245 2241 que
278 2173 575 2240 liujnsmodi
600 2175 651 2226 in
681 2176 828 2227 rebus
864 2175 1071 2228 minime
1093 2185 1358 2238 versatus;
1387 2187 1540 2228 certa:
1593 2186 1764 2229 tamen
1825 2191 1939 2229 sum
1979 2175 2104 2238 spei,
2159 2173 2385 2225 laborem
2435 2169 2567 2225 hunc
2631 2174 2870 2240 exiguum
2929 2189 3082 2238 regia:
3149 2174 3373 2226 Vestini.
3427 2225 3431 2228 ,

145 2260 422 2326 liajestati
473 2260 812 2327 placiturum.
846 2262 1186 2316 Adnotassem
1211 2265 1374 2314 etiam
1424 2263 1581 2314 simul
1609 2278 1709 2330 quo
1739 2259 1962 2327 tempore
2018 2263 2300 2312 secundum
2325 2276 2485 2312 annos
2539 2260 2727 2312 salutis
2767 2270 2957 2312 nostra:
3016 2260 3128 2316 [σαῖς
3193 2269 3334 2325 gesta

141 2345 408 2410 fuissent:
436 2361 608 2398 verum
634 2363 749 2398 cum
780 2350 904 2399 anni
935 2346 1217 2400 Turcorum
1248 2348 1503 2401 breviores
1526 2349 1628 2401 sint
1655 2350 1866 2406 nostris.
1901 2364 2058 2415 neque
2109 2350 2334 2412 ipsorum
2370 2348 2710 2399 anniversarii
2748 2347 2876 2408 dies,
2911 2347 3042 2398 sicut
3079 2347 3217 2413 apud
3243 2340 3335 2398 nos

141 2432 496 2494 llhristianos,
530 2435 583 2485 in
638 2435 773 2487 idem
834 2445 1029 2503 tempus
1076 2437 1389 2499 coincidant,
1446 2437 1561 2489 licet
1592 2440 1745 2490 etiam
1800 2436 1894 2502 ipsi
1950 2437 2003 2486 in
2062 2451 2197 2486 anno
2248 2429 2440 2485 menses
2484 2433 2773 2486 gdnodecim
2845 2433 3104 2499 habeant;
3164 2444 3332 2484 tamen

133 2521 240 2570 hoc
312 2521 513 2573 tantum
582 2524 781 2573 ratione
831 2524 1116 2587 splendoris
1184 2525 1362 2585 lunte;
1425 2525 1635 2590 insuper
1684 2523 1910 2576 scribunt
1997 2511 2094 2586 ipsi
2183 2521 2481 2596 dicuntque.
2563 2523 2729 2586 spatio
2815 2522 3028 2587 triginta
3113 2521 3332 2572 duorum

139 2620 427 2671 annorum,
448 2609 728 2660 secundum
758 2610 986 2675 ipsorum
1015 2612 1477 2679 computationem,
1509 2613 1685 2662 caelum
1711 2609 1892 2662 mobile
1927 2625 2012 2660 seu
2051 2609 2436 2675 ﬁrmamentum
2491 2624 2642 2658 suum
2698 2609 2958 2659 absolvere
2982 2621 3224 2659 cursum:
3281 2607 3334 2658 id

142 2694 468 2745 tantumdem
496 2699 603 2760 fere
619 2705 772 2758 esset,
808 2709 923 2747 cunt
950 2711 1041 2748 nos
1073 2694 1358 2751 Christiani
1388 2698 1600 2765 trigmta
1620 2713 1798 2760 unum,
1833 2697 1928 2762 ipsi
1964 2697 2176 2762 triginta
2219 2695 2348 2745 duos
2377 2710 2542 2746 annos
2575 2695 2851 2746 scriberent
2884 2697 3330 2757 nominarentquc.

140 2776 210 2829 Et
236 2783 567 2840 quantumvis
587 2798 652 2834 ex
677 2798 790 2834 mea
821 2785 1167 2848 translatione
1196 2786 1484 2852 computari
1519 2800 1617 2835 non
1632 2770 1823 2850 potest,
1861 2799 1957 2852 quo
1977 2793 2198 2849 tempore
2239 2798 2494 2853 annorum
2525 2781 2719 2835 Christi
2747 2782 2823 2832 ha'
2851 2783 3007 2847 impp.
3049 2772 3330 2832 Turcoruin

141 2880 224 2917 res
259 2875 422 2933 gesta:
452 2869 554 2918 sint
575 2883 593 2920 :
631 2878 859 2922 attamen
896 2872 1103 2923 omnino
1131 2871 1484 2940 gubernatori,
1517 2870 1717 2923 militia:
1739 2871 1878 2930 duci,
1909 2880 1998 2922 aut
2024 2871 2312 2936 capitoneo,
2340 2871 2424 2921 cui
2454 2884 2570 2920 cum
2599 2869 2823 2921 inimicis
2853 2865 3137 2920 Christiani
3166 2869 3334 2920 nomi-

142 2955 220 3004 uis
255 2954 538 3024 agendum,
565 2959 695 3007 lectu
731 2972 897 3021 operae
921 2959 1144 3023 pretium
1171 2973 1278 3009 esse
1302 2960 1560 3008 existimo.
1597 2954 1729 3008 lltnc
1748 2973 1967 3025 namque
2003 2957 2167 3008 videre
2197 2957 2333 3016 licet,
2362 2957 2484 3024 quid
2535 2956 2719 3022 politia
2751 2964 2840 3005 aut
2863 2955 3070 3006 animus
3093 2955 3331 3007 heroicus

139 3038 336 3100 valeat,
365 3039 687 3110 qualiterque
710 3044 1044 3110 magistratus
1078 3059 1199 3110 erga
1225 3044 1421 3109 proprii
1444 3045 1720 3108 commoti,
1746 3039 1929 3096 avaros
1980 3055 2132 3112 atque
2159 3043 2404 3115 superbos
2434 3043 2669 3093 homines
2705 3056 2758 3092 se
2807 3039 3045 3092 exhibere
3099 3056 3332 3092 remune-

140 3125 357 3192 rarique
395 3128 605 3193 debeat;
631 3131 782 3193 quale
799 3131 960 3182 etiam
985 3129 1352 3182 detrimentum
1374 3132 1565 3198 patria:
1592 3139 1744 3196 atque
1771 3131 2042 3194 exercitui,
2077 3132 2135 3182 ob
2165 3129 2586 3190 inobedientiam,
2625 3126 2998 3196 confusionem.
3032 3126 3328 3194 perﬁdiam,

141 3213 467 3277 superbiam,
495 3217 758 3282 proprium
785 3218 1127 3279 commodum,
1161 3218 1289 3269 oriri
1324 3216 1369 3270 et
1395 3218 1629 3270 accidere
1649 3219 1831 3286 possit.
1871 3218 2152 3283 Propterea
2203 3218 2622 3286 facileeolligere
2678 3215 2796 3277 hinc
2829 3214 2968 3276 licet,
2993 3220 3110 3266 cum
3137 3215 3313 3267 moder

141 3301 195 3349 ni
216 3299 559 3364 imperatOres
586 3299 790 3356 Turcici
817 3319 987 3372 parva:
1022 3313 1171 3372 atque
1203 3303 1436 3357 obscura:
1467 3306 1707 3372 familia.
1732 3321 1845 3356 cum
1872 3307 2058 3373 exiguo
2088 3319 2245 3356 manu
2285 3307 2340 3355 in
2372 3306 2676 3375 immensum
2705 3301 2977 3362 creverint,
3014 3303 3089 3353 uti
3130 3304 3330 3366 quidem

140 3399 206 3436 ex
227 3388 456 3439 historia
481 3388 578 3440 hac
599 3390 852 3460 intelligo,
885 3391 1022 3460 quod
1057 3393 1206 3452 Asia.
1232 3390 1453 3451 Graecia.
1483 3392 1755 3459 Bulgaria,
1778 3394 2084 3455 Arbanesia,
2108 3390 2324 3455 Bosnia,
2349 3391 2551 3454 Servia,
2580 3391 2788 3442 nonnisi
2809 3399 3016 3456 propter
3040 3391 3332 3441 inobedien-

143 3473 296 3537 tiam,
319 3475 690 3541 confusionem,
714 3479 1005 3545 perﬁdiam,
1031 3481 1343 3545 superbiam,
1361 3491 1407 3531 et
1428 3495 1532 3531 rem
1558 3483 1834 3546 privatam.
1860 3480 1912 3529 in
1933 3490 2001 3528 tot
2026 3479 2352 3530 calamitates
2375 3489 2527 3545 atque
2548 3493 2732 3528 manus
2758 3479 3082 3529 inimicorum
3110 3479 3332 3529 nominis

142 3560 305 3628 310
341 3559 632 3614 Christiani
657 3563 971 3617 inciderint:
992 3567 1127 3634 quod
1149 3567 1296 3634 (proh
1324 3569 1480 3618 Deum
1498 3567 1540 3632 Ι)
1569 3567 1810 3618 hodierno
1859 3565 2022 3616 adhuc
2043 3567 2124 3615 die
2143 3563 2340 3616 evenire
2377 3567 2625 3616 videmus.
2649 3561 2784 3615 Nam
2804 3579 2918 3632 qua:
2949 3563 3054 3616 alia
3071 3572 3146 3615 est
3173 3579 3331 3616 causa

137 3645 458 3700 Christiania
477 3650 866 3710 devastationis,
881 3667 1035 3718 quam
1052 3652 1413 3712 inobedientia,
1425 3652 1663 3720 perﬁdia,
1679 3653 1870 3705 avariii
1888 3673 1922 3714 ι,
1941 3652 2196 3718 superbia.
2211 3660 2257 3702 et
2276 3651 2348 3702 rei
2363 3653 2579 3716 privatte
2596 3651 2860 3703 studium?
2877 3647 3012 3701 Nam
3031 3651 3111 3701 hic
3130 3644 3329 3716 propter

140 3749 291 3784 suum
315 3737 642 3787 commodum
660 3737 794 3803 favet
807 3729 1016 3801 Turcis,
1038 3737 1172 3790 alter
1191 3738 1505 3794 Woiwodte:
1531 3741 1732 3802 tertius,
1753 3739 1881 3791 nulli
1896 3736 2192 3806 obsequens,
2211 3737 2432 3803 seipsum
2450 3737 2714 3792 dominum
2735 3748 2922 3788 censet.
2949 3737 3087 3791 Unde
3099 3739 3158 3804 [it
3176 3754 3329 3805 porro

140 3821 272 3883 quod
292 3837 390 3871 stos
409 3825 581 3873 omnia
600 3821 730 3877 bella
753 3841 874 3893 erga
895 3825 1178 3880 Christiani
1200 3823 1421 3880 nominis
1440 3828 1606 3879 hostes
1628 3829 1893 3886 instituta,
1915 3826 2083 3876 minus
2108 3839 2344 3892 prospere
2360 3838 2620 3891 geramus.
2636 3839 2790 3890 quam
2814 3833 3019 3888 propter
3036 3823 3328 3888 inobedien-

138 3906 680 3972 tiam,confusionem,
701 3913 998 3977 perﬁdiam,
1025 3915 1320 3976 avaritiam,
1350 3918 1668 3982 superbiant,
1696 3924 1744 3967 et
1773 3906 2038 3980 proprium
2073 3909 2542 3965 commodum?Nos
2570 3912 2928 3986 existimamus
2959 3914 3094 3974 ipsos
3125 3910 3328 3961 minime
3390 3916 3392 3918 ’

141 3993 446 4054 subsistere,
474 4009 583 4045 rem
615 4006 850 4049 nostram
873 4001 1253 4053 inconsiderate
1282 4001 1634 4069 aggredimur,
1658 4012 1704 4051 et
1731 4002 2065 4068 proponimus
2096 4000 2242 4051 nobis
2294 4013 2506 4065 magnas
2533 4012 2649 4062 opes
2679 3994 2742 4046 ab
2773 3997 2901 4061 ipsis
2929 3986 3288 4061 'acqutrendas
3308 4012 3326 4048 :

139 4080 304 4141 primo
337 4095 609 4146 congressu
651 4081 850 4133 alacres
879 4096 1032 4152 atque
1068 4084 1290 4138 animosi
1322 4102 1524 4148 sumus,
1557 4104 1727 4139 verum
1762 4089 1912 4138 illico
1961 4084 2293 4137 remittimus.
2352 4084 2484 4134 Deus
2534 4084 2850 4148 omnipotens
2904 4098 3055 4133 suam
3086 4084 3323 4150 dignetur

141 4166 284 4217 nobis
309 4167 536 4232 gratiam
573 4169 777 4237 largiri,
805 4185 906 4237 quo
936 4186 1026 4222 nos
1055 4188 1175 4237 erga
1204 4174 1456 4238 ejusmodi
1485 4174 1643 4225 divini
1666 4173 1887 4224 nominis
1915 4171 2082 4222 hostes
2109 4171 2415 4237 dirigamus,
2442 4169 2791 4235 superioribus
2823 4179 2870 4220 et
2899 4169 3230 4235 magistratui
3256 4173 3325 4222 sii

140 4266 248 4302 mus
279 4255 636 4319 obsequentes,
665 4255 849 4307 bonam
870 4257 1107 4318 politiam
1131 4274 1504 4322 conservemus,
1541 4259 1796 4318 avaritia,
1842 4256 2112 4322 superbia,
2171 4266 2216 4308 et
2248 4256 2320 4307 rei
2372 4257 2914 4324 privattepquantnm
2967 4270 3169 4320 aquam
3222 4267 3323 4316 est,

141 4340 473 4401 tribuamus;
503 4357 563 4392 ne
593 4351 640 4394 et
680 4358 770 4394 nos
793 4346 999 4394 tandem
1035 4333 1188 4411 (quod
1217 4343 1349 4395 Deus
1370 4360 1655 4410 prtecavere
1676 4346 1810 4411 velit)
1840 4343 1992 4416 sicuti
2031 4344 2314 4396 nominate.
2351 4343 2576 4410 regiones
2598 4343 2650 4394 in
2675 4343 2904 4394 maxima
2930 4342 3122 4395 damna
3150 4351 3323 4399 venio.

113 4473 118 4478 .
143 4438 272 4487 ntus,
294 4435 344 4477 et
367 4428 648 4498 posteritas
678 4437 857 4480 nostra
883 4429 1037 4493 [idem
1063 4437 1214 4496 atque
1244 4429 1537 4497 religionem
1569 4431 1883 4483 d:abolicam
1921 4431 2176 4496 suscipere
2211 4439 2444 4497 cogatur.
2481 4430 2631 4492 Quod
2659 4429 2800 4483 Deus
2829 4432 2880 4482 in
2911 4435 3158 4485 'a-ternunt
3179 4438 3322 4485 nobis

142 4517 419 4564 concedere
445 4514 687 4580 dignetur
715 4517 812 4581 (α).
839 4517 873 4565 Α
888 4531 1022 4567 men.

208 4644 379 4717 iiegite
412 4647 599 4704 Vestra:
628 4649 920 4720 Majestatis

1527 4802 1885 4863 "amittimus,
1947 4808 2395 4870 obedientssstmus
2421 4802 2657 4867 servitor,
2687 4811 2735 4854 et
2775 4801 3019 4866 interpres
3051 4798 3316 4859 Tan-iens.

2257 4954 2480 5018 Josrmss
2504 4954 2818 5015 GAUDIEIK.
2850 4957 2987 5036 altas
3017 4955 3314 5028 S.‘|l°.Gi.i..

205 5804 269 5865 (α)
304 5802 677 5871 Exspectabam,
716 5803 848 5861 Quott
887 5809 1008 5858 Deus
1042 5822 1070 5857 a
1103 5812 1231 5858 nobis
1265 5815 1458 5859 avertat.
