3970 6348
171 456 277 517 581

1389 447 1730 513 ANNALBS
1768 444 2090 512 TUliCICi.

3216 441 3322 508 582

165 577 314 618 ctus.
348 564 619 620 Monhinc
651 574 704 621 et
746 567 868 620 inde
907 583 1017 621 rem
1055 567 1444 637 cogitabundus
1491 581 1694 635 expcn-
1722 574 1767 628 Α
1796 563 2096 618 includunt.
2124 560 2268 626 Quos
2310 575 2339 614 a
2373 569 2518 630 tergo
2557 576 2680 614 cum
2715 559 2849 637 'suis
2897 560 3166 611 insecutus
3208 558 3320 612 0s-

170 655 326 718 dens,
358 672 552 723 corpus
584 658 769 719 abluit,
811 674 994 724 preces
1037 673 1162 711 snas
1206 659 1452 721 absolvit,
1489 657 1696 710 habitu-

171 754 526 808 queunt-tato
551 747 774 799 Coniam
818 752 1110 816 profectus,
1155 749 1334 800 urbem
1383 747 1694 814 ingreditur.

169 836 377 904 Agebat
405 835 528 889 istic
559 838 640 887 vir
675 839 1010 890 auctoritatis
1039 855 1102 891 ex
1146 839 1389 891 doctrina
1418 837 1697 896 ,maximte,

168 928 257 981 cui
288 943 480 981 nomen
517 927 799 992 Edebales,
836 945 1054 997 operum
1087 931 1307 984 efl'ector
1335 940 1388 983 et
1435 929 1698 996 prodigio-

168 1034 292 1071 rum
341 1018 758 1083 admirabilium,
810 1020 863 1072 in
913 1037 1066 1087 quem
1109 1019 1336 1087 conjecti
1385 1027 1536 1072 erant
1581 1034 1699 1071 om-

169 1109 320 1160 nium
369 1109 532 1170 oculi,
567 1107 712 1176 quod
762 1123 856 1161 eos
894 1111 945 1161 in
991 1110 1104 1175 lege
1139 1108 1512 1161 Mahumetana
1547 1108 1700 1160 insti-

170 1206 370 1258 tueret,
403 1212 465 1250 ac
493 1196 772 1251 facultates
799 1201 1118 1266 caeteroquin
1149 1199 1508 1267 amplissimas
1529 1199 1702 1266 possia

167 1288 343 1340 deret.
373 1288 541 1340 Etiam
574 1289 817 1344 sultanus
847 1289 978 1358 ipse,
1003 1304 1156 1356 quem
1181 1290 1431 1355 diximus,
1450 1291 1700 1343 Aladines

171 1378 466 1444 plurimum
509 1380 557 1432 ei
590 1381 876 1433 tribuebat.
909 1382 1063 1433 Hunc
1101 1381 1188 1433 ubi
1223 1383 1558 1434 convenisset
1604 1378 1703 1430 Er-

172 1467 412 1544 tucules,
470 1478 523 1519 ut
556 1469 823 1522 somnium
854 1470 925 1521 illi
972 1484 1127 1523 suum
1163 1481 1452 1538 exponeret
1480 1489 1495 1528 :
1527 1469 1701 1524 Verte-

172 1559 343 1609 rande
368 1559 467 1622 vir,
495 1560 592 1622 ait,
619 1574 714 1627 per
739 1559 971 1627 quietem
1002 1563 1148 1614 visus
1172 1576 1292 1614 sum
1321 1561 1500 1615 videre
1527 1562 1701 1628 splen-

169 1649 358 1699 dorem
384 1647 544 1709 lunaa,
578 1649 925 1715 prodeuntem
949 1665 979 1703 θ
1009 1650 1126 1703 sinu
1163 1660 1279 1714 tuo,
1313 1652 1406 1720 qui
1433 1666 1611 1705 meum
1651 1653 1701 1704 in

171 1738 355 1788 sinum
390 1745 714 1803 penetraret.
748 1738 820 1792 Eo
864 1753 983 1791 cum
1035 1739 1245 1792 delatus
1274 1749 1434 1802 esset,
1469 1753 1532 1792 ex
1585 1755 1702 1792 um-

173 1827 336 1880 bilico
366 1843 484 1880 meo
518 1844 640 1880 mox
685 1837 895 1882 enatam
945 1829 1112 1887 fuisse
1156 1812 1424 1893 arborem,
1458 1845 1576 1898 quae
1623 1844 1704 1882 re.

1797 669 1940 719 man,
1968 656 2021 708 in
2048 654 2238 708 itinere
2261 653 2511 721 oppidum
2547 652 2841 707 Ulubadam
2870 651 3088 705 militari
3121 664 3319 704 corona

1754 745 1982 814 ~cingit,
2045 744 2198 812 cujus
2252 742 2486 813 Teggiur
2537 757 2662 796 mox
2716 741 2874 796 certis
2929 741 3324 796 conditionibus

1797 851 1918 888 cum
1942 852 2006 890 eo
2040 837 2318 897 transegit.
2358 835 2492 889 Hinc
2520 834 2742 889 Prusam
2787 849 2908 887 cum
2941 834 3178 888 exercitu
3209 848 3328 900 pm-

1806 939 2019 994 perans,
2053 925 2204 979 urbis
2236 926 2569 978 obsidionem
2607 926 2844 978 molitur.
2884 923 3127 992 Cumque
3157 924 3204 976 vi
3234 926 3327 975 ad-

1801 1023 1963 1079 mota,
1995 1015 2124 1068 nihil
2155 1014 2469 1068 effecturum
2513 1032 2570 1069 se
2617 1016 2821 1068 videret
2853 1016 2918 1068 ad
2972 1015 3328 1084 expugnatio-

1800 1121 1921 1158 nem
1959 1123 1972 1156 :
2006 1107 2236 1173 primum
2276 1105 2328 1158 in
2360 1107 2581 1159 adversa
2619 1105 2767 1158 urbis
2795 1113 2966 1174 parte,
2996 1105 3147 1171 Juxta
3176 1108 3325 1157 ther-

1801 1211 1939 1261 mas,
1988 1212 2110 1263 qua:
2158 1197 2374 1263 (laplice
2423 1195 2611 1248 Turcis
2645 1193 2918 1257 dicuntur,
2968 1193 3106 1246 vallo
3145 1194 3328 1256 ducto,

1803 1286 2187 1338 munimentum
2225 1301 2317 1350 pro
2348 1287 2462 1338 suis
2490 1286 2665 1353 erigit,
2698 1286 2781 1337 cui
2829 1284 3010 1337 fratris
3032 1283 3333 1338 Gundusel-

1801 1379 1884 1445 pis
1916 1378 2080 1429 filium
2113 1378 2467 1444 Agdcmurem
2505 1377 2744 1444 pra'ticit,
2785 1376 3051 1428 hominem
3096 1377 3170 1429 rei
3221 1378 3332 1429 hel—

1803 1469 1915 1520 lic.»
1973 1469 2373 1535 peritissimum,
2441 1466 2710 1533 ailjuuctis
2760 1467 2919 1536 313
2967 1468 3015 1520 ei
3077 1467 3332 1520 militibus

1803 1556 2053 1624 egregiis.
2099 1555 2220 1607 Inde
2277 1558 2661 1615 munimentum
2707 1556 2850 1608 aliud
2900 1555 3099 1609 excitat
3150 1572 3334 1609 versus

1801 1664 1922 1700 eum
1963 1657 2214 1707 monti-tn,
2266 1663 2421 1714 quem
2465 1647 2879 1715 Geschidsdage,
2916 1647 3016 1700 hoc
3049 1657 3151 1708 est.
3182 1662 3334 1700 mon-

1804 1747 1907 1790 tem
1937 1737 2318 1790 monachm'um
2355 1735 2732 1791 vocant.i|lius
2757 1752 2935 1790 curam
2970 1736 3336 1790 Belebanzuco

1803 1828 2012 1884 cuidam
2044 1845 2108 1882 ex
2140 1831 2273 1892 suis,
2304 1834 2418 1882 viro
2451 1842 2690 1894 strenuo,
2729 1831 3034 1882 committit.
3072 1830 3184 1881 Hoc
3227 1845 3337 1882 mo-

172 1915 362 1985 giones
395 1918 625 1985 aliquot,
655 1933 716 1970 ac
746 1920 994 1986 prtealtos
1024 1930 1257 1982 montes,
1286 1921 1534 1990 latosque
1559 1935 1704 1973 cam-
1734 1915 1773 1969 B
1803 1919 1871 1971 do
1913 1917 2124 1971 duobus
2154 1919 2300 1972 hisce
2345 1920 2690 1972 munimentis
2749 1921 3058 1982 exstructis,
3102 1927 3156 1970 et
3203 1919 3338 1970 actis

168 2019 272 2074 pos
317 2005 504 2058 umbra
555 2022 653 2060 sua
703 2018 922 2075 tegeret.
965 2008 1043 2062 Ad
1093 2010 1235 2077 ipsas
1264 2023 1439 2064 autem
1493 2011 1702 2064 radices

171 2096 385 2149 arboris
435 2112 692 2163 perennes
736 2113 902 2166 aquas
939 2114 1244 2167 emanasse,
1293 2102 1489 2170 quibus
1540 2103 1702 2156 vineae

173 2187 374 2251 passim
417 2195 470 2237 et
518 2186 654 2237 horti
727 2187 1026 2256 rigarentur
1063 2207 1077 2242 :
1119 2204 1180 2244 ac
1222 2192 1511 2245 secundum
1567 2193 1702 2258 hare,

169 2283 520 2340 experrectus
567 2274 662 2327 fui.
714 2273 1070 2343 Posteaquam
1117 2277 1207 2330 diu
1243 2279 1580 2347 multumque
1624 2295 1706 2334 se-

170 2372 282 2415 met
334 2362 610 2424 Edebales,
648 2365 796 2432 quia
853 2368 964 2419 suis
1002 2367 1081 2420 vir
1127 2380 1343 2424 sanctus
1390 2370 1704 2435 habebatur,

172 2457 239 2506 ob
313 2459 807 2525 interpretationem
858 2462 1061 2515 somnii
1116 2464 1360 2515 torsisset
1415 2463 1702 2527 :tandem,

172 2549 422 2600 oratione
470 2550 533 2601 ad
588 2549 890 2603 Ertuculem
944 2568 1226 2617 conversa,
1295 2553 1559 2607 Nascetur
1612 2553 1705 2605 tibi

174 2634 340 2696 lilius,
381 2635 575 2701 inquit,
607 2641 688 2689 vir
717 2639 936 2706 optime,
971 2641 1057 2693 cui
1101 2656 1292 2695 nomen
1338 2641 1441 2695 erit
1487 2639 1704 2693 Osman.

175 2720 220 2774 Is
262 2725 397 2775 bella
430 2725 659 2792 plurima
700 2739 867 2795 geret,
898 2745 962 2784 ac
989 2735 1187 2799 posteri
1231 2733 1303 2784 tui
1355 2732 1602 2798 deinceps
1627 2747 1711 2782 re-

172 2830 263 2879 ges
340 2825 706 2888 terrarumque
760 2820 1026 2888 principes
1102 2831 1277 2875 erunt.
1334 2823 1445 2875 Mea
1498 2836 1710 2890 quoque

175 2907 281 2960 tilia
319 2917 550 2975 nuptura
595 2917 677 2962 est
727 2909 969 2972 Osmani,
1008 2924 1073 2962 ex
1117 2926 1220 2979 qua
1273 2913 1573 2978 procreabit
1623 2913 1711 2965 ille

174 2999 398 3064 liberos,
453 3000 543 3066 qui
588 3001 784 3068 regiam
815 3000 880 3051 ad
913 2997 1221 3067 dignitatem
1268 3003 1598 3068 pervenient,
1651 3017 1712 3053 ac

174 3089 386 3158 populis
413 3104 530 3142 cum
567 3092 790 3162 imperio
841 3099 1123 3157 praeerunt.
1161 3088 1463 3145 Secundum
1502 3093 1587 3145 illa
1620 3107 1708 3142 na-

175 3191 262 3233 tus
314 3181 416 3258 fuit
463 3184 681 3243 Osman,
735 3183 826 3248 qui
887 3197 1006 3234 cum
1047 3183 1404 3247 adolevisset,
1441 3183 1710 3236 Maliutm-

1807 2009 2088 2078 aggeribus
2133 2024 2195 2062 ac
2227 2009 2411 2073 fossis,
2444 2010 2718 2064 civitatem
2753 2009 3029 2070 obsessam
3067 2022 3172 2061 tam
3222 2018 3337 2062 arte

1808 2099 2138 2160 clauserunt.
2197 2111 2250 2153 ut
2304 2100 2501 2152 nemini
2548 2100 2629 2158 vel
2680 2114 2929 2153 accessus
2981 2100 3046 2151 ad
3098 2115 3215 2152 eam
3258 2099 3340 2151 vel

1807 2193 1981 2246 exitus
2031 2203 2236 2261 pateret
2268 2210 2282 2246 :
2313 2203 2472 2261 atque
2519 2192 2734 2245 interim
2795 2208 2981 2260 agrum
3032 2205 3246 2244 omnem
3280 2192 3357 2245 iu-

1809 2289 2124 2348 potestatetn
2184 2297 2337 2334 suam
2397 2281 2740 2349 redegerunt,
2793 2281 2925 2333 nihil
2971 2291 3028 2334 ut
3078 2279 3336 2340 obsessis,

1811 2381 2000 2438 prteter
2073 2372 2242 2440 ipsam
2312 2374 2516 2433 urbem,
2603 2373 2793 2440 reliqui
2869 2371 3128 2425 facerent.
3209 2370 3341 2423 Dum

1812 2462 1999 2521 istltatc
2040 2465 2195 2514 durat
2239 2463 2469 2523 obsidio,
2516 2479 2634 2516 cum
2660 2474 2806 2532 parte
2831 2465 3100 2518 exercitus
3143 2463 3343 2516 Osman

1813 2553 1978 2606 Gases
2007 2555 2118 2622 ipse
2143 2552 2442 2623 Neapolim,
2477 2570 2590 2621 qua:
2617 2554 2981 2609 Genischeher
3008 2556 3183 2623 lingua
3212 2555 3343 2605 Tur-

1814 2641 1926 2692 cica
1981 2644 2198 2703 dicitur,
2253 2641 2548 2693 tontcvdit.
2610 2641 2736 2708 Ejus
2796 2640 3002 2694 vicinia:
3051 2641 3344 2695 Christiani

1814 2744 2024 2789 omnes.
2075 2731 2274 2782 eoat-tis
2303 2730 2475 2796 copiis
2527 2731 2663 2792 suis,
2717 2745 2836 2784 cum
2882 2730 3116 2784 Osmane
3152 2732 3344 2784 conni-

1815 2830 1943 2888 gunt
1979 2837 1992 2873 :
2041 2823 2131 2872 sed
2169 2820 2365 2873 Osmau
2404 2822 2588 2889 przelio
2642 2822 2910 2890 superior,
2948 2824 3195 2875 universa
3254 2823 3344 2874 illa

1815 2915 2032 2978 regione
2064 2911 2284 2973 potitur.
2317 2910 2386 2962 Ea
2425 2903 2552 2961 vero
2574 2908 2920 2963 Turcicorum
2971 2910 3219 2974 militum,
3252 2915 3345 2979 qui

1817 3002 1880 3052 de
1930 3001 2113 3068 spoliis
2147 3002 2386 3066 opulenti
2426 3009 2730 3063 evaserant,
2762 3001 3065 3068 praesidium
3116 3005 3341 3070 accepit,

1818 3091 2017 3157 absque
2050 3091 2456 3158 provincialium
2489 3094 2705 3144 damno.
2753 3090 2846 3146 His
2880 3093 3040 3147 rebus
3067 3108 3130 3147 ex
3179 3096 3346 3147 animi

1820 3182 2079 3235 sententia
2139 3181 2420 3245 confeCtis,
2484 3182 2787 3236 Urcltanetn
2847 3183 3011 3238 tilium
3065 3186 3130 3237 ad
3182 3200 3348 3254 expu-

174 3272 284 3323 tani
315 3255 451 3324 vatis
485 3270 626 3322 illius
659 3272 818 3323 tiliam
860 3272 1013 3324 duxit
1054 3288 1296 3337 uxorem,
1343 3275 1408 3326 de
1454 3289 1556 3341 qua
1610 3289 1706 3325 na-
1741 3251 1782 3305 (ἶ
1815 3273 2079 3341 gnandam
2118 3274 2345 3324 Prusam
2390 3274 2616 3339 ablegat.
2659 3274 2854 3326 ltorum
2887 3276 3111 3329 militum
3165 3291 3345 3330 acces-

173 3370 261 3414 tus
323 3371 407 3416 est
459 3362 506 3414 ei
544 3362 681 3416 filius
724 3353 960 3414 Urchan.
997 3362 1239 3430 Cumque
1277 3363 1566 3431 provinciis
1615 3367 1708 3413 ali-

173 3460 308 3519 quot
365 3453 662 3518 occupatis,
709 3451 1066 3518 principatum
1119 3451 1219 3504 sibi
1274 3455 1646 3504 constituisset
1692 3469 1704 3504 :

175 3549 378 3607 partem
412 3539 669 3594 ditiouum
699 3542 838 3596 inter
864 3544 1028 3595 duces
1078 3541 1352 3604 militares,
1404 3545 1493 3611 qui
1543 3558 1604 3595 ea
1656 3545 1709 3595 in

176 3634 294 3686 loca
339 3645 464 3684 cum
496 3625 750 3686 Ertucule
782 3642 933 3700 patre
977 3642 1253 3697 venerant,
1287 3633 1573 3686 liberaliter
1603 3635 1711 3688 dis-

176 3717 368 3776 tribuit
405 3739 419 3773 :
456 3737 487 3775 a
522 3719 720 3789 quibus
766 3720 866 3775 illa:
909 3718 1152 3793 regiones
1181 3723 1445 3792 hodieque
1496 3727 1710 3778 nomina

175 3826 272 3866 sua
310 3811 513 3866 sortita:
550 3821 696 3868 Sunt.
722 3813 904 3867 Itidem
951 3807 1182 3868 Urchani
1225 3815 1597 3880 ditiunculam,
1624 3818 1710 3868 cui

177 3917 371 3955 nomen
401 3902 594 3955 Chisar
632 3900 884 3974 Sangagi,
913 3915 966 3958 et
1009 3920 1304 3974 cognomen
1333 3900 1547 3973 lnunge,
1585 3921 1712 3959 cou-

176 3995 364 4048 ccssit.
405 3992 606 4048 Deinde
646 4005 803 4046 natus
829 4005 913 4048 est
957 3979 1173 4048 OSmani
1215 3986 1354 4048 filius
1399 3996 1551 4057 alter,
1599 3996 1711 4048 Alis

179 4089 338 4142 bassa
381 4106 394 4140 :
429 4102 586 4154 quem
617 4079 878 4156 perpetuo
903 4104 1085 4140 secum
1125 4103 1244 4141 esse
1297 4087 1484 4143 voluit.
1534 4082 1712 4142 Rebus

180 4187 282 4232 hoc
326 4181 486 4231 modo
515 4178 868 4242 constitutrs,‘
881 4186 1026 4243 pater
1050 4187 1101 4229 et
1132 4176 1274 4230 titius
1303 4171 1540 4238 U‘rchan,
1584 4192 1714 4229 cou-

171 4267 379 4338 juncus
411 4269 597 4336 copiis,
636 4257 784 4321 arma
820 4265 871 4321 in
904 4265 1243 4331 Christianos
1267 4268 1575 4337 expediunt,
1601 4281 1714 4320 omo

178 4364 262 4412 nia
306 4362 408 4412 late
454 4361 799 4428 populantur,
839 4374 996 4427 agros
1044 4374 1228 4413 eorum
1265 4371 1552 4428 occupant,
1601 4374 1715 4413 ma-

177 4466 340 4518 gnam
373 4452 649 4503 hominum
684 4449 1076 4504 multitudinem
1111 4451 1387 4519 utriusque
1417 4465 1579 4503 sexus
1621 4464 1709 4502 ca-

1811 3366 1962 3417 sione
1992 3363 2234 3415 adauctis
2281 3361 2579 3416 Turcorum
2616 3367 2831 3426 castris,
2882 3368 3092 3435 gravior
3125 3369 3350 3424 inclusis

1810 3468 1925 3504 esse
1970 3453 2129 3519 coepit
2185 3452 2410 3504 obsidio.
2447 3450 2806 3515 Quamobrem
2861 3455 3065 3511 viribus
3099 3457 3350 3513 obsessov

1810 3558 1928 3595 rum
1981 3543 2276 3605 exhaustis,
2310 3557 2430 3594 cum
2477 3545 2654 3598 omnis
2699 3545 2810 3613 jam
2876 3560 3205 3604 commeatus
3257 3553 3350 3606 de-

1813 3633 2050 3696 fecisset,
2102 3651 2163 3687 ac
2222 3634 2574 3688 nihilominus
2633 3636 2734 3704 ipsi
2790 3647 2898 3692 tam
2957 3653 3140 3708 noctu,
3189 3660 3348 3713 quam

1814 3727 2064 3790 interdiu,
2123 3729 2173 3779 in
2224 3726 2389 3779 armis
2443 3740 2583 3792 esse,
2645 3730 3046 3798 prOpugnandte
3115 3733 3348 3788 civitatis

1813 3830 1992 3883 causa,
2024 3824 2341 3882 cogerentur
2371 3831 2385 3867 :
2431 3815 2640 3868 tandem
2672 3815 2785 3882 ipse
2835 3818 3084 3885 Teggiur,
3117 3819 3209 3874 cui
3251 3838 3348 3874 no-

1815 3918 1931 3954 tnen
1977 3901 2300 3969 Jussuphes,
2352 3903 2522 3971 pactis
2551 3904 3059 3966 intervenientibus,
3115 3905 3344 3960 Urchani

1811 3987 1994 4042 Prusa:
2039 3991 2365 4065 deditionem
2423 3990 2569 4045 fecit.
2605 3991 2658 4045 Is
2711 3994 2844 4046 adeo
2899 3993 3141 4063 religiose
3183 4000 3354 4064 pactis

1812 4083 2088 4135 conventis
2119 4081 2284 4142 stetit,
2340 4092 2396 4134 ut
2427 4083 2570 4136 hosti
2605 4083 2806 4154 absque
2833 4084 2940 4139 ullo
2972 4086 3350 4155 impedimento

1813 4182 1864 4226 et
1908 4171 2126 4240 injuria,
2161 4187 2282 4249 cum
2340 4188 2526 4237 uxore,
2562 4174 2770 4240 liberis,
2829 4175 3174 4233 facultatibus
3233 4186 3351 4234 uni-

1814 4264 2006 4324 versis,
2037 4260 2265 4316 abeundi
2318 4273 2636 4330 potestatem
2693 4265 2942 4334 faceret,
2972 4283 3039 4323 ne
3089 4285 3356 4341 manguro

1812 4355 2024 4424 quidem
2062 4352 2234 4405 ablato
2275 4369 2287 4405 :
2319 4355 2610 4423 statimque
2643 4365 2870 4424 patrem,
2906 4359 3195 4416 Osmanetn
3245 4363 3350 4417 Ga-

1814 4462 1949 4510 setn,
1989 4445 2054 4496 de
2109 4443 2355 4498 Prusain
2407 4447 2734 4500 deditionem
2790 4459 3024 4518 accepta,
3074 4455 3350 4507 certiorem

178 4543 382 4608 ptivaut
443 4534 735 4594 abducunt.
794 4535 856 4592 Vi
915 4530 1074 4593 etiam
1133 4539 1388 4605 adhibita,
1443 4543 1707 4595 civitatem
1743 4537 2063 4620 Dreddidit.
2120 4536 2388 4606 Occupata
2444 4537 2544 4591 fuit
2595 4543 2662 4615 ab
2715 4538 2964 4602 Urchane
3017 4543 3141 4597 Gasi
3186 4544 3357 4599 Prusa

178 4631 432 4696 lsnicant,
487 4644 610 4686 cum
667 4630 1117 4698 vicinisoppidis
1163 4640 1215 4683 et
1269 4633 1498 4692 arcibus,
1536 4635 1583 4682 in
1613 4647 1711 4700 po-

181 4732 429 4776 testatem
481 4722 760 4791 redigunt,
798 4722 1075 4790 diripiunt.
1127 4723 1226 4786 Qui
1291 4732 1399 4773 tum
1466 4721 1715 4789 temporis

179 4814 414 4881 Teggiur
445 4814 584 4865 'sive
637 4800 984 4880 magistratus
1031 4821 1148 4864 erat
1195 4811 1400 4874 Prusai,
1453 4812 1715 4879 adjunctis

180 4903 281 4953 sibi
329 4900 697 4969 compluribus
725 4903 952 4956 aliorum
983 4899 1218 4963 auxiliis,
1246 4909 1299 4954 et
1322 4909 1514 4978 coacto
1546 4902 1715 4954 milite

173 4997 299 5057 suo,
335 4995 399 5046 de
445 4994 792 5063 proﬂigandis
826 4987 1015 5046 Turcis
1047 4993 1290 5059 cOgitare
1317 4991 1499 5059 cmpit.
1551 4991 1716 5058 Igitur

181 5089 283 5142 hoc
317 5089 521 5155 magnis
546 5102 667 5141 cum
712 5087 882 5157 copiis
921 5091 970 5141 in
1027 5087 1232 5141 Turcos
1278 5086 1528 5149 ducente,
1559 5085 1714 5136 mini-

115 5240 125 5252 _
186 5193 272 5232 me
301 5185 677 5232 consternatus
696 5177 918 5245 Osinau,
952 5177 1132 5234 animo
1167 5177 1362 5232 invicto
1391 5172 1714 5231 Christianis

180 5268 396 5320 obviam
455 5265 658 5335 prodit.
703 5269 1024 5323 Ad‘ntanus
1083 5267 1168 5320 ubi
1229 5275 1443 5322 ventum
1500 5265 1712 5326 fuisset,

181 5369 401 5423 strenue
433 5355 745 5409 dimicatum
795 5361 1084 5427 utrimque.
1133 5359 1265 5412 Caesi
1299 5356 1497 5408 fratres
1525 5356 1716 5408 Osnta-

183 5447 266 5500 nis
299 5459 368 5498 eo
407 5446 608 5512 pretio,
640 5443 1013 5519 Gundusclpes
1047 5463 1100 5502 et
1131 5448 1403 5517 AidOgdis.
1433 5463 1495 5497 ac
1520 5463 1715 5499 secun-

181 5531 489 5589 dumviam
534 5536 804 5602 publicam
843 5541 908 5598 ad
964 5541 1095 5593 tlnes
1153 5537 1437 5591 Dobmuris
1494 5534 1711 5605 sepulti.

182 5629 404 5690 Dsman,
464 5625 722 5681 fratribus
774 5627 898 5680 licet
953 5629 1188 5690 amissis,
1259 5629 1472 5679 tandem
1539 5637 1712 5678 tamen

185 5717 404 5772 victoria
435 5716 636 5784 potitus
675 5727 776 5771 est.
821 5719 1070 5788 't‘eggiur,
1120 5717 1451 5770 Edrenosius
1489 5726 1543 5769 et
1585 5714 1721 5767 Pru-'

184 5824 343 5874 satus,
387 5808 512 5860 inita
541 5805 691 5875 fuga,
736 5808 958 5863 Prusatn
1011 5809 1188 5870 delati,
1224 5807 1474 5860 semetin
1530 5807 1713 5859 urbem

1815 4628 2174 4683 Mahumetaui
2235 4630 2425 4682 calculi
2478 4645 2619 4684 anno
2653 4626 2776 4709 _726
2833 4633 2984 4699 (Chr.
3025 4634 3199 4698 i327).
3254 4636 3347 4690 Os-

1817 4737 1938 4773 man
1997 4721 2106 4788 ipse
2167 4731 2277 4773 tum
2339 4721 2591 4789 temporis
2650 4723 2953 4789 quiescens.
3013 4728 3350 4792 occupationi

1815 4805 1998 4865 Prusze
2040 4827 2145 4864 non
2183 4813 2420 4866 interfuit
2460 4813 2693 4881 :partim
2746 4823 2952 4865 tumore
2997 4815 3352 4887 cruciatuque

1817 4900 2008 4966 pedum
2042 4903 2347 4970 impeditus,
2377 4904 2568 4972 partim
2605 4907 2744 4973 quod
2777 4918 2836 4957 se
2859 4907 3146 4970 superstite
3178 4908 3348 4960 illium.

1817 4985 2116 5046 Urchanem
2148 4991 2349 5064 aliquid
2387 4994 2595 5048 fortiter
2623 5010 2782 5063 agere
2813 5005 3048 5060 cuperet,
3081 4997 3146 5049 ad
3199 5000 3347 5051 exci-

1818 5082 2004 5135 tandos
2060 5085 2112 5135 in
2161 5100 2226 5137 eo
2290 5084 2532 5155 generosi
2590 5087 2756 5140 animi
2809 5086 3034 5154 spiritus
3111 5087 3344 5144 Tandem

1815 5172 2022 5226 exactis
2063 5175 2114 5226 in
2152 5176 2376 5242 imperio
2407 5179 2592 5245 viginti
2628 5187 2750 5230 octo
2793 5178 2969 5241 annis,
2996 5167 3196 5234 Osm'an
3245 5179 3356 5235 Ga-

1816 5279 1902 5316 ses
1956 5268 2114 5317 vitam
2164 5281 2286 5318 cum
2324 5279 2494 5322 morte
2526 5269 2898 5322 commutavit.
2943 5263 3073 5339 Ejus
3109 5272 3226 5325 loco
3263 5269 3352 5326 re-

1819 5365 1934 5404 rutn
1998 5353 2522 5410 administrationem
2602 5371 2924 5414 consecutus
2992 5368 3074 5416 est
3136 5361 3357 5418 Urcltan

1817 5443 1978 5505 illius,
2029 5457 2175 5496 anno
2230 5444 2604 5504 Mahumetano
2641 5449 2740 5503 727
2798 5451 2948 5521 (Chr.
3004 5451 3182 5523 1528).
3215 5454 3357 5508 Ante

1818 5541 2040 5584 mortem
2092 5538 2367 5606 praecepit,
2405 5547 2464 5591 ut
2520 5537 2704 5594 Prusae
2749 5539 2803 5593 in
2860 5555 3109 5610 argentea
3160 5544 3353 5598 tumba

1817 5635 2201 5695 concamerata
2226 5627 2544 5686 cenderetur
2576 5630 2736 5688 :"vscd
2771 5634 2927 5702 vulgo
2964 5632 3029 5685 ad
3087 5634 3357 5704 Sugutzu-

1818 5729 1956 5774 cam,
1985 5717 2074 5782 qui
2131 5719 2282 5777 locus
2314 5736 2342 5777 a
2396 5722 2555 5777 salice
2611 5736 2805 5797 nomen
2866 5723 3043 5791 habet,
3079 5727 3357 5780 conditus

1820 5810 2178 5867 existimatur.
2446 5817 2450 5820 ’
2529 5818 2538 5823 ’
3087 5820 3089 5823 ’
