3970 6348
640 433 745 496 553

1822 438 2204 545 'ANNALES
2242 435 2570 495 TURCiCl.

3720 434 3805 496 585

711 555 848 608 Cum
883 554 1117 622 primum
1181 553 1460 610 Urchanes
1512 557 1802 627 imperium
1872 559 2184 624 auspicatus
2212 569 2259 623 Α
2288 556 2599 622 parricidiis.
2648 558 2839 608 fratres
2891 571 2920 606 e
2965 558 3144 608 melio
3178 551 3519 607 sustulerunt
3555 562 3678 607 ante
3724 552 3808 604 Ba-

643 644 855 706 t'uisset,
932 643 1100 698 duces
1140 646 1448 706 ’vcteraui,
1510 655 1782 714 quotquot.
1849 660 1914 696 ex
1968 643 2183 696 Parthia

645 751 768 791 eum
819 736 989 804 ipsius
1049 752 1150 790 avo
1203 737 1254 790 in
1291 753 1385 790 eas
1411 746 1583 792 terras
1612 746 1890 798 venerant,
1927 737 2183 814 nimirum

645 828 996 897 Cugurclpes,
1041 827 1320 882 Raclnnan
1381 826 1548 882 Gases
1603 837 1657 882 et
1711 830 2003 890 Aecccoza,
2057 825 2189 880 Ger-

647 902 853 972 lensem
903 933 1095 988 agrum
1131 935 1250 972 cum
1307 919 1519 974 Bolensi
1576 929 1893 988 occupatum
1930 919 2013 972 sui
2046 919 2188 986 juris

651 1012 916 1076 iecerunt.
962 1007 1066 1062 Sed
1099 1010 1165 1063 iis
1194 1025 1297 1092 nth
1369 1011 1535 1064 multo
1577 1025 1698 1079 post
1743 1011 2042 1070 exstinctis.
2098 1010 2192 1064 Ur-

646 1104 787 1156 chan
871 1102 1102 1156 ditiones
1155 1103 1275 1156 illas
1353 1103 1464 1156 filio
1517 1117 1618 1156 suo
1672 1099 1964 1157 Soleintani
2017 1103 2189 1156 iussa

648 1193 1016 1261 possidendas,
1052 1195 1273 1248 noiuiue
1333 1192 1709 1264 Sangiacatus,
1757 1194 1902 1247 dedit
1933 1213 1946 1247 :
1984 1193 2189 1246 itidem-

647 1301 754 1354 que
803 1286 1076 1352 regionem
1109 1285 1331 1339 alterum
1369 1300 1472 1337 non
1503 1300 1770 1350 magnam,
1820 1300 1982 1354 quam
2023 1285 2191 1337 luun-

650 1394 750 1448 ιιοιι
804 1387 1016 1442 vocant,
1087 1378 1236 1432 alteri
1314 1378 1422 1430 filio
1479 1377 1770 1442 concessit,
1829 1379 1919 1431 cui
1998 1392 2190 1429 nomen

655 1473 888 1526 llnratcs
932 1472 1080 1526 Chan
1129 1473 1316 1526 Gases.
1368 1470 1523 1526 llunc
1566 1470 1710 1524 enim
1765 1473 2029 1523 minorem
2059 1481 2188 1521 natu

655 1566 821 1618 tilium
875 1567 1126 1619 habebat.
1181 1563 1308 1619 Inde
1367 1572 1749 1631 recuperatam
1787 1547 2190 1631 lsnicampraec

653 1657 1069 1726 sidtointpOsilo
1118 1657 1368 1718 munivit,
1417 1666 1471 1708 et
1518 1651 1786 1723 ecclesias
1852 1655 2191 1709 Christiano-

652 1762 771 1802 runt
821 1750 876 1802 in
930 1765 992 1801 ea
1027 1748 1339 1810 demolitus,
1392 1747 1600 1815 aliquot
1637 1763 1703 1801 ex
1760 1747 1865 1799 illis
1895 1747 1949 1798 ιιι
2001 1749 2192 1800 messi.

653 1840 900 1892 tas‘sive
954 1837 1146 1906 templa
1192 1837 1576 1891 Malmmetana
1637 1839 1924 1900 convertit,
1997 1837 2192 1906 adjun-A

2284 644 2465 712 jazitis
2515 645 2718 700 Chattis
2775 646 3082 714 imperium.
3135 660 3292 713 quem
3353 641 3696 697 Gilderunem
3731 658 3807 711 ap-

2289 740 2629 808 pellaretunt
2675 755 2689 790 :
2731 738 2886 791 sicuti
2950 737 3204 805 deinceps
3259 737 3550 789 iudicaturi
3631 740 3808 790 suolo—

2287 846 2352 882 co
2408 828 2570 898 314.
2597 844 2808 883 sumus.
2873 825 3265 880 ldem-Urchan
3306 824 3473 880 Gases
3539 826 3590 880 id
3620 837 3807 893 tempo-

2295 923 2368 975 ris
2423 924 2474 974 itt
2525 920 2839 989 regionibus
2885 919 3110 987 imperio
3182 934 3282 973 suo
3351 918 3579 970 subditis
3643 917 3811 969 domos

2293 1014 2563 1068 immunes
2612 1026 2774 1081 atque
2822 1010 3017 1079 praedia
3059 1009 3294 1063 describi
3337 1008 3522 1077 jussit.
3562 1007 3641 1075 uti
3689 1008 3812 1060 vide-

2293 1106 2414 1158 licet
2474 1121 2613 1158 unus
2672 1088 2767 1158 ex.
2805 1105 3045 1173 quolibet
3105 1104 3303 1170 praedio
3362 1103 3684 1163 mitteretur,
3735 1102 3812 1169 qui

2290 1215 2385 1270 per
2437 1201 2597 1253 unius
2650 1199 2775 1252 anni
2814 1199 3045 1266 spatium
3101 1198 3153 1250 in
3186 1197 3330 1264 regia
3396 1199 3620 1263 quosvis
3655 1197 3815 1262 injun-

2290 1300 2408 1345 ctos
2449 1291 2551 1346 sibi
2593 1291 2807 1344 labores
2832 1291 3156 1359 susciperet.
3208 1287 3307 1342 Eos
3354 1287 3611 1354 appellari
3638 1289 3816 1354 placuit

2290 1383 2460 1447 Jaias,
2516 1384 2616 1436 hoc
2651 1394 2754 1444 est,
2792 1381 3021 1450 pedites.
3077 1379 3342 1454 Quodque
3395 1378 3527 1430 tales
3551 1381 3727 1430 adhuc
3769 1378 3815 1428 iu

2293 1477 2437 1542 regia
2478 1479 2838 1543 reperiantur,
2903 1473 2993 1541 qui
3045 1473 3259 1524 labores
3309 1471 3576 1535 ejusmodi
3605 1473 3812 1528 obeunt.

2292 1583 2356 1620 ex
2414 1567 2680 1621 Ureliattis
2717 1565 2875 1620 Gasis
2925 1564 3172 1618 instituto
3219 1545 3486 1631 coeptum,
3546 1564 3722 1614 adhuc
3773 1562 3816 1612 in

2295 1671 2395 1708 usu
2431 1666 2535 1707 est.
2587 1653 2850 1707 Cancrum
2908 1663 3101 1705 nactus
3136 1648 3352 1706 Urchan
3400 1651 3570 1706 (isses
3597 1661 3818 1718 quietam

2299 1747 2446 1798 urhis
2489 1745 2676 1798 lsnicze
2727 1741 3153 1813 possessionem,
3209 1743 3502 1796 imaretum
3537 1741 3682 1794 inea
3709 1757 3821 1792 cou-

2296 1839 2454 1902 didit,
2531 1837 2631 1890 hoc
2703 1845 2789 1889 est
2837 1835 3098 1902 templum
3190 1833 3652 1910 Mahutnetanum,
3713 1849 3820 1884 cum

651 1934 755 1988 etis
797 1935 999 1988 scholis
1029 1941 1081 1986 ct
1149 1934 1473 1988 actionibus.
1546 1942 1805 2001 bupcrest
1836 1933 2011 1987 adhuc
2037 1933 2194 1986 hodie
2227 1927 2265 1981 Β
2294 1930 2479 1983 schola
2546 1939 2600 1981 et
2650 1944 2858 1980 xenoni:
2893 1941 3038 1995 ;quo
3091 1927 3306 1996 quidem
3365 1924 3418 1980 in
3475 1943 3685 1980 xenone
3729 1926 3822 1980 cilii

655 2024 924 2078 medressa
969 2024 1213 2093 quaedattt
1270 2023 1461 2076 lsnicte
1492 2025 1595 2090 (sic
1624 2024 1864 2076 scltolam
1918 2038 2039 2076 cum
2101 2037 2195 2074 xc-

655 2130 798 2170 none
831 2116 1171 2184 conjunctant
1231 2115 1445 2182 vocant)
1473 2117 1540 2167 ah
1592 2115 1709 2182 ipso
1771 2114 2008 2166 condita.
2073 2113 2198 2164 Erat

656 2209 795 2260 inter
853 2208 988 2260 alios
1050 2206 1268 2274 quidam
1326 2205 1463 2259 Cara
1512 2204 1750 2270 llesites,
1834 2206 2053 2259 habitus
2099 2219 2196 2272 pro

539 2301 546 2308 '
655 2300 772 2352 viro
817 2307 1026 2361 sancto,
1056 2296 1059 2300 ⁷
1088 2297 1246 2365 cujus
1292 2313 1436 2350 cura:
1489 2297 1781 2351 commissa
1842 2298 1945 2350 fuit
2019 2296 2196 2350 omnis

655 2404 721 2443 ea
768 2391 1065 2455 prmincia,
1113 2388 1460 2442 militibusin
1507 2403 1670 2456 pagos
1723 2390 1929 2442 circum
1962 2387 2194 2440 lsnicam

657 2483 965 2535 distributis
1001 2499 1015 2533 :
1053 2491 1111 2533 ut
1141 2482 1282 2533 illam
1341 2481 1596 2534 viciniam
1645 2483 1906 2532 adversus
1935 2481 2200 2531 Constano

660 2576 1040 2642 tinopolitanas
1077 2577 1260 2641 copias
1299 2585 1355 2625 et
1410 2587 1595 2625 earuut
1661 2570 2031 2640 grassationes
2087 2581 2202 2622 tue-

661 2680 864 2722 rentur.
925 2669 1179 2740 Agltasste
1223 2666 1490 2735 regionem
1524 2665 1814 2719 Candt'iam
1877 2663 2196 2732 assignavit,

658 2762 816 2829 cujus
868 2763 1029 2814 etiam
1091 2776 1234 2815 nunc
1288 2767 1566 2826 superstes
1617 2767 1702 2812 est
1768 2755 1998 2809 familia.
2049 2756 2194 2809 Cum

662 2859 760 2906 hnc
815 2860 973 2904 modo
1015 2853 1340 2919 provincias,
1391 2865 1527 2917 quas
1559 2853 1649 2902 tab
1710 2864 1766 2903 se
1818 2849 1962 2901 bello
2013 2856 2202 2915 captas

661 2948 856 2998 Usutan
913 2941 1145 2996 Urchani
1224 2941 1334 2994 lilio
1384 2943 1694 3009 reliquerat,
1750 2939 1888 2991 inter
1930 2952 2060 2991 suos
2105 2937 2204 2990 Ur-

661 3038 796 3086 ιτιι-ιιι
847 3037 1076 3101 partitus
1113 3043 1283 3092 esset,
1336 3031 1578 3083 ennium
1633 3043 1898 3083 consensu
1930 3041 2106 3079 rerum
2156 3027 2200 3077 ei

664 3139 895 3186 summa,
947 3138 1045 3176 ceu
1104 3124 1341 3189 legitimo
1377 3121 1616 3182 sultano,
1677 3119 1854 3172 delata
1901 3117 2026 3169 fuit.
2079 3113 2205 3179 Qui--

668 3215 766 3264 bus
815 3211 1066 3278 peractis,
1133 3211 1270 3261 Alim
1326 3210 1564 3271 bttssam,
1618 3206 1840 3260 fratrem
1898 3222 2080 3265 suum,
2138 3209 2201 3257 ad

666 3319 726 3357 se
773 3304 860 3376 ‘nti
918 3306 1122 3354 veniret
1147 3300 1393 3359 arcessit,
1445 3297 1660 3367 quii'ad
1721 3313 1846 3350 eum
1904 3299 2200 3363 profectus,

668 3391 823 3443 Nulla
883 3391 1014 3442 ntihi
1073 3391 1281 3442 ditione
1345 3403 1484 3455 opus
1540 3397 1646 3450 est,
1716 3385 1789 3439 nti
1848 3383 2038 3448 frater,
2102 3387 2199 3436 ait.

669 3483 968 3551 Statimque
1013 3483 1156 3535 facta
1188 3479 1454 3541 cessione,
1509 3493 1672 3546 quant
1707 3494 1734 3528 a
1767 3489 1916 3546 patre
1951 3478 2208 3531 ditionem

669 3587 972 3642 acceperat,
1060 3573 1298 3626 Urehaui
1358 3568 1482 3623 Gasi
1542 3569 1698 3622 fratri
1752 3579 1947 3637 sponte
1995 3568 2214 3621 tradidit

668 3677 723 3721 ct
784 3664 1201 3722 commendavit.
1259 3661 1550 3716 Certabant
1614 3662 1667 3715 id
1715 3663 1976 3728 temporis
2023 3660 2214 3712 fratres

672 3771 812 3814 inter
869 3774 925 3811 se
973 3757 1179 3810 mutuis
1237 3756 1448 3818 olliciis,
1489 3763 1545 3807 et.
1596 3757 1854 3806 honorem
1888 3754 2023 3805 alter
2058 3751 2214 3804 alteri

671 3854 972 3908 deferebat.
1027 3850 1140 3904 Alis
1195 3852 1308 3916 ipse
1336 3845 1497 3901 bassa
1541 3846 1770 3915 quodam
1798 3856 2036 3907 tempore
2070 3858 2217 3896 cout-

673 3949 870 4016 pellato
919 3948 1086 3999 fratre
1147 3942 1397 3997 Urchane
1430 3960 1444 3995 :
1481 3940 1550 4007 Mi
1589 3939 1779 4004 frater,
1837 3937 2214 4006 iuquit,eaer-

652 4020 814 4092 citus
845 4050 921 4092 tut
972 4050 1299 4103 magnopere
1350 4035 1459 4103 jam
1516 4034 1660 4086 aucti
1725 4043 1874 4093 sunt,
1921 4040 1974 4085 ct
2027 4027 2218 4090 ﬂabu-

679 4140 887 4180 inetaua
927 4128 1117 4196 rellgio
1191 4140 1300 4179 non
1337 4139 1527 4194 parum
1584 4123 1903 4178 incrementi
1962 4123 2214 4187 sumpsit.

679 4221 930 4286 Excogita
961 4222 1218 4270 rationem
1241 4219 1472 4286 aliquam
1495 4217 1854 4285 obsecro,qua
1881 4214 1992 4266 fieri
2019 4216 2214 4281 possit,

681 4318 741 4360 ut
788 4310 862 4360 tui
935 4311 1131 4361 milites
1182 4313 1250 4362 ab
1295 4309 1569 4362 extraneis
1613 4316 1667 4360 et
1726 4307 2029 4375 peregrinis
2105 4306 2218 4357 dis-

679 4410 990 4455 cernantur.
1034 4403 1110 4452 Ad
1143 4417 1202 4451 ea
1226 4401 1561 4468 respondens
1597 4397 1808 4452 Ut'cltan
1837 4397 2026 4459 Gases,
2076 4393 2216 4458 Fiat,

681 4495 822 4564 quod
861 4496 1078 4555 suades,
1135 4501 1232 4543 att.
1255 4491 1510 4558 Equidem
1551 4493 1647 4544 tibi
1702 4493 2038 4558 obtempero.
2073 4488 2211 4543 Tum

2296 2031 2626 2088 coquuntur,
2688 2029 2742 2073 et
2770 2023 2820 2071 ιιι
2865 2033 3065 2086 egenos
3097 2020 3546 2094 distribuuntur,
3615 2033 3823 2087 praeset-

2297 2116 2390 2165 tim
2425 2114 2477 2166 itt
2511 2129 2628 2176 eos,
2680 2115 2772 2181 qui
2832 2115 3023 2168 litteris
3072 2129 3291 2184 operam
3338 2117 3486 2177 dant,
3538 2127 3591 2168 et
3624 2114 3714 2180 qui
3746 2107 3825 2182 pe-

2298 2205 2657 2273 regrinantur.
2700 2197 2883 2274 Atque
2915 2206 3014 2261 hoc
3051 2208 3102 2260 in
3154 2208 3381 2260 itnareto
3438 2209 3553 2260 sive
3635 2222 3825 2260 xenoni:

2297 2297 2447 2350 cibos
2515 2297 2727 2350 Urchan
2789 2302 2916 2366 ipse'
2950 2299 3291 2352 distribuisse
3324 2299 3577 2355 traditur.
3629 2297 3826 2352 Secun-

2298 2389 2425 2442 dum
2485 2391 2596 2443 haec
2627 2388 2987 2444 Soleimanem
3037 2393 3252 2444 bassam
3284 2391 3450 2445 tilium
3496 2390 3682 2445 ionica
3705 2407 3825 2461 pra:-

2301 2482 2447 2543 fei-it,
2498 2482 2590 2550 qui
2641 2483 2832 2536 vicinis
2877 2483 3150 2551 Oppidulis
3196 2481 3589 2536 Genischelteri
3632 2466 3823 2536 Coinu-

2303 2588 2485 2642 eaeque
2537 2575 2716 2642 gravis
2775 2573 2894 2630 esse
2941 2591 3049 2628 tton
3098 2576 3400 2640 desinebat.
3473 2574 3661 2629 Prusae
3715 2591 3826 2628 vero

2302 2664 2668 2730 sangiacatum
2711 2674 3038 2727 consecutus
3082 2673 3164 2718 est
3213 2664 3282 2717 ab
3314 2678 3379 2717 eo
3428 2663 3827 2738 Μυηιεεμιηο

2302 2755 2491 2821 Gases,
2546 2755 2689 2810 filius
2725 2768 2858 2809 natu
2909 2757 3109 2810 mittor.
3161 2754 3341 2810 Nihilo
3403 2761 3583 2811 minus
3629 2757 3828 2812 Urchaa

2305 2849 2418 2911 ipse
2479 2843 2622 2898 velut
2685 2845 2961 2914 inspector
3020 2847 3234 2914 imperii
3269 2837 3436 2900 (otius
3499 2848 3716 2900 mansit.
3744 2850 3830 2898 So-

2306 2938 2565 2992 leituanes
2619 2933 3120 3006 bassa,pr:efectus
3180 2937 3390 3001 lsniete,
3440 2936 3830 2992 Genischehere

2303 3030 2654 3100 (inimicaque
2699 3033 2902 3100 potitus
2952 3016 3056 3086 est.
3124 3033 3324 3086 Eorum
3362 3033 3605 3084 locorum
3653 3021 3834 3084 incolis

2306 3122 2624 3184 Christiani,
2678 3105 2964 3191 perspecto
2991 3121 3161 3191 ipsius
3213 3123 3430 3190 ingenio
3471 3122 3584 3174 miti
3642 3133 3696 3175 et
3748 3125 3837 3174 hu-

2310 3229 2488 3276 mano,
2546 3214 2782 3268 universi
2830 3213 2956 3267 facti
2987 3221 3116 3268 sunt
3152 3213 3474 3266 Musulmani
3509 3230 3524 3267 :
3565 3219 3838 3283 omniaque

2313 3304 2508 3374 Oppida
2561 3307 2662 3359 sita
2696 3305 2749 3356 in
2787 3305 2854 3358 iis
2885 3305 3083 3357 finibus
3121 3303 3239 3371 ejus
3272 3318 3332 3357 se
3357 3307 3606 3372 potesmti
3663 3315 3840 3374 sponte

2312 3400 2693 3468 permiserunt.
2748 3393 2843 3450 His
2895 3396 3056 3450 rebus
3085 3395 3292 3450 intento
3336 3395 3840 3458 Soleimauebassa,

2313 3489 2456 3557 patri
2509 3486 2629 3556 ejus
2683 3484 2917 3546 Urchani
2944 3485 3250 3555 complures
3308 3486 3578 3550 civitates,
3635 3487 3839 3546 Gai-asc,

2312 3581 2460 3645 Bale,
2518 3580 2710 3644 Cosre,
2769 3577 3054 3646 Bargama,
3099 3578 3456 3640 Edremitum.
3484 3593 3603 3633 sese
3641 3579 3842 3633 dedide-

2316 3683 2462 3725 ruttt.
2519 3671 2646 3726 lude
2693 3687 2818 3727 cum
2869 3673 3044 3741 copiis
3098 3670 3623 3726 Ulubadamxersus
3670 3671 3839 3724 movit.

2316 3764 2448 3816 Nam
2472 3763 2596 3833 ejus
2645 3764 2830 3833 oppidi
2871 3765 3130 3834 Teggiur,
3178 3765 3272 3833 qui
3305 3764 3676 3831 superioribus
3701 3766 3842 3820 anuis

2318 3869 2444 3908 eum
2491 3853 2687 3910 Turcis
2745 3864 3105 3923 transegerat,
3161 3855 3269 3920 iam
3343 3857 3541 3911 violata
3600 3856 3722 3921 ﬁde,
3785 3857 3840 3908 ab

2317 3959 2504 4000 eorum
2549 3946 2788 4001 amicitia
2847 3947 3192 4003 discesserat.
3252 3948 3388 4004 Cum
3419 3961 3600 4004 autem
3623 3966 3678 4004 se
3701 3949 3838 4020 petia

2318 4037 2514 4094 Turcis
2591 4039 3068 4108 animadverteret,
3120 4058 3312 4096 manus
3345 4043 3460 4111 ipse
3525 4043 3628 4096 sibi
3658 4042 3836 4095 attulit.

2320 4130 2453 4184 Dum
2489 4132 2603 4187 haec
2658 4131 2781 4186 istic
2820 4143 3163 4202 gererentur,
3214 4132 3553 4188 Soleimanes
3607 4134 3754 4188 bassa
3794 4134 3838 4184 in

2317 4221 2578 4278 Greciam
2642 4225 2958 4293 transjicere
3011 4225 3200 4279 statuit
3239 4238 3393 4292 :qua
3441 4225 3658 4292 quidem
3705 4240 3839 4279 occa~

2321 4315 2476 4367 sione
2520 4314 2800 4382 Callipolis
2846 4329 2876 4367 a
2933 4313 3125 4367 Turcis
3158 4323 3318 4381 capta
3367 4311 3486 4366 fuit.
3549 4312 3678 4368 Nam
3725 4324 3843 4368 torte

2324 4402 2660 4458 Soleintaues
2693 4407 2744 4458 in
2794 4406 3037 4473 regione,
3073 4419 3236 4475 quam
3287 4419 3392 4459 non
3424 4407 3494 4458 ita
3544 4410 3742 4474 pridem
3769 4412 3839 4458 sui

2319 4496 2458 4562 juris
2509 4496 2731 4558 fecerat,
2784 4498 2910 4552 hinc
2963 4496 3086 4551 inde
3135 4498 3506 4567 obequitabat.
3569 4501 3846 4571 Supersunt

665 4585 794 4640 'Alis
845 4588 1001 4638 bassa
1039 4581 1315 4649 :P.'a:eipo
1379 4581 1451 4634 ιιιὶ
1481 4580 1667 4644 frater,
1707 4583 1941 4648 subjicit,
1979 4591 2036 4633 ut
2094 4582 2207 4633 uni-

2325 4600 2502 4641 autem
2563 4589 2615 4641 in
2666 4591 2729 4642 iis
2766 4591 2898 4643 locis
2957 4590 3148 4643 rudera
3207 4594 3318 4647 sive
3345 4596 3571 4664 vestigia
3622 4593 3844 4662 quaedam

687 4682 822 4732 versi
872 4678 1066 4730 milites
1121 4678 1194 4728 ιιιί
1255 4676 1492 4728 zercolas
1521 4675 1718 4728 rubeas
1775 4684 2003 4744 gestent,
2049 4689 2222 4742 eoque

681 4780 834 4842 signo
878 4774 974 4827 toti
1018 4775 1218 4825 mundo
1263 4781 1376 4823 uott
1399 4770 1507 4823 sint
1535 4785 1550 4820 :
1579 4779 1633 4823 ιιι
1669 4781 1793 4821 vero
1834 4766 2058 4820 πει-θοῆς
2088 4765 2225 4819 albis

685 4869 870 4928 utitor.
934 4865 1046 4918 Non
1100 4864 1266 4916 multo
1311 4871 1430 4930 post
1490 4861 1742 4914 convenit
1788 4856 2001 4914 Urchan
2057 4857 2225 4912 Gases

692 4962 993 5027 religiosum
1055 4959 1336 5027 quemdam
1385 4955 1852 5018 Nahumetanum,
1885 4957 1971 5005 cui
2027 4966 2223 5004 nomen

691 5051 882 5105 Chazis
929 5053 1401 5119 Bectasestatque
1436 5050 1482 5103 is
1536 5049 1658 5101 albo
1709 5047 1852 5118 pileo
1906 5045 2070 5112 capiti
2108 5043 2227 5110 ejus

693 5136 958 5218 ιιιιροείιο,
1001 5147 1284 5202 illiusmodi
1331 5143 1608 5214 -tegminis
1673 5156 1830 5194 usum
1888 5139 2226 5209 approbat-lt,
2276 5147 2281 5152 ·

693 5251 805 5294 et.a
865 5240 1090 5308 posteris
1142 5237 1359 5294 retineri
1401 5236 1587 5306 jussit.
1633 5231 1898 5299 Quodque
1938 5231 2080 5293 adeo,
2123 5226 2229 5280 Ge-

695 5334 884 5392 nizari,
943 5332 1034 5402 qui
1086 5331 1283 5385 sultani
1308 5328 1523 5383 Turcici
1551 5326 1858 5395 sclopetarii
1885 5333 2034 5384 sunt,
2066 5323 2226 5374 etiam

694 5440 837 5480 nunc
871 5424 1130 5492 ejusmodi
1185 5423 1336 5488 pileis
1382 5432 1628 5485 utuntur,
1662 5421 1710 5472 id
1741 5418 1809 5472 ab
1848 5415 1991 5470 illius
2025 5425 2229 5481 tempo-

695 5518 770 5568 ris
801 5511 1187 5566 COIIaUCllldillc
1232 5510 1556 5577 profectum,
1595 5513 1645 5562 in
1685 5508 2003 5561 hodiermnn
2059 5517 2230 5572 usque

689 5611 829 5660 diem
861 5606 1038 5659 durat.
1090 5602 1257 5657 Erant
1279 5601 1395 5669 ejus
1430 5602 1605 5654 tctatis
1639 5601 1883 5654 homines
1913 5599 1980 5651 ita
2005 5611 2224 5662 compa-

692 5697 812 5761 rati;
856 5707 913 5748 ut
961 5694 1123 5748 frater
1191 5689 1417 5747 consilia
1465 5703 1563 5743 sua
1608 5704 1728 5742 cum
1762 5688 1926 5742 fratre
1983 5701 2231 5740 commil-

691 5787 894 5841 nicaret
930 5804 943 5840 :
976 5789 1175 5854 quique
1211 5782 1517 5838 rectissime
1576 5781 1962 5843 consuluisset,
2001 5779 2053 5832 in
2110 5781 2229 5847 ejus

607 5890 634 5905 "
688 5881 1007 5937 “muttiant
1057 5882 1244 5934 lubens
1318 5878 1449 5930 alter
1499 5875 1628 5928 ibat.
1699 5871 1838 5924 Nulli
1891 5873 2094 5924 mutuis
2170 5887 2226 5924 se

2326 4679 2676 4732 aedificiorum
2702 4679 3036 4744 admiranda,
3063 4695 3182 4750 quat
3205 4684 3327 4738 istic
3362 4686 3430 4739 ab
3457 4685 3668 4740 excidio
3695 4685 3846 4748 'l‘t'ojx

2328 4771 2382 4823 in
2430 4771 2573 4823 hunc
2636 4787 2802 4839 usque
2867 4773 3010 4825 diem
3071 4785 3405 4831 manserunt.
3473 4777 3586 4840 Illa,
3630 4791 3757 4830 cum
3799 4792 3850 4824 ιιι·

2331 4859 2588 4920 venisset,
2633 4877 2757 4913 cum
2811 4871 3032 4933 stupore
3065 4867 3295 4934 quodam
3345 4866 3644 4934 aspiciens,
3678 4879 3850 4920 tacitus

2329 4961 2380 5006 ct
2437 4954 2834 5017 cogitabundus
2913 4955 2980 5009 ad
3033 4957 3256 5026 aliquod
3320 4960 3581 5024 temporis
3634 4960 3849 5027 spatium

2335 5044 2404 5095 ita
2463 5035 2728 5111 substitit,
2790 5056 2846 5100 ut
2927 5049 3062 5102 nihil
3127 5051 3350 5103 omnino
3417 5051 3485 5102 ad
3551 5034 3854 5120 quemquam

2333 5135 2766 5205 proloqueretur.
2828 5137 3192 5203 Quamobrem
3249 5137 3384 5194 Ezcs
3431 5141 3620 5210 begus.
3659 5146 3854 5195 tandem

2331 5242 2404 5280 se'
2439 5239 2756 5284 convertens
2832 5232 2903 5284 ad
2977 5230 3366 5295 Soleitnattetn,
3417 5231 3485 5286 ιιι
3532 5235 3707 5302 ’(11ιειι,
3771 5244 3854 5290 ait,

2331 5320 2458 5388 quid
2519 5323 2658 5375 istuc
2692 5324 2844 5375 nava:
2897 5324 2972 5375 rei
3012 5321 3143 5375 est?
3175 5339 3419 5391 quamam
3464 5328 3576 5379 tibi
3636 5330 3696 5380 ad
3755 5343 3854 5378 am-

2334 5429 2478 5467 niunt
2531 5414 2727 5467 accidit
2780 5415 3089 5481 prodigiosa
3122 5417 3378 5484 cogitato
3400 5417 3578 5474 ‘!Tum
3606 5422 3852 5475 Soleima-

2334 5523 2428 5560 nes
2461 5509 2646 5570 .bassa,
2704 5507 2933 5567 Mecum,
2961 5505 3156 5574 inquit,
3191 5511 3372 5562 animo
3405 5514 3583 5571 volvo,
3638 5525 3852 5577 quonam

2339 5599 2495 5650 modo
2579 5599 2709 5650 mihi
2764 5597 3237 5652 Irattsmittettduttt
3295 5601 3397 5656 hoc
3453 5618 3603 5654 mare
3677 5605 3761 5663 sit,
3808 5607 3855 5648 ιιι

2336 5690 2548 5741 interim
2607 5688 2952 5742 Christianos
3009 5702 3241 5744 conatus
3312 5695 3409 5747 iste
3475 5710 3627 5748 meus
3686 5695 3852 5744 lateat.

2335 5780 2529 5843 QU£50
2587 5791 2654 5845 te,
2711 5796 2814 5846 qua
2863 5796 2944 5832 Via
3001 5798 3110 5835 rem
3160 5785 3556 5852 aggrediemur.
3610 5785 3695 5838 lla!
3723 5794 3852 5845 ουειο

2339 5874 2567 5926 taliones
2601 5887 2731 5926 mete
2766 5882 2910 5926 sunt.
2938 5874 3108 5928 Adea
3131 5893 3250 5931 mox
3293 5877 3426 5930 Elea
3477 5893 3539 5929 ac
3563 5870 3846 5933 Fasilbcsi.
