3970 6348
147 472 239 523 ur.
416 482 417 485 ~
1002 498 1005 501 ›
1046 512 1049 515 .
1384 441 1731 574 manus
1771 462 2103 521 'l‘UllCltIl.

3237 466 3338 518 belli

147 576 381 641 nurnine,
451 576 495 630 si
530 590 656 647 per
711 586 766 629 te
832 577 1037 640 licebit,
1073 576 1350 646 inquiunt,
1412 592 1511 630 nos
1585 564 1765 636 duo'A
1797 574 2075 640 matiitate,
2116 590 2221 643 qua
2271 566 2322 627 iu
2377 575 2498 629 illos
2532 564 2783 645 priores,
2853 578 3006 630 facile
3037 578 3145 630 duo
3190 578 3338 651 iSIafc

145 670 323 723 fretum
360 669 465 722 hoc
506 668 941 738 transjiciemus,
976 670 1254 725 tentaturi.
1290 682 1416 722 num
1481 666 1685 736 aliquid

145 776 167 813 ι
226 760 380 814 nobis
425 759 562 814 eilici
597 760 788 835 possit.
835 759 933 818 Ubi
993 776 1143 823 vero,
1200 760 1431 830 subjecit
1501 756 1685 817 Sulci-

144 866 337 916 manes,
376 850 730 920 transjeeturi
779 850 958 907 estis?
991 851 1167 907 Locus
1195 853 1284 907 hic
1320 854 1542 920 quidam
1577 866 1683 923 est,

140 940 399 1012 .nquiuut.
433 943 519 996 ubi
564 942 738 999 facilis
787 952 867 1003 est
908 944 1244 1014 transjeetio,
1285 940 1687 1003 ex’iutervallo

141 1034 324 1088 littoris
368 1033 657 1100 utriusque
687 1050 791 1089 non
823 1046 1040 1106 magno.
1093 1034 1229 1089 Cum
1268 1037 1318 1103 id
1352 1034 1687 1095 Soleitnaoes

141 1126 204 1180 eis
239 1137 292 1177 nt
324 1125 583 1186 facerent.
614 1126 975 1193 permisisset,
1019 1127 1194 1182 locum
1243 1129 1418 1195 ipsum
1462 1130 1684 1196 adeunt,

140 1219 301 1272 trabes
360 1204 585 1288 aeligna
636 1219 915 1285 colligant,
948 1228 1116 1275 ratem
1174 1217 1496 1285 conﬁciunt,
1536 1232 1685 1278 trans

136 1310 319 1361 lretum
365 1319 522 1364 noctu
585 1311 636 1362 in
689 1310 974 1364 adversum
1041 1312 1191 1366 littus
1245 1313 1545 1381 appellunt,
1595 1331 1718 1391 per,

139 1403 305 1453 tineas
344 1402 774 1465 semet'abdunt,
812 1402 1066 1457 idoneum
1091 1404 1377 1471 quemdam
1436 1405 1687 1468 instituto

140 1505 224 1541 suo
294 1488 669 1543 Christianum
724 1492 969 1560 capiunt.
1026 1490 1160 1545 Eum
1236 1507 1366 1546 vero
1440 1494 1689 1549 celeriter

136 1588 436 1652 abreptum,
494 1584 706 1652 ratique
782 1584 1123 1654 impositum,
1175 1586 1306 1639 hero
1366 1601 1465 1641 suo
1526 1588 1691 1641 Sulci-

137 1675 291 1736 maui,
338 1684 595 1742 superato
628 1690 848 1729 rursum
922 1675 1084 1743 lreto,
1133 1678 1356 1733 sistunt.
1408 1678 1454 1733 Is
1511 1680 1689 1733 homi-

135 1779 246 1815 netu
296 1764 530 1832 benigne
557 1766 828 1834 excipere,
914 1768 1107 1822 vestitu
1138 1783 1278 1823 novo
1318 1769 1687 1833 donare,‘mu~

136 1855 347 1908 aeribus
413 1855 534 1909 aliis
600 1857 882 1910 delinitum
944 1858 1276 1928 interrogare
1315 1879 1327 1913 :
1364 1859 1545 1930 Ecqua
1603 1864 1683 1915 via

1788 665 2009 721 Cneeiae
2056 678 2235 720 castra
2291 682 2447 721 suam
2498 669 2551 720 in
2610 677 2933 736 potestatem
3000 670 3338 739 redegerunt.

1792 755 1990 812 llarum
2056 773 2255 822 rerum,
2306 766 2412 832 tam
2480 756 2712 820 feliciter
2740 759 2792 812 in
2833 759 3092 813 Rotnania
3161 771 3341 828 gesta-

1790 864 1929 910 rttnt,
1990 847 2131 902 fama
2161 864 2282 903 eum
2312 834 2404 915 “(ad
2450 849 2662 904 Tureos
2721 851 2772 904 in
2807 851 2988 905 Asiam
3016 862 3166 904 trans
3196 864 3342 904 mare

1789 940 1989 1011 perlata
2046 940 2232 996 luisset
2260 980 2276 1004 .
2311 944 2700 1014 quamplurimi
2736 954 2925 1013 sponte
2960 960 3055 998 sua
3110 947 3333 1013 transje-

1789 1040 2020 1107 serunt,
2053 1043 2217 1100 atque
2270 1032 2371 1087 hoc
2413 1034 2572 1087 modo
2638 1035 2841 1103 passim
2887 1049 2980 1103 per
3034 1034 3339 1087 universam

1789 1125 2123 1179 llomaniam'
2137 1123 2340 1178 diditus
2360 1136 2443 1179 est
2468 1127 2534 1180 de
2564 1125 2863 1178 Turcorutn
2885 1126 3115 1179 adventu
3134 1141 3338 1180 rumor.

1789 1214 1972 1285 Neque
2004 1216 2174 1270 multo
2201 1225 2322 1285 post
2352 1215 2641 1285 prtemissi'
2671 1214 2843 1282 luere,
2888 1216 2980 1287 qui
3031 1216 3340 1285 Callipolim

1790 1317 2077 1363 tentarent.
2111 1310 2244 1379 Ejus
2272 1312 2371 1365 loei
2399 1309 2653 1382 Teggiur,
2679 1312 3058 1366 animadverso
3093 1315 3337 1375 tamsuo,

1787 1415 1947 1468 quam
2008 1416 2233 1455 suorum
2294 1403 2566 1471 periculo,
2633 1404 2982 1473 collectisque
3038 1405 3338 1473 perexiguis

1787 1492 2222 1546 Christianot'um
2279 1493 2472 1561 ecpiis,
2515 1494 2761 1548 animose
2801 1509 2922 1548 eum
2977 1492 3167 1548 Turcis
3204 1509 3341 1547 con-

1760 1557 1958 1639 ‘ilixit:
1991 1585 2082 1639 sed
2113 1584 2300 1654 prrelio
2333 1584 2529 1649 vietus,
2556 1585 2693 1637 intra
2727 1585 3079 1639 munitionem
3108 1601 3165 1640 se
3190 1600 3339 1640 rece-

1787 1676 1882 1745 pit.
1936 1674 2099 1731 Turci
2156 1677 2441 1730 hostemin
2476 1690 2626 1746 tergo
2684 1677 2877 1739 secuti,
2907 1691 3094 1745 agrum
3120 1691 3334 1731 oznnem

1788 1776 2077 1834 occupant,
2112 1776 2165 1819 et
2218 1768 2271 1820 itt
2309 1767 2480 1821 reditu
2545 1768 2714 1835 ipsam
2769 1782 2985 1836 qucque
3032 1766 3336 1834 Callipolim

1784 1856 1890 1912 sibi
1947 1874 2069 1911 eum
2104 1872 2230 1911 arce
2282 1859 2597 1926 subjiciunt.
2655 1856 2878 1925 Factum
2922 1860 3024 1913 hoc
3050 1874 3199 1911 anno
3227 1858 3340 1912 Ma-

134 1943 195 1998 sit
243 1939 296 1998 in
324 1945 588 2014 oppidum
611 1947 899 2002 adversum
932 1950 1309 2016 perveniendi,
1348 1950 1677 2005 Christianis
1709 1938 1755 1998 Β
1784 1950 2077 2004 bumetano
2106 1950 2204 2004 758
2236 1949 2382 2022 (Chr.
2415 1950 2595 2016 I357).

135 2037 313 2092 tnseiis
346 2047 404 2092 et
465 2030 902 2108 imprudentibus
936 2041 958 2093 ἳ
990 2039 1113 2095 Mox
1164 2042 1251 2097 ille
1278 2058 1293 2097 :
1325 2041 1527 2097 Ducam
1588 2059 1683 2098 vos

135 2128 401 2209 equidem,
436 2129 535 2194 ait,
590 2146 685 2200 per
734 2131 1001 2199 ejusmodi
1060 2134 1224 2197 viam,
1273 2144 1331 2190 ιιι
1388 2151 1416 2189 a
1470 2136 1685 2191 nemine

135 2220 565 2290 eonspieiamini.
630 2222 1383 2297 Quointellecto-colligari
1442 2229 1685 2298 complu-

135 2326 213 2367 res
262 2312 488 2366 arbores
519 2302 858 2370 seleitnanes
895 2316 1146 2385 imperat,
1195 2314 1430 2375 Dictum.
1456 2318 1678 2373 factum.

135 2404 186 2458 ln
251 2421 371 2460 eam
444 2410 671 2472 ratem,‘
732 2424 943 2463 summa
1012 2424 1143 2463 usus
1189 2411 1488 2472 celeritate,
1560 2426 1681 2465 eum

134 2502 610 2572 septuagintavel
661 2501 939 2570 octoginta
1002 2501 1225 2555 selectis
1279 2502 1541 2557 militibus
1592 2502 1676 2554 iu~

135 2590 259 2652 silit,
323 2572 392 2644 ae
434 2601 596 2645 noctu
646 2592 934 2659 trausjieit.
984 2589 1172 2659 Magna
1221 2589 1419 2645 deinde
1469 2591 1683 2645 solertia

136 2681 406 2736 ducuntur
454 2698 485 2736 a
539 2684 754 2752 captivo
790 2678 1103 2751 Christiano
1161 2684 1227 2735 ad
1276 2693 1517 2738 castrum
1581 2665 1719 2738 Ze-'

137 2773 431 2839 meeieum,
480 2774 533 2828 lu
580 2774 737 2843 cujus
794 2775 940 2828 aditu
996 2775 1216 2844 quidam
1263 2790 1292 2829 e
1334 2766 1462 2829 limo
1529 2778 1685 2844 quasi
1710 2806 1722 2817 ιν

136 2866 371 2919 tumulus
426 2861 562 2921 situs
631 2872 792 2930 erat,
851 2866 1025 2935 ipsius
1093 2866 1259 2920 castri
1342 2867 1682 2922 altitudinem

88 2966 93 2969 ‘
135 2971 370 3023 minans.
408 2956 646 3011 Aberant
666 2965 845 3011 castro
885 2958 1095 3020 incolae,
1127 2958 1380 3010 nimirum
1413 2957 1503 3012 illo
1552 2968 1688 3012 tem-

139 3061 259 3114 pore
278 3048 431 3112 anni,
462 3063 572 3118 quo
612 3036 931 3118 colligendis
954 3064 1018 3103 ac
1049 3048 1371 3104 triturandis
1405 3050 1684 3119 segetibus

136 3138 363 3208 quisque
425 3140 555 3193 fut-is
610 3143 846 3196 intentus
864 3150 1000 3196 erat.
1039 3140 1150 3196 llac
1176 3141 1488 3199 solitudinis
1530 3158 1686 3199 oeca-

136 3233 281 3288 sioue
330 3236 442 3297 usi,
470 3244 631 3288 noctu
660 3249 754 3305 per
783 3235 934 3288 illum
983 3237 1189 3301 limum,
1228 3253 1389 3307 quem
1416 3237 1683 3301 diximus,

1858 2042 2023 2111 Capta
2073 2040 2346 2112 Gallipoli,
2399 2058 2527 2097 suos
2587 2043 2923 2105 Saleimanes
2989 2046 3220 2115 ablegat,
3283 2057 3339 2101 nt

1791 2147 1951 2201 agros
1980 2131 2262 2202 Cherepoli
2311 2142 2364 2186 et
2404 2134 2562 2187 Zorlo
2591 2132 2800 2187 vicinos
2851 2135 3257 2202 popularentur,
3289 2147 3345 2189 et

1792 2225 1931 2297 ferro
1963 2234 2125 2293 atque
2167 2225 2276 2293 igni
2312 2234 2586 2279 vastarent
2616 2241 2630 2277 :
2670 2224 2763 2293 qui
2794 2224 2954 2293 longe
3006 2224 3217 2295 lateque
3264 2228 3344 2277 di;

1792 2317 1954 2384 reptis
1985 2316 2254 2393 omnibus,
2314 2316 2521 2386 absque
2566 2331 2715 2372 mora
2779 2316 3109 2385 Gallipolim-
3145 2319 3342 2370 reversi

1790 2420 1936 2462 Sunt.
1965 2407 2198 2462 Habebat
2226 2423 2414 2463 secum
2446 2409 2582 2462 duos
2612 2424 2674 2463 ex
2714 2409 2860 2463 Omni
2892 2414 3118 2463 numero
3153 2425 3343 2479 proce-

1794 2514 1909 2553 rum
1935 2500 2100 2553 duees
2131 2501 2382 2564 eximios,
2416 2492 2750 2555 Eurenosem
2790 2501 3007 2571 begum,
3043 2511 3098 2555 et
3120 2500 3340 2555 Cbasim

1792 2589 1928 2645 Elim
1959 2592 2176 2663 begum.
2213 2591 2276 2645 lli
2298 2591 2510 2657 nullum
2542 2592 2873 2648 Christianis
2913 2602 3125 2661 tempus
3158 2609 3185 2646 a
3217 2609 3341 2659 per-

1793 2682 1967 2753 petuis
1990 2683 2369 2738 vexationibus
2403 2700 2630 2739 vacuum
2664 2685 2986 2753 relinquere,
3024 2685 3115 2739 sed
3142 2686 3344 2753 absque

1793 2774 2194 2829 intermissione
2226 2773 2490 2828 Dimotuci
2523 2790 2587 2829 ac
2618 2774 2945 2844 Burgosiues
2969 2790 3127 2845 agros
3160 2791 3341 2844 agere,

1792 2867 1957 2929 ferre,
1990 2880 2225 2934 moxque
2290 2855 2415 2920 cum
2474 2863 2590 2921 suis
2642 2865 2943 2932 Callipolim
2984 2850 3041 2920 se
3084 2866 3343 2936 recipere.

1794 2956 1927 3010 Dum
1982 2957 2049 3010 ab
2082 2954 2189 3011 illis
2229 2970 2290 3010 ea
2324 2963 2615 3025 geruntur,
2648 2956 2987 3013 Soleimanes
3017 2958 3174 3011 bassa
3206 2974 3341 3025 quo-

1794 3048 1917 3101 dam
1951 3047 2040 3102 die
2096 3057 2347 3103 venatum
2379 3047 2431 3101 in
2475 3063 2619 3117 equo
2650 3048 2826 3118 prodit
2856 3087 2872 3112 ,
2906 3032 3228 3116 inventoque
3274 3050 3340 3101 le-

1794 3134 1943 3205 pore,
1978 3154 2099 3193 mox
2137 3140 2285 3194 illum
2347 3148 2404 3194 ut
2433 3140 2437 3145 ⁷
2465 3149 2698 3206 caperet,
2755 3155 2952 3208 equum
2994 3139 3055 3190 rd
3119 3154 3337 3191 cursum

1794 3234 1963 3301 adigit
1998 3251 2011 3285 :
2049 3234 2140 3302 qui
2199 3233 2338 3286 forte
2370 3232 2588 3286 fortuna
2640 3224 2775 3300 pede
2834 3232 3002 3283 altern
3036 3231 3250 3285 delatus
3284 3230 3338 3283 in

138 3325 186 3376 in
241 3339 481 3379 castrum
508 3326 770 3390 evadunt,
790 3344 960 3397 eoque
988 3330 1291 3398 ponuntur.
1347 3329 1502 3385 Nulla
1533 3331 1687 3399 vulgo
1718 3300 1760 3357 C
1792 3325 2038 3378 scrobem
2072 3326 2383 3392 quamdam,
2410 3339 2514 3377 una
2541 3338 2665 3377 cutn
2703 3307 2923 3377 domino
2949 3325 3174 3385 corruit,
3194 3339 3339 3375 ριιῑὶο
3379 3359 3387 3363 -

141 3414 569 3471 Jhristianorum
630 3418 775 3473 illata
821 3421 902 3473 vis
958 3420 1078 3484 fuit,
1159 3430 1253 3475 aut
1313 3422 1511 3492 injuria
1552 3422 1686 3476 :sed

136 3504 368 3563 exhibita
427 3508 609 3576 potius
632 3508 1033 3575 benevolentia,
1059 3512 1293 3581 dataque
1338 3514 1683 3566 munuscula.

140 3599 207 3654 De
256 3598 549 3671 praecipuis
606 3612 787 3656 autem
830 3603 971 3672 capti
1005 3603 1249 3671 quidam,
1301 3613 1356 3657 et
1390 3605 1455 3657 ad
1478 3604 1686 3673 navigia

136 3691 378 3757 deducti,
442 3706 564 3760 qua:
618 3692 742 3748 istic
792 3695 843 3747 in
870 3705 1026 3765 portu
1095 3704 1305 3764 reperta
1328 3705 1473 3759 sunt,
1539 3705 1688 3749 trans

139 3780 351 3844 fretum,
400 3794 500 3852 pro
566 3780 811 3836 victoria:
867 3793 1211 3851 argumento,
1278 3784 1342 3836 ad
1418 3785 1688 3853 reliquum

139 3872 437 3926 exercitum
468 3872 621 3927 missi
650 3872 889 3928 fuerunt.
918 3873 1133 3929 Eisdem
1166 3875 1397 3945 navigiis
1429 3879 1483 3930 in
1514 3877 1686 3930 reditu

141 3957 254 4025 plus
294 3961 477 4014 minus
537 3959 764 4014 ducenti
834 3962 1034 4016 milites
1094 3963 1409 4028 transvecti,
1470 3980 1526 4018 se
1569 3979 1689 4019 cum

136 4051 466 4113 Soleimane,
500 4052 821 4120 eteterisque
866 4052 1075 4115 Turcis,
1112 4056 1163 4105 in
1224 4055 1421 4123 oppido
1455 4057 1687 4123 conjun-

140 4152 357 4197 xerunt.
434 4142 563 4197 inde
628 4159 751 4197 rum
818 4144 1043 4219 navibus
1118 4143 1361 4210 aliquot,
1417 4144 1691 4212 equitibus

136 4234 291 4289 etiam
349 4234 657 4295 instructis,
725 4233 819 4302 qtti
884 4244 1023 4286 terra
1058 4234 1161 4286 iter
1202 4233 1464 4297 facerent,
1518 4235 1693 4289 Βοιδί-

138 4342 244 4379 rem
291 4324 431 4380 Ezes
468 4326 637 4391 begus
677 4326 852 4393 petiit.
916 4324 1008 4377 Est
1054 4336 1235 4377 autem
1270 4338 1485 4393 propter
1516 4324 1693 4380 Βοιυί-

138 4434 241 4471 rem
270 4428 461 4486 portus
523 4416 709 4478 maris,
745 4417 837 4477 qui
892 4415 1086 4469 l‘ortus
1133 4417 1287 4471 albus
1334 4417 1553 4475 dicitur.
1615 4416 1692 4469 Eo

135 4510 185 4562 in
226 4523 388 4579 portu
440 4508 729 4577 complura
788 4508 1018 4579 navigia
1076 4518 1205 4562 tunc
1257 4502 1434 4574 erant,
1489 4510 1690 4578 quibus

1788 3431 1892 3482 que
1924 3414 2003 3468 sic
2063 3416 2212 3468 humi
2250 3402 2485 3479 alllixit',
2527 3426 2583 3469 ut
2621 3414 2815 3468 ibidem
2852 3414 3138 3468 (εοιιῐθδιὶιη
3170 3416 3341 3484 πενί-

1790 3517 1947 3566 raret.
1982 3498 2122 3561 anno
2166 3506 2546 3560 Mahtmtetano
2580 3507 2679 3561 759
2712 3506 2862 3575 (Chr.
2898 3507 3075 3573 1557).

1860 3595 2053 3650 Eodem
2101 3605 2335 3666 tempore
2394 3611 2638 3652 mortuus
2675 3608 2758 3652 est
2806 3598 2968 3650 etiam
3005 3596 3337 3651 Soleimanes

1790 3689 1958 3745 bassa:
1986 3699 2156 3759 pater,
2188 3689 2407 3745 Urehan
2443 3691 2631 3746 Gases.
2667 3691 2770 3745 Sed
2803 3691 2947 3746 tilias
2984 3694 3193 3747 duobus
3222 3676 3345 3745 ante

1788 3793 1993 3852 patrem
2030 3784 2305 3838 mensibus
2326 3785 2627 3839 exstinctus
2660 3796 2762 3839 est.
2794 3784 3068 3847 Successit
3094 3786 3146 3839 in
3179 3786 3345 3852 impr-

1792 3879 1869 3941 rio
1900 3888 2124 3945 paterno
2150 3877 2315 3937 Gasos
2356 3878 2591 3932 Murates
2638 3879 2807 3935 Chan.
2838 3880 2928 3946 qui
2961 3877 3181 3931 Prusam
3218 3894 3343 3945 pru-

1790 3966 1985 4031 feetus,
2053 3984 2306 4036 magnum
2364 3984 2427 4021 ex
2462 3968 2722 4021 Carasina
2765 3967 3345 4035 regione“enitet-isque

1791 4055 2107 4122 provinciis,
2139 4057 2433 4109 exercitum
2459 4045 2695 4125 collegit.
2749 4058 2873 4110 lirat
2907 4057 2958 4108 in
3011 4057 3223 4109 civitate
3248 4056 3344 4107 ηε-

1791 4147 1974 4209 lezuga
2006 4144 2415 4199 Mahnmetanus
2456 4145 2700 4214 quidam,
2735 4146 3015 4215 religiosus
3045 4157 3097 4199 et
3137 4163 3344 4213 ιιιαειιευ

1793 4237 1873 4290 vir
1896 4238 2335 4303 existimationis,
2370 4239 2477 4307 cui
2498 4255 2692 4292 nomen
2728 4239 3053 4293 Zenderlues
3081 4240 3341 4292 Cbeliles.

1793 4324 1930 4379 Eum
1952 4328 2013 4382 ad
2042 4343 2100 4382 se
2126 4340 2372 4382 vocatum
2401 4330 2764 4384 Cadilescberi
2784 4331 2960 4384 oﬂieio
2988 4332 3130 4399 fungi
3158 4333 3344 4400 jussit.

1795 4416 1929 4473 ilinc
1961 4433 2085 4472 eum
2109 4433 2395 4477 meonomo
2448 4426 2603 4492 regite
2646 4442 2755 4478 sua:
2806 4424 3088 4489 Sent-hine,
3127 4443 3190 4480 ae
3224 4432 3345 4478 uni-

1796 4509 1966 4565 versis
1997 4511 2190 4580 copiis,
2226 4513 2529 4582 Callipolim
2593 4518 2888 4583 transjecit.
2923 4534 2985 4571 ac
3041 4530 3181 4571 recta
3211 4519 3343 4569 Zur-

138 4601 251 4665 igne
313 4601 519 4670 injecto
546 4599 872 4668 absumptis,
899 4599 1248 4654 Zemenicum
1301 4601 1644 4655 reversisuut
1671 4640 1685 4666 ,
1717 4625 1768 4684 ι)
1798 4599 1907 4652 lunt
1936 4602 2235 4656 contendit.
2269 4603 2400 4669 Ejus
2442 4604 2540 4660 loci
2575 4607 2892 4681 praesidiarii
2932 4618 2982 4662 et
3016 4609 3202 4662 incola:
3240 4610 3347 4660 lo:-

135 4700 183 4743 ct
229 4691 501 4761 reliquum
559 4692 884 4755 exercitum,
932 4691 1166 4745 navibus
1199 4692 1591 4760 impositum,
1635 4696 1687 4747 in

138 4782 401 4853 Luropam
433 4783 1009 4854 trausportaruntJloe
1038 4785 1197 4837 modo
1250 4784 1412 4839 Turei
1455 4785 1687 4854 primum

141 4872 476 4929 inCrtet-iatn
512 4875 704 4944 pedem
734 4876 1058 4929 intulerunt.
1099 4876 1373 4942 Occupato
1398 4876 1685 4929 Zemenico

140 4978 256 5016 tum
304 4980 536 5034 magnus
571 4965 684 5032 jam
710 4965 1012 5019 Tureorum
1040 4982 1299 5019 numerus
1342 4968 1394 5018 in
1422 4968 1686 5020 Gneeiam

140 5065 284 5108 trans
335 5072 486 5111 utare
542 5058 900 5126 pervenisset,
956 5059 1117 5113 nullis
1174 5060 1429 5112 oneribus
1492 5061 1688 5111 moles-

141 5148 293 5201 tiisve
329 5146 655 5211 Christiani,
707 5150 771 5203 ad
822 5151 1076 5218 oppidum
1144 5149 1269 5201 illud
1332 5149 1685 5215 pertinentes,

143 5243 203 5293 ab
250 5241 332 5293 ris
368 5237 576 5308 gravati
606 5250 757 5302 sunt,
804 5241 896 5293 sed
929 5249 1260 5293 transactum
1299 5241 1435 5290 inter
1485 5252 1688 5291 utram-

141 5344 239 5398 que
269 5342 475 5398 partem
533 5330 937 5400 constitutaque
964 5331 1228 5399 pan-Non
1257 5347 1449 5383 uxores
1479 5347 1559 5382 om
1579 5348 1687 5391 ttnl,

145 5437 247 5472 non
279 5421 435 5473 liberi
491 5419 699 5480 violati,
732 5423 823 5473 Sed
884 5440 943 5472 ea
988 5440 1106 5474 eum
1133 5422 1293 5490 315
1326 5420 1689 5474 moderatione

147 5514 326 5575 habiti,
385 5527 441 5564 ttt
480 5510 770 5564 Zemeuieo
822 5512 1033 5569 ﬁnitimi
1075 5516 1368 5566 Christiani
1403 5514 1689 5581 perluben-

146 5614 221 5656 ter
242 5624 298 5657 st:
325 5603 517 5656 Turcis
545 5602 942 5654 submitterent.
970 5605 1012 5652 Α
1042 5604 1326 5656 Zuzitettico
1375 5621 1478 5655 non
1538 5603 1693 5670 longe

148 5698 306 5750 distat
368 5696 513 5749 aliud
591 5693 869 5759 Oppidum,
934 5694 1409 5762 Agaslevina,quo
1465 5705 1517 5747 et
1575 5695 1692 5760 ipso

150 5790 292 5841 nullo
349 5791 560 5857 negotio
618 5786 789 5853 potiti,
843 5798 966 5836 eum
1035 5787 1357 5838 (LhriStiauts
1407 5789 1525 5854 ejus
1582 5786 1692 5853 agri

151 5896 329 5947 pacem
386 5884 735 5945 componunt,
801 5876 1098 5940 eademque
1158 5877 1207 5927 in
1277 5880 1373 5930 bos
1435 5879 1515 5929 usi
1595 5879 1696 5932 hu-

463 5970 704 6027 l’n‘ttul.
758 5970 869 6027 Gtt.
915 5966 1029 6021 ill.‘
1046 5964 1113 6023 Χ.

1794 4692 1998 4746 tissime
2047 4694 2260 4763 quidem
2301 4698 2375 4750 illi
2424 4712 2481 4751 se
2536 4699 2914 4762 defendebant,
2966 4701 3057 4751 sed
3087 4699 3343 4766 Oppidum

1792 4795 1967 4839 tamen
2000 4800 2363 4855 expugnatum
2396 4792 2440 4840 vi
2480 4790 2599 4842 fuit.
2642 4791 2809 4857 Capta
2842 4789 3033 4843 deinde
3074 4791 3180 4851 Sis,
3210 4789 3346 4859 Teg-

1792 4879 1942 4942 giure
1970 4879 2292 4932 deditionem
2326 4879 2573 4932 faciente.
2608 4880 2723 4933 Mox
2750 4882 2882 4933 itum
2909 4897 3098 4935 versus
3134 4874 3341 4951 Burgo~

1792 4971 1967 5034 sinen,
2029 4988 2147 5039 qua:
2219 4974 2430 5026 inventa
2515 4976 2612 5029 fuit
2689 4975 3080 5032 habitatoribus
3153 4993 3345 5047 vacua,

1790 5063 2111 5117 Christianis
2143 5064 2265 5134 fuga
2311 5067 2534 5135 dilapsis
2570 5086 2581 5119 :
2618 5065 2848 5139 ideoque
2896 5070 3087 5125 Turcis
3130 5072 3339 5138 ingres-

1792 5169 1887 5206 sus
1920 5171 1931 5213 ;
1971 5156 2091 5223 igne
2120 5157 2314 5211 deleta.
2348 5158 2420 5211 Ex
2455 5164 2619 5215 altera
2648 5174 2797 5230 parte
2832 5164 3067 5233 regionis
3100 5164 3339 5215 lim-cuo-

1792 5260 1878 5297 ses
1906 5246 2072 5314 begus
2128 5263 2272 5301 arma
2308 5267 2427 5303 eum
2469 5253 2630 5305 (Zhazi
2693 5254 2768 5307 Eli
2808 5255 2937 5321 bego
2962 5253 3290 5305 circumtulit
3327 5271 3337 5303 ε

1794 5356 1819 5386 u
1855 5338 2051 5405 quibus
2082 5340 2145 5391 ad
2168 5356 2381 5394 amnem
2412 5342 2663 5396 Merizatn
2696 5355 3011 5413 occupatum
3039 5343 3343 5399 luitcastel-

1796 5427 1927 5491 lum,
1960 5430 2043 5481 cui
2077 5442 2127 5482 et
2164 5433 2263 5498 ipsi
2313 5449 2507 5487 nomen
2553 5437 2751 5504 Burgus
2792 5456 2802 5488 :
2854 5438 3091 5505 adeoque
3136 5441 3201 5491 ab
3246 5441 3346 5490 line

1794 5532 1988 5571 eventu
2050 5523 2102 5573 in
2163 5524 2485 5579 hodiernum
2533 5543 2703 5598 usque
2738 5529 2876 5582 diem
2918 5530 3026 5582 Elis
3063 5532 3175 5599 begi
3213 5516 3344 5581 Butr—

1796 5626 1889 5676 gus
1922 5612 2138 5663 dicitur.
2175 5613 2229 5665 lu
2254 5630 2321 5667 eo
2353 5620 2575 5671 castello
2616 5620 2811 5673 Cltazis
2853 5621 3079 5689 Elbegns
3114 5622 3344 5673 interdiu

1796 5703 1966 5767 quieti
1994 5718 2051 5753 se
2074 5705 2231 5755 dabat
2274 5721 2286 5755 :
2322 5708 2413 5760 sed
2449 5722 2629 5775 pustea
2677 5728 2835 5773 quam
2879 5726 2979 5762 nox
3019 5711 3347 5777 appetiisset,

1800 5794 2072 5857 perpetuis
2102 5796 2519 5848 excursionibus
2553 5798 2787 5850 vicissim
2813 5801 3049 5866 quit-tem
3084 5798 3351 5850 Christia-

1801 5896 1992 5932 uerum
2034 5884 2303 5937 turbabat.
2348 5878 2495 5940 idem
2527 5887 2708 5942 missis
2741 5889 3196 5956 exploratoribus,
3254 5892 3351 5943 im.

2830 5984 2900 6040 I‘J
