3970 6348
740 412 847 474 ἱὸῚ

1979 406 2264 467 ANNALE

2370 408 2403 465 Γ
2418 406 2461 465 U
2474 406 2693 467 RCICI.
3821 408 3893 469 58S

736 523 1051 594 prudentem
1080 522 1341 577 Dimotuci
1374 521 1692 594 Teggiurem
1718 521 1990 591 Oppressit
2014 532 2068 575 et
2106 522 2274 575 inter-
2309 530 2347 581 Α
2383 521 2507 572 lihet
2535 521 2763 573 aliarum
2806 534 3007 583 rerum,
3045 520 3233 588 quinta
3266 532 3493 587 quaeque
3520 516 3892 587 portiojuriPa-

730 616 895 686 'cepit,
918 626 1076 685 atque
1110 617 1212 669 hoc
1238 615 1398 669 modo
1426 622 1645 685 captum
1672 615 1736 668 ad
1771 614 1952 683 oppidi
1973 616 2169 667 mmnia
2188 615 2280 667 de-

735 704 903 758 duxit.
937 702 1069 757 Cum
1104 705 1153 756 in
1182 704 1354 757 hostis
1380 714 1642 773 potestate
1667 704 2021 757 constitutum
2049 702 2279 772 Teggiu-

733 811 845 851 rem
894 813 1046 852 suum
1082 806 1188 850 tam
1229 798 1504 866 oppidani,
1560 812 1720 865 quam
1776 801 1914 852 arcis
1959 797 2275 867 praesidiarii

734 888 993 953 viderent,
1028 891 1186 944 certis
1216 889 1613 943 conditionibus
1664 905 1784 943 cum
1821 889 1987 942 Chazi
2022 889 2102 943 Eli
2146 890 2277 954 bego

733 980 1055 1049 transigunt,
1089 981 1245 1049 eique
1276 982 1545 1033 civitatem
1568 996 1692 1035 cum
1728 997 1850 1035 arce
1884 983 2105 1036 dedunt.
2129 979 2280 1033 Nihi-

731 1071 965 1125 lominus
997 1072 1176 1137 Turci,
1210 1072 1483 1127 deditione
1513 1074 1677 1137 facta,
1704 1072 2020 1143 Teggiurem
2045 1073 2274 1127 liberum

727 1173 779 1214 a-t
809 1164 1127 1217 incolumt'm
1162 1165 1309 1219 abire
1355 1165 1693 1233 permittunt.
1728 1164 2008 1218 Dimotuco
2051 1166 2274 1235 potitus.

728 1254 977 1323 Ypsalam
1030 1275 1150 1312 cum
1188 1260 1424 1312 exercitu
1462 1260 1654 1326 pergit,
1695 1268 1752 1311 ut
1790 1267 1841 1311 et
1874 1258 2002 1313 illud
2020 1259 2272 1328 Oppidum

724 1358 1073 1416 expugnaret,
1118 1364 1180 1403 ac
1212 1351 1311 1403 sub
1341 1348 1528 1417 jugum
1568 1349 1827 1403 mitteret.
1862 1348 2065 1403 Interea
2102 1349 2274 1403 Gases

725 1439 882 1491 etiam
923 1439 1159 1493 Muratus
1202 1442 1251 1493 in
1283 1443 1448 1494 armis
1471 1449 1606 1503 erat,
1639 1439 2077 1508 Hadrianopolim
2114 1442 2273 1493 inva-

727 1542 908 1581 surus.
945 1526 1207 1581 Praainisit
1232 1545 1357 1582 vero
1386 1529 1727 1591 Scachinem,
1749 1545 2088 1584 meouoinum
2114 1532 2273 1597 regite

722 1633 853 1683 suae,
889 1636 1011 1673 cum
1045 1632 1193 1687 parte
1218 1622 1516 1689 copiarum,
1567 1622 1658 1690 qui
1718 1621 1782 1675 de
1808 1621 2132 1676 Christianis
2181 1638 2273 1689 pe-

721 1712 949 1767 riculum
985 1714 1209 1777 faceret,
1271 1716 1484 1769 hostine
1542 1715 1759 1768 obviam
1792 1715 1936 1778 ituri,
1988 1730 2150 1781 seque
2180 1715 2272 1766 de-

723 1805 920 1859 fensuri
970 1816 1173 1860 essent.
1210 1805 1379 1875 Hujus
1413 1808 1641 1860 adventu
1689 1807 1929 1876 cognito,
1970 1808 2265 1861 Christiani

722 1912 843 1949 mox
882 1900 933 1950 in
964 1899 1131 1952 aciem
1174 1902 1431 1954 adversus
1482 1915 1603 1953 eum
1653 1902 1941 1968 prodeunt.
2003 1898 2273 1976 Ull‘itttlllel

717 1990 1027 2043 dimicatum
1054 1993 1339 2054 acerrime,
1384 1993 1566 2046 multis
1592 1992 1659 2045 ab
1701 2002 1930 2061 utraque
1967 2004 2119 2061 parte
2154 2008 2265 2047 cm.

716 2082 792 2136 sis
818 2091 867 2135 et
898 2084 1248 2152 interemptis.
1289 2083 1528 2138 Tandem
1553 2085 1619 2138 de
1649 2066 1839 2139 ardore
1864 2094 2028 2153 atque
2059 2087 2261 2155 impetu

716 2190 813 2229 suo
848 2176 1144 2230 Christiani
1180 2176 1429 2230 nonnihil
1460 2175 1737 2243 remisere,
1760 2192 1925 2245 seque
1952 2179 2109 2229 intra\
2140 2194 2262 2230 mu-

718 2282 804 2318 tos
842 2265 990 2321 urbis
1024 2277 1077 2321 et
1117 2270 1518 2337 propugnacula
1568 2279 1909 2338 receperunt.
1944 2269 2257 2335 Seacliiues,

716 2358 878 2412 misso
907 2358 1119 2420 nuntio,
1155 2358 1418 2415 Muratem
1450 2359 1647 2415 Gasem
1681 2362 1754 2415 rei
1788 2362 1921 2415 bene
1950 2374 2259 2431 gestze‘cer-

715 2450 903 2502 tioreui
930 2448 1081 2514 facit,
1119 2452 1276 2520 eique
1315 2452 1489 2520 capita
1538 2467 1800 2506 caesorum
1837 2453 2040 2521 aliquot
2086 2465 2260 2509 trans-

716 2540 895 2591 mittit.
924 2538 1139 2594 lnterlm
1182 2544 1343 2610 begus
1382 2556 1631 2612 uterque,
1686 2544 1881 2597 Chazis
1917 2546 1975 2597 El
2003 2556 2054 2598 et
2088 2544 2258 2598 Eure-

715 2645 872 2683 noses
904 2646 1023 2684 cum
1075 2630 1295 2685 Muralis
1343 2634 1581 2686 exercitu
1614 2650 1741 2688 suas
1773 2635 2113 2703 conjunguut
2162 2653 2257 2690 eo-

713 2722 827 2789 pias
858 2736 871 2773 :
900 2732 953 2775 et
1000 2724 1167 2778 aciem
1207 2725 1433 2793 primam
1477 2726 1822 2788 sortili,ante
1855 2727 2117 2781 Muratem
2153 2726 2259 2781 lla-

710 2812 1067 2879 driantipelim
1129 2825 1276 2871 recta
1312 2818 1533 2871 ducunt.
1562 2818 1865 2872 Admodum
1900 2819 1949 2871 id
1999 2820 2255 2886 temporis

711 2901 902 2963 Ml'l'lla
931 2906 1385 2969 ﬂuvius,aliarum
1418 2924 1677 2978 aquarum
1702 2911 2248 2974 accessioneauctus.

712 3000 1054 3051 intumuerat.
1085 2998 1446 3063 Quamobrem
1490 3001 1642 3055 urbis
1674 2999 1929 3067 Teggiur,
1978 3001 2252 3056 intellecto

711 3091 936 3143 :nlrentu
971 3092 1230 3157 hostium,
1286 3092 1463 3145 navim
1496 3092 1774 3159 ingressus
1805 3090 2012 3161 anum
2071 3094 2254 3163 profu-

2384 612 2607 666 tiscachi
2633 611 2807 666 cedat.
2866 611 2925 664 Et
2953 628 3050 666 cur
3084 613 3227 665 illam
3265 626 3360 666 vos
3385 627 3492 664 non
3530 610 3779 679 exigitis?
3810 611 3892 663 Ma-

2384 704 2529 756 nitus
2567 718 2695 773 ergo
2746 703 3182 769 Cadilescherus,
3213 703 3337 758 Gasi
3394 702 3588 756 Murali
3617 701 3789 757 Chani.
3809 718 3890 755 rem

2384 795 2634 861 exposuit
2663 786 2685 849 τ’
2712 810 2740 847 a
2759 810 2870 863 quo
2903 811 3221 864 responsum
3248 795 3388 861 tulit,
3421 804 3502 861 ut,
3540 795 3791 865 siquidem
3817 796 3891 848 huc

2384 886 2471 939 liei
2503 886 2819 939 mandatum
2858 887 2949 950 sit,
2986 887 3330 955 omnino-jus
3359 901 3517 940 suum
3550 895 3789 955 urgeant.
3814 887 3890 952 lgi-

2383 990 2467 1032 tur
2516 980 2781 1033 arcessito
2813 978 2878 1031 ad
2915 994 2973 1033 se
3008 978 3147 1031 Cara
3183 977 3444 1032 RuSteme
3476 993 3490 1030 :
3522 974 3797 1035 Volumus,
3834 977 3890 1027 in-

2388 1070 2601 1137 quiunt,
2625 1085 2655 1121 o
2677 1080 2863 1123 sancte
2887 1070 2987 1131 vir,
3009 1078 3066 1122 ut
3094 1068 3209 1138 ipse
3233 1068 3321 1122 Dei
3345 1068 3656 1122 mandatum
3676 1083 3889 1136 exsequa-

2380 1165 2473 1218 ris.
2507 1162 2600 1216 llle
2625 1161 2931 1230 Galfipolim
2990 1159 3288 1231 prolectus,
3331 1161 3529 1215 ibidem
3578 1160 3680 1215 sibi
3709 1161 3889 1213 domici-

2382 1254 2509 1307 lium
2577 1254 2859 1308 constituit
2895 1272 2909 1307 :
2946 1268 3009 1307 ac
3044 1268 3139 1323 pro
3189 1253 3429 1322 quolibet
3479 1254 3747 1323 mancipio
3771 1254 3890 1305 Chri-

2375 1346 2572 1409 stiano,
2607 1356 2755 1399 trans
2791 1359 2941 1398 mare
2981 1344 3246 1411 vehendo,
3271 1359 3459 1412 aspros
3481 1344 3886 1416 vigintiquinque

2375 1454 2402 1491 a
2428 1436 2619 1489 Turcis
2652 1436 2844 1506 exegit.
2879 1435 2944 1491 Et
2978 1448 3226 1491 auctores
3293 1437 3456 1505 hujus
3504 1438 3791 1490 exactionis
3833 1434 3885 1485 illi

2372 1531 2479 1583 duo
2518 1531 2685 1593 luere,
2719 1546 2857 1598 quos
2885 1530 3162 1583 diximus:
3194 1542 3249 1583 ut
3284 1530 3545 1583 nimirum
3575 1530 3767 1599 quiuit
3792 1528 3887 1581 61‘-

2374 1621 2516 1689 Iipoli
2554 1636 2648 1690 pro
2689 1622 2902 1675 sultano
2930 1621 3234 1675 Turcorum
3267 1621 3556 1690 hodieque,
3580 1630 3688 1673 tam
3722 1619 3885 1672 inami-

2373 1714 2582 1781 piorum
2628 1714 2866 1778 nomine,
2917 1727 3079 1780 quam
3118 1712 3455 1781 reliquorum
3488 1711 3775 1781 spoliorum
3800 1726 3884 1763 ex:-

2373 1811 2589 1873 gantur.
2631 1802 2754 1857 Fuit
2804 1812 2857 1857 et
2900 1803 2967 1857 ab
3004 1801 3289 1858 Eurenose
3321 1804 3455 1872 bego
3490 1804 3820 1873 postulatum.
3844 1810 3885 1853 ut

2374 1896 2427 1947 in
2477 1910 2632 1952 usum
2685 1893 3037 1963 magistratus
3081 1895 3321 1964 supremi
3380 1894 3631 1962 quintum
3671 1896 3882 1962 quodque

2368 1985 2691 2053 mancipium
2730 1983 3097 2038 Christianum
3139 2000 3167 2036 a
3200 1984 3315 2036 suis
3338 1992 3625 2050 repeteret,
3661 1997 3721 2036 ac
3750 1983 3883 2048 impc-

2367 2077 2531 2129 ratori
2565 2076 2818 2129 traderet.
2855 2076 2909 2129 Si
2930 2078 3056 2145 quis
3079 2090 3208 2130 vero
3237 2090 3342 2128 non
3380 2074 3642 2145 quinque,
3668 2074 3755 2128 sed
3777 2089 3880 2142 qua-

2368 2177 2490 2221 tuor
2518 2168 2782 2220 duntaxat
2831 2167 3093 2236 mancipia
3136 2167 3456 2235 possideret,
3495 2177 3552 2221 ut
3598 2165 3667 2220 ab
3701 2182 3759 2220 eo
3798 2166 3883 2218 sin-

2364 2261 2611 2327 gulorum
2642 2258 2863 2313 nomine
2890 2260 3035 2328 aspii
3068 2259 3259 2326 viginti
3288 2259 3530 2328 quinque
3552 2261 3877 2327 exiget-etum,

2362 2366 2533 2419 eaque
2559 2352 2783 2420 pecunia
2815 2352 2945 2405 lisco
2972 2349 3315 2420 imperatoris
3360 2351 3595 2405 cederet.
3625 2351 3730 2405 llac
3749 2350 3878 2403 nitui-

2364 2460 2477 2497 rum
2518 2445 2808 2497 occasione
2870 2443 3128 2512 deiuceps
3172 2443 3262 2496 ille
3318 2459 3436 2498 mos
3482 2444 3719 2511 inolevit,
3755 2454 3878 2497 uter

2361 2538 2506 2588 omni
2573 2537 2967 2605 mancipiorum
3023 2550 3297 2601 numero,
3332 2535 3660 2591 liberalioris
3724 2536 3879 2590 forma:

2363 2629 2647 2695 pueri,.pro
2670 2630 2878 2703 suitano
2900 2628 3110 2687 delecti.
3136 2629 3496 2683 retinerentur
3513 2648 3527 2683 :
3544 2645 3663 2699 qua:
3690 2630 3875 2700 quidem

2359 2722 2409 2771 in
2443 2722 2586 2771 hunc
2619 2722 2832 2773 modum
2872 2730 3058 2773 exacta
3094 2722 3373 2775 tenerioris
3411 2724 3584 2775 aetatis
3626 2722 3878 2789 mancipia,

2358 2811 2551 2864 deinde
2576 2813 2639 2863 ad
2676 2810 3023 2881 imperatoris
3060 2812 3273 2866 Portam
3313 2813 3567 2877 ded-icta,
3611 2814 3790 2866 Murali
3821 2821 3881 2864 ot-

2358 2902 2688 2957 ferebantur.
2726 2902 2777 2958 ls
2812 2920 2941 2959 vero
2970 2920 3171 2973 pueros
3213 2906 3265 2958 in
3302 2906 3608 2959 Anatoliam
3642 2915 3882 2972 transpor-

2359 3006 2518 3060 tutos,
2553 2997 2692 3050 inter
2721 2996 2927 3051 Turcos
2961 2997 3218 3051 distribui
3248 2998 3477 3065 iubebat
3506 3016 3518 3049 :
3559 3008 3613 3052 ut
3654 2997 3782 3067 apud
3809 3011 3881 3048 cus

2356 3084 2655 3157 disciplina:
2696 3090 2905 3157 pariter
2958 3103 3021 3141 ac
3086 3088 3371 3142 laboribus
3428 3098 3882 3150 assuescerent,ct

713 3183 807 3250 git.
839 3182 1128 3249 Oppidanis
1177 3199 1204 3234 a
1257 3182 1522 3252 Teggiure
1574 3199 1673 3238 suo
1730 3184 2060 3249 desertis,eet
2115 3186 2261 3240 omni
2290 3198 2331 3253 ε
2370 3179 2596 3233 Turciee
2625 3181 2915 3234 discerent.
2950 3180 3167 3235 Exactis
3221 3189 3401 3234 autem
3443 3180 3657 3235 duobus
3683 3180 3808 3250 apud
3836 3180 3885 3231 il-

712 3271 1031 3322 auxilinrum
1052 3286 1144 3338 spe
1165 3272 1433 3326 destitutis
1459 3291 1472 3331 ;
1507 3272 1762 3337 Μαι-διεδ,
1796 3274 1883 3341 qui
1920 3290 2029 3328 rem
2051 3292 2145 3343 per
2169 3293 2264 3329 ex-

712 3362 1008 3429 ploratores
1062 3374 1405 3430 cognoverat,
1454 3379 1573 3418 cum
1631 3366 1868 3419 exercitu
1926 3366 2095 3435 prima
2146 3367 2264 3421 luce

710 3456 903 3508 castris
964 3469 1234 3525 egressus,
1278 3458 1341 3507 ad
1372 3456 1557 3509 urbem
1620 3457 1843 3525 propius
1901 3458 2150 3511 accessit.
2204 3458 2261 3511 Ei

708 3545 871 3609 cives,
910 3546 1108 3613 apertis
1140 3547 1344 3614 absque
1390 3562 1537 3600 mora
1575 3548 1765 3615 portis,
1796 3548 2125 3601 deditionem
2177 3548 2255 3601 le-

708 3650 826 3688 ccre
864 3653 877 3687 :
912 3630 1275 3689 Maliumetani
1324 3638 1514 3692 calculi
1569 3654 1708 3691 anno
1751 3640 1843 3691 761
1894 3638 2044 3707 (Chr.
2072 3640 2261 3707 1560).

780 3724 1158 3795 lladrianopoli
1194 3739 1368 3793 capta,
1400 3729 1631 3782 ilurates
1675 3729 1951 3790 Scal-bini,
1978 3732 2258 3797 copiarum

710 3828 857 3887 parte
891 3820 1107 3881 tradita,
1140 3820 1388 3887 permisit
1436 3832 1488 3870 ut
1519 3834 1733 3889 omnem
1765 3818 1983 3888 Zagorze
2016 3820 2262 3876 Pliilibze~

711 3925 813 3975 que
846 3909 1092 3961 viciniam
1120 3910 1555 3977 depOpularetur,
1582 3922 1635 3963 et
1659 3911 1778 3979 igne
1811 3912 2035 3965 deleret.
2078 3910 2263 3982 Itaque

714 3998 993 4051 Scachinis
1019 3999 1215 4051 milites
1246 4013 1311 4073 eo
1346 4000 1593 4067 profecti,
1639 4001 1911 4068 regionem
1948 3986 2258 4056 universam

712 4090 901 4155 praedis
948 4089 1167 4155 agendis
1199 4099 1431 4154 vastant,
1476 4101 1528 4142 et
1557 4091 1763 4145 incolas
1794 4093 2037 4161 captivos
2077 4110 2260 4147 secum

712 4181 952 4249 abigunt.
983 4180 1167 4233 Itidem
1201 4180 1434 4233 Murates
1476 4182 1732 4234 Eurenosi
1774 4184 1908 4253 bego
1942 4194 2261 4252 potestatem

713 4276 855 4337 iecit,
880 4289 1035 4343 agros
1064 4273 1271 4341 Ypsalm
1318 4274 1568 4326 vexandi.
1592 4272 1721 4337 ,lioc
1785 4277 1945 4328 modo
1976 4276 2092 4330 suis
2127 4277 2262 4329 utri-

710 4384 811 4434 que
836 4368 1079 4435 partibus
1110 4367 1418 4435 assignans,
1452 4366 1613 4436 316
1660 4367 1868 4435 imperii
1905 4369 2037 4421 lines
2081 4368 2264 4420 ambo-

715 4476 830 4511 rum
857 4473 1012 4525 opera
1046 4458 1193 4511 fuere
1212 4459 1485 4525 probitati.
1512 4461 1670 4512 Gesta
1702 4469 1828 4512 sunt
1857 4461 1969 4512 haec
1989 4476 2133 4513 anno
2157 4460 2261 4513 762

2366 3271 2468 3334 los,
2509 3271 2586 3322 vel
2620 3271 2795 3322 tribus
2823 3270 2981 3323 annis
3012 3287 3024 3322 :
3055 3272 3167 3340 jam
3200 3270 3266 3325 ad
3295 3271 3507 3329 labores
3531 3270 3883 3326 calidocefacti.

2365 3364 2666 3432 lingtneque
2691 3362 2932 3417 'l‘urcicze
2952 3363 3136 3433 periti,
3166 3368 3233 3418 ad
3258 3363 3475 3419 Portam
3505 3367 3883 3422 reducebantur.

2365 3452 2755 3506 Genizarorum
2810 3455 3097 3510 ordinibus
3136 3456 3464 3511 ascribendi.
3506 3457 3750 3511 Genizari
3786 3472 3885 3507 vero

2364 3543 2562 3597 sultani
2598 3544 2899 3598 Turcorum
2935 3546 3244 3615 sclopetarii
3286 3557 3433 3610 sunt,
3468 3560 3522 3601 et
3555 3549 3676 3603 inde
3715 3546 3887 3600 abillis

2365 3651 2535 3703 usque
2562 3637 2895 3704 temporibus
2929 3652 3126 3691 nomen
3167 3638 3270 3691 hoc
3296 3637 3688 3691 Genizarorum
3738 3638 3886 3705 adepti

2368 3725 2619 3777 retinent.
2665 3725 2973 3778 Secundum
3015 3728 3127 3780 haec
3175 3725 3404 3780 Prusam
3457 3728 3629 3783 Cases
3690 3729 3887 3781 Muratcs

2362 3816 2509 3869 Chan
2551 3831 2800 3869 reversus
2856 3824 2959 3878 est,
3004 3816 3299 3869 substituto
3326 3818 3426 3869 sibi
3482 3832 3759 3875 mcouomo
3786 3834 3884 3875 suo,

2366 3906 2489 3959 Lala
2524 3906 2811 3973 Scacliine,
2849 3908 2939 3976 qui
2998 3907 3145 3962 vices
3177 3910 3421 3964 absentis
3460 3911 3513 3963 in
3545 3911 3795 3965 Romania
3824 3907 3887 3958 vel

2362 3998 2561 4051 Gimcia
2596 4011 2803 4067 gereret
2848 4018 2860 4051 :
2894 4009 3119 4053 caeteras
3168 4015 3295 4054 vero
3326 3986 3657 4069 provincias,
3682 4000 3888 4069 imperii-

2363 4108 2467 4157 que
2495 4093 2717 4150 limites.
2756 4091 3017 4145 Eurenosi
3076 4092 3210 4159 bego
3263 4095 3684 4147 commendavit.
3730 4092 3885 4159 Neque

2366 4183 2531 4233 multo
2570 4192 2707 4250 post,
2734 4182 3039 4248 Callipolim
3085 4183 3263 4236 denuo
3315 4198 3434 4237 sese
3476 4186 3720 4248 contulit,
3751 4191 3882 4250 atque

2367 4274 2433 4325 ibi
2471 4270 2823 4325 Zendcrluem
2859 4273 3144 4335 Chelilem,
3179 4274 3446 4328 hactenus
3497 4275 3674 4330 cilicio
3706 4274 3886 4329 Cadilec

2362 4363 2537 4415 schcri
2572 4360 2835 4422 functum,
2860 4363 2923 4413 ad
2952 4361 3127 4415 bassae
3149 4377 3211 4415 ac
3244 4364 3437 4417 veziris
3458 4365 3762 4434 dignitatem
3792 4377 3886 4417 eve-

2367 4456 2457 4505 xit.
2493 4454 2539 4506 is
2567 4462 2757 4506 auctus
2792 4454 2893 4507 hoc
2933 4453 3160 4517 honore,
3191 4455 3531 4513 Cheradines
3558 4460 3713 4515 bassa
3761 4459 3885 4511 dein.

710 4569 816 4619 quo
858 4549 1072 4618 quidem
1106 4564 1246 4601 anno
1282 4552 1461 4601 lumen
1494 4550 1625 4601 solis
1663 4565 1835 4616 usque
1865 4550 2004 4604 adeo
2035 4552 2253 4615 defecit,
2292 4561 2333 4615 ο
2362 4561 2486 4610 ccps
2519 4546 2819 4613 appellatus
2850 4545 2971 4599 fuit.
3010 4539 3246 4601 llurates
3271 4557 3485 4613 autem,
3521 4552 3705 4606 relicta
3753 4548 3887 4602 Galli-

710 4654 767 4693 ut
798 4642 954 4693 etiam
999 4638 1231 4691 interdiu
1275 4639 1444 4691 stellae
1475 4638 2078 4704 emlicunspicerentur.

784 4737 906 4783 lirat
936 4732 985 4785 id
1019 4733 1272 4800 temporis
1334 4731 1547 4796 quidam
1600 4728 1945 4784 Talismanus
1973 4732 2261 4791 'I'urcicus.

715 4824 845 4872 (luta
890 4823 1192 4883 liustemes,
1218 4822 1308 4887 qui
1334 4823 1397 4872 ad
1424 4821 1722 4872 exercitum
1761 4836 1789 4872 e
1816 4819 2137 4874 Caramania
2176 4838 2263 4874 vc-

720 4922 887 4963 nerzit.
922 4911 969 4964 Is
995 4926 1115 4964 cum
1154 4921 1354 4962 tantam
1403 4920 1455 4962 et
1488 4912 1675 4979 praeda:
1706 4912 2031 4965 Christianis
2069 4921 2263 4978 erepta

718 5005 945 5070 copiam,
968 5011 1020 5054 et
1045 5004 1379 5071 captivorum
1430 5003 1829 5055 multitudinem
1874 5005 1924 5055 iit
1973 4994 2165 5057 castrn'
2188 5004 2263 5056 ri-

717 5098 865 5148 deret
895 5093 1086 5147 adduci
1119 5110 1131 5147 :
1167 5105 1432 5146 convento
1484 5095 1889 5154 Cadileschero,
1940 5110 2037 5147 cur
2098 5093 2260 5146 talem

717 5201 1029 5254 [uultu-tique
1087 5189 1420 5251 thesaurum,
1457 5188 1791 5254 magistratui
1831 5201 2084 5254 supremo
2119 5186 2263 5238 debi-

718 5295 855 5345 tum,
880 5277 1079 5331 auferri
1116 5286 1313 5329 temere
1339 5278 1559 5339 sineret,
1584 5277 1798 5343 quzerit.
1824 5277 1911 5333 .Ad
1932 5292 1992 5328 ea
2028 5275 2262 5331 Zt-uder-

720 5382 837 5429 locs
858 5371 1086 5427 Cheliles
1110 5370 1214 5422 Cad
1244 5372 1519 5423 lcsclterus
1557 5387 1569 5422 :
1604 5370 1737 5433 Quis
1765 5370 1977 5420 tandem
2015 5368 2101 5420 ille
2145 5368 2265 5421 the-

720 5480 912 5522 saurus
933 5472 1039 5521 est.
1075 5462 1168 5525 ait,
1206 5476 1363 5526 quem
1418 5470 1473 5511 tu
1508 5461 1720 5526 quidem
1759 5460 1823 5511 ad
1889 5460 2264 5526 magistratum

722 5560 1007 5628 pertinere.
1040 5555 1132 5606 sed
1175 5552 1322 5604 nullo
1352 5567 1473 5603 cum
1501 5554 1677 5603 fructu
1710 5555 1909 5633 perirf,
1946 5566 2009 5603 ac
2054 5551 2265 5618 prodigi

728 5649 935 5705 refers?
978 5644 1066 5697 Dei
1104 5640 1413 5693 mandatum
1438 5649 1541 5700 est,
1578 5639 1747 5705 inquit
1782 5639 1917 5690 Cara
1956 5637 2263 5712 Rustemes,

726 5750 782 5795 ut
802 5740 1065 5793 omnium.
1093 5749 1211 5802 qua:
1233 5733 1296 5783 de
1326 5728 1647 5782 Christianis
1667 5739 1841 5795 capta,
1862 5738 2013 5796 rapta
2045 5727 2267 5794 fuerint,

729 5834 839 5885 sive
890 5827 1299 5892 mancipiorum,
1337 5825 1446 5875 sive
1499 5821 1835 5884 animalium,
1870 5822 1980 5873 sive
2002 5838 2261 5888 quarum-

2368 4636 2499 4700 poli,
2541 4652 2649 4703 quo
2676 4646 2898 4689 venerat
2958 4639 3168 4702 itinere,
3206 4640 3407 4709 Bugum
3463 4645 3763 4711 proiectus;
3791 4640 3886 4693 inde

2368 4725 2587 4777 Prusam
2623 4726 2797 4789 rediit,
2858 4738 3017 4796 atque
3071 4731 3142 4782 ibi
3195 4747 3253 4785 se
3298 4734 3353 4784 in
3400 4734 3625 4786 hiberna
3674 4730 3883 4786 contulit.

2369 4814 2442 4866 Ex
2468 4817 2633 4868 altera
2664 4826 2818 4883 parte
2843 4818 2987 4882 freti,
3025 4822 3185 4889 regite
3212 4822 3437 4877 Muralis
3456 4839 3763 4880 mconomus
3780 4825 3884 4875 Sca-

2366 4908 2553 4960 cliines
2594 4906 2856 4977 Zagoram
2905 4921 2957 4965 et
3030 4913 3343 4969 lscheboleu
3400 4917 3725 4989 subjugavit,
3773 4930 3885 4969 anno

2370 4998 2468 5049 766
2495 5001 2643 5067 (libr.
2684 5001 2864 5070 1565).
2892 5005 3101 5068 Quibus
3132 5017 3453 5073 occupatis,
3478 5026 3665 5066 mmor
3709 5010 3769 5066 ad
3797 5009 3885 5062 llu-

2370 5103 2531 5143 ratein
2566 5094 2801 5159 perlatus
2830 5108 2933 5159 est,
2979 5099 3138 5166 eique
3186 5100 3578 5171 signiﬁcatum,
3634 5106 3685 5159 in
3732 5104 3883 5158 Serti:

2368 5181 2794 5236 Christianorum
2826 5187 2889 5238 ad
2924 5188 3319 5257 quinquaginta
3376 5195 3547 5250 millia
3583 5197 3883 5257 collecta,dc

2370 5273 2749 5343 llazlrianopoli
2804 5277 3049 5331 adeunda
3096 5286 3359 5350 cogitare.
3408 5286 3581 5357 Cujus
3611 5292 3684 5344 rei
3722 5286 3880 5342 nttnliu

2370 5376 2612 5433 accepto,
2649 5383 2841 5437 magna
2889 5373 3171 5428 Celei-itote
3220 5376 3285 5429 ad
3334 5378 3433 5433 iter
3464 5396 3522 5433 se
3549 5389 3825 5450 comparat,
3848 5384 3885 5425 cl

2369 5458 2669 5527 Callipolim
2705 5465 3000 5517 contendit.
3038 5465 3136 5520 Vix
3175 5473 3238 5522 ad
3272 5471 3443 5537 littus,
3482 5475 3531 5526 in
3568 5474 3815 5541 Europam
3836 5482 3883 5515 ει

2369 5551 2493 5604 Asia
2539 5554 2953 5622 transjecturus,
2984 5574 3309 5627 accosserat,
3336 5580 3459 5619 cuni
3487 5566 3657 5620 Servii
3683 5566 3781 5633 jam
3812 5559 3885 5611 lla-

2369 5644 2669 5711 drianopoli
2695 5662 2757 5699 ex
2795 5651 3101 5719 propinquo
3134 5635 3503 5721 imminerent,
3530 5672 3596 5709 eo
3612 5665 3775 5709 castra
3798 5654 3885 5702 loco

2370 5736 2574 5800 metati,
2612 5739 2701 5804 qui
2751 5739 2803 5791 in
2845 5742 2983 5794 hunc
3016 5758 3186 5812 usque
3242 5748 3381 5800 diem
3419 5762 3447 5800 a
3484 5746 3779 5800 Serviorum
3802 5743 3884 5797 sive

2375 5827 2684 5882 Rosciorum
2720 5831 2873 5884 clade
2935 5848 3133 5889 nomen
3176 5838 3405 5901 accepit.
3459 5838 3662 5892 lnterea
3705 5836 3883 5891 suun-
