3970 6348
144 490 244 550 53‘)

1365 485 1706 545 ANNALES
1754 484 1947 545 l‘URtl
1964 486 2081 544 lCI.

3208 476 3311 535 590

145 615 257 661 nes,
298 600 438 650 nulla
470 598 628 650 rebus
671 595 888 666 agendis
941 597 1252 664 interposua
1305 610 1475 657 mora,
1513 609 1668 646 not-tu
1704 598 1743 652 Α
1772 599 1875 661 tis,
1921 613 2039 650 cum
2101 591 2378 661 mancipiis
2430 590 2770 649 Christianis,
2820 597 2870 640 el
2921 587 3065 640 omni
3114 592 3311 656 praeda.

145 706 238 759 per
276 689 500 742 insidias
530 688 580 739 in
632 689 836 741 hostem
883 687 1140 755 erumpit.
1193 686 1272 739 llli
1315 687 1480 739 multo
1526 700 1673 737 mero

144 780 368 841 madidi,
414 780 613 847 passim
653 794 745 846 per
797 786 994 842 castra,
1027 793 1215 846 magna
1247 793 1368 830 cum
1417 776 1673 830 vocifera—

143 872 305 935 tione,
326 869 529 923 Turcos
544 870 737 922 adesse
766 869 1074 933 clamitant;
1099 884 1329 936 cumque
1355 884 1461 936 prie
1507 880 1675 920 temu-

144 963 327 1023 lentia,
358 970 461 1013 tam
497 960 746 1028 praesenti
796 975 973 1012 rerum
1012 958 1361 1035 disctiminn;
1384 961 1508 1025 quid
1547 974 1668 1026 age~

146 1062 285 1112 rcttl,
309 1054 615 1124 ignorarent
645 1069 659 1105 :
684 1066 774 1119 per
796 1050 967 1105 noctis
994 1050 1275 1118 caliginem
1297 1050 1426 1101 alter
1448 1049 1673 1101 alterum

141 1141 201 1190 al
229 1138 401 1190 lucrm
437 1153 606 1205 usque
630 1144 887 1190 mactant.
914 1135 1045 1205 Equi
1083 1136 1238 1188 etiam
1264 1136 1392 1187 tanti
1415 1135 1676 1187 tumultus

141 1245 300 1282 caiisa
326 1244 521 1297 pavore
539 1228 888 1291 consternati,
909 1228 1148 1295 abruptis
1187 1226 1318 1279 loris
1339 1237 1389 1280 et
1407 1227 1672 1293 capistris.

142 1321 203 1371 ad
234 1335 418 1372 necem
457 1336 627 1387 usque
656 1319 755 1373 sibi
784 1329 970 1373 mutuo
992 1321 1166 1373 calces
1192 1320 1545 1387 impegcrunt.
1579 1318 1674 1372 Ubi

140 1410 371 1480 denique
400 1412 510 1477 jam
532 1412 813 1473 illuxisset,
851 1410 1044 1464 fmtlam
1076 1413 1128 1463 in
1162 1411 1337 1478 fugam
1370 1410 1561 1471 Servii,
1584 1426 1679 1462 ne-

141 1502 287 1551 mine
336 1511 703 1567 persequente,
736 1516 792 1554 se
815 1504 1178 1566 coniecerunt.
1226 1500 1297 1553 lbi
1334 1509 1445 1552 tum
1499 1499 1678 1552 hostili

141 1590 281 1641 vallo
311 1600 584 1656 superato.
617 1586 779 1643 Turci
810 1598 1008 1653 castra,
1031 1590 1242 1641 nemine
1272 1588 1571 1648 resistente,
1591 1604 1681 1641 ca-

142 1686 484 1746 piutlt.atqtte
533 1679 808 1747 diripiunt,
842 1689 895 1732 et
946 1679 1135 1747 amplis
1170 1679 1319 1732 dilati
1353 1680 1556 1747 spoliis,
1579 1676 1681 1729 lla-

140 1768 497 1834 drianepolim
565 1775 928 1820 revertuntur.
996 1763 1284 1820 Scachincs
1337 1752 1525 1818 Murali
1568 1781 1681 1818 ma-

143 1873 306 1925 gnum
339 1855 672 1923 captivorum
705 1866 1012 1915 numerum,
1039 1869 1161 1907 cum
1191 1869 1298 1925 non
1330 1855 1513 1922 paucis
1537 1856 1680 1923 capi-

142 1949 287 1999 tibus
333 1947 801 2014 interemptorum,
856 1945 1048 1997 misit:
1111 1923 1306 2013 quibus
1355 1948 1679 2016 conspectis,

140 2038 335 2089 itinere
380 2050 641 2088 converso
695 2033 917 2086 Prusam
952 2036 1180 2101 repetiit.
1209 2031 1331 2088 Haec
1385 2045 1533 2105 gesta
1570 2035 1685 2089 fue-

143 2135 269 2179 innt
296 2141 437 2179 anno
462 2125 691 2179 Turcico
718 2122 817 2177 767
864 2123 1011 2191 (Chr.
1047 2122 1225 2191 1366).
1256 2125 1372 2189 Quo
1398 2140 1537 2178 anno
1568 2125 1686 2177 Mu-

142 2226 286 2269 rales
328 2217 475 2269 Chan
510 2215 647 2268 filios
680 2229 823 2274 suos,
863 2212 1280 2283 Bajazitem,qui
1315 2214 1567 2270 Gllderun
1600 2231 1687 2271 co-

143 2306 725 2374 gnominatusl‘mt,et
781 2303 1039 2371 Jacupem
1086 2302 1343 2371 Zelebim,
1375 2307 1684 2362 circumcidi
1724 2308 1733 2317 ’

142 2398 333 2458 voluit,
360 2410 546 2463 magna
577 2395 915 2449 solemnitate
952 2394 1212 2451 adhibita.
1255 2394 1523 2465 Belezugae
1556 2415 1688 2467 prte-

143 2499 315 2550 terca,
366 2486 509 2553 quod
565 2485 814 2554 Oppidum
871 2496 953 2540 est
1007 2487 1282 2551 Anatoliae,
1314 2502 1683 2558 sumptuosum

142 2579 427 2646 templum,
451 2578 719 2631 mcssilam
745 2576 903 2633 Turci
933 2580 1336 2643 vocanl,eodem
1366 2595 1530 2645 anno,
1561 2598 1682 2635 cum

143 2670 335 2724 schola
374 2682 426 2723 et
456 2686 680 2733 lenone,
711 2673 1030 2725 construxit.
1079 2671 1342 2741 Principis
1366 2673 1529 2727 etiam
1558 2673 1689 2728 Ger-

143 2759 313 2812 niiani
348 2760 467 2812 illim
518 2764 728 2828 nuptias
774 2761 990 2827 Bajazili
1028 2762 1300 2816 Gilderuni
1362 2764 1470 2818 filio
1509 2766 1689 2819 conci-

145 2852 323 2912 liavit,
357 2850 652 2905 celebratas
680 2865 870 2921 pompa
896 2853 1445 2922 magnificentissima.
1486 2857 1687 2909 Secmt-

144 2946 277 2996 dum
318 2943 428 2995 haec
456 2941 508 2995 in
544 2942 809 3008 regionem
837 2940 1109 2996 Hcmidain
1138 2959 1258 2998 cum
1291 2948 1524 2999 exercitu
1560 2962 1685 3012 pro-

144 3031 467 3097 fectus,eam
498 3032 795 3100 occupavit.
825 3031 952 3085 Inde
981 3047 1314 3101 progressus,
1348 3020 1684 3105 Aspropollm

142 3122 258 3175 sive
314 3123 501 3175 Albam
558 3121 830 3186 Analoliw,
890 3137 1050 3191 quam
1117 3137 1260 3177 nunc
1304 3126 1684 3180 Aescheberim

145 3221 369 3273 vocant,
391 3212 751 3280 etCutahigen
797 3212 1128 3281 metropolim
1173 3214 1686 3282 provinciaetiliei

144 3306 399 3372 rapolim,
422 3322 540 3375 qua
564 3305 982 3364 Seidiscbeberis
1044 3309 1259 3376 dicitur,
1298 3320 1350 3366 et
1403 3310 1679 3369 Geluazen

140 3396 668 3466 317imperiosuo
696 3401 947 3469 subjecit,
1002 3416 1141 3455 anno
1186 3401 1453 3473 784(Cbr.
1507 3405 1685 3477 1383).

141 3490 327 3554 Atque
388 3489 472 3541 his
495 3490 654 3543 rebus
698 3491 881 3557 gestis,
914 3492 1224 3560 relictisque
1251 3494 1386 3549 locis
1418 3496 1505 3560 iis,
1537 3508 1688 3551 trans

138 3584 346 3633 fretum
369 3579 669 3648 Callipolim
694 3596 751 3634 se
780 3583 1039 3635 centulit:
1076 3583 1461 3652 ingressusque
1483 3585 1685 3639 Itoma-

138 3674 317 3734 niam,
343 3672 621 3726 obsidione
641 3673 996 3741 Magalgaram
1020 3674 1206 3736 cinxit,
1227 3686 1278 3727 et
1294 3676 1346 3728 in
1366 3684 1684 3743 potestatem

137 3764 295 3814 brevi
351 3762 574 3831 redegit.
631 3762 707 3817 Eo
757 3764 872 3817 loco
923 3766 1080 3831 regia:
1129 3763 1350 3820 Muralis
1375 3773 1687 3821 teconomtts

136 3852 273 3904 Lala
315 3854 633 3917 Stacbines,
662 3864 716 3907 et
737 3854 1040 3911 Eurenoses
1066 3856 1251 3925 begus,
1284 3859 1548 3912 universis
1564 3874 1685 3912 cum

135 3946 349 4010 repiis,
383 3946 581 4013 quibus
617 3948 669 3998 in
722 3945 982 4001 Romania
1020 3960 1303 4017 praeerant,
1340 3952 1404 4006 ad
1430 3952 1686 4006 Moralem

136 4045 540 4088 accesserunt:
598 4046 651 4088 et
710 4038 1013 4105 conjunctis
1066 4042 1411 4101 exercitibus,
1445 4044 1508 4093 ad
1545 4044 1691 4095 obsi-

134 4128 382 4177 demlam
439 4122 705 4191 Bolinam,
737 4126 909 4178 locum
969 4130 1257 4193 munitum,
1291 4130 1512 4196 profecti
1542 4143 1687 4182 sunt.

134 4217 427 4283 Quotquot
463 4221 619 4267 erant
640 4230 701 4267 ea
730 4214 946 4283 regione
974 4216 1306 4281 Christiani,
1337 4233 1523 4272 omnes
1552 4219 1603 4271 in
1628 4220 1691 4272 il—

134 4310 248 4359 lam
287 4308 439 4358 velut
466 4320 641 4357 arcem
672 4319 791 4358 sese
851 4315 1183 4375 receperant.
1211 4307 1391 4376 Itaque
1424 4323 1543 4362 cum
1577 4307 1692 4362 Mu-

137 4408 294 4451 rates
359 4396 521 4450 tantis
553 4411 678 4449 cum
706 4397 875 4464 copiis
909 4410 960 4450 et
1006 4409 1266 4467 apparatu
1296 4400 1575 4454 obsidione
1607 4401 1690 4453 in-

138 4490 378 4550 choata,
406 4488 721 4557 magnisque
740 4489 1010 4542 laboribus
1037 4501 1091 4543 et
1136 4491 1394 4546 molestiis
1454 4478 1693 4546 exantla-

1714 3248 1758 3307 ε

1777 701 1952 739 coram
1983 685 2183 737 Murale
2208 691 2643 751 comparuerunt.
2672 680 2738 733 Et
2768 678 2985 751 quidem
3022 676 3074 731 id
3104 686 3309 747 tempo-

1777 779 1850 829 ris
1900 777 2039 843 apud
2096 775 2298 827 Turcos
2370 774 2509 840 cepit
2559 772 2645 824 ille
2695 784 2812 822 mos
2840 768 3081 837 gesmndi
3118 783 3315 822 aureos

1766 867 2032 932 ejusmodi
2086 867 2275 934 pileos,
2310 865 2403 932 qui
2431 864 2568 931 apud
2616 862 2734 916 illos
2762 858 2993 914 Usculiie
3041 860 3310 912 dicuntur.

1778 958 1970 1010 Murali
2040 974 2163 1010 vero
2212 956 2380 1009 Chani
2439 955 2683 1007 coiiibuit
2720 968 2836 1007 eam
2887 952 3057 1004 tiliam
3109 951 3314 1003 honore

1779 1047 2011 1116 quodam
2045 1049 2275 1111 allicere,
2303 1058 2464 1115 atque
2487 1047 2630 1099 illam
2660 1045 2728 1099 ob
2774 1059 2993 1098 causam
3034 1054 3187 1098 vetus
3215 1036 3316 1098 Fe-

1780 1138 1897 1191 licis
1929 1138 2056 1191 lilia:
2083 1154 2277 1192 nomen
2327 1137 2661 1207 approbavit.
2692 1145 2744 1190 et
2764 1135 2829 1189 ad
2864 1143 3112 1203 posteros
3137 1142 3314 1187 ratum

1780 1242 1896 1281 esse
1921 1227 2106 1279 voluit.
2139 1226 2265 1280 Inde
2291 1226 2624 1280 Christianos
2654 1223 2860 1278 incolas
2883 1224 3189 1285 universos,
3218 1224 3312 1291 qui

1781 1320 1917 1387 capti
1952 1318 2190 1380 fuerant,
2219 1319 2591 1386 cujuscunque
2627 1306 2874 1378 fortuitas,
2917 1320 3315 1369 sacramentum

1782 1409 1889 1464 sibi
1921 1409 2098 1462 dicere
2129 1408 2326 1473 jussit:
2351 1419 2401 1462 et
2433 1424 2552 1462 cum
2584 1406 2768 1461 liberis
2806 1418 2965 1473 atque
2996 1402 3316 1474 conjugihus

1782 1504 1997 1555 domum
2033 1501 2258 1553 remisit.
2292 1499 2483 1551 Castro
2532 1497 2745 1564 quidem
2782 1496 2880 1564 ipsi
2912 1510 3105 1548 nomen
3132 1495 3184 1547 in
3216 1494 3316 1547 ho-
3364 1498 3367 1501 “

1783 1590 2026 1643 diernum
2087 1604 2251 1656 usque
2285 1587 2423 1639 diem
2479 1586 2655 1649 durat,
2698 1585 2765 1638 ab
2817 1584 3096 1638 eversione
3118 1584 3315 1637 divina.

1784 1677 2013 1734 Muratcs
2036 1678 2158 1731 hinc
2176 1680 2497 1747 repetiturus
2522 1673 2983 1743 Hadrianopolim,
3007 1674 3318 1729 Chairedini

1782 1771 1972 1831 bassrc,
2006 1786 2067 1823 ac
2101 1769 2363 1824 Eurenosi
2419 1766 2553 1836 bego
2584 1766 2634 1845 id
2665 1765 2860 1833 negotii
2885 1764 3050 1827 dedit,
3082 1774 3163 1829 ut,
3189 1778 3320 1833 pro--

1718 1912 1758 1969 Β
1787 1862 1957 1931 gressi
1992 1861 2240 1922 ulterius,
2274 1874 2484 1913 onmem
2521 1857 2665 1911 illam
2692 1854 3018 1926 provinciam
3048 1851 3151 1908 sibi
3187 1854 3320 1909 sub-

1806 1954 1817 1969 1
1871 1968 1900 1969 ,,
1956 1963 1966 1969 .
2060 1951 2118 1969 π.
2163 1950 2202 1969 η
2260 1966 2461 1969 ,s,.____
2514 1948 2719 1969 ___:.a__.
2770 1942 2934 1969 L-_--_
2982 1948 3216 1969 -..ε....-...
3255 1946 3318 1969 -.ι

1788 1954 1992 2006 derenl.
2059 1951 2123 2005 Et
2161 1950 2465 2005 Eurenoses
2506 1948 2724 2018 quidem
2769 1947 2936 2015 begus
2981 1948 3218 1999 animum
3255 1946 3322 1998 ad

1788 2043 2142 2096 invadendum
2183 2038 2517 2094 Gumttlzinze
2574 2054 2761 2109 agrum
2824 2040 3033 2108 adjecit.
3100 2037 3321 2119 Manilia

1788 2136 2063 2190 confestim
2092 2138 2138 2189 ei
2170 2151 2226 2189 se
2259 2134 2485 2188 dedidit.
2515 2129 2648 2185 Erat
2679 2134 2817 2185 inter
2836 2132 2969 2188 alios
2999 2130 3223 2186 Muralis
3247 2129 3323 2185 fa-

1758 2228 1947 2281 'milia:
1973 2228 2250 2281 ministros
2274 2225 2617 2295 quidam,cui
2644 2238 2836 2277 nomen
2868 2223 3026 2277 Delus
3055 2221 3315 2275 Beluban.

1786 2318 1845 2373 Ei
1872 2319 2237 2390 sangiacalum
2266 2319 2317 2373 in
2338 2316 2598 2372 limitibus
2628 2315 2917 2379 commisit,
2944 2323 3001 2369 tit
3018 2313 3208 2368 Serras
3225 2330 3322 2382 op-

1787 2412 1968 2479 pidum
2021 2410 2161 2464 bello
2210 2421 2445 2466 vexaret.
2496 2407 2629 2462 Cum
2670 2415 2846 2460 autern
2872 2421 3001 2460 suas
3023 2406 3111 2459 ille
3137 2407 3320 2474 copias

1788 2502 1925 2555 istuc
1986 2500 2316 2560 adduxisset.
2358 2480 2669 2561 Christiani,
2702 2499 2866 2565 portis
2889 2497 3143 2561 occlusis,
3174 2495 3325 2551 dedi-

1790 2594 2007 2645 tionem
2051 2589 2226 2644 facere
2274 2599 2617 2643 recusarunt.
2654 2589 2859 2643 Interea
2889 2602 3041 2648 vero,
3075 2586 3200 2641 dum
3236 2587 3320 2639 his

1786 2681 2158 2753 oppugnandis
2184 2690 2325 2734 totus
2345 2689 2667 2749 occupatur:
2689 2675 2816 2734 Lala
2844 2677 3136 2732 Scachincs
3168 2678 3323 2746 Oppi-

1787 2770 1853 2827 da
1873 2771 2166 2841 complura,
2182 2768 2453 2833 Cavalam,
2471 2765 2649 2833 Diren,
2668 2768 2840 2822 Sirnm
2860 2769 3084 2836 imperio
3098 2766 3325 2820 Muralis

1786 2866 2053 2935 adjungit:
2095 2863 2323 2931 indeque
2373 2860 2631 2929 promotis
2658 2860 2872 2921 castris,
2900 2856 3243 2910 Monastirutn
3267 2866 3321 2908 et

1786 2955 2115 3018 Selerucam,
2135 2951 2475 3006 circumfusis
2499 2951 2776 3012 militibus,
2794 2957 2963 3003 tentat
2979 2988 2995 3013 ,
3027 2958 3080 3001 et
3106 2962 3318 3001 omnem

1789 3061 1976 3117 agrum
2028 3045 2111 3100 his
2172 3041 2456 3097 finitimum
2518 3039 2723 3112 rapinis
2748 3050 2801 3095 et
2832 3039 3093 3094 incendiis
3122 3048 3314 3093 vastat.

1787 3134 2110 3190 Acciderunt
2145 3133 2254 3185 hate
2282 3146 2424 3187 anno
2465 3128 2562 3184 757
2620 3130 2768 3197 (Chr.
2794 3127 2978 3200 1586).

1864 3229 1920 3281 Id
1955 3228 2215 3295 temporis
2244 3224 2553 3292 Bagadatim
2583 3221 2954 3277 Temirlancus
2981 3220 3202 3285 invasit,
3229 3218 3319 3274 cui

1787 3327 1899 3373 tum
1929 3316 2186 3379 Sullanus
2245 3315 2531 3369 Achmetes
2578 3329 2700 3367 cum
2733 3313 2964 3382 impetio
2989 3322 3238 3382 praeerat.
3273 3310 3323 3365 ls

1787 3426 1896 3482 pra:
1952 3408 2241 3463 formidine
2293 3408 2586 3473 Alcairum,
2610 3406 2677 3459 ad
2707 3406 2977 3459 sultanum
3009 3403 3322 3471 Borcucem,

1787 3502 2038 3571 profugit,
2080 3516 2221 3554 anno
2247 3499 2346 3553 788
2378 3499 2525 3570 (Chr.
2552 3498 2731 3565 1387).
3318 3502 3319 3505 “

1856 3592 2121 3662 Babylone
2147 3589 2329 3643 Temir
2350 3589 2504 3643 Clian
2539 3588 2701 3642 movit
2725 3589 2775 3639 in
2804 3586 3069 3653 regionem
3096 3584 3321 3637 Desten-

1787 3698 1926 3750 sem,
1961 3682 2051 3736 ubi
2098 3697 2217 3737 cum
2266 3678 2549 3733 Techmico
2597 3678 2778 3733 Chane
2811 3677 2993 3745 praelia
3040 3674 3319 3731 conﬂixit:

1787 3789 1848 3827 ac
1876 3773 2099 3826 victoria
2128 3771 2345 3841 potitus,
2374 3768 2514 3823 ferro
2539 3777 2595 3822 et
2629 3767 2732 3834 igni
2754 3769 3020 3831 regionem
3044 3767 3185 3821 illam
3208 3781 3326 3823 orn-

1792 3882 1909 3920 nem
1939 3866 2293 3936 depopulatus
2350 3871 2449 3925 est,
2481 3875 2623 3915 anno
2680 3857 2774 3913 791
2811 3858 2959 3927 (Chr.
3008 3859 3183 3927 1390).

1858 3960 2056 4014 Eodem
2075 3969 2315 4026 tempore
2335 3957 2476 4025 cepit
2498 3955 2661 4010 Gases
2690 3951 2920 4005 Murates
2949 3950 3096 4004 Clian
3124 3938 3320 4003 bellum

1790 4070 1906 4106 cum
1959 4050 2158 4103 Lazaro
2209 4063 2409 4117 gerere.
2468 4043 2672 4113 Quippe
2708 4044 2968 4104 Lazarus,
3008 4040 3317 4108 praepotenti

1788 4152 1972 4194 coacto
1993 4139 2249 4196 exercitu,
2278 4143 2330 4186 et
2352 4135 2463 4203 jam
2495 4134 2547 4185 in
2584 4132 2802 4189 Cosovie
2831 4141 3046 4197 campos
3063 4141 3181 4180 eum
3206 4127 3321 4180 suis

1790 4238 2101 4293 progressus
2127 4261 2141 4286 ,
2191 4221 2382 4274 Murali
2422 4218 2915 4288 perinternuntium
2956 4216 3319 4286 dicijussit,in

1791 4317 1959 4369 aciem
1995 4315 2149 4366 modo
2173 4313 2409 4381 prodiret
2437 4329 2449 4362 :
2491 4311 2859 4379 appariturum
2894 4308 3065 4371 facile,
3094 4310 3178 4363 cui
3208 4324 3323 4364 ces-

1794 4420 1918 4459 sura
1943 4406 2013 4456 sit
2042 4404 2283 4456 victoria.
2332 4402 2570 4455 lllurales
2611 4416 2674 4453 ex
2711 4401 2874 4453 altera
2910 4408 3086 4467 parte,
3115 4416 3323 4454 summa

1794 4495 2064 4559 diligentia
2090 4495 2391 4561 conscripto
2422 4491 2610 4554 milite,
2640 4490 2828 4543 ambos
2855 4493 3013 4543 etiam
3049 4490 3324 4556 lilios,Ba-

139 4581 233 4645 lis,
268 4585 397 4632 nor!
420 4579 581 4647 potiri
610 4593 667 4657 se
698 4580 891 4646 oppido
923 4595 1083 4645 posse
1112 4581 1352 4635 videret:
1382 4584 1570 4638 intimo
1596 4586 1693 4638 do-
1727 4621 1767 4673 υ
1790 4587 2003 4656 jazitem
2047 4585 2360 4652 cognomine
2403 4582 2761 4646 Gilderunem,
2791 4592 2843 4635 et
2888 4581 3138 4651 Jacupem
3171 4582 3322 4635 Zele-

134 4682 261 4727 lore
285 4672 465 4726 animi
490 4654 810 4728 commotus,
840 4671 1114 4738 ingemuit,
1150 4682 1201 4725 et
1224 4674 1689 4729 obsidionesolttta

133 4766 446 4820 discedens
476 4779 493 4816 :
523 4763 735 4816 Evcl-lat
760 4773 808 4815 te
831 4761 985 4825 Dens,
1014 4763 1203 4832 inquit.
1236 4767 1363 4821 Erat
1392 4772 1530 4824 haud
1557 4787 1677 4839 pro.

130 4858 226 4910 cui
268 4853 410 4909 inde
442 4853 553 4907 tilia
582 4853 824 4921 quaalam
855 4852 1236 4919 pulcherrima,
1271 4872 1428 4924 quam
1460 4858 1687 4911 Felicem

135 4946 304 5011 vulgo
374 4942 659 5004 vocabant,
715 4939 978 5008 hodieque
1028 4946 1365 4996 sermonibus
1416 4947 1687 4999 hominum

132 5032 407 5086 celebris.
427 5032 505 5084 Ad
533 5047 651 5085 eam
670 5047 789 5084 cum
816 5032 1160 5098 pervenisset,
1179 5037 1370 5087 castris
1399 5038 1569 5089 locum
1602 5039 1692 5089 dc-

94 5152 106 5158 η
134 5125 292 5191 legit.
341 5121 565 5174 Interim
589 5122 702 5189 ipse
718 5123 998 5190 quemdam
1038 5128 1104 5174 ad
1135 5122 1334 5177 fontem
1377 5140 1497 5180 sese
1535 5130 1689 5180 recli-

120 5230 305 5279 nans,
324 5224 564 5268 incestus
581 5216 839 5269 consedit.
893 5214 1003 5269 Non
1041 5229 1231 5285 magno
1251 5220 1693 5289 temporiselapso

133 5312 349 5374 Spatia,
386 5302 637 5355 nuntium
664 5307 892 5372 accepit,
924 5307 1063 5374 latus
1094 5312 1319 5360 alterum
1349 5308 1688 5373 munitionis,

134 5404 282 5453 mole
345 5410 453 5449 sua
509 5400 805 5462 gravatum,
855 5400 1138 5451 corruisse.
1170 5397 1371 5461 Quare
1402 5399 1690 5463 intellecta,

133 5508 261 5545 nios
294 5488 499 5543 Laium
527 5486 841 5540 Scachinent
870 5487 1112 5553 ablegat:
1143 5490 1229 5555 qui
1256 5489 1508 5556 opinioiie
1537 5492 1695 5555 citius

132 5586 196 5638 ad
262 5580 539 5650 oppidum
596 5576 910 5637 convolutis,
972 5590 1033 5626 eo
1087 5579 1323 5643 potitur,
1372 5581 1695 5635 Christianis

132 5676 416 5727 omnibus
473 5667 665 5733 captis,
696 5678 749 5717 et
802 5666 1007 5733 magnis
1052 5667 1281 5719 inventis
1311 5671 1521 5737 opibus.
1558 5673 1698 5725 inter

135 5776 242 5821 ηιμ
276 5762 494 5833 τερετιὶ
530 5779 557 5811 a
582 5759 774 5811 Turcis
801 5759 947 5809 aurei
980 5758 1143 5808 catini
1175 5771 1335 5825 atque
1367 5764 1583 5826 calices,
1603 5768 1693 5831 qui

136 5864 441 5920 caesidum
476 5860 699 5910 fortnam
736 5852 1056 5906 referebant.
1087 5850 1152 5904 Iis
1179 5851 1231 5902 iu
1266 5856 1436 5922 capita
1482 5842 1696 5926 imposi—
1729 5842 1734 5846 ’

1797 4681 1925 4740 bim,
1958 4694 2020 4729 ea
2075 4677 2176 4730 sibi
2202 4676 2535 4742 exiieditione
2582 4674 2847 4743 atljunxit.
2880 4674 3235 4741 Posteaquam
3266 4676 3318 4725 in

1794 4770 2015 4823 Cosovae
2081 4781 2298 4833 campos
2365 4775 2587 4833 uterque
2645 4765 2984 4818 convenisset
3028 4764 3315 4827 exercitus,

1794 4863 1904 4913 acri
1942 4859 2253 4911 dimicatum
2286 4858 2549 4919 utrimque
2587 4855 2788 4923 praelia.
2822 4854 2895 4907 lbi
2916 4863 3022 4907 tum
3050 4856 3320 4911 Christia-

1796 4967 1896 5003 nus
1948 4950 2159 5016 quidam
2194 4946 2256 4998 ad
2280 4947 2536 4998 Muratem
2561 4945 2867 5015 transfugit,
2895 4962 3015 4998 cum
3047 4948 3318 5014 significa-

1796 5046 1936 5094 tione
1959 5040 2241 5091 voluntatis
2263 5052 2392 5097 sum,
2414 5036 2563 5103 quasi
2589 5038 2631 5089 si
2656 5037 2884 5088 militare
2898 5036 3148 5107 deinceps
3162 5043 3208 5095 ci
3229 5058 3292 5095 cu
3309 5072 3321 5080 -

1796 5140 1964 5199 perel.
2015 5129 2179 5197 igitur
2198 5128 2261 5179 ad
2288 5125 2544 5179 Moralem
2604 5127 2883 5189 deductus,
2934 5128 3009 5180 uti
3047 5144 3143 5197 pro
3172 5147 3322 5186 more

1796 5224 1957 5293 pedes
1991 5221 2103 5289 ejus
2148 5220 2512 5283 oscularetur,
2559 5234 2720 5285 quam
2763 5220 2861 5272 sub
2903 5228 3049 5271 veste
3089 5223 3319 5275 abditam

1799 5313 2039 5380 gestabat
2089 5309 2277 5373 sicam,
2305 5321 2365 5359 ea
2405 5308 2452 5357 vi
2485 5306 2705 5359 Muralis
2749 5308 2799 5359 in
2834 5314 3073 5359 ventrem
3124 5311 3317 5378 adegit,

1796 5413 1854 5453 ιιι
1881 5401 1924 5453 is
1946 5408 2051 5449 tam
2077 5398 2188 5449 diro
2212 5397 2429 5448 vulnere
2450 5395 2744 5459 confectus,
2775 5394 3089 5463 exspiraret.
3106 5396 3320 5453 Turcic't

1800 5505 1923 5543 vero
1980 5502 2247 5555 proceres,
2304 5488 2400 5538 hac
2466 5489 2661 5539 sultani
2726 5486 2809 5540 sui
2843 5488 2985 5541 caede
3012 5504 3317 5558 conspecta,

1803 5597 1919 5634 mox
1980 5577 2427 5630 consultationem
2483 5579 2789 5642 instituunt,
2825 5588 2879 5631 et
2907 5579 3030 5645 quid
3065 5584 3161 5633 hoc
3186 5597 3322 5635 cum

1803 5684 1906 5723 lant
1933 5670 2208 5737 repentino
2241 5667 2550 5720 faciundum
2585 5668 2953 5727 tlefibet'anles,
2984 5670 3166 5720 ineant
3194 5686 3321 5723 con—

1792 5780 1993 5819 venere
2022 5762 2358 5823 so-ntentiatn,
2400 5770 2451 5810 ut
2480 5763 2541 5811 ad
2587 5776 2641 5813 se
2670 5759 2922 5827 Jacupem
2960 5758 3189 5815 chebim
3224 5777 3323 5812 ar»

1803 5867 2090 5912 cisset'enl.
2152 5854 2198 5905 ls
2263 5856 2347 5905 ubi
2376 5864 2593 5905 VUCHIUS
2625 5864 3043 5920 comparatssirt:
3079 5852 3209 5918 Age,
3240 5854 3323 5906 itt-
