3970 6348
769 453 859 515 591

1990 457 2334 518 ANNALES
2363 456 2688 517 TUllClCl.
3844 449 3917 509 593

768 574 975 642 qninnt,
1032 572 1318 626 tentorium
1369 578 1647 651 paternum
1704 572 2004 643 ingredere.
2057 574 2188 629 Nam
2219 583 2306 630 est
2330 579 2380 634 Α
2408 573 2632 643 quievit.
2664 568 2888 626 Alstatis
2917 569 3068 627 iuitio
3098 582 3290 624 rursus
3321 565 3915 638 expeditioneinstitiua,

768 664 909 733 quod
939 675 987 717 te
1013 663 1122 717 vult
1154 674 1320 731 pater.
1340 661 1432 717 llle
1458 662 1591 717 nihil
1619 662 1743 717 mali
1775 654 2101 733 suspicatus,
2130 664 2309 734 ingre-

767 756 943 809 ditur:
977 766 1028 809 et
1056 740 1337 821 correptus
1373 752 1441 807 ab
1469 752 1549 808 eis
1567 763 1809 810 necatur.
1838 752 1964 809 Inde
1995 754 2144 824 regio
2173 754 2308 808 solio

770 830 1020 903 Cilderun
1071 845 1333 914 Bajazites
1385 842 1697 912 impositus,
1729 845 1969 899 omnium
2039 838 2309 913 sullragiis

751 942 1059 1005 yimperator
1078 938 1355 991 salutatur.
1372 938 1576 1005 Quibus
1591 937 1844 1007 peractis,
1865 937 2041 992 denuo
2068 941 2304 1007 emptum

771 1030 995 1097 pugnari
1028 1027 1239 1083 fortiter
1263 1048 1276 1085 :
1304 1030 1438 1084 adeo
1454 1021 1701 1099 quidem,
1736 1030 1984 1083 ntvictus
2012 1046 2076 1084 eo
2102 1030 2305 1100 prmlio,

750 1130 1057 1190 captusque
1084 1120 1318 1174 Lazarus
1344 1160 1359 1186 ,
1394 1122 1448 1175 in
1484 1129 1776 1189 conspeCtu
1822 1120 2073 1199 Bajazitis
2102 1120 2309 1176 frustu-

767 1213 916 1265 latim
929 1214 1179 1265 concisus
1198 1210 1378 1266 fuerit.
1403 1210 1498 1267 llis
1514 1212 1672 1265 rebus
1688 1212 1871 1279 gestis,
1887 1227 1951 1267 ex
1970 1227 2033 1266 eo
2055 1213 2177 1266 loco
2196 1214 2308 1268 dis-

769 1317 995 1364 cessum,
1018 1312 1070 1356 et
1087 1300 1523 1371 lladrianopolim
1545 1317 1735 1357 versus
1757 1302 1996 1358 instituta
2030 1303 2308 1373 profectio,

768 1386 893 1445 Erat
916 1378 957 1445 is
978 1406 1150 1445 annus
1170 1391 1266 1445 79l
1298 1393 1447 1462 (Chr.
1474 1392 1659 1464 l390).
1714 1393 1971 1449 Sultanus
1994 1394 2168 1461 Gazes
2190 1395 2308 1451 Mu-

768 1493 910 1537 ratcs
927 1482 1076 1537 Chan
1103 1483 1328 1553 imperio
1354 1484 1565 1554 prmluit
1586 1472 1587 1475 ¹
1609 1487 1762 1543 anuis
1779 1488 1868 1541 32.
1928 1487 2170 1543 Cadaver
2190 1489 2308 1559 ejus

768 1572 991 1628 Prnsant
1015 1574 1375 1644 deportatum,
1396 1588 1613 1647 propter
1633 1577 1904 1649 Caplizen‘
1936 1580 2037 1650 (sic
2070 1582 2308 1638 thermas

768 1666 923 1721 Turci
955 1668 1191 1739 vocant),
1221 1681 1571 1724 monumento
1640 1687 1736 1739 pro
1782 1688 1929 1728 more
1949 1673 2046 1727 luit
2077 1674 2306 1729 illatum.

836 1754 1113 1814 ExSlincto
1142 1760 1366 1824 Murate,
1397 1760 1656 1816 Gilderun
1700 1763 1850 1817 Chan
1890 1766 2043 1835 plene
2065 1767 2178 1836 jam
2212 1782 2309 1833 po-

765 1850 894 1903 titus
954 1850 1204 1917 imperio,
1267 1850 1552 1906 confestim
1625 1856 1964 1924 expeditione
2028 1871 2303 1929 suscepta,

2406 663 2691 730 ductisqne
2720 660 2770 713 in
2791 659 3097 713 Armeniam
3122 656 3322 727 copiis,
3345 655 3633 725 Erzingam
3650 660 3914 726 occupavit.

2408 753 2540 807 Novi
2566 761 2678 807 tum
2702 765 2880 807 motus
2896 748 3301 806 erant'Teniiris
3319 750 3525 805 Clianis
3542 751 3683 818 apud
3704 750 3914 812 Parthus,

2409 860 2543 913 quos
2561 843 3120 916 GilderunChannon
3141 842 3318 912 magni
3337 841 3565 908 faciens,
3587 840 3808 910 Erzinga
3828 846 3914 895 reti-

2403 947 2516 1002 cta,
2535 946 2586 990 et
2615 935 2749 991 freto
2768 936 2832 990 ad
2849 928 3151 1005 Callipolim
3181 934 3520 998 transmisso,
3536 934 3596 989 in
3636 931 3915 991 Romanum

2410 1030 2573 1093 venit,
2603 1018 2784 1099 ibique
2815 1028 3115 1083 -Silis‘triam
3139 1037 3191 1081 et
3208 1025 3469 1096 Empolim
3484 1041 3583 1081 suo
3603 1027 3917 1095 subjecitim-

2410 1131 2557 1187 porto
2583 1134 2597 1171 :
2619 1119 2760 1187 quod
2788 1117 3006 1187 quidem
3033 1116 3230 1172 accidit
3252 1103 3397 1172 anno
3428 1116 3531 1171 795
3581 1116 3731 1189 (Chr.
3771 1118 3915 1179 1594).

2481 1206 2617 1261 llinc
2635 1208 2687 1260 in
2707 1207 2937 1261 Moream
2960 1207 3121 1274 abiit,
3144 1217 3196 1262 et
3220 1207 3421 1264 castris
3448 1208 3516 1260 ad
3536 1207 3788 1276 oppidum
3810 1206 3920 1259 Feri-

2408 1314 2509 1368 gen
2528 1300 2821 1367 collocatis,
2836 1300 2887 1354 in
2907 1302 3147 1356 diversas
3162 1285 3594 1371 quatuor-partes
3612 1315 3747 1355 suos
3761 1302 3920 1353 tniltlrs

2409 1394 2474 1442 ad
2522 1389 2857 1460 diripiendos
2920 1379 3188 1460 regionis
3226 1406 3383 1461 agros
3420 1390 3648 1453 emisit;
3700 1408 3728 1446 a
3758 1392 3918 1461 quibus

2408 1480 2598 1550 ingens
2644 1484 2823 1551 praeda
2870 1468 3093 1538 collecta
3135 1483 3258 1537 fuit.
3303 1484 3426 1553 Ipso
3454 1484 3508 1538 in
3547 1485 3744 1555 oppido
3770 1483 3920 1551 Ferigc

2402 1572 2664 1643 templum
2722 1590 2843 1630 cum
2897 1590 3107 1630 xenone
3166 1576 3406 1631 construi
3438 1577 3507 1632 du
3556 1591 3698 1632 novo
3722 1580 3921 1632 curarit.

2410 1673 2571 1734 atque
2602 1663 2675 1735 ita.
2711 1680 2965 1721 reversus
3001 1664 3465 1738 Hadrianopolim,
3497 1668 3563 1722 ad
3588 1669 3799 1739 aliquod
3822 1678 3922 1721 tem-

2411 1746 2509 1823 pus
2565 1756 2688 1810 istic
2746 1757 2799 1810 in
2826 1755 2937 1810 otio
2969 1755 3223 1813 vixit.-lbi
3256 1752 3368 1811 tum
3402 1748 3609 1814 Bulcus
3639 1759 3848 1829 despota
3876 1759 3922 1810 li-

2410 1845 2534 1914 liam
2562 1861 2714 1900 suam
2743 1846 3019 1900 Gildernni
3069 1848 3217 1904 dedit
3256 1864 3504 1924 uxorem,
3543 1865 3651 1920 quo
3687 1850 3922 1905 allinitatis

688 1998 690 2000 τ
766 1939 1078 1997 Kiratovnm
1098 1942 1371 2011 oppidum,
1399 1954 1451 1997 et
1478 1945 1755 2001 universas
1784 1948 1903 2004 illas
1933 1952 2140 2021 argenti
2165 1953 2305 2006 lodi-

2412 1937 2623 1991 vinculo
2648 1940 2853 1993 sancita
2888 1937 2991 1993 l‘uit
3020 1939 3160 1995 inter
3187 1940 3335 2011 ipsos
3356 1943 3588 1997 societas
3613 1951 3669 1997 et
3698 1942 3921 1997 amicitia.

764 2048 859 2085 nas
895 2032 1199 2102 occupavit.
1238 2033 1369 2088 Erat
1431 2035 1567 2091 inter
1602 2036 1897 2096 larniliares
1948 2040 2119 2111 ipsius
2150 2044 2307 2097 mini-

762 2133 903 2176 stros
922 2122 1141 2192 quidam
1158 2122 1544 2203 ‘Fet-isrbegus,
1562 2128 1641 2180 vir
1667 2130 1956 2195 admodum
1992 2130 2305 2203 bellicosus.

762 2212 897 2280 Eunt
931 2212 1094 2282 318
1130 2229 1253 2268 cum
1297 2217 1467 2281 copiis
1516 2200 1580 2270 ad
1613 2218 1785 2285 ipsum
1815 2235 1984 2289 usque
2007 2200 2305 2277 Danubium

764 2304 927 2385 misit,
954 2308 1040 2358 ubi
1073 2306 1291 2359 redacto
1326 2306 1379 2359 in
1411 2316 1724 2376 potestatem
1753 2310 1947 2380 oppido
1982 2308 2166 2367 Vidina
2198 2311 2308 2366 lla-

762 2381 1117 2474 dri'iinopolim
1165 2399 1413 2453 reversus
1443 2410 1543 2457 est.
1594 2399 1861 2471 Bajazites
1883 2412 2060 2459 autem
2122 2422 2307 2462 rursus

688 2481 697 2488 ”
762 2490 895 2558 hego
918 2490 1310 2557 expeditionem
1343 2489 1598 2558 iniunxit,
1659 2507 1764 2560 qua
1789 2491 2021 2548 Tanabit
2041 2503 2094 2546 et
2127 2494 2307 2548 Citros

764 2581 913 2633 fuere
933 2580 1165 2633 dontitai.
1189 2580 1403 2633 Interim
1426 2579 1577 2635 Feris
1598 2583 1759 2634 etiam
1780 2583 1945 2653 begus
1964 2584 2016 2637 in
2042 2582 2308 2639 Valachos

762 2672 1063 2740 irejussns,
1098 2672 1376 2740 inopinato
1402 2674 1680 2743 regionem
1702 2674 1921 2738 invasit,
1954 2692 2309 2745 magnamque

764 2766 993 2836 praedam
1013 2764 1239 2834 adeptus
1259 2773 1360 2819 est.
1389 2762 1589 2820 Eodem
1615 2776 1851 2835 tempore
1867 2766 2033 2823 Bassa
2064 2769 2304 2838 Quidam,

763 2857 966 2926 Iugides
996 2856 1267 2926 begus.‘in
1296 2856 1548 2910 Bozinain
1581 2858 1877 2926 prolectus,
1908 2874 2120 2914 onmem
2152 2862 2297 2915 illam

763 2931 1033 3018 regionem
1086 2948 1289 3016 rapinis
1346 2949 1618 3003 exhausit.
1668 2950 1786 3019 Ipse
1835 2950 2093 3007 Cilderun
2153 2955 2305 3007 Chan

762 3042 981 3094 l'rusam
1016 3057 1074 3093 se
1099 3040 1344 3104 contulit,
1384 3040 1569 3110 ibique
1601 3042 1829 3097 messitze
1859 3044 2133 3099 struenda:
2159 3047 2308 3116 prin-

760 3134 959 3203 cipium
991 3132 1132 3188 fecit.
1159 3131 1285 3185 lude
1316 3134 1502 3186 relicui
1540 3121 1731 3199 Prusa,
1768 3135 2143 3193 Car-ainaniam
2182 3154 2302 3193 cum

762 3229 1003 3280 exercitu
1045 3224 1174 3279 adiit
1202 3242 1215 3277 ι
1254 3225 1343 3279 ubi
1379 3227 1577 3297 oppido
1607 3227 1957 3284 Alaschelter‘i
1991 3231 2305 3300 subjugato,

2408 2029 2619 2099 Quippe
2683 2029 2943 2085 Gilderun
2999 2032 3147 2087 Clian
3200 2032 3536 2107 professione
3562 2033 3923 2095 Musulmanus,

2410 2122 2560 2176 Bulci
2592 2120 2857 2193 despotze,
2891 2124 2981 2197 qui
3014 2126 3274 2196 religione
3308 2125 3659 2183 Christianus
3690 2137 3919 2199 ειτηε-

2408 2231 2504 2269 ner
2552 2218 2728 2272 factus
2767 2216 2886 2271 l‘uit.
2944 2219 3082 2273 Ante
3125 2227 3302 2274 tamen
3333 2261 3348 2285 ,
3407 2235 3571 2291 quam
3603 2219 3753 2277 Βυιεί
3785 2220 3917 2275 ﬁliam

2407 2307 2674 2378 Bajazites
2732 2309 2839 2364 sibi
2890 2310 3242 2366 matrimonio
3292 2309 3570 2382 iungeret,
3631 2313 3744 2385 vini
3797 2329 3921 2368 usum

2406 2413 2629 2469 prorsus
2662 2398 2968 2469 ignorabat.
3002 2400 3233 2473 Majores
3252 2402 3393 2457 enim
3422 2405 3592 2474 ipsius
3622 2420 3651 2460 a
3677 2408 3799 2461 vino
3826 2409 3923 2461 abs-

2409 2494 2701 2556 tinuerant,
2728 2494 2795 2549 de
2844 2494 3078 2549 Osmane
3133 2495 3346 2565 loquor,
3378 2492 3438 2551 et
3478 2495 3925 2568 Urchane,.llura-

2410 2591 2587 2651 teque.
2622 2578 2755 2634 Nam
2786 2583 2996 2653 quotks
3045 2586 3302 2637 convivas
3362 2584 3639 2641 invitaturi
3662 2599 3829 2651 erant,
3855 2604 3925 2638 va-

2408 2672 2520 2726 rios
2581 2672 2731 2726 cibos
2788 2675 3034 2743 apparari
3074 2676 3375 2743 jusserunt,
3431 2688 3597 2747 atque
3656 2680 3741 2734 liis
3765 2680 3925 2733 deinde

2410 2765 2551 2819 vesci
2614 2764 2757 2820 soliti
2809 2776 2961 2829 sunt,
3006 2768 3267 2822 adhibitis
3324 2766 3685 2827 Talismauis:
3723 2786 3921 2841 quorum

2408 2859 2688 2929 praeceptis
2712 2869 2762 2913 et
2786 2858 3249 2916 admonitionibus
3266 2864 3408 2917 inter
3434 2847 3825 2919 convivandntn
3845 2878 3924 2916 au-

2409 2967 2494 3006 res
2512 2952 2835 3031 prwbebant,
2860 2962 2911 3005 et
2928 2951 3255 3009 Alcoranum
3270 2955 3371 3023 legi
3392 2956 3923 3025 eurabant.Quidquid

2406 3047 2640 3113 denique
2666 3043 2958 3097 Talismani
3009 3047 3382 3112 consulerent,
3406 3047 3478 3101 illi
3517 3064 3624 3103 non
3660 3048 3825 3104 invite
3844 3052 3924 3102 ob-

2408 3122 2798 3207 temperabant.
2844 3138 2962 3205 Quo
3020 3136 3247 3203 factum,
3304 3148 3360 3194 ut
3392 3154 3585 3196 eorum
3619 3143 3831 3198 monitis
3853 3158 3926 3213 pa-

2410 3232 2602 3292 rendo,
2629 3244 2969 3298 nequaquam
3002 3244 3226 3299 peccare
3250 3242 3491 3301 possent.
3518 3233 3573 3288 In
3603 3236 3790 3305 primis
3812 3235 3925 3291 Cara

764 3337 884 3373 ιηοι
914 3336 1037 3388 ager
1099 3317 1407 3373 Aidinensis
1435 3296 1532 3373 sua
1565 3330 1757 3389 sponte
1789 3296 2119 3375 deditionem
2154 3296 2300 3376 iecit.
2333 3296 2374 3349 ς
2406 3296 2733 3386 Ῑὶιιδιειυθεί
2755 3331 2808 3375 et
2828 3296 3166 3377 VZenderlncs
3194 3322 3445 3390 Cheliles,
3478 3296 3669 3398 magno
3690 3330 3825 3397 apud
3853 3344 3927 3381 eos

762 3409 897 3468 llin'e
929 3412 1249 3466 Sarchaniu:
1290 3415 1422 3465 lines
1448 3415 1744 3480 ingressus,
1795 3413 1883 3466 illa
1918 3428 2132 3483 quoque
2160 3416 2306 3470 nullo

762 3508 973 3576 negotio
1000 3509 1201 3574 potitus
1224 3515 1325 3563 est.
1360 3508 1500 3560 Eteo
1532 3506 1747 3576 quidem
1767 3506 1980 3562 facilius
2009 3518 2303 3577 utrumque

764 3601 1038 3653 Cilderuui
1090 3601 1395 3660 sueressit,
1458 3598 1601 3666 quod
1667 3601 1827 3678 paulo
1890 3610 2015 3654 ante
2083 3601 2305 3656 ditionis

767 3694 1047 3758 utriusque
1073 3691 1274 3744 domini
1298 3690 1461 3765 rebus
1487 3690 1736 3743 humanis
1766 3692 2141 3744 exet-ssissent.
2174 3694 2305 3747 Acta

764 3784 1141 3837 Mahntnetano
1200 3798 1341 3834 anno
1385 3782 1487 3835 792
1520 3781 1671 3851 (Chr.
1708 3783 1887 3841 1591).

830 3876 1135 3931 Scenudum
1161 3874 1275 3927 haec
1305 3872 1714 3927 Constantinum
1746 3873 1881 3926 bello
1898 3890 2180 3943 aggressus
2202 3886 2303 3943 est,

698 3984 709 3990 ’
762 3970 848 4024 cui
872 3969 995 4022 dum
1029 3966 1143 4034 ipse
1174 3974 1319 4018 totus
1348 3965 1630 4028 incumbit,
1664 3978 1754 4017 rex
1810 3960 2143 4032 Ungatoruni
2179 3981 2303 4020 cum

762 4058 999 4112 exercitu
1057 4057 1122 4110 ad
1168 4052 1466 4124 Nigebolim
1526 4048 1777 4109 accessit.
1813 4053 1888 4108 Eo
1922 4054 2307 4139 Bajazitesco-

768 4149 936 4218 gnito,
967 4147 1139 4203 soluta
1178 4145 1674 4215 Constantinopolis
1706 4148 2009 4211 obsidione,
2037 4158 2176 4203 recta
2211 4147 2303 4202 Ni-

767 4241 990 4309 gcbolim
1025 4254 1153 4293 suos
1177 4238 1349 4293 duxit.
1374 4238 1455 4293 Ad
1474 4238 1682 4293 hostem
1713 4243 1799 4294 ubi
1837 4252 2147 4311 perventum
2176 4242 2305 4298 luis-

766 4340 866 4397 set,
915 4331 1182 4385 multoties
1234 4331 1439 4386 levibus
1492 4331 1713 4400 praeliis,
1770 4344 1930 4401 atque
1980 4333 2140 4387 etiam
2192 4334 2307 4388 acie

768 4434 1151 4490 nonnunquam
1186 4422 1330 4490 justo
1354 4422 1669 4477 dimicatum
1695 4422 1833 4477 inter
1857 4435 2130 4493 utrosque.
2158 4424 2304 4479 Tan-

766 4516 886 4567 dem
939 4523 1206 4567 nocturna
1264 4514 1617 4580 impressione
1670 4514 2009 4579 Christianos
2064 4516 2303 4579 adorttts,

2406 3410 2618 3467 honore
2675 3413 2865 3475 habiti,
2919 3423 2973 3466 et
3023 3420 3200 3472 sancti
3232 3421 3485 3477 homines
3505 3425 3757 3494 appellati
3780 3424 3926 3478 luere.

2410 3503 2602 3573 Verum
2635 3517 2741 3563 tam
2769 3510 2892 3581 ipsi,
2923 3528 3085 3582 quam
3117 3511 3412 3568 Talismani
3437 3517 3621 3571 caeteri
3667 3518 3770 3571 hac
3795 3516 3926 3571 exhi-

2404 3599 2602 3654 bitione
2651 3602 2872 3657 honoris
2916 3607 3318 3685 arrogantiores
3348 3608 3512 3677 (laeti,
3565 3610 3731 3663 multa
3776 3608 3929 3680 fecere

2404 3693 2657 3762 nequiter
2680 3705 2733 3749 et
2760 3696 3048 3769 llatigiose.
3076 3696 3313 3753 Tandem
3338 3715 3461 3753 cum
3493 3710 3680 3767 essent
3699 3702 3928 3756 exstincti

2406 3781 2731 3839 Zenderlues
2764 3786 3019 3854 Cheliles,
3049 3798 3105 3842 et
3132 3788 3268 3843 Cara
3295 3790 3581 3847 Bustemes
3603 3810 3619 3847 :
3644 3794 3754 3847 Alis
3774 3796 3926 3850 Iussa.

2405 3873 2723 3929 Zenderluis
2742 3874 2961 3931 Chelilis
2979 3878 3143 3943 ﬁlius,
3163 3894 3191 3931 a
3213 3878 3505 3935 Gilderuue
3539 3881 3721 3937 Ghanc
3749 3882 3928 3935 ναίω

2406 3965 2719 4033 dignitatem
2738 3970 2971 4039 adeptus
2988 3979 3091 4026 est.
3117 3970 3253 4027 Tum
3283 3989 3406 4029 vero
3434 3991 3676 4031 crescere
3696 3976 3932 4030 Talisma~

2404 4072 2599 4111 norum
2642 4057 2994 4129 improbitas,
3028 4062 3189 4118 multa
3232 4078 3291 4121 se
3347 4066 3565 4137 indigna
3611 4068 3928 4124 cortttnilten-

2406 4148 2645 4216 tium,.et
2675 4152 2887 4224 rejectis
2914 4155 3156 4209 moribus
3194 4167 3353 4226 atque
3383 4158 3644 4213 institutis
3688 4160 3926 4226 pristinis.

2405 4253 2542 4294 nova
2585 4240 2829 4310 quaedam
2876 4230 3353 4301 introducentium.
3385 4248 3517 4302 Erat
3555 4250 3692 4302 enim
3726 4249 3927 4319 populus

2404 4331 2729 4390 Osmanicus
2785 4351 2918 4390 sane
2950 4354 3111 4406 quam
3141 4340 3367 4407 simplex
3384 4351 3438 4396 et
3466 4344 3648 4408 rudis,
3675 4344 3764 4411 qui
3793 4331 3926 4395 [ὁρεὶς

2409 4424 2513 4505 sibi
2566 4425 2779 4495 quidvis
2828 4428 3138 4497 persuaderi
3178 4414 3400 4487 sineret.
3433 4433 3551 4500 Quo
3582 4433 3741 4489 fiebat
3770 4446 3825 4487 ut
3862 4450 3926 4485 t‘h‘

2408 4516 2685 4581 insidiose,
2747 4536 2810 4574 ac
2839 4520 3120 4590 multiplici
3161 4522 3371 4578 valritie
3416 4525 3769 4601 imponerent.
3806 4526 3880 4579 lnt
3910 4543 3927 4575 r

768 4610 901 4662 adeo
946 4606 1220 4677 repentino
1247 4613 1299 4658 et
1358 4606 1634 4673 inopinato
1673 4606 1870 4671 impetu
1902 4614 2203 4673 exterruit,
2247 4620 2307 4662 ιιι
2338 4629 2380 4683 ι)
2414 4606 2518 4659 alia
2589 4609 2945 4676 prohibebant
2985 4613 3037 4664 in
3090 4618 3429 4671 commerciis
3472 4626 3526 4671 et
3588 4620 3927 4673 contractibu:

768 4716 951 4752 cttl'ttttt
999 4696 1235 4767 plerique
1276 4697 1325 4747 in
1361 4696 1661 4749 Danubium
1720 4695 2050 4765 praecipitare
2072 4713 2129 4751 se
2148 4712 2315 4767 coge-r

771 4801 975 4850 rentur,
1010 4799 1061 4842 et
1093 4791 1142 4839 in
1171 4789 1284 4854 ipsi:
1320 4784 1540 4839 lluntiue
1571 4799 1761 4854 magno
1786 4799 2010 4840 numero
2041 4786 2306 4843 submersi

772 4883 1039 4945 perirent:
1063 4878 1252 4946 reliqui
1280 4878 1471 4930 laedam
1497 4878 1733 4932 seinetin
1758 4876 1935 4947 fugam
1959 4860 2306 4949 conjicerent.

770 4968 990 5023 Factum
1026 4970 1125 5022 hoc
1152 4983 1294 5021 anno
1320 4966 1418 5020 794
1470 4966 1618 5038 (Chr.
1648 4956 1825 5039 1595).

842 5061 957 5113 lloe
989 5060 1122 5115 bello
1159 5062 1422 5117 contecto,
1485 5075 1673 5114 rursus
1704 5062 1757 5117 iu
1785 5060 2309 5130 Constantinumar-

773 5169 857 5206 tnzt
907 5151 1188 5204 convertit.
1259 5150 1361 5205 Sed
1395 5152 1688 5219 composita
1744 5169 1844 5223 pax
1873 5155 1998 5220 luit,
2028 5171 2088 5211 ea
2121 5158 2308 5211 condi-

776 5248 917 5295 ltum:
938 5286 951 5307 ,
986 5254 1041 5296 ut
1072 5244 1205 5295 intra
1256 5242 1750 5311 ConstantinOpolis
1780 5246 1973 5300 titmnia
1997 5245 2307 5303 Giiderunis

781 5336 979 5387 Clonus
1040 5335 1237 5387 subditi
1266 5335 1355 5400 jus
1389 5334 1648 5388 haberent
1674 5335 1848 5389 vicum
1886 5352 2050 5392 unum
2083 5338 2301 5401 inhabi-

779 5422 950 5479 taudi.
989 5424 1108 5477 Fuit
1140 5427 1185 5479 is
1223 5442 1397 5479 arruns
1428 5427 1551 5480 794.

845 5514 919 5566 Bo
952 5517 1065 5583 ipso
1119 5526 1360 5583 tempore
1414 5527 1658 5571 mortuus
1714 5530 1795 5574 est
1824 5522 2070 5576 sultanus
2101 5525 2304 5578 Alcairi

777 5607 1060 5666 Borcuces,
1110 5614 1228 5673 post
1278 5605 1437 5671 cujus
1482 5608 1684 5661 obitum
1712 5611 1964 5667 Cildcrun
1997 5614 2142 5668 Chan
2182 5608 2307 5684 pto-

780 5703 975 5752 sincias
1006 5698 1173 5765 ipsius
1207 5697 1423 5760 invasit,
1457 5707 1509 5751 et
1536 5698 1813 5772 Melatigsn
1845 5722 1957 5759 sua:
1986 5707 2175 5759 ditioni
2214 5710 2306 5760 ad-

769 5792 965 5858 jutnit.
999 5788 1099 5842 Sed
1143 5790 1541 5844 imminentibus
1581 5793 1689 5860 jam
1718 5796 2011 5864 frigoribus
2043 5801 2301 5861 hibernis,

774 5883 993 5937 l‘iusain
1054 5898 1295 5937 reversus
1338 5882 1666 5952 cst,ib:que
1723 5899 1815 5952 per
1873 5889 2012 5939 illam
2077 5892 2298 5941 Inc-ment

2412 4710 2565 4749 usum
2625 4696 2858 4767 antiqua:
2916 4713 3161 4768 monetae,
3217 4720 3612 4777 asprorumque
3667 4720 3927 4762 Veterum;

2412 4796 2463 4839 et
2481 4787 2829 4861 emolumenti
2844 4794 3043 4861 proprii
3075 4808 3259 4861 causa,
3283 4800 3760 4854 nummulariorum
3782 4820 3875 4856 niui
3890 4822 3930 4864 ι’,

2406 4892 2679 4961 ωριιθιειιιι
2715 4883 2780 4936 ad
2810 4899 2868 4938 se
2894 4894 3119 4939 veterem
3151 4895 3330 4941 astute
3374 4890 3782 4955 transferebant,
3813 4898 3911 4961 «ηιμ

2410 4985 2515 5040 que
2537 4971 2655 5026 loco
2683 4987 2874 5029 novam
2892 4976 3190 5046 signabant.
3222 4980 3336 5033 Alis
3363 4981 3479 5049 ipse
3498 4981 3672 5048 bassa,
3715 4990 3796 5040 vir
3821 4990 3927 5041 sin.-

2412 5066 2554 5133 plex,
2578 5080 2639 5120 ae
2670 5068 2831 5121 rebus
2864 5069 3059 5126 divinis
3079 5070 3305 5125 devotus
3336 5083 3455 5127 erat
3492 5093 3506 5127 :
3535 5081 3685 5147 cujus
3703 5092 3928 5149 exempto

2411 5178 2532 5216 cum
2570 5165 2799 5233 pepulus
2832 5165 2883 5219 id
2924 5168 3182 5234 temporis
3213 5169 3372 5233 etiam
3422 5172 3679 5243 singulari
3745 5196 3927 5232 Illorum

2413 5254 2741 5323 integritate,
2774 5260 3141 5327 religioneque
3170 5260 3422 5329 praeditus
3468 5281 3635 5337 esset,
3665 5271 3928 5326 Talismani

2413 5353 2562 5399 tanto
2597 5348 2766 5416 magis
2796 5348 2987 5401 borum
3026 5350 3261 5406 bonitate
3304 5357 3558 5424 simplici,
3615 5377 3707 5431 pro
3758 5364 3927 5419 loliitu,

2410 5438 2789 5491 abutebantur.
2821 5438 2952 5491 Cum
2982 5447 3158 5493 autem
3221 5442 3473 5501 Cilderun
3535 5451 3683 5505 ειη..
3737 5455 3929 5506 frandes

2411 5531 2647 5614 ipsorum
2690 5541 2743 5585 et
2783 5533 3107 5601 impostnras
3140 5536 3583 5609 deprehenderet,
3619 5562 3772 5617 atque
3790 5552 3923 5601 etiam

2411 5622 2610 5673 vidi-tet
2666 5638 2757 5673 eos
2802 5623 3088 5678 belluinam
3109 5636 3160 5680 et
3213 5631 3475 5699 itnpnram
3535 5640 3693 5692 vitam
3748 5654 3926 5709 agere:

2410 5712 2587 5763 edicto
2640 5713 2905 5778 publicato
2969 5723 3242 5788 praecepit,
3267 5734 3321 5775 ιιι
3382 5741 3572 5780 Ortini-5
3641 5730 3924 5786 Τιιιιδιιιηιιι.

2414 5816 2703 5867 οιιιιιεςιιιιυ
2733 5804 2903 5864 (ladii,
2960 5822 3065 5873 quo
3133 5814 3351 5865 neruine
3392 5816 3607 5882 judices
3656 5820 3925 5873 'l'nruomu

2415 5893 2647 5953 vrrriuut,
2690 5890 2981 5960 Neapo'int,
3012 5915 3077 5966 σιιι
3101 5917 3165 5953 im
3197 5899 3353 5957 Turci
3394 5908 3821 5967 chtscltchcrim
3843 5918 3927 5967 lui-
