3970 6348
705 506 809 570 595
1937 518 2286 576 ANNAIES
2316 519 2650 579 'l'lIRClCl.
3764 530 3840 587 5.96

698 634 817 705 erat
876 623 1145 683 dominus,
1223 642 1325 679 ron
1380 626 1446 681 ita
1474 630 1677 698 pridem
1701 640 1954 699 ereptam,
1986 634 2319 691 rt‘slituit:A
2352 636 2587 709 Clinia-po
2644 640 2905 700 evocatis,
2964 638 3099 690 haud
3172 642 3351 707 procul
3412 641 3646 710 Cbalepo
3677 642 3837 694 Temiti

702 717 895 772 liberis
941 724 1143 779 tamen.
1182 725 1285 768 tam
1304 721 1547 793 maribus
1568 735 1723 787 quam
1750 721 1981 782 letttittES.
2004 723 2243 774 obsidunt
2345 725 2513 778 Cltaui
2547 728 2766 780 occurit.
2816 727 3106 796 Pugnatum
3162 731 3300 782 inter
3362 743 3615 798 utrosque
3640 744 3839 789 strenue.

704 810 821 862 loco
845 806 1087 865 retentis.
1113 819 1164 859 et
1192 805 1412 861 Prusam
1446 812 1641 864 missis.
1675 810 1797 864 Post
1830 812 1939 864 haec
1968 812 2241 880 hit-latigeu
2346 817 2435 868 sed
2467 818 2638 870 victus
2663 819 2861 870 Alcairi
2895 818 3141 871 sultantts
3192 820 3242 871 in
3306 818 3592 889 Egyptum
3626 822 3837 886 profugit.

702 901 882 968 copias
896 897 1349 951 duxitdisinlocis
1365 901 1572 967 oppida.
1592 901 1891 971 Diorrygem
1912 902 2241 965 etGuxittru.
2350 909 2443 961 lllo
2462 910 2561 963 sibi
2584 911 2761 978 fugam
2793 912 3127 974 consulente,
3156 910 3445 979 Cltalepum
3470 921 3523 963 et
3559 911 3839 964 Cltetttesam

700 992 782 1047 sui
817 1004 935 1043 cum
970 989 1108 1057 juris
1156 989 1366 1043 fecisset
1406 992 1621 1044 Prttsam
1645 1009 1910 1058 reversus,
1938 995 2240 1061 aliquandiu
2345 1000 2392 1050 vi
2424 999 2603 1052 Temir
2627 1012 2914 1069 expugnat.
2944 1000 3074 1054 Cum
3103 1001 3375 1055 Cltemesze
3429 1003 3696 1068 complura
3721 1016 3841 1066 pcre-

703 1082 869 1152 qttieti
895 1096 958 1137 se
990 1083 1152 1158 dedit.
1183 1082 1307 1135 Erat
1345 1082 1428 1135 ltic
1450 1099 1621 1138 annus
1642 1084 1741 1137 798
1778 1084 1901 1151 (Ch.
1924 1085 2100 1149 1397).
2127 1083 2243 1149 Quo
2346 1091 2578 1155 leganter
2605 1101 2873 1144 exstructa
2934 1101 3265 1146 mortuorum
3319 1105 3660 1144 monumenta
3694 1108 3842 1143 cernv-

704 1183 940 1245 tempore
963 1174 1141 1229 Temir
1168 1176 1315 1229 Cltan
1345 1173 1679 1240 expeditione
1719 1190 1905 1229 rnrsus
1978 1175 2239 1237 instituta,
2349 1190 2449 1238 ret,
2481 1179 2699 1247 quinam
2740 1181 2791 1232 in
2821 1182 2897 1232 eis
2954 1182 3144 1247 sepulti
3194 1181 3557 1233 conderentur
3583 1183 3839 1242 interroga-

695 1281 789 1334 per
818 1266 1086 1335 regionem
1133 1264 1447 1318 Parthorum
1510 1280 1655 1317 arma
1705 1265 2057 1319 circumtulit.
2092 1267 2238 1320 Tau—
2344 1267 2437 1319 vit.
2474 1267 2807 1335 Responsum
2859 1269 2924 1321 ab
2972 1270 3182 1333 incolis,
3224 1286 3344 1323 esse
3390 1270 3477 1323 illa
3529 1270 3757 1336 sepulcra
3785 1270 3841 1318 la-

691 1358 812 1411 dent
854 1373 1161 1427 progressus
1207 1357 1443 1415 ulterius.
1476 1364 1525 1408 et
1575 1356 1865 1425 Cbalepttm
1899 1356 2242 1411 Damascum-
2344 1358 2607 1409 mulorum
2671 1358 3045 1427 sociorumque
3082 1360 3216 1413 vatis
3252 1359 3600 1422 lllabutnetis,
3635 1360 3840 1412 videlicet

700 1465 804 1512 que
856 1450 1021 1502 ducto
1045 1451 1303 1514 exercitu,
1360 1450 1645 1517 Cbalepttm
1703 1450 1948 1501 universa
1984 1465 2099 1499 cum
2162 1466 2239 1499 re-
2340 1447 2597 1508 Cltalidis,
2631 1450 2719 1516 qtti
2756 1450 2951 1504 Velidis
2981 1450 3140 1504 fuerit
3172 1452 3332 1515 ﬁlius,
3393 1459 3446 1504 et
3477 1451 3832 1504 Kiabelecltba-

694 1541 849 1602 tione
898 1541 1121 1594 finitima
1155 1545 1479 1610 ocrupavit:
1552 1542 1864 1593 Damascum
1919 1538 2056 1593 [uade
2104 1540 2239 1591 dire-

696 1642 837 1702 ptam
870 1634 1145 1701 populatus
1176 1646 1276 1693 est,
1298 1649 1437 1686 anno
1466 1632 1566 1685 800
1588 1632 1736 1700 (Chr.
1761 1631 1911 1699 1399)

765 1723 1060 1779 lndicatltm
1092 1725 1237 1779 fuita
1260 1726 1413 1779 nobis
1443 1727 1691 1781 antehae.
1744 1724 2235 1777 GilderutemClm-

697 1832 813 1869 rem
848 1833 1035 1870 versus
1060 1833 1246 1870 omnes
1272 1818 1483 1885 imperii
1511 1819 1590 1870 sui
1620 1818 1747 1870 lines
1805 1828 2127 1884 grassatum,
2155 1820 2234 1869 di-

696 1910 868 1963 tiones
894 1910 1095 1963 alienas
1117 1910 1408 1965 invasisse:
1436 1926 1663 1979 rumque
1688 1928 1749 1963 ne
1771 1926 1881 1965 sure
1902 1912 2111 1977 quidem
2147 1928 2227 1962 rc-

696 2000 876 2069 ligioni
907 1999 1103 2074 deditis
1133 2014 1388 2069 parceret,
1421 2002 1718 2071 Melatigen,
1739 2004 2040 2071 Diorrygem
2061 2001 2224 2055 Ουιί-

696 2106 907 2159 nenque
941 2090 1288 2145 Turcomanis
1344 2094 1607 2161 eripuisse
1656 2110 1669 2143 :

695 2182 811 2236 suis
844 2198 936 2237 eos
970 2184 1264 2238 ditionibus
1294 2198 1386 2251 per
1412 2199 1672 2237 summam
1707 2184 1952 2251 injnt-iatn
1984 2185 2231 2251 expulsos

696 2271 1025 2342 proﬂigasse.

766 2364 1080 2431 Quanquam
1137 2380 1200 2417 ne
1220 2364 1545 2431 hocquidem
1598 2364 2065 2427 dissimulandum,
2097 2362 2233 2416 Tur-

696 2470 949 2510 comanos
975 2471 1065 2509 cas
1084 2457 1344 2524 regiones,
1378 2472 1495 2510 cum
1520 2458 1725 2526 oppidis
1747 2474 1847 2509 non
1878 2472 2065 2526 magno
2087 2457 2230 2508 labe-

698 2560 755 2599 re
784 2560 884 2599 suo
913 2561 1128 2614 parasse
1156 2562 1309 2605 :nee,
1351 2548 1425 2597 uti
1452 2548 1601 2599 bonae
1623 2547 1738 2599 fidei
1762 2562 2119 2613 possessores,
2145 2548 2231 2614 jus

697 2650 852 2689 suum
880 2634 1173 2702 longissimi
1206 2635 1455 2703 temporis
1508 2636 1905 2704 praescriptione
1937 2638 2095 2689 tutari
2136 2652 2228 2704 pn-

699 2729 883 2780 tuisse.
916 2724 1283 2780 Nihilominus
1334 2727 1453 2789 hoc,
1515 2743 1621 2795 quo
1672 2728 1893 2789 dictum,
1932 2729 2085 2781 modo
2118 2729 2229 2780 suis

698 2814 856 2880 ejecti
902 2815 1113 2877 linibus,
1147 2818 1213 2868 ad
1243 2816 1567 2872 Alcairensis
1626 2818 1820 2871 sultani
1877 2818 2226 2887 patrocinium

697 2916 757 2953 se
792 2903 1081 2964 contulere,
1113 2905 1211 2957 sub
1238 2905 1352 2970 ejus
1376 2906 1599 2974 imperio
1638 2906 1760 2958 sede
1786 2907 1883 2959 sibi
1914 2907 2225 2959 constituta.

698 2990 879 3045 Potuit
911 2995 1176 3047 istantum
1204 2994 1429 3057 efﬁcere,
1462 2997 1585 3047 dum
1641 2994 1894 3049 thderun
1930 2994 2076 3048 Citan
2102 3011 2228 3049 con-

692 3081 849 3149 jectis
881 3084 932 3135 in
966 3082 1231 3136 Temirem
1261 3083 1703 3145 Cbanemoculis,
1737 3085 1961 3137 sollicite
1984 3099 2226 3154 pregres-

699 3187 793 3223 sus
826 3173 996 3239 ipsius
1025 3174 1353 3237 observaret;
1418 3184 1654 3242 utopera
1711 3191 1805 3229 sua
1862 3174 2226 3232 Turcomanos

1727 2109 1949 2158 prorsus
2009 2093 2263 2161 denique

2342 1540 2435 1601 ris,
2464 1550 2513 1593 t-t
2537 1539 2763 1602 Omc-ris,
2788 1555 2839 1595 et
2895 1536 3134 1609 Mueigae,
3184 1544 3277 1612 qui
3337 1544 3653 1597 Maltumetis
3714 1541 3841 1594 fuerit

2340 1645 2545 1697 cursor.
2585 1632 2690 1683 lloc
2720 1634 3013 1695 intellecto,
3045 1648 3268 1703 corpora
3324 1634 3539 1701 quidem
3578 1635 3833 1686 incolarum

2336 1736 2452 1773 esse
2475 1720 2635 1773 libera
2660 1722 2838 1787 jussit,
2871 1722 2961 1773 sed
2996 1722 3273 1774 facultates
3312 1737 3497 1775 omnes
3548 1723 3621 1773 eis
3651 1720 3837 1772 ademit.

2340 1811 2592 1864 Cltetttesa
2621 1812 2916 1871 discedens,
2954 1823 3003 1864 et
3024 1812 3339 1866 Beallecum
3382 1812 3661 1880 profectus,
3697 1812 3743 1863 id
3767 1825 3838 1873 np-

2338 1905 2514 1972 pidutn
2551 1904 2695 1969 prius
2721 1904 2980 1969 direptum
3018 1904 3210 1958 vastari
3241 1918 3429 1972 passus
3459 1912 3559 1956 est.
3614 1902 3839 1953 Bealbeto

2342 1997 2651 2048 Damascum
2681 1994 2862 2057 rediit,
2893 2010 3072 2047 arcem
3117 1995 3262 2048 urbis
3316 1993 3429 2061 ejus
3460 2002 3799 2060 occupaturus
3826 2004 3837 2039 :

2338 2102 2518 2139 verum
2559 2086 2951 2155 oppugnatione
2975 2087 3143 2155 prima
3182 2085 3311 2139 nihil
3346 2084 3538 2138 eﬂ'ecit.
3565 2084 3836 2152 Igitut-eam

2334 2180 2509 2230 denuo
2533 2178 2918 2230 vehementiori
2949 2178 3176 2229 militum
3230 2191 3513 2246 aggressus
3538 2178 3747 2244 impetu,
3800 2172 3837 2225 vi

2338 2272 2496 2337 cepit.
2535 2270 2793 2323 Damasco
2836 2272 2885 2322 in
2913 2278 3226 2337 potestatem
3255 2269 3489 2328 redacta,
3519 2282 3751 2322 reversus
3776 2274 3841 2316 est

2335 2363 2383 2415 itt
2415 2362 2704 2422 Parthiam,
2738 2373 2789 2413 et
2819 2362 2883 2414 ad
2912 2363 3097 2415 urbem
3122 2361 3454 2428 Carabagum
3473 2360 3661 2413 castris
3692 2361 3835 2411 locant

2334 2458 2745 2525 delegit,eoque
2802 2471 2920 2508 cum
2975 2456 3086 2510 suis
3117 2455 3168 2508 itt
3238 2453 3457 2507 ltiberna
3519 2467 3576 2507 se
3625 2450 3837 2505 contulit.

2338 2548 2687 2615 Posteaquam
2717 2548 2857 2600 vet-is
2896 2556 3106 2615 tempus
3135 2545 3465 2614 appetiisset,
3494 2544 3751 2597 Amasiam
3779 2541 3839 2592 sic

2334 2636 2482 2689 dtnit
2512 2637 2827 2701 exercitum,
2870 2646 2927 2688 ut
2956 2636 3234 2703 Erzingam
3282 2634 3428 2701 prius
3446 2632 3713 2686 accederet
3741 2630 3837 2691 ,itt-

2333 2728 2396 2781 de
2431 2743 2611 2780 versus
2637 2726 2891 2795 Ettgurim
2927 2734 3192 2795 pergeret.
3267 2725 3347 2778 Ab
3376 2726 3541 2778 altera
3599 2732 3738 2791 parte
3786 2732 3839 2771 ne

2304 2819 2584 2871 .(iilderun
2625 2818 2839 2885 quidem
2867 2809 3014 2870 Cttan
3045 2816 3250 2870 otiosus
3304 2825 3441 2878 erat,
3497 2814 3590 2868 sed
3612 2813 3739 2866 bello
3764 2824 3837 2875 ge-

2331 2907 2497 2959 rendo
2530 2907 2785 2968 intentus,
2815 2906 3075 2959 maximas
3122 2905 3341 2974 cogebat
3364 2904 3566 2972 copias.
3604 2902 3653 2954 ln
3678 2898 3837 2968 primis

2330 3011 2455 3047 vero
2494 2995 2806 3048 Tatarorttm
2841 3012 2903 3049 ex
2929 2996 3147 3061 regione
3194 2996 3429 3049 Destensi
3472 2991 3832 3046 multitudinem

2331 3101 2493 3157 prope
2525 3087 2785 3140 ittlinitam
2826 3087 2926 3139 sibi
2957 3085 3199 3151 adjunxit
3228 3102 3242 3141 :
3276 3100 3411 3144 quos
3441 3100 3528 3149 per
3552 3082 3833 3135 Moldaviatu

2328 3177 2618 3246 profectos,
2649 3186 2698 3229 et
2733 3176 2783 3229 in
2809 3176 3149 3235 ;llomaniam
3182 3170 3404 3233 effusos,
3428 3172 3549 3225 inde
3606 3186 3771 3225 secum
3792 3168 3833 3219 itt

698 3262 909 3313 exsules
934 3264 991 3313 in-
1028 3261 1291 3331 integrum
1328 3266 1649 3320 restitueret.
1699 3266 1779 3317 Illi
1818 3277 1992 3320 tamen
2048 3266 2224 3330 facile.
2253 3281 2298 3342 ρ
2330 3270 2609 3327 Natoliam
2633 3266 2871 3319 abduxit.
2903 3266 2982 3319 Ad
3008 3280 3292 3327 summam,
3335 3265 3490 3317 talem
3521 3278 3585 3317 ac
3605 3270 3833 3315 tantutne

698 3353 861 3405 certis
933 3355 1144 3409 adducti
1212 3371 1386 3408 rerum
1442 3358 1788 3425 argumentis,
1844 3360 2231 3427 perspiciebant

699 3442 983 3509 Bajztsiteut
1009 3463 1113 3499 non
1150 3450 1316 3500 multo
1337 3459 1451 3517 post
1481 3451 1653 3508 {haud
1712 3451 1871 3505 dubie
1929 3469 2013 3505 res
2067 3468 2231 3507 novas

700 3536 1237 3606 tttoliturmn.ltaque
1291 3557 1411 3592 cum
1479 3542 1809 3612 principibus
1859 3546 2087 3609 caeteris,
2142 3545 2231 3613 qui

696 3630 885 3693 partim
924 3644 951 3680 a
989 3629 1274 3682 Gilderune
1294 3631 1431 3704 bello
1484 3634 1650 3700 petiti,
1676 3636 1863 3701 partim
1890 3636 2001 3688 suis
2023 3635 2230 3703 Spoliati

698 3718 927 3772 fortunis
960 3734 1135 3783 erant,
1171 3737 1290 3773 eum
1318 3721 1579 3776 Tecltrine
1624 3726 1886 3787 videlicet,
1939 3742 2059 3779 cum
2100 3727 2233 3781 Ger-

699 3811 898 3873 miano,
935 3826 1053 3862 cum
1085 3814 1351 3868 Dttzinone
1396 3817 1663 3870 Aidinensi
1718 3818 1867 3885 bego,
1896 3835 2013 3871 cum
2036 3818 2232 3872 Mente-

698 3906 780 3958 sio
807 3903 1055 3975 denique,
1083 3907 1253 3963 foedus
1279 3918 1436 3975 atque
1482 3911 1785 3962 societatem
1815 3911 2065 3963 inierunt.
2107 3912 2228 3964 0m-

696 4012 793 4051 nes
830 3996 971 4050 enim
1013 4000 1085 4063 hi,
1118 4015 1342 4068 quorum
1388 4015 1694 4055 enumerata
1749 4002 1984 4066 nomina,
2008 4019 2110 4056 non
2137 4005 2224 4055 mi-

698 4100 890 4139 norum
927 4090 1083 4154 quasi
1112 4089 1344 4153 gentium
1408 4092 1607 4144 domini
1658 4093 1915 4145 duntaxat
1968 4095 2018 4145 in
2050 4094 2231 4147 iister-

697 4175 795 4237 ris,
834 4191 1016 4229 verum
1051 4178 1207 4229 etiam
1256 4178 1522 4245 principes
1582 4191 1753 4233 erant.

697 4268 964 4319 communi
989 4268 1199 4321 neruine
1259 4278 1417 4321 ntlssa
1468 4269 1565 4323 fuit
1588 4271 1650 4325 ad
1717 4272 1977 4325 Temircm
2020 4274 2230 4341 legatio,

696 4376 814 4427 quae
840 4375 960 4413 cum
992 4360 1060 4413 ad
1092 4364 1264 4430 ipsum
1314 4364 1658 4430 pervenisset,
1703 4364 1989 4433 deploratis
2018 4368 2229 4419 illorum

698 4451 995 4517 principum
1024 4454 1275 4505 arumnis
1306 4462 1461 4520 atque
1512 4455 1763 4519 miseriis,
1826 4465 2026 4509 tantum
2094 4462 2231 4527 apud

696 4554 819 4593 eum
850 4541 1089 4592 oratione
1118 4555 1210 4593 sua
1270 4541 1526 4608 perfecit,
1576 4556 1630 4596 ul
1654 4545 1846 4598 bellum
1877 4563 1932 4599 se
1964 4550 2227 4601 facturum

1829 4182 1907 4234 Ab
1965 4183 2045 4235 Itis
2107 4197 2237 4248 ergo

2334 3361 2592 3413 Romanis
2649 3360 3004 3427 Anatoliaque
3028 3356 3569 3427 coltegitexercitum.
3599 3365 3654 3408 ut
3676 3355 3835 3406 adver-

2334 3453 2491 3506 sariis
2525 3452 2610 3505 ille
2646 3446 2814 3520 copiis
2865 3451 3016 3505 facile
3046 3450 3339 3520 comparari
3364 3458 3568 3518 posset.
3602 3447 3725 3501 Cum
3769 3442 3837 3494 his

2333 3558 2459 3611 ergo
2482 3542 2854 3610 profectionem
2883 3558 3067 3596 versus
3093 3541 3341 3609 Engurim
3369 3539 3620 3599 instituit.
3644 3533 3837 3600 sumptis

2333 3649 2511 3687 secum
2537 3634 2588 3687 in
2614 3635 2690 3688 eis
2717 3632 3067 3701 expeditionis
3094 3634 3399 3686 SOClttlalem
3426 3630 3545 3683 ﬁliis
3602 3628 3723 3683 suis.
3758 3622 3837 3677 Ubi

2331 3725 2438 3794 jam
2471 3739 2590 3779 cum
2613 3724 3247 3791 exercitibusimpcrator
3284 3723 3413 3775 alter
3435 3720 3500 3775 ab
3550 3722 3711 3775 altero
3752 3732 3836 3771 non

2334 3816 2513 3883 procul
2556 3815 2758 3869 aberat.
2809 3812 3301 3881 forteTemit'Cbatt
3322 3812 3404 3865 die
3423 3815 3651 3880 quodam
3697 3810 3836 3866 lovis,

2335 3906 2504 3975 prima
2529 3904 2682 3973 321
2712 3904 2847 3967 lucc,
2876 3903 3130 3969 processit
3151 3903 3214 3955 ad
3238 3904 3464 3969 spatium
3486 3900 3839 3957 utediutttinter

2334 4000 2608 4051 amborum
2634 3998 2922 4058 exercitus,
2955 4005 3111 4063 atque
3138 3995 3204 4046 ibi
3233 3995 3418 4047 castris
3456 3995 3629 4048 locum
3659 3990 3837 4054 delegit.

2335 4102 2503 4151 caque
2539 4086 2677 4140 fossa
2713 4086 3068 4138 circumducta
3127 4086 3371 4139 munivit.
3429 4084 3629 4138 Eodem
3662 4094 3709 4135 et
3748 4080 3835 4133 Gil-

2333 4179 2499 4229 dertm
2534 4178 2679 4227 Chan
2728 4192 2844 4227 cum
2891 4191 3006 4228 sese
3059 4176 3159 4229 sub
3197 4192 3467 4244 vesperum
3534 4175 3835 4230 contulisset,

2334 4277 2506 4319 castta
2542 4280 2633 4333 pro
2668 4264 2777 4316 sitis
2831 4262 3010 4315 itidem
3041 4264 3211 4331 copiis
3246 4273 3472 4314 metatus
3501 4271 3603 4316 est.
3636 4258 3835 4312 Tandem

2334 4358 2417 4407 die
2461 4357 2687 4422 quodam
2722 4353 2967 4418 Veneris,
3023 4370 3233 4409 summo
3277 4368 3456 4416 mane,
3507 4342 3764 4406 instructis
3786 4346 3840 4399 ab

2336 4456 2559 4514 utraque
2614 4457 2765 4515 parte
2820 4448 3056 4509 aciebus,
3121 4461 3149 4500 e
3221 4446 3419 4500 fossato
3487 4448 3709 4515 quisque
3760 4454 3840 4495 suo

2334 4547 2516 4591 contra
2546 4554 2603 4591 se
2652 4540 2872 4591 invicem
2927 4536 3359 4607 progrediuntur.
3394 4538 3456 4590 Et
3513 4538 3748 4591 Gildertm
3778 4534 3836 4583 ill

696 4630 996 4691 Gilﬂeruni,
1025 4644 1127 4697 quo
1163 4626 1337 4682 illatas
1369 4630 1498 4698 ipsis
1522 4632 1809 4685 vindicaret
1836 4636 2084 4701 injurias,
2111 4640 2225 4703 pnl-
2266 4622 2305 4673 Ι)
2336 4645 2465 4683 suos
2498 4632 2790 4694 ordinarat,
2849 4640 2906 4683 ut
2950 4630 3256 4683 adversario
3306 4646 3363 4683 se
3415 4647 3520 4693 non
3568 4630 3834 4683 inferiorem

696 4722 971 4774 llceretur.
1003 4722 1138 4775 Ante
1162 4730 1359 4783 tamen,
1390 4738 1547 4791 quam
1580 4722 1775 4776 bellum
1829 4726 1930 4779 hoc
1963 4724 2233 4781 Gilderuni

700 4812 883 4864 'l‘emir
911 4812 1154 4875 inferret,
1179 4813 1422 4868 exsulum
1447 4829 1604 4868 causa
1634 4831 1759 4871 suos
1791 4816 1855 4870 ad
1920 4832 2040 4870 eum
2096 4817 2239 4869 misit

702 4901 1078 4966 internuntios,
1099 4919 1309 4956 omnem
1335 4906 1494 4973 (quod
1540 4906 1706 4973 aiunt)
1729 4905 1950 4974 lapidem
1979 4917 2236 4967 moturos,

704 5004 762 5045 ttt
795 4993 933 5045 inter
964 5002 1247 5062 utramque
1272 5006 1476 5062 partem
1504 4997 1881 5065 transigerent,
1910 4997 2068 5064 idque
2102 5001 2237 5051 dun-

2340 4718 2578 4772 futurum
2613 4720 2962 4773 existimaret.
2997 4720 3171 4773 llebus
3215 4720 3485 4773 universis
3513 4730 3653 4774 recte
3696 4719 3837 4775 dispo-

2340 4809 2478 4872 sitis,
2513 4826 2632 4862 cttm
2666 4810 2813 4877 signa
2850 4810 2973 4862 hinc
3005 4809 3124 4863 inde
3163 4812 3369 4865 sublata
3394 4810 3694 4872 volitarent,
3728 4807 3839 4860 tuba‘

2341 4901 2670 4968 clangerent,
2703 4911 2946 4969 tympana
2993 4902 3284 4955 castrensia
3317 4899 3654 4966 pulsarentur
3681 4909 3725 4952 et
3751 4896 3837 4964 jam

2336 4991 2557 5058 jamque
2576 5005 2917 5043 concursum:
2942 4990 3248 5044 viderentur
3261 4990 3403 5043 acies
3426 5006 3441 5043 :
3465 4999 3577 5044 tum
3598 5006 3716 5043 vero
3734 4987 3837 5038 Des.

2341 5090 2519 5134 tenses
2544 5079 2744 5141 Tatari,
2774 5080 2966 5132 violata
2985 5079 3089 5133 title
3115 5079 3350 5139 militari,
3380 5095 3501 5134 mox
3524 5084 3590 5134 ad
3610 5079 3839 5135 Tetttirem

2343 5170 2695 5232 transierunt,
2718 5170 3006 5236 itidemque
3026 5167 3215 5223 tttilitcs
3230 5182 3259 5220 e
3284 5170 3590 5237 regionibus
3608 5160 3841 5224 Germiaﬂi

2342 5267 2396 5310 et
2419 5257 2681 5321 Metttesii,
2700 5259 2839 5327 quod
2876 5258 3111 5326 ipsorum
3137 5260 3400 5327 principes
3423 5278 3450 5313 a
3479 5260 3702 5314 Temiris
3726 5256 3839 5309 Cltaa

2344 5350 2428 5404 nis
2452 5350 2940 5417 partibusgstarent.
2965 5350 3029 5401 ad
3060 5351 3271 5406 eosdem
3308 5367 3367 5407 se
3396 5362 3725 5420 receperunt.
3746 5345 3840 5409 Quo

2347 5439 2569 5503 factutn,
2593 5452 2649 5494 ut
2673 5442 2946 5509 porissima
2970 5456 3112 5509 pars,
3130 5452 3181 5495 et
3202 5442 3375 5513 ipsum
3395 5446 3529 5498 adeo
3551 5446 3706 5497 robur
3720 5451 3839 5489 exer-

2344 5533 2501 5595 citus,
2536 5533 2619 5586 cui
2655 5534 2884 5587 ιιιειχίινε
2916 5533 3131 5600 tidebat,
3160 5536 3226 5588 ab
3248 5550 3313 5589 eo
3350 5538 3616 5595 deticeret,
3636 5547 3692 5584 ac
3714 5526 3842 5599 pellis

2345 5623 2442 5677 diae
2469 5626 2674 5677 macula
2700 5639 2757 5677 se
2780 5626 3185 5682 contaminaret.
3215 5626 3355 5694 Quin
3383 5630 3542 5682 etiam
3568 5628 3674 5681 suis
3702 5639 3727 5676 a
3762 5619 3817 5673 tui

2346 5714 2528 5768 litibus
2546 5713 2808 5777 Tui-eicis,
2829 5715 2917 5781 qui
2948 5717 3137 5771 animis
3157 5719 3211 5773 in
3239 5734 3365 5774 eum
3403 5713 3837 5771 nonnihiloﬂensis

2343 5806 2767 5867 erant,desertus
2786 5803 2901 5858 fuit.
2924 5803 3740 5865 UnustantummodoBulcifilius
3754 5806 3842 5856 suis

2345 5914 2461 5952 Ctttll
2495 5897 2663 5968 copiis
2692 5906 2988 5952 t‘mtslatttct
3028 5901 3281 5953 adversus
3308 5903 3507 5956 hostem
3550 5899 3843 5957 substitit.“

708 5090 856 5135 taxat
884 5096 1051 5134 unum
1092 5082 1451 5151 impetrarent.
1484 5099 1591 5151 quo
1629 5083 1708 5135 fas
1753 5086 2012 5137 restitutis
2041 5088 2237 5139 exsuli-

706 5174 808 5227 bus
859 5180 1021 5234 esset.
1070 5174 1354 5241 tranquille
1382 5174 1677 5228 ditionibtts
1720 5177 1832 5227 suis
1879 5179 2240 5247 absqueinju-

705 5262 784 5313 tia
812 5260 1140 5328 Gilderunis,
1171 5262 1377 5326 utendi,
1410 5262 1644 5315 fruendi.
1671 5262 1861 5315 Verum
1897 5267 1994 5319 hac
2022 5266 2239 5336 legatio-

706 5364 771 5401 ne
802 5349 1074 5403 incassum
1101 5350 1286 5413 missa,
1322 5365 1445 5402 eum
1468 5350 1651 5402 Temir
1673 5365 1701 5401 a
1733 5349 2017 5403 Gilderune
2037 5353 2237 5423 despici

706 5455 764 5493 tte
796 5440 1172 5507 contemnique
1205 5439 1405 5492 videret
1428 5477 1442 5497 ι
1478 5448 1851 5508 praepotentem
1884 5442 2059 5509 coegit
2089 5456 2241 5493 exer-

706 5531 897 5592 citum,
928 5544 1037 5597 quo
1076 5531 1143 5583 ad
1189 5528 1368 5582 urbem
1400 5546 1518 5597 quae
1551 5529 1761 5583 Sivaste
1797 5532 1996 5585 dicitur
2023 5572 2037 5596 ,
2068 5531 2241 5585 addu—

707 5631 820 5687 cto,
848 5635 1041 5690 magna
1072 5620 1215 5671 illam
1235 5617 1501 5673 celeritate
1525 5633 1616 5685 per
1672 5620 1775 5672 vim
1815 5624 2130 5690 expugnavit
2190 5631 2244 5675 et

709 5715 919 5777 evertit,
952 5716 1064 5783 ipsa
1097 5713 1259 5765 etiam
1321 5725 1446 5765 arce
1502 5711 1701 5762 diruta.
1753 5711 2053 5766 Secundum
2126 5715 2238 5767 haec

710 5803 951 5870 ingentes
983 5804 1101 5857 illas
1129 5800 1311 5869 copias
1332 5799 1646 5853 Damascum
1672 5798 1841 5852 duxit.
1868 5800 2086 5853 Interim
2111 5818 2237 5859 vero

713 5893 957 5952 Sullanus
988 5897 1205 5958 Alcairi,
1237 5891 1496 5949 militibus
1519 5890 1630 5945 suis
1688 5890 1920 5955 Alcairo,
1956 5893 2234 5963 Damasco,
