3970 6348
120 498 212 555 rm
1293 476 1296 479 ’
1351 520 1701 580 ANNALEs
1740 523 2099 592 TURCICL

3213 531 3327 592 59$

117 615 352 709 animose
376 618 651 685 pugnavit.
671 620 786 686 Quo
807 622 1293 697 Teniireonspecto
1315 650 1325 683 :
1350 632 1490 688 Proh
1506 652 1664 704 quam

1773 639 2078 700 occasione,
2135 637 2398 692 Tetnirem
2452 636 2776 708 alloquens:
2812 638 3068 709 Equidem
3122 636 3315 703 fateor,

118 704 316 758 feroces
346 716 398 758 et
433 709 716 763 truculenti
738 722 863 767 sunt
889 715 976 769 isti
1002 716 1249 779 Dervisii.
1273 722 1441 789 dixit;
1468 736 1669 795 quanto

114 810 229 845 enm
256 794 453 851 ardore
473 798 766 854 dimicant!
799 802 875 856 Ad
906 819 1021 872 qua:
1052 807 1118 861 de
1150 794 1495 869 senatoribus
1523 816 1668 885 quis-

115 886 254 957 piam
285 903 298 937 :
333 884 450 940 Non
496 889 547 941 hi
586 889 807 948 dervisii
866 906 1040 962 sunt,.
1069 900 1163 963 ait,
1212 903 1301 955 sed
1348 884 1664 959 Christiani.

114 976 347 1032 Tandem
373 989 429 1034 et
457 979 605 1036 Bnlci
661 984 803 1038 filius
854 989 1256 1059 animadvertit,
1304 1000 1574 1050 incassum
1610 988 1669 1050 se

112 1077 213 1120 tam
242 1071 444 1125 acriter
473 1073 768 1141 prmliaudo
811 1078 1082 1136 laborare.
1128 1082 1259 1137 Nam
1296 1097 1344 1139 et
1374 1088 1473 1156 ipsi
1507 1090 1667 1144 Tus-ci

109 1161 210 1228 jam
244 1163 296 1217 in
327 1166 640 1222 universum
665 1168 804 1238 fugae
825 1187 884 1225 se
910 1171 1192 1230 dederant.
1225 1177 1407 1244 itaque
1433 1180 1667 1235 collectis

112 1253 242 1309 suis.
273 1256 518 1313 nonnihil
560 1260 625 1313 ad
682 1261 905 1315 aiterum
959 1264 1101 1319 latus
1156 1281 1222 1321 ex
1269 1270 1384 1323 acie
1432 1271 1664 1326 deflexit.

111 1342 251 1398 ldcm
302 1363 429 1401 cum
459 1350 569 1404 suis
602 1359 657 1405 et
683 1350 991 1408 Gilderunis
1024 1356 1164 1411 lilius
1214 1358 1523 1427 Mustaphas
1570 1363 1669 1415 Ze-

110 1436 252 1517 lebis
277 1438 425 1504 fecit,
461 1441 549 1509 qui
581 1442 746 1495 etiam
790 1444 892 1497 hoc
926 1448 1109 1514 prtelio
1158 1451 1336 1517 periit.
1387 1452 1507 1506 llaec
1542 1469 1663 1506 cum

110 1528 205 1594 ipsi
274 1530 453 1584 bassa:
490 1531 774 1599 vidissent,
830 1534 1063 1590 abducto
1124 1554 1305 1592 secum
1356 1543 1523 1596 entire
1571 1543 1666 1595 So-

110 1619 363 1685 leitnaue,
396 1620 572 1691 fugam
607 1624 977 1694 arripuerunt.
1015 1626 1277 1684 Sullanus
1307 1630 1668 1687 llluehemetes

109 1728 226 1767 cum
262 1715 384 1768 suis
413 1716 683 1770 Amasiam
718 1720 946 1786 repetiit.
992 1720 1149 1775 Solus
1175 1721 1350 1788 adhuc
1381 1738 1502 1776 cum
1534 1741 1668 1794 pra:-

110 1806 318 1859 toriano
353 1808 609 1861 comitatu
662 1808 917 1863 Gilderun
971 1812 1120 1865 Chao
1163 1815 1421 1869 immotus
1468 1815 1663 1872 stabat.

110 1894 205 1946 Sed
236 1896 456 1949 tandem
487 1896 539 1949 in
570 1895 740 1950 hostis
766 1907 1081 1963 potestatem
1112 1904 1275 1962 venit.
1306 1912 1361 1956 et
1383 1904 1447 1957 ad
1489 1904 1666 1957 Temi-

1769 730 1863 791 ait.
1891 744 1923 783 o
1946 730 2118 790 Chao,
2150 730 2227 784 sic
2257 729 2308 782 in
2337 728 2459 783 falis
2495 728 2685 783 fuisse.
2724 727 2845 783 Tibi
2878 730 3129 805 divinitus
3154 726 3337 786 desti!’

1772 830 1888 873 nata
1923 820 2023 875 fuit
2063 822 2312 875 victoria.
2374 820 2476 891 Sed
2515 829 2616 886 cst,
2650 821 2794 891 quod
2843 822 2938 877 abs
2989 808 3038 877 te
3090 833 3264 891 petam
3299 839 3315 875 :

1768 913 1927 964 modo
1967 921 2015 964 et
2068 913 2255 965 audire
2287 928 2394 973 me,
2421 920 2472 965 et
2506 912 2744 965 adnuere
2779 911 3021 979 petitioni
3058 912 3315 967 volueris.

1769 1001 1846 1054 Ad
1886 1017 2005 1070 qua:
2045 999 2272 1056 Temir:
2322 1000 2616 1071 Quidquid,
2668 1003 2762 1059 ait.
2809 1016 2838 1052 a
2871 1016 2955 1055 me
2996 1002 3232 1069 petieris.
3285 1020 3318 1051 o

1768 1092 1941 1155 Chan,
1967 1108 2305 1161 nequaquam
2332 1091 2425 1145 tibl
2460 1093 2833 1162 denegabitur.
2856 1093 2993 1145 Tum
3024 1090 3315 1160 Bajazites:

1767 1183 1902 1247 Hoc,
1932 1200 2119 1246 unum,
2164 1183 2356 1250 inquit,
2378 1183 2474 1238 abs
2505 1193 2556 1237 te
2581 1179 2738 1251 peto,‘
2760 1189 2825 1237 ne
2858 1183 3115 1237 familiam
3145 1199 3317 1237 meam

1768 1275 2005 1339 aboleas,
2041 1284 2093 1327 et
2118 1273 2346 1329 Tataros
2392 1276 2465 1329 uti
2505 1285 2677 1329 tecum
2710 1274 2968 1328 ahducas.
2999 1273 3129 1330 Mihi
3175 1276 3317 1342 quod

1767 1366 1983 1427 accidit,
2045 1366 2204 1419 etiam
2265 1366 2363 1420 tibi
2423 1374 2596 1434 potest
2636 1366 2897 1420 accidere.
2960 1364 3074 1418 Non
3118 1365 3317 1419 bonum

1768 1469 1870 1525 est,
1906 1458 1976 1510 ita
2010 1459 2199 1511 szevire
2232 1457 2384 1519 velle,
2424 1464 2484 1511 ut
2518 1472 2739 1523 prorsus
2773 1457 3008 1510 aboleas.
3038 1454 3133 1510 llis
3166 1456 3320 1510 andi.

1769 1547 1856 1609 tis,
1918 1545 2188 1599 facturum
2248 1562 2304 1599 se
2347 1543 2529 1598 Temir
2588 1547 2809 1615 recepit,
2868 1547 3009 1614 quod
3062 1545 3323 1615 Bajazites

1767 1634 2113 1704 postulasset.
2170 1635 2428 1704 Adeoque
2488 1636 2691 1689 coactis
2742 1636 2794 1687 in
2849 1652 3016 1688 unum
3090 1636 3323 1700 Tataris,

1768 1740 1948 1779 secum
1980 1741 2072 1778 eos
2103 1725 2345 1779 abduxit.
2377 1726 2694 1793 Speraverat
2726 1726 2811 1779 ille
2832 1726 3045 1795 quidem
3073 1727 3317 1779 futurum

1768 1827 1826 1869 nt.
1848 1818 2115 1887 quispiam
2151 1817 2379 1870 liliorum
2440 1817 2750 1871 Gilderunis
2785 1820 2955 1885 ipsum
2984 1819 3319 1883 conveniret,

1769 1910 1860 1963 scd
1893 1911 2017 1975 quia
2049 1908 2151 1963 sibi
2182 1909 2776 1972 metuebant,vaccessit
2801 1925 2978 1963 nemo.
3010 1909 3316 1963 Secundum

110 2004 214 2041 rem
243 1988 543 2058 perductus
584 1990 701 2044 fuit.
736 1991 793 2046 Ei
826 1993 1011 2047 Temir
1057 1994 1206 2049 Chan
1241 1997 1403 2064 pedes
1449 1996 1660 2049 obviam
1696 1994 1734 2047 Β
1764 2005 1877 2057 Ιιίιξρ
1909 2004 1994 2057 die
2027 2002 2261 2071 quodam
2297 2003 2515 2065 accidit,
2556 2012 2609 2054 ιιι
2646 2003 2830 2055 Temir
2867 2002 3183 2069 ποιηρειιειο
3211 2002 3325 2058 cit-

108 2082 393 2147 processit,
442 2093 833 2154 exceptumque
860 2100 1049 2153 magna
1095 2102 1216 2139 cum
1271 2087 1491 2141 honoris
1523 2089 1665 2142 dela-

110 2175 264 2232 tione,
300 2189 462 2227 suum
496 2173 549 2227 in
578 2176 866 2229 tentorium
892 2177 1131 2231 deduxit.
1159 2179 1230 2231 lbi
1260 2194 1381 2233 cum
1405 2195 1467 2234 ex
1499 2194 1664 2249 equo,

107 2261 539 2318 Temirianorum
584 2266 800 2334 adjutus
825 2282 1009 2338 opera,
1043 2270 1429 2337 descendisset,
1493 2271 1664 2335 lmmi,

108 2371 201 2424 pro
222 2371 380 2441 more
401 2357 594 2427 gentis,
619 2358 670 2411 in
694 2360 876 2413 eodem
898 2362 1058 2415 ambo
1080 2369 1255 2430 tapete
1277 2362 1662 2416 consederunt.

108 2452 258 2506 Prior
286 2452 475 2507 Temir
513 2452 662 2508 Chan
718 2454 783 2507 de
841 2457 957 2509 suis
997 2457 1158 2512 rebus
1216 2472 1335 2510 cum
1378 2457 1664 2511 Gilderune

108 2545 336 2614 colloqui
377 2545 558 2615 rapit.
586 2544 714 2600 lnde
740 2561 860 2599 cum
883 2546 1059 2621 cibum
1088 2564 1192 2603 una
1217 2559 1511 2612 sumerent,
1546 2565 1667 2601 rur-

110 2653 223 2690 sum
258 2638 446 2694 Temir
475 2640 804 2710 colloquium
844 2656 1070 2696 exorsus
1099 2658 1113 2695 :
1142 2644 1184 2695 0
1211 2642 1384 2705 Chan,
1419 2642 1516 2705 ait,
1549 2643 1667 2696 inii-

110 2731 245 2783 nitas
296 2731 616 2798 praepotenti
654 2731 761 2787 Deo
792 2733 992 2802 gratias
1034 2742 1089 2786 et
1135 2734 1363 2804 hymnos
1409 2735 1665 2788 debemus

109 2828 355 2889 uterque,
392 2831 502 2876 tum
564 2824 705 2893 quod
761 2826 895 2879 mihi
951 2825 1147 2881 misere
1192 2826 1545 2892 claudicanti,
1599 2829 1665 2881 ab

110 2915 233 2979 ipsis
281 2915 453 2969 lndi:e
488 2916 704 2975 ﬁnibus,
735 2914 801 2969 ad
832 2926 1015 2985 portas
1051 2933 1223 2988 usque
1255 2917 1483 2993 Sit'asta:
1518 2920 1664 2972 urbis

110 3010 394 3076 imperium
425 3011 653 3081 largitus
705 3012 795 3074 sit.
830 3022 941 3066 tum
992 3014 1135 3080 quod
1190 3029 1253 3067 cx
1305 3016 1470 3069 altera
1516 3023 1665 3084 parte

109 3104 261 3158 tibia
312 3103 539 3158 Sivastae
604 3104 900 3166 manibus,
957 3104 1023 3158 ad
1073 3107 1221 3175 ipsos
1245 3122 1415 3174 usque
1469 3107 1664 3161 limites

108 3190 380 3261 Ungarite.
425 3195 754 3250 dominatum
807 3196 1161 3251 coneesserit.
1196 3196 1253 3250 Si
1298 3197 1404 3251 Deo
1460 3197 1665 3259 luberet

109 3286 419 3339 universum
461 3287 661 3343 orbem
723 3297 985 3341 terrarum
1035 3290 1245 3357 partiri,
1302 3290 1427 3358 quid
1490 3290 1664 3357 majus

107 3376 294 3429 claudo
317 3376 462 3444 dare.
492 3378 944 3445 posset?‘ldcirco
974 3395 1077 3432 non
1106 3380 1200 3434 abs
1232 3396 1287 3433 re
1311 3383 1516 3451 :uagnis
1564 3383 1663 3450 ipsi

106 3466 285 3535 gratiis
315 3468 541 3537 agendis
574 3469 791 3522 obnoxii
825 3486 1035 3525 sumus.
1068 3470 1147 3524 Tu
1180 3488 1306 3526 vero
1341 3490 1531 3539 parum
1560 3474 1667 3528 for-

108 3567 245 3613 tasse
276 3559 388 3613 Deo
411 3568 596 3628 gratus
633 3557 805 3623 fuisti,
851 3576 912 3615 ac
942 3571 1225 3631 propterea
1260 3562 1382 3616 talis
1434 3578 1495 3617 ac
1520 3571 1666 3616 tanta

110 3650 198 3703 tibi
234 3650 521 3704 calamitas
582 3650 797 3707 accidit.
852 3651 983 3716 Qure
1028 3667 1153 3706 cum
1206 3652 1450 3715 dixisset,
1490 3654 1667 3707 denuo

110 3741 396 3810 Bajazitem
424 3744 763 3810 interrogans
796 3758 811 3795 :
843 3741 913 3795 Mi
941 3740 1115 3805 Chan,
1164 3744 1259 3807 ait,
1289 3747 1331 3798 si
1388 3752 1477 3797 tua
1503 3744 1663 3801 situm

107 3844 243 3887 esset
277 3834 333 3887 in
362 3843 652 3903 potestate,
677 3849 886 3889 mecum
920 3843 978 3888 ut
1003 3852 1187 3906 ageres
1216 3851 1313 3906 pro
1352 3837 1508 3892 libitu
1543 3846 1663 3891 tuo:

108 3928 226 3988 quid
258 3926 491 3981 obsecro
523 3926 589 3980 de
619 3940 704 3979 me
737 3927 941 3982 faceres
969 3926 993 3979 ?
1024 3943 1141 3996 age,
1170 3928 1447 3982 veritatem
1477 3927 1664 3981 dicito.

110 4014 239 4072 Tum
260 4015 526 4071 Gilderun
554 4017 727 4082 Cltan,
763 4034 922 4087 quem
965 4020 1162 4075 feruets
1198 4020 1362 4072 animi
1393 4020 1663 4073 hominem

109 4100 273 4156 fuisse
302 4105 642 4173 accepimus,
676 4121 780 4159 non
806 4107 924 4161 sine
950 4106 1057 4160 bile
1086 4108 1431 4175 respondisse
1458 4108 1662 4162 fertur:

110 4192 370 4263 Equidem
406 4206 477 4259 te,
524 4196 569 4250 si
602 4196 822 4251 fortuna
859 4198 1089 4267 propitia
1123 4215 1293 4252 meam
1345 4201 1396 4252 in
1431 4210 1666 4268 potesta-

108 4299 208 4339 tem
236 4287 506 4347 venisses,
542 4287 715 4341 ferrea
742 4290 1058 4343 conclusum
1090 4304 1249 4344 cavea
1296 4306 1505 4344 mecum
1541 4292 1665 4345 hinc

108 4376 224 4432 inde
261 4377 779 4433 circumduxissem.
836 4378 955 4444 Quo
1005 4379 1187 4432 Temir
1220 4379 1424 4442 audito,
1481 4394 1602 4432 mox
1639 4397 1667 4433 e

109 4468 244 4524 ferro
266 4458 491 4526 caveam
534 4473 710 4538 parari
743 4472 907 4539 jussit
941 4488 952 4523 :
990 4482 1043 4525 et
1075 4472 1126 4523 in
1155 4486 1272 4525 eam
1294 4473 1527 4525 carceris
1550 4472 1666 4523 loco

107 4560 401 4628 Bajazitem
433 4564 681 4618 inclusit.
710 4563 1020 4617 Secundum
1054 4564 1184 4623 haec,
1216 4562 1477 4629 permissa
1512 4563 1662 4615 militi

1764 2096 1991 2155 deruuc,
2032 2096 2234 2150 diceret
2267 2109 2280 2145 :
2322 2094 2578 2162 Equidem
2636 2103 2685 2147 te
2740 2111 2971 2152 mecum.
3001 2110 3033 2147 0
3061 2096 3232 2159 (Iliun,
3268 2098 3319 2148 in

1771 2204 1992 2253 regnum
2022 2202 2198 2241 mcum
2223 2186 2508 2247 abducam,
2541 2184 2604 2239 ad
2644 2185 2827 2239 urbem
2862 2183 3273 2239 Semerrandam
3300 2203 3315 2239 :

1770 2288 1931 2345 atque
1962 2279 2083 2332 inde
2114 2289 2165 2333 te
2198 2277 2467 2331 remittam
2494 2277 2545 2329 in
2575 2292 2795 2346 regnum
2826 2286 2997 2330 tuum.
3033 2275 3103 2329 Ea
3133 2278 3313 2328 Tumi-

1766 2372 1841 2424 ris
1866 2371 2038 2424 oratio
2090 2369 2401 2424 Gilderunis
2440 2371 2678 2424 animum
2722 2379 2827 2421 tam
2894 2370 3036 2439 gravi
3070 2371 3313 2423 maeroris

1768 2460 1990 2514 vulnere
2022 2460 2313 2528 percussit,
2345 2461 2422 2513 uti
2459 2460 2571 2528 ipse
2606 2458 2707 2513 sibi
2745 2469 2968 2512 mortem
3015 2462 3313 2515 conscisce-

1766 2550 2068 2607 ret.'l‘entir
2088 2568 2213 2604 veru
2244 2567 2364 2605 cum
2385 2552 2445 2603 ad
2481 2552 2578 2604 iter
2607 2565 2664 2605 se
2681 2561 3038 2619 compararet,
3061 2553 3320 2606 Carama-

1768 2644 1869 2696 nize
1891 2644 2019 2712 bcgu
2051 2643 2357 2711 complures
2387 2657 2542 2695 arces
2574 2653 2625 2695 et
2652 2642 2809 2712 322
2844 2632 3036 2710 oppida
3063 2644 3275 2696 donavit
3303 2660 3320 2697 :

1766 2745 1819 2789 et
1846 2733 2131 2795 lsvendiari
2157 2735 2559 2796 Castamonam,
2591 2732 2897 2800 Congerirn.
2931 2743 2983 2786 ct
3015 2733 3315 2801 Calazugen

1766 2826 2055 2878 concessit.
2086 2825 2257 2893 Atque
2290 2825 2373 2877 his
2408 2824 2569 2878 rebus
2608 2824 2797 2893 gestis,
2837 2825 2889 2876 in
2916 2839 3137 2892 regnum
3161 2840 3315 2878 suum

1768 2932 2014 2971 reversus
2071 2926 2173 2971 est.
2208 2916 2534 2971 Acciderunt
2588 2918 2764 2969 autem
2817 2915 2931 2969 hazc
2960 2916 3162 2977 omnia,
3193 2932 3313 2985 qua:

1766 3024 1794 3062 a
1827 3009 1981 3062 nobis
2014 3009 2255 3078 exposita
2287 3018 2414 3062 sunt
2474 3011 2748 3071 hactenus,
2784 3007 2849 3059 ab
2882 3024 3019 3059 anno
3052 3008 3173 3069 800,
3234 3018 3324 3061 ns‘

1766 3116 1870 3166 quo
1910 3102 1975 3153 ad
2001 3117 2200 3154 anunnt
2244 3101 2343 3155 8M
2385 3100 2543 3170 (Chr.
2583 3100 2769 3167 1405).
2799 3097 2981 3153 Temir
3003 3100 3150 3153 Chao
3178 3101 3321 3165 apnd

1765 3190 1994 3245 Parthos
2012 3194 2166 3245 annis
2198 3194 2266 3245 40
2289 3207 2464 3246 rerum
2493 3194 2693 3260 potitus
2728 3192 2863 3245 fuit:
2893 3192 3146 3244 Gilderun
3173 3207 3316 3250 vero,

1694 3323 1737 3383 Ω
1768 3285 1921 3353 cujus
1950 3293 2172 3337 mortem
2207 3284 2587 3348 indicavimus,
2620 3285 2778 3340 annis
2810 3291 3068 3345 domant
3099 3283 3173 3335 ιι.
3203 3298 3321 3349 reg-

1769 3386 1932 3426 DaVll.

1844 3464 2006 3518 Filius
2036 3466 2292 3521 Gildernn
2327 3465 2475 3520 Chm
2505 3482 2596 3519 sex
2630 3466 2819 3519 habuit
2849 3482 2861 3518 :
2897 3481 3131 3531 quorum
3160 3481 3321 3529 unus,

1767 3555 2078 3624 Mustaphas
2097 3558 2327 3632 Zelebis.
2353 3558 2591 3633 amissus
2616 3558 2719 3610 luit
2746 3558 2797 3609 in
2826 3556 3137 3612 Temiriauo
3180 3574 3319 3626 prm—

1771 3648 1842 3700 lio
1872 3664 1885 3700 :
1920 3650 2160 3716 quinque
2200 3664 2509 3703 remansere
2554 3649 2747 3717 reliqui
2800 3651 3138 3716 superstites,
3174 3648 3321 3702 Emir

1770 3739 2119 3803 Soleimanes.
2182 3741 2264 3797 lsa
2313 3741 2540 3803 Zelebis.
2598 3740 2748 3795 Musa
2798 3741 3024 3803 Zelebis,
3075 3743 3323 3795 sultanns

1770 3834 2158 3894 Muchemetes.
2180 3843 2235 3888 et
2263 3833 2436 3889 Casan
2475 3832 2703 3894 Zelebis,
2736 3833 2829 3901 qui
2865 3844 3101 3901 tempore
3153 3832 3320 3901 praelii

1769 3927 1943 3981 adhuc
1978 3937 2089 3979 erat
2113 3937 2266 3979 actate
2298 3936 2498 3980 tenera.

1842 4020 2115 4073 Exstincto
2168 4018 2423 4087 Bajazite.
2476 4027 2867 4074 convenerunt.
2898 4018 2976 4072 in-
3006 4033 3171 4073 unum
3208 4015 3321 4070 Alis

1769 4100 1950 4171 bassa,
2009 4110 2169 4164 Eincs
2227 4112 2413 4176 begus,
2478 4121 2531 4165 et
2582 4110 2777 4165 Ilazan.
2814 4126 2911 4183 aga
2946 4130 2959 4164 :
2997 4111 3321 4179 decretoque

1769 4202 2007 4255 unanimi
2038 4216 2101 4254 ex
2139 4200 2396 4254 Anatolia-
2441 4201 2492 4254 in
2533 4199 2856 4254 Romaniam
2897 4199 3087 4255 reverti
3120 4208 3322 4253 statue-

1769 4304 1909 4348 runt.

1837 4388 2094 4442 Sullanus
2118 4385 2477 4438 Muebemetes
2504 4381 2775 4434 Amasiam
2794 4378 3112 4446 'profectus.
3148 4379 3314 4446 quieti

1769 4495 1826 4532 se
1855 4478 2017 4539 dedit,
2051 4490 2239 4543 parum
2286 4474 2351 4526 de
2392 4473 2554 4525 rebus
2611 4470 2838 4532 aliorum
2897 4469 3193 4543 sollicitus-
3234 4469 3315 4521 lsa

1768 4584 1917 4627 vero.
1953 4577 2007 4621 et
2039 4567 2205 4628 Musa,
2255 4565 2399 4619 varie
2453 4578 2511 4617 se
2547 4571 2736 4615 mutuo
2780 4560 3043 4629 persecuti
3084 4562 3317 4616 ειιηιιεὶιι

108 4655 318 4707 ίίηαήιῖδ
356 4668 451 4720 βοΐ
484 4654 790 4709 universam
824 4655 1098 4722 regionem
1130 4652 1257 4706 hinc
1304 4653 1423 4706 inde
1449 4667 1506 4705 se
1556 4652 1662 4705 dif—
1698 4656 1737 4708 D
1769 4662 1985 4729 regione
2045 4657 2325 4721 Carasina,
2364 4657 2531 4711 donec
2557 4654 2706 4708 Musa
2748 4654 2959 4706 tandem
2990 4652 3126 4705 lsnm
3170 4667 3312 4706 com-

109 4743 386 4803 fuudendi,
460 4752 625 4813 atque
694 4745 877 4797 omnia
942 4742 1145 4812 rapinis
1186 4743 1447 4795 vastandi.
1483 4743 1663 4795 Temir

109 4839 212 4904 ip~e
233 4839 465 4891 Prusam
493 4838 646 4898 abiit,
674 4837 855 4905 ibique
876 4838 1160 4891 thesauros
1190 4835 1437 4903 liajazitis
1482 4836 1665 4887 iuven-

108 4940 183 4983 tc-s
234 4930 339 4983 sibi
409 4928 724 4982 vindicavit.
784 4927 850 4979 Et
908 4927 1127 4995 quando
1178 4926 1287 4994 jam
1352 4925 1665 4978 imminebat

111 5021 295 5084 hiems,
329 5022 495 5078 simul
527 5034 579 5077 et
607 5021 912 5075 hibernavit
942 5020 994 5072 in
1032 5020 1299 5079 Anatolia.
1328 5028 1380 5071 et
1413 5033 1663 5085 proceres

110 5122 196 5159 eos
275 5110 374 5174 qui
458 5108 524 5162 ad
606 5108 772 5176 ipsius
850 5106 1209 5175 patrocinium
1296 5101 1662 5176 confugerant,

112 5210 218 5251 tum
289 5200 528 5254 fortunis
593 5201 708 5255 suis
788 5199 1066 5260 restituit,

112 5293 460 5363 a'nplissitnis
533 5292 731 5347 all‘ecit.
809 5293 982 5362 Atque
1049 5291 1150 5346 hoc
1218 5292 1383 5349 modo
1466 5291 1663 5362 singuli

111 5401 228 5439 suas
299 5384 368 5436 ad
433 5382 666 5436 ditiones
734 5384 938 5438 reversi
1000 5392 1141 5436 sunt.
1219 5380 1471 5437 Osmanis
1536 5398 1663 5435 vero

114 5475 468 5542 provinciam,
523 5472 610 5527 cui
645 5487 839 5526 nomen
894 5473 1172 5538 Osmania,
1210 5473 1423 5526 Tataris
1483 5471 1664 5525 Temir

117 5567 381 5621 attribuit.
414 5562 570 5629 Quod
601 5578 725 5617 cum
761 5561 1026 5631 Bajazites
1057 5565 1375 5627 inaudisset,
1412 5580 1662 5632 magnum

112 5672 285 5711 animo
307 5659 549 5719 dolorem
564 5656 725 5726 cepit.
749 5653 875 5711 Erat
891 5659 943 5711 in
968 5673 1114 5712 more
1159 5657 1379 5722 Temiri,
1405 5665 1461 5710 ut
1490 5667 1663 5711 castra

116 5750 278 5803 locum
317 5742 571 5805 moturus
622 5763 1007 5818 nonnunquam
1040 5750 1107 5803 ad
1129 5749 1470 5805 Gilderunem
1513 5763 1666 5803 acce—

120 5844 260 5896 deret
290 5858 467 5911 eoquo
498 5841 910 5912 perhumaniter
938 5841 1188 5903 salutato,
1223 5850 1441 5903 rectene
1466 5840 1666 5893 valeret

118 5951 178 5988 ιλ
212 5947 400 5998 secus,
423 5941 706 6003 quaereret.
726 5932 968 5999 Quodazn
995 5946 1120 6002 ergo
1145 5933 1231 5987 die
1254 5931 1532 5997 Gilderuu,
1568 5932 1667 5986 hac

1148 5207 1261 5253 tum
1345 5198 1662 5253 muneribus
1690 5244 1694 5249 .

1770 4752 2093 4818 prehensum
2122 4750 2333 4813 occidit.
2371 4747 2487 4814 Quo
2546 4746 2783 4807 facinore
2837 4754 3062 4813 patrato,
3093 4744 3317 4797 Prusam

1770 4844 2063 4912 profectus,
2090 4841 2141 4891 in
2168 4840 2278 4892 otio
2304 4841 2505 4899 vivens,
2532 4854 2559 4890 a
2579 4838 2753 4890 rebus
2768 4837 3012 4905 gerendis
3035 4836 3318 4889 abstinuit.

1771 4933 1887 4986 Non
1924 4931 2091 4985 multo
2126 4938 2247 4998 post
2304 4945 2453 4981 arma
2484 4935 2671 4982 contra
2710 4927 3316 4996 Musamquiesevnteni

1771 5022 1998 5091 sumpsit
2046 5022 2182 5073 emir
2239 5020 2591 5074 Soleimanes.
2630 5018 2740 5074 Hoc
2789 5020 2877 5076 ille
2912 5022 3145 5088 cognito,
3199 5036 3318 5071 mox

1774 5117 1827 5168 in
1890 5112 2261 5169 Caramaniam
2333 5122 2546 5180 arrepta
2608 5111 2743 5180 fuga
2790 5126 2851 5166 se
2898 5111 3121 5176 recepit.
3174 5110 3323 5163 Emir

1773 5200 2126 5261 Soleimanes,
2196 5209 2254 5252 ut
2308 5215 2399 5253 res
2444 5214 2572 5253 snas
2634 5198 3028 5258 constabiliret,
3082 5212 3319 5250 sororem

1770 5308 1948 5355 suam,
1977 5309 2095 5346 cum
2158 5290 2324 5344 fratre
2382 5300 2511 5345 natu
2560 5291 2802 5353 minimo,
2854 5289 3060 5342 Casane
3115 5288 3320 5350 Zelebi,

1771 5385 2291 5454 Constantinopolim
2325 5383 2489 5444 misit.
2553 5397 2756 5451 eosque
2789 5381 3143 5435 Constantino
3174 5380 3320 5435 dedit

1772 5476 1988 5529 obsides
2022 5492 2035 5529 :
2069 5492 2134 5530 ne
2176 5476 2317 5545 quod
2350 5476 2555 5530 scilicet
2582 5475 2866 5529 dissidium
2903 5475 3043 5529 inter
3070 5489 3165 5529 eos
3196 5489 3319 5527 ειυ-

1772 5569 1987 5626 riretur,
2044 5568 2137 5621 sed
2208 5581 2391 5636 pacem
2447 5567 2625 5636 potius
2656 5567 2798 5621 inter
2837 5581 2897 5622 se
2948 5575 3137 5623 mutuo
3178 5565 3318 5620 cole-

1776 5669 1910 5713 rent.
2212 5692 2216 5696 Α
2524 5642 2533 5645 -

1796 5788 1809 5795 -
1845 5751 1981 5803 iline
2012 5752 2061 5803 in
2092 5751 2408 5805 Romaniam
2441 5758 2772 5804 transvectus
2796 5749 2931 5803 emi:
2960 5748 3317 5813 Soleimanes.

1775 5843 2154 5909 lladrianopoli
2185 5845 2503 5897 eteremonia
2548 5840 2736 5895 Turcis
2764 5839 3014 5894 familiari
3046 5839 3224 5897 facta:
3240 5850 3356 5896 εει-ι

1774 5934 2089 6000 imperator,
2120 5949 2261 5988 anno
2296 5934 2397 5987 805
2425 5933 2591 5999 (Chr.
2629 5933 2816 5990 1104).
