3970 6348
659 426 761 488 ξιῖῧ

1896 426 2241 513 'ANNALES
2281 457 2607 523 TURClCl.
3740 477 3825 539 too

692 636 703 656 ι
732 548 960 650 Ejusrei
995 555 1182 605 nuntio
1216 570 1453 624 accepto,
1492 560 1521 611 ιο
1543 574 1719 626 gutum
1779 567 2029 623 sultanus
2093 570 2206 624 .‘llu-
2236 577 2279 633 Α
2312 592 2488 631 menta
2516 586 2623 648 jani
2681 587 2744 637 ad
2774 602 2889 638 eam
2949 587 3278 640 altitudinem
3313 589 3566 656 perducta
3612 589 3820 655 fuerant,

657 636 915 706 ehemctis
943 640 1155 696 Amasia
1183 648 1325 699 misit
1347 650 1412 701 ad
1436 652 1654 704 emirem
1680 654 2062 720 Soleimanem,
2098 661 2200 713 fra-

658 739 796 782 trem
828 743 954 785 natu
1006 738 1324 802 maximum,
1375 743 1465 810 qui
1503 745 1549 795 ei
1596 754 1708 797 tuin
1764 765 1984 805 munera
2019 753 2201 813 ferret.

588 838 595 839 ί
656 829 768 870 tum
799 816 912 876 suis
940 825 1118 881 verbis
1147 814 1260 882 haec
1295 838 1625 890 renuntiaret
1657 856 1669 889 :
1699 840 1921 904 Quando
1967 843 2044 897 sic
2096 845 2202 898 Deo

660 914 831 966 visum
862 914 982 975 fuit.
1034 918 1250 972 domine
1278 936 1340 975 ac.
1385 923 1546 979 frater
1578 939 1702 981 natu
1738 937 1986 995 maxime,
2021 946 2077 989 ut
2107 952 2201 1005 pa-

653 1015 857 1057 rentem
886 1010 1166 1076 utriusque
1194 1025 1433 1067 uostrtttn
1463 1019 1619 1071 rebus
1650 1020 1901 1075 humanis
1918 1027 2198 1087 eximeret:

656 1106 978 1162 magnopere
1032 1100 1161 1152 mihi
1234 1107 1497 1170 gratulor,
1579 1120 1630 1161 te
1677 1112 1825 1165 nobis
1887 1118 2092 1171 salvum
2149 1128 2200 1172 cl

656 1182 976 1240 incolumem
1018 1190 1285 1247 relictum.
1352 1196 1448 1249 Cui
1505 1215 1623 1252 cum
1676 1205 1813 1265 crnir
1871 1206 2201 1261 Soleiinancs

649 1275 888 1329 \ieissitn
920 1294 1159 1336 venusta:
1192 1288 1377 1338 {ortum
1417 1305 1630 1355 pueros,
1668 1297 1890 1362 puellas,
1926 1308 2202 1368 vestesque

649 1366 876 1430 sericas,
913 1381 966 1422 et
1014 1374 1146 1428 alias
1186 1394 1270 1431 res
1320 1383 1497 1436 varias
1546 1400 1606 1438 ac
1634 1387 1902 1455 elegantes
1934 1391 2197 1445 misiSst-t:

651 1461 861 1514 sancito
907 1462 1110 1520 foedere
1153 1480 1355 1537 mutuo,
1411 1490 1593 1541 pacem
1634 1479 1772 1532 inter
1809 1495 1865 1533 se
1897 1485 2198 1537 coluerunt.

651 1546 778 1601 l’ost
801 1550 911 1605 haec.
950 1557 1206 1626 ablegatis
1240 1563 1291 1614 in
1323 1563 1693 1621 Caramaniatn
1724 1572 1838 1625 suis
1875 1572 2201 1642 hominibus,

647 1641 769 1706 ejus
802 1649 1091 1712 provincia:
1142 1651 1361 1709 domino
1416 1658 1701 1727 significari
1756 1663 1916 1730 jussit
1946 1668 2203 1720 emirSo-

648 1730 908 1790 leimanes
943 1739 1095 1794 daret
1145 1758 1383 1810 operam,
1439 1750 1515 1802 sie
1548 1752 1620 1804 uti
1663 1754 2024 1809 custodiretur
2050 1758 2200 1809 Musa

652 1828 835 1887 trater,
894 1847 957 1884 ne
989 1850 1091 1900 qua
1144 1849 1322 1902 posset
1382 1843 1542 1897 elabi.
1605 1844 1858 1914 Adeoque
1910 1848 2196 1903 Caratnttnt

651 1922 903 1975 obtestari
954 1940 1012 1980 se
1057 1928 1339 1998 diligi-nter
1380 1934 1428 1986 id
1484 1948 1719 2002 curaret,
1756 1939 1916 1992 modo
1946 1942 1991 1993 ei
2047 1954 2193 2007 grata
2232 1911 2268 1968 Β

656 2010 978 2068 Sulcimanis
1025 2030 1165 2071 esset
1215 2025 1471 2077 amicitia.
1535 2027 1808 2096 Siquidem
1848 2033 1945 2083 hoc
1980 2035 2046 2085 ab
2085 2051 2196 2101 quo

652 2108 1003 2172 impetrasset,
1038 2109 1265 2165 vicissim
1296 2116 1343 2167 ci
1375 2133 1432 2170 se
1461 2120 1638 2172 omnia
1687 2122 1961 2178 charitatis
2015 2136 2068 2178 et
2106 2128 2197 2179 lie-

648 2199 966 2253 nevoleutia:
997 2202 1165 2255 oliieia
1194 2207 1578 2265 exhibiturutn.

720 2288 864 2345 Musa
899 2308 1018 2345 cum
1074 2297 1469 2363 subollecisset,
1522 2306 1857 2362 Caramania:
1896 2310 2193 2380 principem

650 2376 772 2433 tum
805 2386 973 2441 entire
998 2386 1304 2446 Soleimane
1338 2404 1576 2450 mutuam
1602 2398 1653 2450 in
1688 2402 1913 2468 gratiam
1948 2403 2191 2459 rediisse:

655 2477 775 2538 iuga
809 2475 907 2529 sibi
940 2480 1244 2543 consulens,
1293 2487 1357 2537 ad
1417 2486 1770 2544 lsvendiareni
1810 2508 2033 2559 propere
2066 2509 2197 2548 con-

645 2567 833 2619 cessit.
857 2566 982 2637 Ejus
1009 2572 1083 2623 rei
1112 2572 1249 2626 fama
1276 2576 1341 2627 ad
1372 2578 1592 2635 entiretn
1617 2579 1973 2637 Soleimanem
1998 2586 2194 2652 delata,

653 2672 776 2710 mox
801 2675 944 2711 artua
970 2660 1020 2713 in
1050 2661 1405 2719 lsveudiarem
1430 2668 1697 2738 expedivit
1724 2689 1735 2723 :
1766 2674 1919 2741 cujus
1941 2676 2194 2731 ditionem

651 2750 947 2817 ingressus,
980 2767 1196 2822 propter
1222 2757 1413 2811 Gerlen
1446 2762 1509 2813 ad
1541 2763 1703 2831 ripam
1740 2763 1973 2817 fluminis
2021 2778 2193 2822 castra

651 2844 869 2905 locavit,
895 2855 947 2896 et
978 2847 1195 2900 militem
1231 2851 1351 2903 istic
1385 2852 1436 2904 in
1467 2854 1702 2911 hibernis
1736 2858 1943 2911 habuit.
1988 2860 2111 2913 Erat
2142 2863 2193 2914 in

654 2932 718 2981 iis
754 2933 885 2985 lueis
915 2934 1065 3001 nigra
1106 2938 1332 3006 populus
1363 2942 1570 3010 ingens,
1611 2946 1712 2998 sub
1742 2962 1846 3014 qua
1876 2948 2032 3014 genio
2058 2964 2194 3018 quo-

650 3024 777 3076 tidie
809 3026 1137 3096 indulgelmt,
1166 3040 1218 3084 et
1245 3034 1603 3089 helluabatur.
1631 3035 1869 3091 Tandem
1902 3043 2198 3109 composito

648 3130 771 3168 Clllll
802 3116 1105 3173 lsveudiare
1139 3123 1373 3191 negotio,
1424 3128 1713 3196 relictaQue
1756 3131 1927 3197 ipsius
1958 3134 2194 3199 regione,

2306 680 2362 721 ut
2392 673 2508 740 ejus
2540 674 2662 736 laci,
2691 693 2798 745 quo
2833 680 3090 745 templum
3136 679 3468 733 condi-batur
3518 682 3820 751 superﬁciem

2304 777 2599 831 a‘quarent.

2373 857 2507 909 (ium
2548 868 2725 910 autem
2760 860 3008 913 sultanus
3039 859 3419 923 .‘iluchemctes,
3451 862 3607 929 cujus
3630 863 3822 918 Amasia:

2305 948 2459 1000 sedes
2477 959 2610 1010 erat,
2640 949 2707 1002 de
2738 950 2885 1004 hisce
2908 954 3066 1005 rebus
3106 953 3379 1017 omnibus,
3412 963 3467 1005 ttt
3491 964 3641 1006 erant
3668 965 3820 1021 geste,

2305 1041 2504 1091 certior
2535 1039 2705 1093 factus
2737 1042 2961 1104 fuisset;
3001 1045 3253 1097 nimirum
3288 1044 3520 1107 Musam,
3552 1047 3821 1099 Snieimane

2305 1130 2371 1181 de
2410 1132 2582 1183 medio
2642 1132 2881 1193 sublato,
2918 1137 3192 1187 liomauize
3232 1136 3344 1189 sive
3369 1134 3587 1190 Graecia:
3629 1139 3821 1204 imperio

2306 1222 2533 1288 politum
2564 1236 2577 1274 ε
2610 1222 2747 1277 bello
2808 1224 3015 1280 Musam
3070 1228 3501 1298 persequi-inluni
3556 1231 3747 1289 statuit,
3782 1239 3821 1280 cl

2303 1312 2648 1379 erpeditione
2709 1330 2978 1383 suscepta,
3024 1316 3247 1371 Prusam
3319 1318 3525 1373 duxit:
3565 1334 3821 1385 omnesque

2303 1403 2563 1458 Anatolite
2626 1409 2957 1473 provincias,
2992 1410 3145 1462 emiri
3201 1408 3493 1465 Solcimani
3542 1409 3683 1462 fratri
3736 1427 3820 1461 non

2305 1497 2477 1550 multo
2532 1505 2656 1550 ante
2685 1498 2929 1553 subditas
2980 1501 3029 1554 in
3064 1509 3379 1568 potestatem
3414 1502 3635 1570 redegit.
3667 1500 3819 1554 Itidem

2304 1588 2358 1643 in
2392 1590 2655 1645 Bouiania
2698 1605 2793 1645 nec
2822 1591 2935 1659 ipse
2966 1591 3110 1647 Musa
3148 1609 3325 1647 rerum
3360 1609 3577 1647 suarum
3608 1608 3720 1646 cura
3748 1593 3823 1643 de-

2304 1682 2494 1745 posita,
2536 1679 2666 1747 quid
2695 1682 2959 1751 agendum
2990 1683 3087 1737 sibi
3140 1683 3298 1745 foret.
3369 1684 3821 1745 (ῖίΐϋῑιιιοςιλίῡίαῐητ.

2304 1774 2462 1842 323
2494 1774 2630 1829 Ante
2658 1772 2839 1830 omnia
2884 1773 3149 1830 Scacbum
3184 1777 3451 1837 Melicum,
3485 1779 3567 1831 cui
3601 1778 3823 1829 duntaxat

2306 1879 2445 1914 unus
2509 1874 2623 1917 erat
2700 1866 2916 1931 oculus,
2945 1864 3189 1920 Vezirem
3240 1868 3490 1919 creavit:
3537 1862 3823 1919 Samobn'nte

2304 1956 2489 2016 Izlium,
2530 1957 2971 2011 (ladiieseherum
3025 1972 3143 2012 esse
3180 1959 3340 2011 voluit
3376 1978 3386 2012 ε
3421 1961 3609 2013 ducem
3651 1962 3821 2025 stipen-

2300 2046 2595 2099 diariorum
2646 2049 2914 2117 signiferis
2964 2049 3200 2119 pratfecit
3234 2066 3246 2102 :
3281 2051 3585 2119 provincias
3626 2048 3823 2118 denique

2297 2155 2424 2191 suos
2463 2139 2600 2191 inter
2628 2138 2923 2195 familiares
2957 2158 3017 2195 ac
3069 2143 3328 2196 militares
3371 2144 3515 2196 viros
3561 2141 3819 2196 distribuit.

2300 2229 2611 2297 Reliquerat
2642 2234 2781 2287 emir
2811 2232 3151 2289 Soleituanes
3206 2235 3407 2288 liberos
3443 2237 3756 2305 superstites,
3778 2235 3822 2282 li~

2301 2322 2432 2375 lintu
2447 2335 2606 2395 atque
2626 2327 2788 2383 filiam
2808 2346 2822 2384 :
2839 2327 2929 2396 qui
2950 2327 3465 2397 Constantinopolim
3488 2328 3821 2396 profugerunt.

2301 2419 2630 2476 Durantihus
2656 2421 2803 2476 hisce
2824 2420 3062 2475 dissidiis
3090 2420 3379 2483 intestinis,
3399 2421 3561 2475 etiam
3596 2420 3711 2473 urbs
3744 2418 3820 2469 Vi-

2298 2513 2444 2578 dina,
2469 2513 2534 2568 ad
2554 2514 2856 2567 Danubium
2879 2514 2998 2575 sita,
3024 2512 3213 2565 defecit
3241 2529 3253 2574 ;
3275 2512 3367 2566 sed
3395 2511 3724 2577 Mnsa,ducto
3742 2511 3820 2561 ad-

2298 2619 2486 2658 versus
2514 2617 2629 2657 eam
2661 2604 2851 2665 milite,
2876 2619 3066 2657 rursus
3086 2603 3367 2676 imperium
3410 2602 3819 2670 aceiperccoegit.

2371 2699 2509 2753 Idem
2545 2700 2717 2764 Musa,
2754 2698 2939 2753 relicta
2964 2696 3180 2756 Vidina.
3220 2697 3560 2752 Buruvadam
3610 2708 3658 2752 et
3684 2696 3819 2749 hiate-

2302 2808 2414 2846 ram
2442 2792 2625 2858 copias
2664 2790 2840 2852 duxit,
2873 2805 3043 2858 caque
3077 2790 3412 2869 oppidasihi
3451 2790 3684 2859 subjecit.
3729 2786 3817 2839 Ma-

2300 2899 2459 2947 gnam
2487 2882 2541 2934 in
2589 2882 2841 2936 omnibus
2870 2884 3164 2951 provinciis
3213 2881 3549 2952 tyrannidem
3593 2881 3814 2935 exercuit.

2300 2972 2595 3039 Occupat-it
2660 2971 2915 3039 oppidum
3006 2972 3341 3036 (Ibiupurlini
3381 3012 3392 3027 .
3462 2971 3600 3039 quod
3657 2966 3813 3020 Latari

2300 3065 2522 3117 ditionis
2548 3076 2680 3118 erat.
2715 3065 2854 3119 Suos
2908 3066 3069 3117 etiam
3124 3079 3412 3117 excurrere
3468 3073 3811 3128 nonnunquam

2296 3155 2551 3224 jussit,ad
2588 3156 2699 3222 ipsa
2749 3153 3137 3221 nsqueumenia
3185 3152 3703 3219 Constantinoiiolis:
3754 3150 3810 3200 ita

648 3209 920 3272 profectus
950 3220 1034 3265 est
1070 3211 1295 3268 lsnicain
1325 3256 1338 3275 .
1372 3220 1458 3271 ubi
1516 3230 1657 3275 totos
1701 3223 1814 3275 dies
1849 3225 1898 3277 in
1932 3225 2191 3281 conviviis
2219 3254 2260 3312 ο
2296 3209 2539 3314 ξμιίάρξη,
2596 3209 2652 3299 ι’,ι
2711 3209 3204 3314 ίρςο’.ῑιῃρρτειηιο,
3266 3238 3810 3308 Constantinopolitani

649 3308 701 3349 «ιι
731 3304 1218 3368 compotationibus
1247 3309 1511 3377 exigebat.
1557 3310 1734 3368 Nihilo
1776 3316 1950 3371 minus
1983 3328 2191 3373 secreto
2227 3304 2242 3359 ‘t

648 3390 850 3446 Musam
900 3412 1080 3450 secum
1133 3400 1321 3453 habuit
1367 3402 1665 3469 lsvendiar,
1714 3423 1943 3476 eumque,
1985 3413 2199 3481 navigio

655 3486 983 3553 impositum,
1041 3504 1137 3557 per
1192 3502 1413 3558 pontum
1468 3496 1736 3550 Euxinum
1792 3500 1839 3550 iii
1900 3501 2196 3555 ‘t'alachiam

650 3578 917 3645 deportari
950 3581 1178 3635 curavit.
1226 3582 1355 3636 Erat
1399 3584 1448 3637 id
1487 3590 1742 3656 temporis
1780 3588 2012 3644 Vaix‘oda
2050 3591 2199 3645 Vala-

651 3671 783 3720 eltize
807 3670 1042 3737 quidam,
1069 3673 1154 3725 cui
1197 3688 1391 3727 nomen
1452 3674 1678 3731 Murzes.
1718 3678 1813 3733 llic
1868 3691 1919 3731 et
1966 3682 2200 3747 hospitio

652 3764 863 3832 excepit
888 3780 1030 3826 eum,
1066 3778 1117 3819 et
1149 3766 1288 3820 viam
1318 3772 1529 3836 aperuit
1568 3782 1622 3825 et
1648 3774 1848 3826 auxilio
1881 3776 1979 3827 fuit
2005 3788 2063 3828 ut
2093 3776 2199 3831 Ro-

658 3858 887 3912 inaniam
923 3860 1318 3930 ingrederetur.
1348 3862 1481 3917 Cum
1530 3864 1965 3934 Hadrianopolim
2014 3885 2194 3936 perve-

657 3954 843 4017 nisset,
873 3968 997 4006 mox
1028 3953 1094 4006 ab
1132 3955 1475 4019 exercitibus,
1508 3973 1569 4011 eo
1594 3958 2004 4024 confluentibus,
2031 3964 2199 4030 impe-

655 4053 801 4095 rator
839 4045 1103 4099 salutatus
1150 4044 1264 4099 fuit.
1311 4047 1457 4100 Etnir
1506 4064 1630 4103 vero
1682 4050 2035 4117 Son-inanes,
2080 4055 2197 4107 licet

652 4146 964 4204 occupatam
998 4153 1026 4190 a
1064 4137 1227 4192 fratre
1258 4140 1571 4193 liomaniani
1612 4142 1959 4195 intellexisset
1988 4144 2197 4197 univer-

650 4246 790 4290 sam,
830 4229 995 4283 nihilo
1022 4239 1197 4284 tamen
1232 4233 1409 4286 minus
1454 4244 1707 4301 perpetuo
1751 4234 1871 4286 luxu
1896 4244 1946 4286 et
1996 4236 2201 4288 hellua—

650 4324 891 4374 tionil-us
923 4324 1036 4377 suis
1071 4324 1457 4392 occupabatur.
1498 4324 1558 4377 Et
1583 4325 1792 4395 quoties
1837 4341 1864 4378 e
1899 4342 2046 4377 inero
2088 4330 2195 4395 jam

651 4414 832 4464 ebrius
861 4414 1175 4478 incaluerat,
1207 4430 1575 4482 ssepenumero
1598 4432 1756 4471 voces
1784 4418 1881 4469 has
1904 4418 2198 4486 ingemiua-
2233 4418 2237 4423 ’

652 4505 741 4556 bat
772 4519 786 4557 :
815 4500 986 4567 Musa,
1010 4503 1176 4565 Musa,
1206 4506 1332 4573 quid
1384 4507 1473 4560 tibi
1519 4508 1650 4561 meis
1682 4509 1731 4559 iu
1780 4510 2085 4576 regionibus
2116 4520 2199 4564 est

2303 3349 2485 3406 portas
2518 3338 2666 3392 urbis
2714 3336 2924 3405 aperire
2959 3337 3047 3389 vix
3098 3333 3379 3389 auderent.
3427 3334 3632 3389 Accidit
3668 3343 3813 3383 autem

2302 3431 2620 3498 aliquando,
2655 3437 2713 3480 ut
2746 3427 2811 3481 ad
2840 3426 3124 3499 Silyuriam
3156 3426 3463 3482 accederet:
3512 3440 3661 3493 quam
3713 3422 3816 3473 dum

2302 3527 2657 3588 oppugnaret,
2686 3519 2896 3589 egregie
2955 3533 3015 3573 se
3060 3517 3350 3571 tuebantur
3393 3512 3728 3582 oppidani,et
3776 3508 3819 3558 in

2305 3615 2510 3667 hostem
2556 3612 2799 3666 animose
2827 3616 3153 3681 pugnabant.
3187 3607 3320 3661 Dum
3376 3607 3625 3674 utrinque
3662 3612 3823 3655 manus

2304 3686 3233 3767 censerentur,Scaehus.Melicus,
3262 3698 3427 3754 Musae
3466 3697 3679 3751 chiraz
3712 3706 3821 3751 mes.

2304 3797 2676 3857 herodeserto,
2694 3792 3221 3856 Constantinopolim
3262 3806 3321 3846 se
3363 3786 3693 3859 recepitJlis
3722 3800 3824 3853 per-

2302 3890 2499 3956 slicetis
2540 3888 2751 3942 insidiis
2803 3897 2853 3939 et
2889 3893 3009 3938 astu
3063 3883 3257 3946 Melici.
3283 3883 3627 3939 vehementer
3666 3880 3824 3932 animo

2302 3981 2447 4033 Musa
2482 3977 2824 4047 perturbari,
2854 3989 3221 4043 conversoque
3249 3975 3459 4053 itinere.
3493 3973 3825 4038 Hadrianopo-

2302 4073 2392 4123 lim
2436 4070 2683 4127 reverti:
2740 4069 2959 4139 etquis
3014 4069 3241 4135 hujusce
3299 4068 3579 4133 transfugii
3644 4068 3828 4119 futurus

2300 4172 2437 4216 esSi-t
2465 4163 2665 4223 exitus.
2700 4177 2883 4216 secum
2912 4163 3027 4231 ipse
3059 4161 3349 4229 dispicere.
3384 4159 3632 4215 Vicissim
3661 4173 3719 4209 ex
3748 4152 3830 4206 ad-

2302 4269 2454 4304 wi-sa
2513 4261 2663 4320 parte
2726 4252 2972 4317 sultanus
3026 4249 3390 4304 Muelicmetes
3450 4250 3667 4303 omnino
3724 4258 3828 4300 cum

2304 4345 2447 4398 Musa
2478 4344 2659 4413 prndio
2677 4341 2931 4411 congredi
2969 4340 3262 4394 statuebat.
3289 4340 3418 4393 Erat
3450 4341 3577 4395 huic
3638 4338 3832 4390 νοτίη-

2300 4450 2498 4493 amnes.
2538 4432 2998 4500 Bajasiteshassa,
3030 4442 3281 4495 quocum
3326 4426 3554 4483 sollicite
3583 4425 3834 4479 consulta-

2258 4575 2263 4581 .
2300 4529 2408 4592 hat,
2430 4540 2664 4594 quonam
2700 4524 2857 4577 modo
2876 4521 3105 4590 navigiis
3134 4520 3187 4573 in
3216 4519 3537 4574 Romaniam
3561 4514 3838 4573 transiuitt't

651 4595 893 4665 negotii?
927 4594 1109 4662 Neque
1142 4611 1335 4666 magno
1384 4600 1643 4666 temporis
1675 4600 1955 4668 interji-cto
2004 4604 2198 4669 spatio,
2228 4617 2273 4675 ι)
2308 4618 2499 4669 [mium
2532 4623 2732 4684 posset.
2761 4612 2920 4666 Forte
2955 4611 3169 4665 fortuna
3193 4620 3305 4665 tum
3353 4612 3597 4665 scaclms
3641 4615 3839 4674 quoque

651 4703 877 4741 securus
899 4690 1031 4757 ipse,
1066 4704 1127 4742 ac
1150 4698 1324 4743 metus
1348 4691 1525 4743 omnis
1554 4706 1768 4760 expers,
1802 4708 1829 4744 a
1864 4690 2009 4745 Musa
2038 4695 2200 4748 fratre

652 4780 753 4833 fuit
785 4782 1031 4835 obrutus.
1089 4782 1162 4835 lbi
1194 4797 1318 4836 cum
1350 4796 1378 4835 ι
1405 4782 1637 4837 ducibus
1669 4793 1722 4837 et
1752 4786 2083 4839 administris
2116 4803 2199 4838 re—

649 4881 767 4920 rum
793 4885 1032 4931 suarum,
1064 4874 1127 4925 ad
1165 4862 1368 4925 Musam
1405 4876 1828 4937 transeuntibus,
1855 4877 2075 4945 ejusque
2104 4878 2202 4929 ini-

651 4963 774 5015 litia:
804 4977 861 5015 se
890 4962 1297 5024 devoventibus.
1350 4967 1705 5031 desereretur,
1746 4969 1921 5035 fung
1953 4972 2197 5035 arripuit,

654 5054 707 5107 in
754 5069 862 5123 qua
917 5056 1091 5108 vicum
1143 5057 1207 5109 ad
1253 5060 1533 5125 quemdam
1566 5062 1899 5128 perveniens,
1964 5064 2030 5114 ab
2086 5064 2200 5131 ejus

654 5144 845 5198 incolis
874 5143 978 5199 fuit
1027 5146 1399 5214 it‘leremptus.
1450 5149 1583 5201 Eunt
1621 5165 1794 5203 vicum
1853 5152 2022 5215 Musa,
2078 5168 2198 5205 cum

654 5234 845 5291 incolis
873 5237 1159 5297 universis,
1194 5262 1207 5289 ι
1228 5240 1346 5309 njus
1374 5241 1587 5293 tandem
1619 5242 1697 5294 vel
1722 5259 1900 5305 sexus,
1927 5244 2004 5295 vel
2027 5246 2200 5299 aetatis

652 5334 853 5389 essent,
888 5327 1007 5395 igne
1035 5329 1274 5395 subjecto
1299 5332 1633 5383 concremari
1655 5333 1837 5398 jussit,
1869 5334 1967 5387 hac
1994 5336 2196 5400 adjecta

654 5433 787 5469 voce
817 5434 829 5469 :
863 5417 969 5469 Cur
1000 5418 1216 5471 fratr-ent
1248 5436 1423 5473 meum
1456 5423 1606 5476 vobis
1640 5438 1831 5475 ncCare
1866 5425 2017 5477 libuit
2044 5426 2065 5477 ?
2106 5425 2199 5478 Se-

652 5508 884 5561 cundum
913 5509 1028 5561 hmo
1070 5517 1320 5562 reversus
1348 5509 1801 5579 Hadrianopolim,
1837 5516 1990 5582 plene
2018 5533 2197 5570 rerum

654 5600 852 5667 potitus
887 5600 985 5654 fuit
1036 5616 1175 5655 anno
1230 5602 1330 5655 8l8
1375 5602 1532 5669 (Chr.
1576 5605 1779 5673 Hii);
1831 5608 1964 5659 cmir
2019 5617 2195 5664 autem

656 5692 987 5746 Soleituam-s
1015 5695 1294 5762 imperavit
1332 5695 1488 5749 annis
1513 5696 1564 5749 7.

724 5784 917 5837 Abhnc
944 5784 1187 5839 inchoata
1222 5788 1321 5839 fuit
1350 5787 1727 5857 lladrianOpOIi
1766 5800 2031 5843 structura
2066 5804 2195 5847 tem-

655 5875 723 5946 pli
757 5875 905 5945 longe
937 5877 1271 5946 amplis-imi,
1306 5879 1460 5949 cujus
1512 5882 1627 5949 ipso
1683 5886 1966 5951 superstite
2001 5886 2190 5941 funda—

2306 4708 2527 4759 Slelicus
2553 4706 2617 4758 ad
2647 4704 2918 4757 sultanum
2948 4700 3334 4755 Muchetnttem
3387 4691 3838 4760 Constantinan

2307 4802 2546 4844 u-nerat.
2571 4790 2753 4855 itaque
2816 4789 3078 4857 Bajazites
3104 4789 3258 4843 basSa
3304 4786 3624 4841 Muchemeti
3664 4791 3839 4836 auctor

2303 4892 2440 4946 erat,
2475 4893 2530 4936 ut
2565 4883 2609 4938 is
2661 4883 2821 4935 etiam
2879 4886 3173 4936 arcessitus
3207 4880 3583 4943 deliberationi
3636 4877 3841 4929 adhibe-

2303 4960 2478 5037 retur,
2512 4973 2639 5041 quid
2675 4973 2771 5041 ipsi
2797 4973 3107 5027 faciundum
3167 4982 3395 5040 pareret,
3464 4974 3837 5041 explicaturos.

2300 5065 2393 5117 ille
2425 5073 2642 5116 vocatus
2668 5064 2719 5114 in
2774 5063 3085 5123 consilium,
3122 5063 3394 5116 accessit:
3443 5073 3497 5117 et
3562 5061 3838 5115 intellecta.

2303 5169 2496 5219 cupere
2530 5152 2915 5208 Muchemetem
2938 5158 2988 5207 in
3020 5153 3331 5207 ltmnaniam
3357 5154 3645 5208 exercitum
3671 5159 3834 5201 trans-

2304 5253 2536 5312 portare,
2567 5246 2745 5309 modo,
2772 5246 2837 5299 de
2872 5245 3040 5313 ipsius
3087 5246 3316 5299 coasilio
3360 5247 3501 5298 viain
3560 5242 3840 5295 rationem-

2302 5354 2404 5404 que
2431 5340 2711 5391 commode
2766 5336 3134 5405 tramjicieudi
3188 5346 3569 5407 cognosceret:
3628 5343 3837 5398 respon-

2303 5428 2398 5486 dit.
2438 5410 2659 5483 omnino
2696 5429 3221 5499 ConstantinOpOIim
3277 5432 3569 5483 Initteudos
3622 5427 3834 5493 legatos.

2302 5526 2353 5571 et
2389 5528 2509 5572 eum
2559 5518 2824 5590 Teggiure
2864 5521 3011 5591 pacis
3044 5522 3274 5575 ineunda
3332 5520 3677 5588 fuedcra,quo
3728 5512 3837 5569 fieri

2305 5613 2573 5679 permissu
2612 5615 2783 5682 ipsius
2816 5624 2870 5667 et
2921 5614 3235 5683 adjumento
3292 5614 3600 5682 trausjeetio
3648 5616 3835 5681 posset.

2301 5702 2414 5756 Non
2447 5703 2586 5756 enim
2627 5703 2821 5757 fretum
2867 5705 2977 5759 ullo
3007 5706 3114 5760 alio
3170 5705 3465 5759 transmitti
3508 5708 3621 5761 loco
3668 5712 3817 5770 p058?

2301 5813 2422 5850 cum
2453 5796 2735 5864 Callipolis
2767 5800 2819 5850 in
2851 5808 3114 5868 potestate
3150 5796 3311 5850 Nuste
3341 5799 3429 5854 sit.
3464 5800 3582 5854 Ειπι
3610 5796 3654 5851 id
3715 5800 3827 5844 tem

2302 5889 2448 5957 puris
2506 5889 2699 5959 insigni
2760 5894 2837 5943 vir
2892 5893 3109 5960 quidam
3163 5893 3482 5950 autlotzitate
3538 5890 3776 5963 pncdilUS
3818 5915 3831 5937 ο
