3970 6348
163 478 254 537 full

1422 486 1617 544 ANNA
1633 488 1767 546 [ΕΞ
1809 490 2131 554 TURClCl.

3264 498 3369 560 66?

167 594 383 643 nomine
445 594 733 657 Faselulla,
793 597 882 665 qui
940 600 1087 654 Cadii
1139 601 1250 654 sive
1303 603 1501 670 judicis
1547 606 1719 658 oflicio
1750 617 1790 668 Α
1822 607 2062 674 rccipite.
2121 611 2236 663 Mox
2295 613 2383 680 qui
2438 612 2810 677 locupletiores
2859 619 3032 676 erant,
3084 610 3138 664 in
3186 626 3363 664 arcem

166 683 392 739 Ct‘i\'l~iB
433 687 771 752 fungebatur.
806 691 854 745 Is
886 703 938 745 et
984 705 1142 749 notus
1173 706 1288 750 erat
1341 705 1392 749 et
1444 699 1719 751 familiaris

168 773 458 828 admodum
495 777 741 848 Teggiuri
771 781 1394 854 Constantinopolitano.
1437 787 1590 841 Hunc
1621 788 1716 856 igi-

169 875 255 917 tur
282 866 595 935 ablegarunt
619 872 692 925 uti
743 888 864 928 cum
913 874 1176 944 Teggiure
1221 881 1284 932 de
1338 894 1468 946 pace
1505 891 1714 946 ageret:

167 972 273 1025 qua
301 959 442 1013 inter
471 971 758 1033 tttramque
789 978 990 1034 partem
1020 971 1247 1033 saucita,
1284 974 1558 1038 profectus
1587 971 1720 1026 Pru-

167 1062 228 1100 sa
254 1050 499 1105 sultanus
533 1055 917 1123 Muchemetes,
968 1060 1033 1112 ad
1059 1061 1208 1115 littus
1239 1065 1402 1118 maris
1451 1079 1480 1115 c
1507 1064 1720 1130 regione

165 1141 672 1213 Constantinopolis
699 1151 946 1205 accessit.
974 1153 1050 1206 llli
1087 1155 1718 1224 Coustantinopolitanus

166 1231 404 1302 Tcggiur
430 1253 592 1294 naves
616 1257 744 1295 suas
770 1243 982 1297 obviam
1023 1248 1192 1309 misit,
1238 1249 1409 1314 ipsum
1439 1249 1490 1300 in
1523 1247 1719 1317 Roma-

164 1323 312 1375 niam
344 1340 466 1379 cum
517 1331 755 1385 exercitu
812 1333 1046 1388 trasvehi
1092 1339 1318 1391 curavit.
1381 1339 1509 1408 Ejus
1570 1337 1716 1391 Musa

163 1412 243 1464 rei
275 1411 450 1468 factus
470 1418 698 1475 certior:
750 1418 1128 1492 Hadrianopoli
1183 1428 1392 1490 relicta,
1447 1430 1713 1496 regionem

164 1504 356 1558 Lazari
385 1508 556 1574 petiit.
587 1505 794 1567 Interea
823 1520 970 1569 venit
997 1514 1211 1572 lnzuam
1229 1521 1473 1574 sultanus
1502 1522 1718 1579 Muelle-

162 1607 356 1659 metes,
405 1609 564 1670 atque
609 1602 679 1655 ibi
714 1607 907 1660 castris
965 1608 1140 1663 locum
1195 1613 1408 1678 delegit.
1433 1613 1551 1667 Mox
1604 1614 1716 1667 Alis

161 1688 356 1758 begus,
390 1690 676 1750 Eurenosis
705 1696 824 1768 begi
883 1699 1048 1762 filius,
1082 1703 1194 1755 suis
1250 1704 1418 1768 copiis
1443 1704 1504 1756 ad
1551 1705 1715 1760 sulta-

161 1798 293 1834 num
323 1784 712 1841 Muchemetetn
740 1789 966 1844 defecit:
998 1801 1115 1858 post
1169 1809 1325 1860 quem
1360 1802 1413 1846 et
1464 1793 1710 1860 Michael,

157 1869 350 1926 Jnehzi
389 1875 505 1944 begi
540 1877 700 1939 illius,
736 1895 861 1933 eum
891 1881 1063 1936 milite
1090 1897 1186 1934 suo
1209 1884 1273 1935 ad
1310 1883 1556 1937 eumdem
1621 1900 1711 1938 ac-

159 1965 352 2061 cessit.
380 1966 441 2020 Et
465 1977 590 2061 erat
617 1971 672 2061 iis
706 1969 870 2026 Musa:
907 1971 1274 2041 beglerbegus.
1333 1974 1531 2028 Horum
1586 1992 1714 2029 con-
1745 2007 1786 2061 Β

161 2055 412 2108 firmatus
444 2058 699 2126 subsidiis
749 2062 989 2116 sultanus
1045 2063 1424 2130 Muchemetcs,
1483 2067 1710 2124 ulterius

160 2150 456 2214 processit,
487 2159 539 2203 et
586 2149 1025 2223 Hadrianopolim
1050 2158 1219 2212 venit.
1239 2157 1709 2226 QuotQuOtautem

160 2237 378 2317 Tureici
434 2254 683 2306 proceres
722 2257 817 2312 per
870 2243 1184 2300 Romaniam
1221 2248 1346 2300 hinc
1382 2248 1504 2300 inde
1555 2249 1710 2315 dege-

158 2318 572 2386 bant,‘universi
607 2329 752 2385 Musa
778 2332 1012 2398 deserto,
1053 2335 1117 2388 ad
1172 2324 1444 2388 sultanum
1498 2336 1714 2390 Muelle-

159 2429 357 2472 metem
388 2437 447 2476 se
503 2423 867 2480 contulerunt.
898 2423 1007 2480 Nec
1035 2440 1063 2479 a
1117 2425 1280 2480 Musae
1314 2427 1554 2496 partibus
1616 2429 1709 2482 ulli

157 2527 411 2567 n-ansere
451 2515 668 2579 milites.
706 2529 900 2586 praeter
927 2519 1216 2575 Acanzios.
1254 2520 1560 2574 Secundum
1596 2520 1710 2576 ha-c

162 2606 442 2670 digressus
472 2607 850 2681 Hadrianopoli
889 2613 1135 2668 sultanus
1164 2613 1545 2675 Muchemetes,
1602 2613 1711 2667 Mu-

156 2714 273 2750 sam
308 2714 335 2750 a
374 2706 523 2766 tergo
579 2705 825 2772 persequi
879 2719 985 2758 non
1044 2705 1224 2769 desiit,
1249 2716 1299 2759 et
1349 2721 1468 2759 cum
1500 2720 1563 2759 eo
1591 2720 1711 2775 pro-

156 2800 281 2857 pter
315 2791 576 2858 oppidum
611 2793 963 2848 Samocovatn
998 2797 1233 2864 prtelium
1284 2797 1421 2852 iniit.
1448 2797 1580 2852 Cum
1618 2813 1711 2851 au-

158 2895 267 2937 tem
305 2885 754 2940 animadverteret
804 2887 975 2947 Musa,
1027 2905 1130 2941 non
1182 2890 1311 2942 satis
1362 2889 1462 2941 sibi
1519 2890 1708 2942 virium

155 2991 281 3030 esse
319 2975 387 3029 ad
437 2978 811 3042 resistendum,
849 2978 986 3047 fugm
1044 2995 1100 3032 se
1153 2981 1317 3041 dedit,
1377 2989 1428 3034 et
1489 2979 1711 3048 fugienti

154 3079 332 3131 equus
374 3065 424 3117 in
477 3065 801 3133 profundum
855 3082 1066 3121 ccetmm
1103 3071 1384 3138 prolapsus
1434 3071 1552 3123 fuit.
1587 3071 1714 3126 Erat

153 3157 200 3208 ci
240 3157 478 3210 famulus
501 3158 739 3225 quidam,
765 3160 988 3213 vestium
1027 3169 1222 3223 sartor,
1256 3169 1309 3214 et
1358 3161 1573 3215 servilis
1615 3162 1714 3215 bo-

155 3263 244 3298 ιιιο
290 3248 639 3312 conditionis,
693 3251 775 3304 eui
839 3267 1031 3304 nomen
1088 3250 1368 3306 Sarudzes.
1426 3251 1521 3306 llic
1574 3269 1712 3322 equo

1823 701 1934 752 Suis
1953 718 2070 752 cum
2098 707 2255 756 rebus
2275 705 2521 772 migrant.
2546 703 2893 773 Posteaquam
2919 705 2982 757 ad
3009 703 3189 756 urbem
3208 700 3363 770 325

1825 790 2156 845 Carnmauim
2203 793 2369 858 liegus
2421 796 2761 855 accessisset,
2809 792 2987 865 Iliases
3036 794 3146 848 arci
3199 800 3362 845 seutet

1825 879 2068 934 includit.
2106 880 2222 946 Quo
2258 883 2595 937 (Zaramanus
2654 883 3048 944 animadverso,
3097 882 3364 936 civitatem

1825 971 1944 1038 igne
1971 973 2212 1039 subjecto
2241 975 2622 1029 concremavit.
2673 976 2801 1029 inde
2824 990 3014 1029 versus
3057 989 3234 1028 arcem
3275 989 3357 1026 cu-

1823 1063 2034 1116 niculos
2091 1080 2246 1129 agere
2282 1065 2440 1133 cepit.
2489 1064 2664 1120 lbases
2721 1082 2783 1119 ex
2842 1067 3067 1120 adverso
3103 1064 3365 1118 cuniculis

1822 1154 1935 1204 suis
1963 1153 2025 1204 ad
2063 1154 2295 1207 hostium
2358 1155 2635 1208 cuniculos
2692 1155 2986 1227 perductis,
3041 1163 3092 1206 et
3144 1169 3278 1220 aqua
3313 1153 3364 1204 iu
3408 1156 3410 1160 ⁷

1823 1258 1915 1294 eos
1945 1241 2201 1301 derivata,
2231 1243 2513 1297 Caramani
2546 1243 2781 1298 fossores
2827 1245 2980 1312 aquis
3014 1243 3240 1297 obrutus
3270 1259 3365 1300 ev-

1823 1333 2026 1386 stiuxit.
2056 1333 2270 1386 Interim
2297 1351 2420 1388 vero
2453 1337 2575 1387 dum
2609 1336 2672 1388 ad
2733 1336 2954 1390 Prnsam
3003 1350 3085 1387 res
3118 1333 3364 1394 utrinque

1823 1420 2025 1487 geritur
2053 1424 2268 1483 acriter,
2300 1433 2352 1475 ct
2409 1429 2538 1478 citra
2584 1426 3040 1479 intermissionem
3069 1467 3083 1489 ,
3127 1424 3362 1490 inopina-

1821 1521 1876 1566 to
1933 1514 2093 1567 Musa:
2143 1516 2366 1567 cadaver
2396 1532 2458 1568 eo
2516 1517 2876 1583 deportatum,
2938 1532 3102 1584 prope
3131 1518 3365 1569 thermas

1823 1616 2171 1660 monumento
2207 1623 2427 1674 paterno
2474 1609 2714 1662 infertur.
2780 1609 2830 1661 Id
2885 1610 2971 1662 ubi
3029 1610 3366 1663 Caramanus

1821 1695 1933 1749 fieri
1967 1698 2114 1761 vidit,
2169 1699 2450 1752 confestim
2499 1702 2657 1754 motis
2685 1702 2898 1764 castris,
2936 1716 3118 1754 suamv
3159 1703 3207 1753 in
3245 1715 3366 1769 pru-

1819 1789 2050 1841 vinciam
2075 1792 2371 1846 exercitum
2407 1793 2649 1847 abduxit.

1889 1879 2189 1934 Seeundem
2248 1883 2358 1936 haec
2408 1885 2678 1951 profectus
2725 1900 2754 1938 e
2803 1884 3060 1939 Romania
3120 1889 3364 1939 sultauus

1819 1969 2196 2032 Muchcmetes,
2240 1974 2558 2027 transmisso
2616 1976 2768 2040 freto,
2801 1976 3020 2031 Prusam
3066 1978 3215 2039 adiit,
3266 1978 3363 2030 ibi-

1813 2076 1916 2129 que
1967 2062 2259 2128 majoribus
2310 2067 2509 2118 coactis
2564 2067 2753 2132 ciipiis,
2815 2079 2865 2119 et
2931 2069 3198 2136 adiunctis
3262 2069 3360 2123 sibi

1813 2151 2095 2205 duobusin
2124 2153 2241 2207 belli
2280 2157 2588 2211 societatem
2649 2159 2992 2226 principibus,
3057 2160 3364 2213 lsvendiare

1812 2243 2079 2308 videlicet,
2110 2261 2171 2298 ac
2209 2244 2477 2300 Germiaui
2510 2249 2762 2315 domino;
2812 2265 2931 2302 cum
2973 2250 3050 2304 eis
3102 2249 3361 2302 adversus

1811 2334 2170 2390 Caramanutn
2256 2339 2651 2407 expeditionem
2735 2343 2995 2406 Stlst‘t‘pil.
3085 2328 3387 2407 Ingressus

1811 2437 1987 2482 autem
2013 2428 2299 2481 Caramani
2322 2430 2605 2491 ditionem,
2632 2445 2751 2482 ιιιος
2783 2432 3038 2498 oppidqu
3065 2429 3358 2483 Varsucum

1813 2520 2041 2586 subegit,
2073 2518 2264 2573 incolis
2316 2520 2517 2588 absque
2563 2537 2710 2574 mora
2765 2522 3082 2574 deditionem
3117 2521 3362 2576 facienti-

1812 2609 1933 2664 bus.
1965 2607 2092 2664 Inde
2113 2608 2332 2664 Couiam
2353 2627 2474 2664 cum
2507 2614 2742 2664 exercitu
2771 2612 3068 2674 contendit,
3125 2613 3213 2666 ubi
3239 2629 3360 2667 cum

1810 2703 2062 2772 princeps
2128 2706 2278 2759 urbis
2329 2709 2377 2759 ei
2432 2709 2544 2760 suis
2607 2721 2726 2760 cum
2785 2708 2957 2774 cepiis
3005 2704 3357 2770 Occurrerct,

1815 2794 2066 2862 praelium
2099 2798 2236 2849 inter
2264 2811 2320 2849 se
2374 2798 2783 2861 commiserunt,
2822 2814 2929 2864 quo
2971 2800 3213 2852 sultauus
3243 2797 3357 2851 Mu-

1814 2889 2085 2942 chemetes
2116 2889 2360 2957 superior
2391 2887 2508 2952 fuit,
2553 2900 2604 2941 et
2651 2888 2986 2945 Caramauus
3017 2907 3140 2942 cum
3172 2909 3362 2956 supre-

1815 2993 1900 3031 mo
1929 2980 2204 3046 copiarum
2236 2995 2456 3034 suarum
2497 2980 2650 3040 duce.
2708 2980 2919 3033 Zelmco
2963 2981 3264 3049 Mustapha.
3309 2985 3358 3034 in

1817 3069 2046 3123 hostium
2098 3079 2413 3138 potestatem
2471 3074 2630 3124 venit.
2707 3071 2880 3124 Multis
2933 3072 3078 3126 ultro
3122 3073 3360 3141 citroque

1814 3159 2097 3229 colloquiis
2135 3160 2353 3225 habitis,
2401 3163 2615 3216 tandem
2665 3166 3020 3231 compositum
3059 3165 3156 3216 fuit
3204 3163 3361 3216 tlissl-

1815 3252 1988 3317 dium,
2020 3263 2070 3306 et
2103 3264 2284 3308 mutua
2315 3257 2660 3308 reconciliata
2690 3267 2891 3324 gratia:
2945 3258 3035 3310 sed
3059 3259 3127 3309 ita
3162 3267 3360 3316 tamen,

152 3338 387 3397 domini.
416 3339 493 3392 sic
521 3339 668 3392 humi
701 3351 987 3408 prostrato,
1044 3346 1288 3398 tendines
1339 3345 1546 3406 incidit,
1581 3361 1705 3414 cap-
1732 3333 1777 3396 (ἆ
1810 3351 1866 3396 ιιι
1889 3343 2220 3399 Caramauus
2250 3346 2816 3400 sultauo'llucheuu-ti
2848 3349 3016 3402 tribus
3061 3349 3291 3418 oppidis,
3313 3360 3364 3401 et

154 3432 687 3500 tumquedominum
733 3449 888 3487 suum
923 3433 1132 3489 Musam
1180 3437 1244 3488 ad
1289 3438 1558 3491 sultanum
1592 3437 1704 3490 illu-

153 3525 456 3579 chetnctem
481 3524 720 3578 adduxit.
771 3524 880 3578 Sitit
911 3524 1121 3579 initium
1151 3529 1319 3580 noctis
1370 3529 1419 3579 in
1475 3526 1703 3579 tentorio

154 3623 392 3688 quodam
444 3621 586 3674 Musa
649 3621 1036 3691 strangulatus.
1104 3623 1282 3675 statim
1355 3621 1539 3674 cadem
1603 3632 1705 3671 no-

154 3722 237 3764 cte
321 3711 548 3766 Prusam
615 3714 767 3766 avehi
842 3713 1029 3780 jussus
1080 3722 1181 3778 est,
1240 3722 1297 3766 ut
1344 3712 1468 3766 istic
1532 3713 1583 3766 in
1618 3718 1702 3770 avi

158 3813 512 3856 monumento
533 3806 872 3858 conderetur.
921 3805 1205 3874 Imperavit
1253 3807 1408 3860 anuis
1437 3809 1606 3862 tribus
1652 3822 1705 3866 et

153 3894 402 3946 dimidio.
456 3893 833 3946 Mechemetem
890 3895 1102 3962 begum,
1157 3894 1430 3952 Michaelis
1512 3899 1700 3963 filium,

153 3987 241 4054 qui
270 3985 630 4039 Acanziorum
665 3984 769 4038 dux
795 3995 906 4040 erat
940 3985 992 4039 in
1033 3989 1274 4043 exercitu
1320 3988 1504 4050 Musze,
1539 3991 1704 4060 capti-

155 4094 273 4129 vum
343 4077 591 4130 sultauus
640 4075 1008 4130 Muchemetes
1072 4079 1134 4130 ad
1197 4079 1380 4133 urbem
1443 4079 1700 4135 Tocatam

155 4170 449 4234 deportari,
480 4177 532 4222 et
565 4168 758 4222 ibidem
791 4166 1050 4222 custodiri
1103 4171 1371 4240 prmcepit,
1440 4170 1704 4227 Samobu-

153 4277 233 4312 me
258 4276 389 4314 vero
422 4261 610 4323 filium,
641 4261 729 4326 qui
768 4261 941 4314 oflicio
984 4261 1330 4316 cadilescheri
1359 4262 1701 4334 fungebatur,

152 4370 269 4402 cum
300 4353 563 4407 uxoribus
585 4363 638 4406 et
664 4353 846 4407 liberis
878 4353 1106 4408 lsnicam
1146 4355 1308 4424 jussit
1331 4357 1549 4422 abduci,
1613 4360 1700 4413 ubi

154 4441 298 4491 mille
354 4456 639 4504 asprorum
691 4456 956 4495 annonam
1007 4443 1054 4496 ei
1105 4446 1346 4512 singulos
1389 4448 1440 4500 in
1493 4463 1704 4502 menses

152 4532 471 4597 aSsiguavit.
506 4530 752 4588 Peditum
789 4533 951 4587 Musa:
979 4535 1083 4587 dux
1119 4535 1170 4587 in
1205 4535 1510 4590 Valacbiam
1543 4538 1702 4592 aufu-

152 4627 248 4693 git.
285 4624 398 4678 lloe
430 4625 589 4678 modo
618 4625 918 4680 Turcorum
975 4627 1264 4693 imperator
1315 4627 1486 4684 factus
1532 4633 1702 4687 sulta-

153 4733 253 4770 nus
286 4714 666 4775 Iluchemetes,
697 4718 945 4772 universa
1002 4719 1222 4774 subacta
1249 4718 1510 4776 Romani:
1558 4738 1701 4778 anno

153 4806 254 4859 διδ
281 4807 432 4875 (cur.
473 4806 648 4870 uit).

225 4897 365 4950 lnito
407 4911 590 4965 regno,
625 4899 828 4964 legatos
856 4899 921 4953 ad
952 4915 1139 4953 omnes
1173 4899 1272 4952 sibi
1311 4899 1513 4953 vicinos
1550 4901 1700 4969 prin-

154 4992 304 5056 cipes
333 4991 500 5054 misit,
531 5005 594 5044 ac
642 4991 786 5058 pacis
831 5002 883 5044 et
933 4992 1185 5045 amicitia:
1227 4991 1424 5046 hedera
1466 5009 1586 5046 cum
1622 4997 1703 5049 eis

158 5079 376 5148 pepigit.
427 5079 632 5133 Interea
669 5095 814 5142 vero,
840 5079 965 5132 dum
1000 5081 1173 5134 adhuc
1210 5080 1353 5133 Musa
1393 5079 1700 5136 Mucheme-

156 5183 343 5237 tesque
375 5169 512 5222 bello
541 5180 710 5223 semet
734 5170 957 5224 invicem
989 5172 1040 5223 in
1072 5170 1386 5225 ltomaniam
1414 5187 1700 5238 perseque-

159 5267 387 5314 bantur:
422 5260 755 5315 Caramauiaa
812 5262 1058 5330 princeps
1119 5262 1340 5314 l’rusam
1401 5264 1696 5314 exercitum

156 5354 395 5406 adduxit.
435 5352 560 5421 Ejus
609 5354 960 5420 expeditionis
1016 5369 1230 5407 rumore
1264 5352 1330 5406 ad
1377 5369 1433 5407 se
1474 5354 1694 5421 perlato,

158 5443 340 5497 [bases
372 5445 544 5501 ὶιειεςιι,
579 5444 669 5511 qui
698 5455 806 5496 tum
844 5444 1020 5497 Prusae
1075 5459 1194 5495 cum
1245 5444 1414 5498 bassze
1473 5445 1697 5513 imperio

158 5527 403 5595 pra-erat,
432 5533 703 5585 arcessitis
729 5533 792 5583 ad
817 5550 872 5587 se
902 5533 1131 5586 Prusmis
1169 5532 1399 5595 civibus,
1444 5535 1518 5588 uti
1572 5549 1694 5588 eum

157 5620 234 5670 eis
287 5618 351 5670 de
405 5621 702 5675 iuuninenti
761 5623 898 5676 bello
959 5624 1310 5678 de’iberaret:
1367 5627 1696 5678 Caramauia-

159 5709 428 5778 princeps,
462 5712 555 5772 ait,
608 5729 754 5766 arma
811 5716 968 5783 cepit,
1007 5726 1062 5767 ut
1110 5731 1206 5768 nos
1255 5717 1536 5783 opprimat.
1594 5701 1696 5770 vos

158 5813 372 5867 operam
401 5803 546 5863 date,
579 5815 635 5856 ut
669 5804 732 5857 ad
756 5805 1122 5872 excipiemlam
1161 5805 1300 5858 illius
1325 5806 1452 5868 vim,
1488 5809 1691 5860 instru-

159 5895 224 5945 cti
251 5891 384 5953 sitis,
411 5902 598 5948 etcum
639 5896 980 5952 facultatibus
1052 5899 1240 5953 vestris
1288 5899 1336 5950 iu
1371 5914 1546 5966 arcem
1599 5915 1692 5952 vos

1807 3433 1897 3486 uni
1954 3444 2134 3488 castro
2187 3437 2422 3490 cederet.
2488 3437 2726 3502 Quorum
2792 3439 3028 3490 locorum
3093 3440 3362 3492 deditione

1807 3524 1967 3588 facta,
1997 3525 2232 3580 vicissim
2263 3526 2626 3580 Muchemctes
2658 3528 3018 3581 Caramauum
3047 3530 3362 3586 muneribus

1804 3617 2198 3678 cohonestavit,
2236 3627 2289 3671 et
2314 3617 2547 3670 libertati
2575 3618 2879 3671 restitutum
2923 3633 3075 3671 suam
3129 3619 3181 3670 iu
3235 3635 3362 3682 pru-

1808 3707 2034 3760 vinciam
2061 3708 2286 3762 remisit.
2317 3707 2676 3763 Muchemetes
2697 3711 2810 3777 ipse
2839 3710 3060 3763 Prnsam
3086 3726 3358 3770 reversus.

1806 3815 1912 3852 non
1941 3799 2030 3853 diu
2067 3800 2186 3854 istic
2220 3801 2410 3854 haesit:
2464 3803 2554 3855 sed
2591 3802 2688 3854 iter
2735 3814 2948 3868 ceptum
3005 3817 3358 3871 prosequens,

1805 3900 1954 3946 trans
1997 3892 2190 3946 fretum
2241 3891 2672 3959 HadrianOpolim
2730 3896 3052 3962 properavit,
3110 3905 3166 3948 ut
3219 3895 3360 3948 bello

1805 3982 2070 4037 Valachos
2097 3985 2389 4038 invaderet.
2438 3985 2489 4036 in
2525 3985 2571 4036 id
2632 3983 2830 4038 bellum
2860 3996 2912 4036 et
2956 4001 2983 4038 a
3037 3983 3356 4045 Caramauo,

1804 4082 1858 4126 et
1890 4073 1956 4128 ab
1990 4073 2296 4139 lsvendiare
2335 4076 2469 4145 bcgo
2523 4077 2706 4147 copias
2755 4078 3047 4130 auxiliares
3107 4079 3360 4139 impetra-

1805 4165 1918 4218 vit:
1955 4165 2149 4233 quibus
2183 4166 2245 4220 ad
2299 4182 2424 4220 suas
2471 4167 2758 4233 adiunctis,
2796 4168 2844 4220 in
2879 4167 3081 4220 hostem
3112 4182 3360 4235 progres-

1805 4273 1919 4322 sus,
1952 4258 2016 4312 ad
2065 4258 2363 4312 Danubium
2424 4268 2599 4312 castra
2662 4258 2891 4316 locavit;
2943 4258 3028 4310 ubi
3077 4258 3202 4310 dum
3240 4273 3359 4311 cas-

1805 4351 1990 4401 tellum
2051 4358 2374 4410 exstrueret,
2431 4364 2678 4416 magnam
2749 4363 2969 4400 suorum
3028 4364 3242 4401 manum
3301 4365 3356 4402 -ιι

1804 4437 2115 4492 Valachiam
2163 4450 2314 4493 trans
2363 4439 2554 4491 flumen
2593 4437 2848 4499 immisit,
2882 4447 2936 4490 ut
2988 4440 3182 4505 prmdis
3223 4440 3358 4492 actis

1805 4545 1919 4584 eam
1943 4530 2414 4598 depopularentur.
2451 4529 2644 4584 Milites
2679 4528 2708 4581 (ἑ
2736 4527 2992 4583 Valachia
3019 4530 3172 4590 salvi,
3209 4530 3358 4583 nullo

1731 4657 1778 4713 υ
1807 4633 2028 4689 accepto
2051 4621 2396 4682 detrimento,
2422 4632 2573 4675 trans
2599 4620 2927 4680 Danubium,
2965 4622 3210 4672 maximis
3261 4635 3352 4671 an-

1803 4713 1874 4768 cti
1927 4715 2135 4782 spoliis,
2180 4715 2402 4767 rediere.
2443 4713 2593 4778 Quod
2649 4728 2770 4764 cum
2835 4712 3069 4779 regionis
3129 4710 3351 4763 voivoda

1803 4816 2067 4867 cerneret,
2113 4805 2259 4857 aliud
2315 4803 2459 4872 quod
2519 4813 2698 4870 ageret
2751 4802 2878 4855 nihil
2933 4799 3137 4859 habuit,
3189 4815 3350 4868 quam

1804 4904 1858 4948 ut
1883 4911 2012 4965 pace
2045 4910 2165 4948 cum
2191 4895 2408 4947 sultauo
2442 4893 2759 4960 composita,
2813 4891 3102 4962 quotannis
3159 4907 3217 4946 se
3259 4893 3354 4944 tri-

1802 4987 1987 5039 lmtum
2062 4986 2353 5038 missurum
2415 4985 2776 5053 polliceretur,
2813 5000 2981 5053 eoque
3033 4985 3248 5037 nomine
3286 4987 3350 5036 fi-

1804 5080 1930 5131 liutn
1964 5079 2108 5131 daret
2144 5077 2408 5132 obsidem.
2453 5079 2658 5144 Quibus
2690 5079 2847 5132 rebus
2878 5076 3064 5144 gestis,
3123 5076 3346 5131 Prusam

1803 5171 2160 5225 Muchemetes
2211 5171 2438 5235 repetiit,
2478 5179 2528 5223 et
2581 5169 2706 5222 inde
2757 5167 2938 5236 copias
2975 5168 3039 5220 ad
3089 5169 3342 5237 oppidum

1800 5261 1939 5331 quod
1965 5259 2234 5312 Samsouis
2275 5262 2489 5323 dicitur,
2541 5259 2810 5313 traduxit:
2854 5273 2958 5327 quo
2985 5258 3199 5326 quidem
3251 5275 3344 5313 oc-

1799 5359 2011 5418 cupato,
2044 5353 2343 5419 complures
2385 5352 2436 5403 itt
2469 5351 2536 5404 iis
2573 5350 2703 5403 locis
2741 5347 2988 5410 Tataros,
3042 5362 3069 5400 a
3127 5343 3342 5404 Temire

1797 5445 1980 5497 (lhane
2013 5442 2247 5500 relictos,
2309 5442 2530 5494 invenit.
2570 5438 2674 5493 llos
2707 5438 2884 5492 edicto
2940 5438 3230 5510 publicato,
3286 5440 3336 5492 in

1799 5533 2110 5586 Romaniam
2143 5534 2367 5602 migrare.
2396 5531 2590 5599 jussit:
2644 5541 2698 5585 et
2739 5530 3033 5585 ditiuueula
3078 5533 3330 5602 quadam.

1799 5626 1938 5680 haud
1965 5625 2147 5691 procul
2176 5641 2202 5677 a
2239 5633 2419 5678 castro
2453 5621 2689 5683 Cuuuza,
2711 5622 2948 5684 donavit,
2977 5631 3033 5674 ut
3053 5623 3139 5686 ,ibi
3171 5622 3344 5674 domi-

1796 5717 1918 5770 cilia
1968 5714 2066 5787 sibi
2091 5715 2495 5767 constituerent.
2537 5711 2658 5766 Erat
2706 5713 2848 5765 enim
2900 5711 2942 5764 is
2975 5709 3120 5777 locus
3167 5709 3344 5764 incul.

1797 5819 1883 5862 tus
1911 5817 1962 5860 et
1982 5789 2243 5860 desertus.
2283 5809 2449 5876 Atque
2471 5806 2556 5858 illa
2588 5805 2800 5875 quidem
2825 5801 3019 5855 vicinia
3071 5808 3121 5853 et
3187 5802 3330 5869 regio

1797 5902 1849 5953 in
1883 5901 2018 5952 hunc
2045 5900 2256 5951 modum
2284 5896 2500 5951 Talztro.“
2529 5896 2726 5965 accepit
2755 5893 2976 5955 incolas,
3007 5890 3091 5960 qui
3122 5904 3235 5943 eam
3269 5891 3324 5944 in
