3970 6348
575 440 677 499 603

1815 440 2160 501 ANNALES
2198 425 2524 501 TURCICIE

3688 429 3780 493 6M

581 559 901 613 hodiernum
951 572 1143 625 usque
1172 558 1311 613 diem
1382 559 1678 627 possident.
1746 560 1955 613 Interea
2022 559 2148 613 dum
2179 568 2219 624 Α
2253 557 2442 611 Serras
2484 557 2547 609 ad
2582 555 2853 609 sultauum
2881 546 3267 608 Muchcmcte'm
3296 551 3650 607 adduxerunt.
3676 552 3783 607 Erat

580 650 667 703 bis
690 649 860 702 rebus
897 648 1133 704 intentus
1162 662 1278 706 erat
1335 652 1721 713 Mucltemetcs.
1781 655 1833 705 in
1889 652 2133 705 Anatolia

579 740 773 797 seditio
793 741 1034 810 qua-dam
1058 754 1244 797 coorta
1270 743 1389 806 fuit.
1432 754 1652 795 auctore
1702 744 1963 811 Burgluze
2018 743 2136 795 Mu-

582 833 796 901 stapha.
822 833 913 901 qui
942 832 1228 886 Scheiehis
1264 832 1572 886 Bedredinis
1599 833 1870 900 quendam
1922 848 2137 888 oecono-

582 940 706 978 tnus
748 924 943 978 fuerat.
981 924 1044 977 Et
1091 924 1368 978 sclieicbes
1400 925 1487 977 ille
1519 924 1865 987 Bedredincs.
1930 924 2010 977 uti
2047 940 2138 979 su'

581 1033 681 1088 pra
734 1017 1007 1080 diximus.
1070 1017 1207 1085 apud
1274 1016 1475 1070 Musam
1534 1017 1886 1072 eadilescheri
1943 1033 2139 1071 munus

585 1117 847 1174 gesserat.
876 1108 1064 1162 Isniou:
1095 1108 1348 1179 deinceps
1368 1110 1620 1164 exsulare
1659 1110 1863 1177 jussus.
1897 1108 1995 1163 IIic
2052 1125 2139 1162 er-

586 1215 654 1267 go
702 1198 1011 1268 Mustaphas
1070 1199 1123 1253 in
1173 1216 1359 1269 agrum
1432 1201 1783 1254 Aidinensem
1846 1202 2137 1269 profectus.

588 1305 835 1359 magnam
862 1290 936 1343 ibi
965 1291 1280 1346 seditionem
1314 1292 1597 1345 excitavit:
1633 1293 1904 1359 persuas’s
1952 1292 2139 1345 incolis

585 1390 643 1433 ut
671 1380 840 1448 ipsius
893 1384 1141 1450 potestati
1192 1398 1250 1436 se
1297 1384 1691 1451 permitterent.
1752 1392 1803 1437 et
1854 1383 2137 1451 imperium

587 1470 835 1525 lubentes
868 1473 1210 1540 accipereut:
1249 1490 1437 1527 nomen
1463 1474 1673 1528 interim
1695 1473 1969 1543 prOpheta:
1992 1489 2142 1527 men-

588 1562 740 1628 titus.
770 1571 827 1616 ut
854 1578 917 1616 eo
942 1563 1153 1617 facilius
1178 1581 1263 1620 res
1296 1581 1461 1619 novas
1483 1565 1785 1620 moliretur.
1823 1565 1920 1620 Ubi
1950 1565 2014 1619 de
2041 1553 2143 1618 hoc

588 1662 737 1708 motu
818 1653 1005 1709 lsnica:
1078 1657 1357 1711 sclieicltes
1438 1657 1761 1711 Bedredines
1823 1656 2137 1724 accepisset.

588 1745 857 1799 mconomi
884 1746 1129 1799 videlicet
1155 1746 1234 1799 sui
1268 1763 1351 1800 res
1370 1755 1579 1799 tantum
1614 1748 1933 1800 incrementi
1962 1760 2142 1798 sume-

589 1851 681 1889 re:
710 1851 827 1890 mox
858 1835 1029 1890 Isniea
1049 1836 1247 1890 relicta
1278 1837 1455 1906 fugam
1479 1839 1723 1905 arripuit.
1760 1851 1811 1890 et
1873 1834 2139 1890 Isvcndia-

2247 654 2386 720 apud
2410 652 2679 705 sultanum
2713 666 2917 717 magna:
2947 649 3163 717 quidam
3206 647 3467 702 doctrinae
3493 647 3594 709 vir.
3629 648 3782 699 nomi-

2242 758 2307 795 ne
2334 742 2571 795 Menlana
2599 740 2850 803 Cheider.
2887 741 3153 795 oriundus
3197 755 3227 794 e
3254 739 3493 799 Parthia,
3543 739 3674 790 unde
3731 752 3782 789 se

2244 834 2308 883 ad
2348 832 2735 886 Muchetnetem
2773 831 3095 893 contulerat,
3146 831 3235 899 qui
3266 845 3399 884 eum:
3421 844 3520 897 pro
3537 830 3649 882 viro
3676 842 3779 882 san-

2242 935 2328 977 cto
2355 924 2579 989 colebat,
2604 932 2657 976 et
2698 939 2726 975 a
2764 922 2927 976 latere
2950 936 3048 976 suo
3078 936 3346 984 nunquam
3382 922 3654 975 discedere
3697 936 3779 988 pa-

2243 1016 2497 1068 tiebatur.
2535 1013 2582 1068 Is
2610 1014 2750 1067 hanc
2775 1014 3097 1067 sententiam
3121 1013 3275 1078 tulit.
3296 1013 3560 1082 uteapitis
3586 1012 3775 1082 quidem

2245 1107 2562 1174 supplicium
2611 1106 2890 1159 scheiches
2921 1104 3243 1158 Bedredines
3274 1107 3471 1167 lueret.
3504 1106 3594 1159 sed
3642 1104 3775 1156 mini-

2247 1214 2330 1251 me
2384 1209 2563 1250 tamen
2634 1197 2771 1251 ﬁsco
2822 1196 3112 1251 facultates
3160 1196 3770 1265 ipsius‘appliearentur.

2250 1288 2501 1343 Sultauus
2524 1305 2652 1356 ergo
2684 1288 3070 1346 Mueliemetes.
3094 1289 3194 1343 hac
3219 1282 3281 1342 in’
3304 1304 3426 1342 eum
3459 1288 3561 1340 lata
3589 1282 3771 1341 senten-

2246 1384 2339 1445 tia.
2367 1398 2522 1451 poena
2550 1382 2824 1451 suspendii
2866 1382 3007 1446 apud
3035 1381 3223 1435 Set-ras
3272 1380 3544 1433 hominem
3599 1378 3767 1433 aﬂecit.

2245 1474 2436 1529 Postea
2467 1488 2612 1540 vero,
2672 1488 2833 1542 quam
2885 1475 3237 1543 exspirasset.
3294 1471 3526 1525 cadaver
3581 1469 3690 1537 ejus
3717 1468 3769 1521 de

2246 1544 2486 1634 patibulo
2518 1564 2818 1619 detractum
2874 1572 2927 1618 et
2961 1573 3116 1617 terra:
3141 1562 3447 1616 mandatum
3507 1561 3622 1616 fuit.
3664 1560 3767 1614 Inde

2248 1656 2493 1709 sultanus
2524 1655 2882 1711 Muchemetes
2908 1654 3134 1709 Prusam
3184 1668 3454 1720 reversos,
3485 1653 3550 1707 ad
3579 1651 3765 1722 aliquoi

2251 1746 2322 1801 ibi
2349 1758 2561 1815 tempus
2591 1748 2850 1801 substitit.
2887 1746 3265 1816 Hadrianopoli
3323 1747 3599 1815 templum.
3646 1745 3763 1812 quol

2249 1838 2412 1892 frater
2436 1839 2554 1906 ejus
2586 1840 2721 1892 emir
2744 1838 3073 1892 Soieimanes
3095 1846 3375 1892 exstruere
3418 1847 3667 1906 coeperat.
3694 1837 3767 1887 ab-

588 1943 704 1985 rem
736 1930 891 1985 adiit.
924 1931 1075 1999 Apud
1101 1931 1245 1985 hunc
1273 1947 1394 1985 cum
1436 1933 1744 2002 aliquandiu
1774 1912 2134 1992 substitisset.
2174 1912 2213 1965 Β
2246 1925 2381 1979 solvi
2407 1927 2636 1979 curavit.
2665 1927 2821 1980 Aliud
2845 1927 3006 1979 etiam
3031 1926 3216 1981 Prusae
3250 1926 3457 1988 fanum.
3491 1942 3609 1980 cum
3637 1928 3767 1979 scito-

592 2018 771 2072 ttavim
826 2021 1161 2082 eooscenﬁt.
1189 2030 1240 2075 et
1284 2022 1475 2075 itinere
1526 2022 1797 2075 maritimo
1831 2021 2136 2075 Valaehiam

590 2107 764 2175 petiit.
785 2108 1043 2165 Sullanus
1076 2122 1254 2166 autem
1316 2112 1675 2167 Muehemetes
1732 2113 1999 2167 intellecto
2044 2114 2141 2167 ha-

589 2194 721 2253 bere
758 2200 867 2267 jam
904 2201 1222 2272 Burgluzam
1257 2202 1592 2273 Mustapham
1630 2204 1946 2259 selecto‘rum
1997 2204 2142 2258 mili-

591 2301 703 2345 tum
732 2293 796 2344 ad
821 2292 922 2347 tria
948 2292 1138 2355 millia.
1170 2296 1352 2364 copias
1377 2311 1504 2349 suas
1547 2296 1600 2349 in
1646 2312 1791 2361 eum,
1819 2298 1954 2349 duce
1976 2298 2144 2350 sulta-

592 2400 664 2438 no
695 2383 897 2439 Murate
942 2386 1070 2453 filio.
1102 2387 1267 2442 misit.
1302 2387 1350 2441 Is
1387 2388 1474 2442 ubi
1511 2387 1746 2456 anazite
1802 2387 1958 2441 bassa
1985 2402 2143 2456 expc-

586 2479 812 2548 tlitiouis
852 2482 1021 2541 socio.
1052 2497 1177 2534 cum
1212 2481 1452 2535 exercitu
1501 2482 1565 2534 ad
1597 2480 1917 2535 defectionis
1962 2489 2145 2534 aucto-

595 2584 707 2619 rem
737 2566 1088 2637 pervenisset.
1146 2570 1343 2624 accidit
1396 2580 1457 2624 ut
1495 2571 1698 2638 impetu
1766 2572 2048 2639 repentino
2089 2585 2148 2625 se

594 2652 821 2714 invicem
856 2660 1190 2722 invaderent.
1210 2669 1264 2715 et
1298 2676 1487 2716 manus
1513 2669 1621 2715 tant
1674 2662 1915 2716 animose
1959 2676 2148 2717 conse-

597 2760 799 2814 rerent.
829 2760 889 2806 ut
919 2752 1009 2805 illo
1054 2751 1244 2823 prtelio
1308 2751 1495 2822 ingens
1537 2753 1813 2808 hominum
1866 2753 2149 2809 multitudo

594 2845 827 2898 caderet.
856 2842 1089 2899 Tandem
1150 2844 1445 2915 Burgluzes
1484 2844 1815 2915 Mustaphas,
1872 2846 1926 2902 in
1980 2845 2149 2900 frusta

594 2937 849 2992 concisus
909 2938 1086 3008 periit.
1123 2938 1231 2993 liae
1267 2940 1333 2993 de
1380 2939 1490 2995 illo.
1540 2950 1592 2993 et
1624 2939 1997 3008 complicibus.
2060 2941 2151 2993 ob-

597 3039 743 3084 tenta
788 3031 1015 3085 victoria
1040 3071 1054 3089 .
1086 3032 1243 3086 rediit
1298 3033 1363 3084 ad
1403 3032 1688 3099 pristinum
1730 3033 2012 3100 imperium
2040 3048 2152 3086 om-

600 3121 684 3175 nis
707 3136 767 3174 ea
818 3120 973 3185 ditio.
1009 3122 1294 3175 distributa
1329 3122 1585 3192 deinceps
1616 3123 1754 3177 inter
1779 3123 1976 3177 sultani
2034 3125 2150 3178 Mu-

597 3210 860 3266 chemetis
885 3211 1102 3264 milites.
1152 3209 1246 3266 His
1270 3214 1433 3269 rebus
1480 3214 1662 3281 gestis.
1702 3213 1962 3285 Bajazites
1994 3216 2150 3271 bassa

600 3317 722 3363 cum
754 3299 967 3354 sultano
1014 3300 1216 3377 Murate
1254 3300 1542 3365 Manissam
1596 3305 1747 3359 duxit
1809 3306 2144 3361 exercitum:

598 3407 709 3460 quo
735 3392 853 3460 ipso
873 3393 1033 3448 etiam
1085 3393 1138 3447 in
1168 3394 1283 3449 loco
1314 3396 1532 3465 quidam
1557 3406 1670 3451 erat
1722 3397 1880 3451 homo
1934 3398 2154 3451 seditio-

600 3500 717 3550 sus.
745 3483 996 3542 Torlaces
1050 3485 1386 3558 Huggiemal.
1415 3489 1647 3555 stipatus
1700 3491 1780 3543 bis
1814 3489 1955 3543 mille
2002 3490 2153 3551 viris.

600 3578 692 3643 qui
722 3594 842 3632 eum
868 3579 1234 3633 sectabantur.
1269 3578 1378 3634 Hos
1403 3595 1524 3633 eum
1580 3579 1843 3647 Bajazites
1873 3590 2155 3635 assecutus

604 3667 815 3732 inisset.
841 3677 985 3736 terga
1014 3670 1141 3721 dare
1163 3670 1355 3737 coegit,
1403 3679 1455 3722 et
1486 3668 1659 3738 ipsum
1712 3669 1989 3725 Torlaecm
2033 3686 2153 3725 eum

603 3756 725 3809 aliis
755 3757 956 3825 aliquot
984 3758 1281 3822 eonjuratis
1329 3766 1565 3826 captum,
1613 3758 1808 3812 ibidem
1864 3763 2155 3829 suspendio

562 3846 785 3901 .neeari
813 3846 993 3915 jussit.
1050 3846 1269 3901 Interim
1332 3846 1604 3916 profectus
1670 3848 1857 3904 Serras
1911 3851 2177 3907 sultanus'

606 3936 989 4001 Mucltemetes.
1042 3952 1160 3991 eam
1218 3938 1485 3992 civitatem
1546 3941 1866 4009 occupavit:
1920 3951 1971 3995 et
2031 3958 2153 3996 cum

605 4029 788 4083 animo
812 4044 912 4082 suo
964 4030 1267 4094 constituit,
1314 4031 1620 4086 Salonieam
1678 4048 1891 4102 quoque
1927 4036 2156 4089 militum

604 4133 806 4172 corona
830 4119 1185 4173 circumdare.
1221 4119 1452 4180 Duraute
1514 4138 1639 4176 vero
1690 4124 1961 4179 Serrensis
2011 4126 2159 4179 urbis

606 4210 912 4276 obsidione.
943 4209 1231 4265 Sciteiches
1264 4211 1349 4263 ille
1370 4210 1714 4275 Bedredines.
1745 4231 1901 4283 quem
1954 4217 2005 4268 itt
2060 4215 2162 4270 Va-

606 4303 837 4358 Iachiam
871 4301 1178 4373 profugisse
1202 4302 1462 4370 diximus,
1520 4302 1836 4360 Romaniam
1865 4307 2161 4375 ingressus,

606 4395 811 4464 aliquot
840 4393 1160 4464 sophilarios
1193 4402 1315 4448 ante
1340 4409 1399 4450 se
1418 4394 1561 4451 misit
1592 4396 1644 4449 in
1676 4410 1867 4467 agrum
1897 4395 2164 4467 Zagoren-

607 4500 745 4547 sem.
765 4486 926 4553 vulgo
957 4500 1331 4553 persuasuros.
1354 4486 1634 4556 imperium
1656 4488 1901 4544 Sebeichi
1924 4491 2167 4544 Bedredi-

2241 2015 2290 2068 Ia
2313 2024 2363 2070 et
2423 2031 2652 2083 xenone.
2692 2017 2955 2071 condidit.
3006 2018 3178 2085 Atque
3202 2016 3352 2070 hisce
3397 2017 3558 2087 gestis
3615 2016 3767 2076 rebus.

2242 2108 2451 2161 vivendi
2490 2110 2648 2163 linem
2703 2109 2853 2164 fecit.
2899 2108 3029 2180 Ejus
3088 2111 3227 2162 loco:
3264 2110 3515 2164 sultanus
3569 2109 3768 2162 Mirrates

2243 2198 2681 2267 filiusimperator
2701 2199 2876 2254 factus
2905 2211 3007 2265 est.
3033 2216 3173 2255 anno
3196 2200 3296 2254 εει
3320 2200 3468 2271 (Chr.
3492 2201 3662 2268 1422).
3690 2200 3770 2264 Qui

2242 2291 2424 2348 Prusae
2440 2293 2666 2349 cadaver
2686 2294 2853 2363 patris
2873 2306 3241 2362 monumento,
3286 2311 3382 2364 pro
3399 2312 3569 2358 more,
3596 2296 3771 2349 intulit.

2314 2384 2621 2441 Secundum
2659 2388 2768 2441 haec
2794 2398 2975 2442 secuta
3011 2388 3110 2441 fuit
3140 2395 3514 2443 universorum
3554 2390 3602 2443 in
3653 2392 3771 2441 Ana-

2246 2478 2373 2531 tolia
2404 2477 2658 2541 defectio.
2691 2480 2950 2533 nimirum
2978 2480 3194 2549 Ismyr.e
3228 2466 3511 2550 principis.
3551 2493 3602 2536 et
3651 2481 3770 2535 lien-

2249 2569 2406 2622 thesii
2438 2588 2450 2621 :
2484 2579 2538 2622 et
2576 2570 2639 2623 ad
2672 2586 2937 2625 summe
2965 2612 2979 2633 .
3035 2572 3274 2625 omnium
3329 2575 3397 2626 ab
3451 2574 3595 2628 omni
3652 2583 3774 2642 parte

2251 2675 2553 2728 procerum.
2619 2658 2674 2713 In
2730 2661 2992 2715 Romania
3058 2678 3288 2730 namque
3332 2679 3430 2731 pro
3488 2665 3687 2717 sultano
3727 2676 3774 2713 se

2252 2751 2476 2818 quidam
2513 2752 2752 2821 gerebat,
2785 2754 2869 2805 cui
2939 2769 3133 2807 nonien
3196 2752 3424 2809 Dusmes
3474 2754 3771 2823 Mustapltas.

2255 2842 2302 2896 Is
2367 2843 2531 2895 lilium
2598 2858 2655 2897 se
2688 2843 2995 2899 Gilderunis
3053 2845 3253 2899 Chattis
3324 2846 3683 2914 proﬁtebatur.
3732 2852 3774 2894 et

2256 2935 2569 3004 plerumque
2631 2937 2840 2990 solebat
2897 2939 2947 2990 in
3031 2938 3228 3005 oppido
3276 2939 3537 2991 Vardario
3584 2938 3770 3003 degere.

2256 3025 2606 3079 Transierunt
2642 3026 2692 3080 in
2723 3036 2900 3095 partes
2931 3028 3101 3096 ipsius
3135 3029 3295 3082 etiam
3360 3045 3605 3095 proceres
3667 3030 3770 3097 qui-

2258 3116 2374 3169 dam
2408 3117 2525 3181 ejus
2554 3115 2953 3191 fzituilim,quos
3010 3117 3315 3173 Eurenoses
3377 3120 3540 3189 begos
3592 3132 3774 3173 vorant.

2182 3241 2226 3300 ρ
2261 3206 2456 3260 [lorum
2481 3209 2737 3262 subsidiis
2766 3209 3004 3276 adjutus.
3034 3210 3223 3289 Serras
3247 3212 3499 3267 obsedit:
3526 3228 3634 3281 quae
3676 3213 3776 3278 qui-

2258 3299 2374 3351 dem
2413 3301 2558 3361 urbs,
2599 3315 2702 3351 una
2735 3314 2857 3352 cum
2904 3317 3046 3366 arce.
3102 3318 3223 3355 mox
3285 3303 3606 3357 deditionem
3655 3303 3774 3355 fecit.

2259 3390 2396 3443 IIinc
2421 3406 2735 3459 pmgressus
2794 3394 3042 3459 ulterius.
3083 3392 3524 3463 Hadrianopolim
3560 3397 3631 3449 ire
3684 3409 3778 3462 per-

2259 3482 2399 3536 rexit
2426 3501 2437 3534 :
2466 3499 2572 3551 quo
2599 3500 2717 3537 cum
2750 3486 3087 3549 accessisset.
3114 3487 3303 3539 incolae
3347 3488 3516 3555 portis
3563 3487 3775 3545 reclusis.

2258 3576 2374 3645 ejus
2413 3592 2470 3631 se
2496 3577 2613 3631 iidei
2646 3579 3005 3648 potesmtique
3029 3580 3412 3646 permiserunt.
3438 3579 3518 3630 Ad
3546 3591 3774 3632 summam

2261 3678 2366 3719 tota
2404 3665 2667 3721 Romania
2694 3669 2745 3721 in
2781 3678 2958 3737 partes
2987 3668 3107 3737 ejus
3131 3672 3423 3723 concessit.
3459 3670 3577 3720 Alio
3627 3679 3775 3719 tamen

2260 3757 2417 3813 Porta
2454 3758 2572 3811 loco
2593 3774 2697 3811 non
2730 3768 2867 3821 erat.
2930 3774 3092 3825 quam
3133 3757 3408 3813 Vardarii.
3458 3758 3777 3827 Posteaquam

2261 3850 2508 3904 sultanus
2537 3848 2791 3915 Murates,
2845 3850 2936 3916 qui
2976 3850 3076 3904 hoc
3126 3861 3364 3918 tempore
3422 3851 3599 3905 Prusze
3651 3849 3783 3916 dege-

2262 3940 2352 3992 bat
2385 3941 2435 3993 in
2468 3940 2597 4003 otio.
2628 3940 2855 3995 dehisce
2880 3941 3114 3995 motibus
3143 3940 3344 3995 certior
3377 3941 3552 3996 factus
3583 3942 3751 3993 fuisset
3774 3986 3786 4010 ,

2260 4031 2573 4099 Βεῇθῑῑιθιηι
2615 4033 2824 4086 bassatn
2867 4033 3042 4101 copiis
3116 4032 3443 4086 instructum
3502 4034 3660 4095 misit.
3709 4034 3784 4097 qui

2267 4126 2408 4176 hunc
2437 4139 2599 4191 regno
2635 4123 2944 4192 depelleret.
2976 4125 3112 4177 Cum
3152 4123 3389 4189 primum
3449 4124 3494 4178 is
3526 4122 3787 4175 Hadriano.

2265 4216 2426 4283 polim
2466 4216 2517 4268 in
2553 4213 2874 4269 Romaniam
2903 4217 3168 4277 venisset.
3206 4216 3272 4267 ab
3308 4216 3439 4269 hero
3474 4231 3571 4272 suo
3599 4213 3784 4274 defecit.

2266 4322 2329 4360 ac
2358 4306 2543 4360 Dusmi
2593 4308 2891 4377 Mustapba:
2955 4324 3012 4362 se
3045 4307 3290 4368 dedidit:
3348 4323 3377 4361 a
3434 4324 3542 4378 quo
3578 4306 3786 4362 vicissim

2267 4398 2460 4452 veziris
2509 4399 2766 4468 dignitate
2858 4398 2961 4452 fuit
3027 4405 3272 4452 ornatus.
3346 4399 3531 4455 Eidem
3608 4411 3657 4454 et
3721 4398 3787 4449 Is-

2269 4505 2432 4560 myra
2462 4490 2715 4559 princeps
2738 4531 2753 4550 .
2793 4491 3093 4545 Chuseiues
3130 4490 3296 4559 liegus
3345 4502 3518 4550 semet
3543 4490 3784 4561 adiunxit.

608 4577 663 4630 ni
695 4575 952 4632 divinitus
987 4591 1109 4631 esse
1148 4578 1509 4644 destinatum;
1554 4581 1741 4636 saltem
1772 4599 1974 4652 paucos
2020 4586 2157 4638 intra
2192 4596 2237 4651 ι)
2268 4581 2515 4650 Magnum
2547 4588 2721 4633 tamen
2758 4581 2993 4648 peditum
3054 4595 3339 4633 numerum
3422 4597 3563 4647 quos
3606 4584 3787 4646 Azapos

607 4666 1059 4736 diesadrentum
1125 4669 1241 4739 ejus
1318 4671 1770 4739 praestolarentur.
1838 4674 1972 4727 Cum
2030 4691 2156 4745 ergo

610 4759 895 4815 scheicbes
930 4757 1254 4814 Bedredines
1280 4759 1389 4827 jam
1444 4762 1659 4830 propius
1694 4764 1759 4829 ad
1788 4778 1880 4819 eos
1940 4765 2163 4820 accede-

610 4860 714 4914 ret.
776 4866 1004 4921 magnus
1078 4850 1456 4907 seditiosorum
1520 4870 1776 4910 numerus
1851 4858 1916 4911 ad
1984 4858 2157 4927 ipsum

611 4942 893 5010 conﬂuxit,
928 4954 981 4999 et
1016 4946 1229 4999 illorum
1262 4945 1421 5016 325
1445 4963 1661 5015 quoque
1681 4964 1785 5002 non
1817 4951 1993 5019 pauci,
2027 4966 2164 5018 quos

614 5039 908 5103 imperante
930 5036 1080 5098 Musa
1112 5038 1387 5094 beneﬂciis
1410 5041 1675 5095 obnoxios
1732 5042 1785 5095 in
1845 5044 2159 5109 magistratu

614 5126 717 5181 sibi
743 5128 1065 5193 reddiderat,
1088 5129 1213 5183 dum
1256 5130 1396 5200 apud
1427 5132 1577 5185 illum
1614 5131 1963 5188 cadileselteri
1992 5134 2165 5188 cilicio

616 5217 960 5285 fungeretur:
995 5218 1065 5272 ita
1110 5219 1345 5287 quidem.
1407 5229 1465 5273 ut
1523 5220 1800 5275 hominum
1861 5225 2029 5293 eupiis
2062 5242 2163 5277 ttott

616 5309 1025 5363 contemnendis
1051 5306 1262 5363 cinctus
1294 5322 1456 5363 esset.
1494 5309 1688 5364 Verum
1742 5313 1900 5367 iidem
1926 5315 2166 5367 animad-

619 5416 794 5463 verso.
826 5401 1047 5454 minime
1079 5400 1285 5455 felicem
1340 5400 1603 5468 futurum,
1638 5415 1814 5459 motus
1857 5406 2000 5461 illius
2054 5408 2167 5459 exi.

620 5505 770 5548 tum:
805 5491 1103 5548 Bededrine
1127 5494 1365 5557 deserto,
1389 5495 1549 5550 etiam
1577 5510 1747 5557 arma.
1776 5513 1894 5565 qua
1925 5494 2167 5568 sumpse-

621 5592 762 5657 rant,
791 5584 1178 5653 deposuerunt.
1211 5581 1410 5637 Harum
1447 5582 1726 5635 turbarum
1777 5596 1998 5653 accepto
2033 5598 2167 5636 nun-

621 5678 717 5741 tio.
778 5678 1043 5748 insignem
1099 5677 1394 5730 exercitum
1450 5676 1503 5728 in
1560 5689 1744 5742 agrum
1809 5676 2165 5743 Zagorensem

621 5771 865 5824 sultanus
928 5768 1291 5822 Muchemetes
1345 5762 1666 5833 expedivit:
1723 5765 1816 5825 qui
1862 5766 2167 5818 scheicbem

618 5860 971 5918 Bedredincm
1005 5862 1073 5916 ibi
1102 5858 1493 5933 deprehensum
1550 5866 1827 5927 ceperunt,
1856 5868 1907 5912 et
1956 5867 2166 5927 captum

2261 4678 2475 4733 vocant.
2502 4670 2714 4737 collegit
2742 4671 2969 4725 Uusmes
3001 4670 3086 4725 hic
3113 4672 3447 4740 Mustaphas.
3491 4684 3544 4726 et
3584 4672 3784 4739 insignia

2263 4762 2534 4815 concessit
2564 4761 2669 4814 illis
2709 4763 3008 4832 privilegia,
3031 4765 3122 4833 qui
3145 4774 3335 4830 sponte
3365 4764 3609 4817 militiam
3641 4762 3788 4830 ipsius

2264 4853 2634 4909 sectabantur.
2662 4854 2795 4908 Cum
2856 4855 3017 4923 igitur
3070 4856 3338 4925 ingentem
3390 4853 3505 4921 jam
3556 4857 3790 4923 coegiser

2265 4946 2584 5010 exercitum,
2634 4962 2696 4999 eo
2752 4949 2982 5003 consilio
3012 4945 3263 5002 discessit
3333 4944 3705 5015 Iladriauopoli
3744 4952 3792 4997 ut

2264 5038 2488 5091 Prusam
2522 5040 2875 5093 contenderet
2905 5059 2918 5095 :
2944 5055 2972 5092 a
3009 5054 3113 5107 qua
3148 5038 3280 5091 urbe
3309 5053 3433 5090 cum
3468 5040 3580 5108 jam
3617 5040 3787 5092 itinere

2267 5131 2426 5185 unius
2460 5131 2568 5185 diei
2596 5133 2826 5195 abesset.
2858 5136 3092 5185 vezirent
3135 5146 3291 5185 suum
3314 5170 3329 5195 ,
3380 5131 3662 5200 Bajazitem
3687 5128 3789 5179 bas-

2265 5239 2405 5289 sam.
2472 5227 2737 5295 supplicio
2788 5227 2978 5295 capitis
3055 5224 3249 5279 alI'ecit.
3306 5226 3527 5280 Interim
3584 5223 3788 5276 Muratcs

2270 5332 2481 5385 ειυοίιιιθ
2505 5319 2570 5371 de
2635 5320 2776 5374 bello
2834 5316 3071 5387 gerendo
3128 5332 3249 5371 eum
3307 5319 3424 5371 suis
3467 5315 3784 5369 deliberabat.

2270 5407 2751 5476 Suadebautvero.
2787 5411 2879 5479 qui
2916 5409 3042 5463 huic
3109 5426 3138 5463 a
3205 5409 3455 5464 consiliis
3515 5415 3675 5468 erant.
3741 5411 3789 5454 ιιι

2278 5497 2615 5555 Hechmeteut
2666 5501 2880 5568 begum.
2936 5501 3218 5556 Michaelis
3270 5500 3459 5563 lilium.
3514 5514 3543 5553 e
3598 5511 3786 5551 carcere

2277 5589 2311 5641 Γ
2315 5592 2553 5645 ocatensi
2581 5601 2880 5654 revocaret.
2908 5606 2970 5644 ac
3001 5591 3237 5646 libertati
3287 5588 3610 5643 restitueret.
3656 5587 3788 5641 Ilune

2268 5682 2431 5749 igitur
2458 5684 2774 5738 arcessitum
2803 5699 2833 5736 e
2861 5684 3132 5747 custodia.
3184 5697 3367 5735 secum
3401 5682 3469 5734 in.
3512 5680 3785 5750 expeditio.

2271 5788 2388 5825 nem
2413 5776 2548 5827 hanc
2578 5775 2824 5829 sultanus
2846 5774 3076 5830 Murates
3112 5775 3362 5842 sntnpsit.
3416 5790 3479 5828 ac
3512 5775 3668 5827 Prusa
3714 5783 3786 5821 re-

2271 5862 2414 5928 licta,
2441 5868 2503 5918 ad
2536 5880 2747 5919 amnem
2773 5865 3055 5923 L‘lubatam
3105 5865 3385 5935 processit,
3418 5868 3626 5937 etjuxta
3679 5874 3787 5928 PW'
