3970 6348
145 537 247 602 6οὒ

1379 538 1715 598 ANNALES
1754 540 2088 613 TURCICI.

3205 538 3321 601 605

145 659 251 701 tem
282 656 462 699 castra
516 653 748 699 metatus
803 654 904 699 est.
954 645 1154 699 Eodem
1205 660 1324 699 cum
1370 656 1424 701 et
1470 649 1691 719 Dusmes
1720 653 1763 706 Α
1792 650 1991 705 Ibidem
2023 658 2266 705 mortuus
2289 659 2369 704 est
2404 651 2658 705 Ibraimcs
2686 650 2867 713 bassa,
2898 649 3111 707 Chelilis
3141 650 3312 705 bassze

147 735 467 805 Mustaphas
491 736 835 801 venisset,ex
880 736 1043 789 altera
1090 746 1236 804 parte
1290 740 1465 806 pontis
1512 738 1682 790 locum

145 828 349 880 castris
391 826 602 895 delegit.
657 825 767 881 Hoc
818 828 976 881 modo
1031 827 1307 880 collocatis
1351 844 1413 879 ex
1462 828 1686 879 adverso

133 917 323 996 (copiis
357 917 634 986 utriusque
659 918 936 986 principis,
971 916 1321 981 Mechemetes
1374 919 1559 988 begus,
1593 918 1685 969 Mi-

143 1006 360 1059 chaelis
387 1007 546 1070 illius,
569 1007 827 1061 militibus
862 1023 889 1061 a
917 1006 1115 1062 Dusme
1162 1006 1441 1076 Mustapha
1500 1010 1687 1061 stanti-

149 1098 253 1151 bus
274 1100 709 1166 cognoscendum
743 1115 800 1154 se
826 1100 1079 1168 praebere,
1105 1115 1167 1153 ac
1202 1110 1537 1168 peramanter
1596 1116 1687 1153 eos

150 1188 505 1254 compellare.
538 1185 655 1252 Quo
686 1187 847 1251 facto,
877 1204 997 1242 cum
1029 1203 1278 1256 proceres
1326 1198 1487 1257 atque
1546 1189 1687 1240 miti-

155 1286 259 1337 tes.
289 1278 384 1346 qui
408 1293 600 1332 secum
634 1279 833 1332 Dusme
883 1279 1160 1345 Mustapha
1213 1280 1311 1333 hac.
1357 1280 1690 1349 expeditione

156 1366 574 1431 cnniunxerant,
608 1367 881 1423 Michaelis
910 1370 1079 1422 lilium
1104 1369 1448 1437 agnovissent
1480 1386 1491 1420 :
1527 1378 1686 1422 noctu

157 1455 383 1509 ﬂuvium
418 1456 698 1512 Ulubatam
750 1459 1089 1526 transgressi,
1146 1461 1211 1513 ad
1252 1454 1517 1513 sultanum
1574 1460 1689 1511 Mu-

158 1552 332 1598 ratem
360 1561 419 1599 se
438 1547 795 1610 rantulerunt,
824 1550 981 1615 eique
1020 1564 1075 1602 se
1106 1549 1444 1603 dediderunt.
1496 1548 1548 1601 Id
1600 1548 1687 1600 ubi

155 1635 388 1688 Dusmes
417 1634 720 1705 Mustaphas
753 1636 862 1689 fieri
904 1638 1054 1701 vidit,
1113 1620 1181 1690 ad
1236 1652 1445 1692 amnem
1491 1636 1690 1705 Bugam

152 1724 423 1794 profugit,
448 1740 744 1793 magnaque
790 1726 1026 1794 pecunia:
1057 1726 1105 1777 vi
1140 1726 1297 1792 Bugae
1316 1726 1493 1793 oppidi
1527 1726 1690 1777 Cadio

155 1815 389 1873 donata.
414 1814 530 1882 ejus
551 1830 650 1883 ope
698 1816 877 1869 salvus
903 1800 1117 1880 cvasit;
1160 1825 1212 1866 et
1275 1823 1488 1883 propter
1531 1816 1691 1867 Galli-

155 1904 328 1973 polim
362 1913 507 1957 trans
542 1905 734 1959 fretum
766 1907 817 1958 in
841 1905 1156 1960 Romaniam
1189 1920 1459 1968 reversus,
1496 1906 1687 1957 ibidem

1788 751 1958 809 pater,
1995 757 2138 795 anno
2171 740 2273 796 832
2299 741 2447 810 (Chr.
2482 729 2661 810 H50).
2920 796 2923 799 .

1855 831 2086 887 Murates
2113 842 2316 895 autem,
2347 833 2541 901 quietis
2596 842 2647 886 et
2684 832 2776 887 otii
2833 831 3087 901 longioris
3148 834 3313 898 impa-

1788 925 1946 983 tiens,
1985 923 2180 976 bellmn
2210 938 2270 976 se
2300 933 2671 991 suscepturum
2713 925 2823 977 suis
2852 922 3037 987 edixit,
3057 923 3312 976 divinitus

1787 1013 1885 1064 sibi
1920 1016 2246 1086 mandatum.
2276 1012 2457 1080 Itaque
2498 1015 2756 1069 maximas
2782 1014 2963 1081 copias
3006 1013 3070 1066 ad
3125 1013 3310 1073 urbem

1788 1103 2087 1156 Salonicam
2141 1104 2405 1168 adduxit,
2440 1120 2609 1172 eaque
2668 1107 2867 1174 potitus
2914 1112 3010 1164 eSt.
3078 1104 3310 1159 exercitu

1788 1194 1971 1261 spoliis
1995 1195 2187 1260 opimis
2218 1194 2423 1251 dilato:
2475 1196 2614 1265 quod
2664 1196 2871 1259 quidem
2929 1196 3121 1249 accist
3173 1213 3312 1249 anno

1789 1286 1890 1339 853
1921 1287 2069 1351 (Chr.
2108 1288 2286 1352 usi).

1858 1377 2021 1443 Capta
2048 1376 2312 1437 Salonira,
2340 1377 2579 1429 nonnihil
2601 1394 2625 1428 a
2654 1377 2852 1430 bellicis
2874 1370 3313 1443 occupationibus

1789 1466 2055 1519 abstinere
2120 1467 2430 1524 constituit,
2485 1476 2534 1519 et
2559 1466 2621 1518 ad
2685 1477 2931 1518 montana
2984 1464 3136 1532 Zogze
3190 1480 3313 1531 pro-

1791 1558 1958 1609 l'ectus
1979 1564 2078 1609 est.
2113 1555 2227 1619 Quo
2250 1564 2483 1621 tempore
2519 1565 2670 1606 natus
2704 1564 2784 1607 est
2808 1557 2853 1607 ei
2888 1556 3043 1612 illius.
3077 1554 3159 1604 cui
3224 1568 3316 1602 no-

1791 1661 1909 1698 men
1939 1644 2281 1698 Muchemetis
2312 1645 2586 1713 imposuit,
2622 1645 2809 1698 eodem
2836 1662 2973 1699 anno
3025 1644 3124 1697 833
3169 1643 3312 1713 (Chr.

1796 1738 1972 1806 ηδε).

1864 1830 2014 1883 Edilo
2036 1832 2087 1885 in
2115 1831 2285 1884 lucem
2311 1829 2439 1894 lilio,
2471 1846 2639 1882 novos
2667 1827 2863 1895 signari
2910 1826 3066 1894 jussit
3092 1841 3275 1893 aspros
3301 1842 3315 1877 :

1793 1936 2023 1989 moxque
2046 1936 2231 1974 rursus
2251 1921 2313 1972 ad
2344 1932 2591 1973 montana
2624 1935 2679 1974 se
2700 1918 2941 1972 contulit.
2984 1916 3035 1969 Id
3067 1917 3319 1983 temporis

155 1994 221 2047 ad
256 1995 477 2077 aliquod
502 2004 708 2061 tempus
730 1996 949 2062 quievit,
988 1996 1211 2049 navibus
1239 1990 1293 2048 in
1343 2005 1535 2048 terram
1572 1997 1689 2048 sub-

1799 2013 1948 2062 etinm
1983 2009 2364 2077 Hadrianopoli
2423 2011 2705 2077 templum,
2761 2018 2812 2061 et
2872 2008 3065 2060 ibidem
3117 2008 3167 2059 in
3197 2022 3316 2058 arce

156 2068 355 2139 vectis:
390 2084 519 2137 Eum
573 2085 689 2138 sine
717 2100 862 2139 mora
894 2094 1109 2138 secutus
1164 2102 1192 2139 a
1250 2098 1401 2153 tergo
1448 2086 1691 2139 sultanns

159 2175 419 2240 llurates,
446 2178 625 2244 copias
655 2192 779 2231 suas
810 2187 1163 2231 mercatorum
1213 2178 1440 2245 navugiis
1476 2178 1693 2244 impegi-

158 2278 243 2321 tas
282 2269 337 2321 in
371 2268 654 2322 adversum
710 2270 861 2323 littus
890 2271 1006 2323 vehi
1044 2271 1270 2335 curavit,
1301 2280 1356 2323 et
1416 2271 1603 2322 castris
1641 2271 1691 2321 in

157 2364 296 2417 Esca
329 2364 547 2429 planitie
578 2364 752 2418 locum
775 2365 931 2433 cepit.
968 2364 1099 2417 Tum
1133 2381 1258 2419 vero
1303 2364 1523 2419 Dusmes
1553 2364 1693 2417 Mus—

160 2456 385 2525 staphas
409 2458 564 2509 motis
590 2458 804 2520 castris,
828 2471 1013 2510 versus
1038 2456 1298 2509 Boluirem
1337 2457 1457 2520 luga
1504 2471 1561 2509 se
1612 2472 1695 2506 re-

162 2548 346 2616 cepit:
386 2549 525 2600 unde
551 2562 670 2600 eum
725 2545 1162 2615 Hadrianopolim
1197 2555 1459 2614 pergeret,
1493 2562 1520 2597 a
1585 2547 1695 2599 sois

162 2641 413 2692 desertus
438 2637 560 2690 fuit.
590 2636 699 2691 Nec
728 2637 895 2689 multo
926 2644 1045 2705 post
1067 2643 1276 2699 captus,
1304 2647 1355 2687 et
1396 2634 1697 2687 Hadriano-

166 2730 328 2798 polim
368 2730 431 2783 ad
468 2730 736 2781 sultanum
767 2727 1021 2780 Muratem
1041 2728 1352 2795 perductus,
1386 2724 1693 2792 illiusjussu

164 2821 230 2874 de
264 2820 428 2887 pinna
463 2820 689 2887 quadam
716 2819 780 2871 ad
822 2834 1032 2870 murum
1091 2817 1243 2871 urbis
1292 2832 1588 2881 suSpt-nsus
1621 2820 1698 2867 la-

162 2925 305 2979 queo
330 2908 491 2961 vitam
528 2906 680 2959 ﬁniit.
713 2906 825 2961 Mox
862 2907 1058 2960 ibidem
1087 2906 1331 2960 sultanus
1379 2905 1610 2960 Ilurates
1644 2906 1695 2957 in

168 3002 373 3070 regium
412 2999 660 3051 thronum
692 2997 1002 3060 collocatus,
1054 3008 1108 3050 et
1166 2997 1459 3064 imperator
1506 3011 1531 3047 a
1568 2997 1700 3058 suis

166 3094 436 3147 salutatus
462 3098 561 3152 est,
590 3103 731 3142 anno
757 3087 857 3142 827
892 3086 1037 3157 (Chr.
1072 3087 1254 3153 1125).
1291 3086 1417 3141 Erat
1447 3089 1493 3139 ei
1538 3086 1701 3139 frater

166 3186 219 3237 iu
254 3182 523 3239 Anatolia.
557 3178 869 3233 cuinomen'
911 3176 1240 3243 Mustaphas.
1292 3178 1339 3230 Is
1391 3182 1547 3230 etiam
1590 3192 1701 3228 ma-

1795 2101 1953 2153 veteri
1984 2099 2237 2167 palatium
2266 2099 2477 2166 elegans
2496 2114 2555 2149 ac
2578 2099 2888 2150 deliciosum
2917 2097 3116 2151 exstrui
3140 2096 3316 2165 jussit,

1793 2207 1932 2244 anno
1965 2190 2334 2243 Mahnmetano
2362 2189 2462 2244 855
2494 2189 2641 2257 (Chr.
2679 2189 2857 2255 1432).

1864 2280 2017 2331 Anno
2043 2287 2217 2331 autem
2249 2280 2487 2346 sequenti
2516 2279 2779 2344 proximo,
2838 2293 2958 2331 cum
3022 2275 3317 2330 Hadriano-

1796 2370 1898 2435 poli
1926 2369 2160 2437 degeret,
2187 2370 2411 2437 quodam
2446 2369 2687 2422 Mercurii
2720 2370 2825 2429 die,
2857 2369 2956 2423 sub
3016 2384 3317 2435 vesperam,

1797 2476 1963 2525 usque
1992 2460 2121 2511 adeo
2165 2460 2340 2511 lumen
2369 2460 2497 2511 solis
2525 2459 2712 2511 defecit
2741 2498 2756 2522 ,
2809 2469 2866 2511 ut
2924 2459 3159 2512 tenebrae
3207 2466 3321 2511 ter—

1802 2571 1909 2606 ram
1943 2564 2284 2620 occuparent.
2316 2554 2508 2608 Eodem
2560 2569 2699 2606 anno
2730 2560 2963 2607 cometes
2985 2552 3143 2606 etiam
3202 2568 3324 2604 rau-

1798 2645 1954 2697 dntus
1988 2644 2252 2711 apparuit.
2708 2656 2717 2664 '

1867 2736 2015 2787 Tunc
2043 2745 2095 2786 et
2157 2732 2444 2785 Eurenosis
2502 2732 2615 2799 begi
2674 2732 2832 2789 filius.
2891 2732 3002 2783 Alis
3032 2731 3218 2800 begus,
3271 2736 3321 2781 in

1799 2826 2074 2879 Albaniam
2109 2825 2286 2891 copias
2318 2825 2484 2883 duxit,
2516 2824 2667 2875 irrito
2694 2823 2845 2887 plane
2874 2832 3088 2876 conatu.
3147 2822 3324 2889 Neque

1799 2918 1965 2970 multo
1990 2928 2136 2984 post.-
2160 2915 2577 2983 llerzegovinam
2610 2927 2912 2983 aggressus,
2958 2914 3147 2967 ibidem
3195 2928 3328 2979 quo-

1799 3022 2037 3076 quecuui
2072 3006 2303 3059 exercitu
2329 3007 2497 3057 victus
2532 3004 2648 3065 fuit,
2683 3021 2821 3056 anno
2840 3003 2939 3056 856
2965 3002 3112 3072 (Chr.
3148 3004 3323 3066 H35).

1872 3097 1979 3150 Ilnc
2008 3096 2157 3149 clade
2218 3105 2453 3163 accepta,
2508 3098 2629 3147 dum
2673 3092 3045 3162 Ilndriauopoli
3096 3091 3328 3143 Murates

1756 3171 1768 3183 ’
1802 3192 2043 3243 sultanus
2078 3188 2415 3256 quiesceret;
2472 3186 2725 3239 Iimitanei
2780 3184 2963 3244 duces,
3032 3183 3323 3250 praesertim

165 3290 299 3342 8³³³⁵
333 3272 607 3327 ίδίῑυτίὶθδ
642 3272 827 3325 dum:
868 3272 959 3325 sed
1020 3270 1231 3324 “iidem
1283 3268 1515 3322 Μυτθῑθε
1544 3284 1702 3334 exPe'
1726 3293 1769 3354 (ζ
1803 3284 1970 3335 Sinan
2014 3282 2198 3347 begus,
2243 3279 2425 3332 lsacus
2462 3279 2645 3343 begus,
2674 3286 2725 3330 et
2772 3275 3083 3330 Turchanes
3140 3276 3325 3343 begus.

166 3367 427 3420 ditionem
489 3365 747 3418 adversus
831 3363 1048 3416 fratrem
1103 3362 1358 3429 suscepit,
1423 3372 1473 3416 et
1524 3361 1703 3414 lsniem

166 3468 387 3522 captum
461 3454 637 3508 necari
687 3454 879 3522 jussit;
941 3452 1078 3505 unde
1114 3452 1336 3505 Prusam
1379 3463 1595 3512 vectus,
1654 3462 1707 3504 et

164 3552 320 3620 juxta
349 3558 553 3615 patrem
594 3548 837 3600 conditus
863 3545 981 3597 fuit.
1020 3544 1326 3596 Secundum
1387 3545 1499 3597 haec
1552 3544 1706 3596 rediit

170 3641 422 3691 sultanus
466 3636 697 3689 Mutates
736 3632 1188 3698 Hadrianopolim.
1215 3647 1321 3700 quo
1356 3647 1474 3685 cum
1524 3646 1710 3698 perve-

181 3732 375 3790 nisset,
412 3727 480 3783 de
542 3727 777 3780 voivodte
831 3722 1050 3777 Valachi
1084 3722 1381 3777 delectione
1438 3721 1703 3788 cognovit.

168 3824 508 3892 Quapropter
530 3820 706 3873 ductis
746 3820 797 3871 in
830 3815 1142 3870 Valaehiam
1194 3816 1386 3883 copiis,
1438 3816 1703 3881 regionem

169 3915 481 3966 universam
510 3910 648 3963 laede
668 3910 909 3975 diripuit,
948 3917 998 3960 et
1049 3905 1240 3972 amplis
1301 3905 1496 3972 potitus
1550 3902 1708 3969 326

170 4004 383 4073 spoliis,
421 4001 854 4067 Hadrianopolim
896 4014 1141 4052 rev-'rsus
1172 4007 1274 4058 est,
1307 4012 1447 4048 atino
1478 3995 1598 4046 89.7.

245 4097 377 4152 Inde
432 4108 622 4148 rursus
674 4092 726 4144 in
763 4090 1061 4143 Anatolium
1125 4088 1429 4155 profectus,
1498 4086 1706 4154 Istnyrre

177 4190 481 4261 principem
508 4184 709 4236 ditioue
738 4196 831 4234 sua
882 4180 1100 4247 expulit,
1137 4190 1188 4231 et
1228 4188 1477 4245 praeterea
1531 4176 1705 4241 regio-

178 4281 363 4335 nibus.
386 4274 751 4336 Mentesianm,
777 4270 1076 4331 Aidiuensi,
1106 4268 1434 4327 Sarchaniae,
1469 4274 1519 4316 et
1571 4264 1709 4316 Che-

179 4370 434 4427 ntidensi,
475 4362 716 4432 praesidia
769 4376 988 4414 suorum
1019 4360 1292 4422 imposuit,
1318 4354 1560 4409 deductis
1586 4400 1589 4403 .
1615 4372 1706 4408 eo-

177 4460 299 4514 dem
332 4456 582 4516 colouiis,
618 4462 669 4506 et
696 4451 841 4519 agris
868 4451 1006 4503 inter
1025 4465 1146 4502 suos
1178 4446 1499 4502 distributis.
1549 4443 1706 4497 Ge~ta

178 4564 308 4601 vero
344 4547 556 4599 fuerunt
585 4546 695 4595 lucc
717 4541 904 4594 eodem
937 4555 1076 4593 anno
1108 4539 1205 4589 8'27
1245 4536 1394 4603 (Chr.
1425 4534 1605 4602 1425).

1804 3386 1921 3423 eum
1987 3372 2205 3430 adeunt,
2240 3380 2289 3420 et
2344 3380 2541 3422 orant:
2599 3378 2911 3436 potestatem
2964 3368 3061 3418 sibi
3115 3366 3326 3425 laceret,

1806 3460 2115 3513 invadenti-.13
2146 3474 2204 3511 ac
2257 3460 2639 3525 depopulanda:
2702 3458 2953 3510 Albaniae.
3006 3456 3153 3522 Quod
3211 3472 3328 3509 cum

1804 3554 1882 3606 eis
1948 3553 2323 3607 concessisset.
2385 3550 2497 3612 ipse.
2560 3548 2837 3616 przealtum
2892 3564 3055 3615 prope
3092 3548 3327 3601 Ρηιεςιιη

1806 3653 2038 3696 montem
2086 3641 2233 3703 adiit,
2287 3656 2442 3708 quem
2493 3656 2630 3691 nunt-
2674 3650 2899 3693 momen:
2957 3638 3329 3706 Caleset-orum

1808 3742 2033 3785 vocant:
2067 3731 2151 3783 ubi
2176 3738 2407 3783 aestatem
2441 3728 2583 3781 illum
2647 3728 2768 3781 anni
2802 3728 2901 3781 838
2952 3726 3100 3795 (Chr.
3153 3726 3329 3787 N35).

1804 3819 1998 3888 exegit.
2050 3818 2174 3870 Inde
2228 3833 2473 3870 reversus
2554 3817 3007 3885 Hadrianopolim.
3056 3816 3332 3868 adductam

1800 3910 1955 3975 jussu
1983 3902 2083 3961 Suo
2121 3907 2266 3961 Bulci
2298 3908 2457 3960 ﬁliam
2497 3908 2835 3961 matrimonio
2866 3906 3180 3973 sibijunxit.

1876 3998 1983 4051 Iloc
2017 4014 2155 4051 anno
2186 4012 2376 4049 rursus
2400 3996 2686 4049 Eurenosis
2746 3997 2859 4066 begi
2916 3998 3074 4057 lilius,
3110 3996 3219 4049 Alis
3246 3997 3335 4049 bc-

1806 4104 1926 4157 gns,
1954 4090 2005 4139 in
2032 4087 2313 4139 Albaniam
2347 4087 2634 4154 profectus,
2661 4089 2921 4140 maximas
2955 4087 3158 4156 praedas
3209 4088 3333 4151 egit,

1806 4190 1858 4233 et
1896 4180 2063 4242 ampla
2100 4178 2267 4246 spolia
2296 4179 2600 4247 reportavit,
2634 4193 2775 4230 anno
2835 4176 2934 4231 839
2968 4177 3112 4244 (Chr.
3154 4174 3331 4235 1156).

1878 4270 2107 4323 Mnrates
2164 4283 2338 4321 amem
2391 4284 2507 4321 cum
2551 4270 2783 4321 exercitu
2842 4266 3206 4321 Caramaniatn
3259 4266 3337 4317 itt-

1810 4377 2026 4427 gressus
2049 4371 2148 4415 est.
2183 4360 2283 4413 Sed
2310 4361 2469 4413 rebus
2494 4377 2611 4411 cum
2644 4359 2909 4411 lbrahime
2966 4357 3115 4423 bcgo,
3167 4357 3335 4423 regio-

1812 4452 1893 4501 nis
1918 4452 2175 4516 principe.
2213 4450 2520 4508 transactis,
2576 4464 2674 4516 pax
2706 4432 2870 4501 'inter
2900 4462 2994 4501 eos
3050 4451 3334 4515 Constituta

1812 4542 1927 4595 fuit.
1958 4542 2011 4592 In
2044 4542 2210 4593 reditu
2239 4553 2471 4595 castrum
2503 4542 2745 4593 Buruzen
2790 4540 2887 4595 sibi
2920 4540 3169 4610 Suhjecit,
3200 4556 3337 4592 anno

247 4635 483 4691 Postilla
515 4650 633 4685 cum
658 4634 720 4684 ad
750 4642 959 4699 tempus
1014 4630 1231 4697 aliquod
1286 4626 1464 4680 Prusae
1497 4627 1701 4679 SIIIhII-
1734 4620 1774 4671 D
1804 4634 1894 4687 δίῃ
1926 4632 2125 4699 (1457),

180 4730 359 4787 tis-set.
383 4714 549 4795 quieti
579 4724 823 4777 deditus:
866 4722 1074 4776 tandem
1121 4732 1368 4788 suscepta
1425 4734 1609 4771 rursus
1655 4718 1707 4771 in

181 4818 500 4871 Romaniam
526 4813 875 4884 profectione,
933 4812 1118 4866 Lazari
1149 4812 1402 4865 ditionem
1438 4810 1711 4879 ingressus

181 4917 285 4968 est.
322 4907 788 4975 eaquedespotam
822 4917 1001 4957 senem
1063 4916 1285 4969 prorsus
1342 4900 1519 4967 ejecit,
1569 4915 1709 4951 anno

183 4997 558 5050 Ilahutuetauo
580 4995 683 5049 829
707 4993 853 5063 (Chr.
885 4991 1062 5058 1427).

251 5086 344 5140 His
378 5087 662 5139 exautlatis
725 5082 999 5137 laboribus
1031 5099 1091 5134 ac
1124 5082 1408 5141 molestiis.
1452 5082 1618 5149 quieti
1653 5096 1712 5134 se

181 5180 394 5247 quidem
424 5178 592 5239 dedit,
643 5176 734 5229 sed
765 5192 865 5229 non
919 5175 1219 5226 diuturnae:
1279 5176 1405 5227 dum
1459 5172 1712 5226 Anatolise

186 5277 437 5321 montana
464 5271 685 5332 peteret,
716 5264 989 5331 captanda:
1020 5262 1315 5331 frigidioris
1352 5278 1492 5325 aura:
1520 5276 1705 5314 causa.

183 5347 578 5413 Rursum’vero
627 5356 900 5423 trausjeclt
960 5356 1013 5408 in
1068 5352 1401 5413 Romaniatn,
1465 5362 1517 5403 et
1550 5354 1713 5404 armis

186 5450 389 5505 Lazaro
411 5447 592 5509 illatis,
623 5446 923 5498 universam
952 5444 1067 5513 ejus
1110 5444 1376 5512 regionem
1430 5441 1712 5509 populatus

185 5552 287 5605 est,
308 5556 447 5595 anno
472 5539 573 5594 830
603 5536 750 5607 (Chr.
786 5535 959 5605 1428).

257 5633 392 5685 Hinc
419 5632 634 5703 quidam
662 5644 724 5683 ex
770 5629 1112 5695 proceribus,
1170 5626 1256 5681 cui
1286 5628 1493 5696 juomen
1541 5630 1715 5682 Hoscr

190 5719 374 5785 begins.
413 5724 465 5776 in
490 5720 735 5775 Anatolia
761 5719 1016 5771 ditionem
1044 5718 1312 5771 Zietucam
1347 5718 1568 5773 Muratis
1609 5719 1711 5770 im-

191 5809 339 5878 perio
365 5812 574 5881 adjecit.
630 5828 769 5865 anno
794 5812 886 5865 851
921 5808 1071 5875 (Chr.
1105 5810 1283 5873 1429),
1318 5825 1438 5863 cum
1496 5811 1710 5863 interim

194 5897 431 5959 “tantis
477 5904 586 5966 ipse
652 5900 1026 5968 lladrianopoli
1095 5902 1275 5968 quiete
1329 5916 1386 5955 se
1447 5902 1702 5953 reticeret.

1878 4724 2000 4775 Inde
2031 4724 2241 4790 repetiit
2270 4724 2727 4790 Hadrianopolim.
2763 4734 2920 4794 atque
2956 4725 3024 4776 ibi
3086 4724 3336 4789 templum

1809 4815 2067 4867 :edilicare
2094 4815 2258 4880 caepit
2290 4832 2301 4866 :
2346 4830 2463 4866 cum
2495 4814 2722 4881 quodam
2758 4814 2973 4867 Veneris
3004 4814 3109 4884 die,
3136 4829 3342 4864 sntmno

1812 4919 1986 4959 mane.
2048 4905 2275 4971 primum
2340 4904 2566 4971 lapidem
2620 4905 2869 4955 inanibus
2918 4904 3029 4969 ipse
3087 4902 3198 4954 suis
3250 4920 3342 4971 po-

1719 5047 1726 5059 ,
1813 4992 2025 5045 suisset.

1880 5085 2003 5136 Post
2025 5083 2136 5136 brec
2167 5082 2217 5133 in
2252 5081 2538 5149 Ungariam
2608 5082 2817 5149 irrupit,
2846 5091 2897 5155 et
2935 5096 3024 5135 sex
3082 5082 3132 5134 in
3163 5097 3223 5135 ea
3254 5096 3341 5135 ca-

1811 5173 1976 5227 stellis
2008 5174 2200 5240 potitus
2235 5184 2334 5233 est,
2369 5187 2507 5225 anno
2536 5170 2630 5225 841
2668 5171 2814 5237 (Chr.
2848 5170 3017 5238 1457),

1884 5260 2035 5317 Unde
2084 5278 2351 5324 reversus,
2402 5261 2709 5331 aliquandiu
2765 5261 2916 5315 bellis
2978 5262 3252 5325 abstinuit,
3290 5270 3341 5315 et

1812 5357 2057 5409 instituta
2095 5356 2434 5409 solemnitate
2488 5354 2736 5427 maxima,
2801 5354 3074 5405 sultanum
3122 5352 3335 5405 Euche-

1814 5458 2000 5500 tnetem
2055 5447 2223 5499 lilium
2254 5444 2561 5515 circumcidi
2621 5445 2848 5500 curavit.
2902 5444 3009 5497 Hac
3056 5443 3340 5497 festinate

1812 5546 2045 5607 peracta,
2098 5536 2464 5591 Semeudriam
2525 5537 2674 5589 duxit
2745 5536 3055 5593 exercitum.
3117 5547 3339 5600 eamque

1760 5674 1767 5681 γ
1813 5627 2234 5681 munitionemin
2277 5634 2585 5695 potestatem
2620 5627 2842 5696 redegit.
2879 5642 3017 5679 anno
3050 5624 3149 5677 842
3190 5623 3335 5681 (Chr.

1814 5716 1993 5771 H38).

1882 5718 1947 5769 38
1979 5758 1993 5771 .
2484 5758 2492 5767 .

1881 5718 2015 5860 IIiIte
2036 5806 2102 5859 ad
2128 5806 2341 5866 Albam,
2394 5820 2552 5874 quam
2577 5805 2813 5859 Graecam
2837 5811 3047 5865 vocant,
3079 5814 3297 5854 accessu
3327 5817 3339 5852 :

1813 5898 1903 5952 sed
1934 5912 2053 5951 cum
2073 5912 2188 5953 eam
2217 5912 2521 5967 expugnare
2546 5913 2649 5952 non
2672 5892 3124 5966 posset,abduClis
3148 5891 3338 5961 copiis,
