3970 6348
543 452 645 504 ﬁll?

1775 453 2116 515 ANNAIES
2154 456 2356 515 TlURC
2378 455 2501 514 lCl.

3609 456 3705 517 (08

540 559 684 614 aliud
727 559 826 611 iter
849 558 1107 628 arripuit,
1144 558 1342 615 Novam
1372 561 1659 617 adeundo:
1699 579 1858 632 quam
1899 580 2074 618 arcem
2105 570 2150 627 Α
2176 573 2285 618 tum
2327 542 2574 629 restituit,
2620 575 2669 618 et
2712 581 2773 619 ex
2803 565 2892 620 illo
2953 574 3186 633 tempore
3221 563 3390 620 solida
3442 565 3538 619 fuit
3570 570 3706 621 ami-

542 666 663 702 rutn
697 650 841 703 omni
878 665 1005 720 agro
1066 650 1291 706 iinitimo
1340 667 1452 707 sua:
1481 653 1700 708 ditionis
1735 654 1877 708 fecit.
1939 653 2079 707 Ulte-

542 744 659 793 rius
689 742 847 794 etiam
874 743 1167 812 progressi.
1200 742 1477 798 Romaniae
1533 746 1887 815 beglerhegus
1905 760 2073 798 eunu-

512 831 699 890 “chus,
730 830 815 899 cui
844 839 1033 884 nomen
1068 830 1310 891 Seachus
1339 832 1607 887 Abediues
1633 834 1809 892 bassa.
1831 842 1881 886 et
1911 831 2076 885 Edzes

544 920 729 986 liegus,
768 929 817 974 et
840 920 1022 974 lsacus
1078 921 1243 988 begus
1269 936 1482 981 omnem
1543 923 1689 976 illam
1744 924 2075 991 provinciam

545 1012 744 1077 rapinis
775 1011 1094 1065 exhaustam
1132 1011 1351 1069 Muratis
1415 1014 1637 1084 imperio
1697 1014 2074 1081 subdiderunt,

545 1119 685 1153 anno
723 1101 824 1156 845
862 1101 1063 1172 (1439).

615 1210 871 1265 Sullanus
937 1223 1113 1266 autem
1178 1212 1433 1278 Mttralcs,
1496 1213 1700 1269 relictis
1734 1214 1884 1269 hisce
1921 1214 2073 1277 locis,

540 1300 978 1371 Hadrianopolim
1037 1291 1283 1358 reversus
1350 1314 1474 1359 cst:
1509 1305 1599 1360 ubi
1649 1320 1768 1358 cum
1831 1290 2076 1376 aliquau-

540 1396 709 1460 tisper
731 1391 1069 1461 sitbsistt-ret,
1095 1392 1263 1448 Mcsiti
1308 1395 1441 1463 bego
1474 1397 1523 1449 id
1552 1396 1752 1466 negotii
1802 1396 1968 1461 dedit,
2021 1405 2077 1450 ut

545 1502 638 1554 per
660 1485 965 1541 Valachiam
996 1484 1048 1538 in
1087 1485 1372 1554 Ungariam
1404 1497 1728 1558 penetraret,
1756 1503 2098 1557 omnemque.

545 1579 815 1642 regionem
888 1579 1031 1631 illam
1088 1576 1351 1646 direptam
1411 1588 1687 1657 vastaret.
1739 1579 1849 1637 Sed
1902 1576 2075 1633 Mesiti

541 1663 832 1733 lingariam
861 1668 1124 1737 ingresso,
1158 1682 1262 1723 non
1315 1682 1381 1721 ex
1421 1662 1587 1721 animi
1643 1669 1906 1725 sententia
1950 1684 2079 1724 suc-

539 1762 705 1835 cessit
733 1762 1027 1833 cxpeditio.
1051 1762 1259 1831 Quippe
1299 1777 1419 1815 cum
1446 1763 1709 1817 universis
1745 1763 1913 1833 copiis
1963 1764 2077 1818 suis

538 1862 711 1901 cursus
729 1858 782 1902 et
816 1848 1167 1919 interemptus
1217 1848 1338 1914 fuit,
1378 1863 1517 1905 anno
1556 1849 1660 1906 845
1691 1850 1839 1921 (Chr.
1895 1852 2073 1922 HLO).
2105 1893 2154 1954 Β

607 1940 744 2026 Ejus
773 1960 943 2015 cladis
1004 1970 1224 2031 accepto
1273 1962 1485 2024 nuntio,
1537 1962 1788 2031 Sophiam
1846 1962 2079 2018 Μαι-διες

510 2050 786 2105 'sultauus
814 2066 872 2105 se
901 2052 1151 2121 contulit,
1174 2054 1354 2124 ibique
1400 2064 1833 2115 castrameratus.
1874 2054 2081 2122 begler-

537 2139 733 2208 begutu
797 2140 1106 2205 Romaniae,
1152 2145 1405 2197 sebacum
1463 2141 1752 2195 Abedinem
1832 2142 2078 2201 bassatu,

541 2249 663 2283 cum
726 2228 1320 2286 utiiversis'iiom'anite
1369 2233 1558 2300 copiis,
1612 2231 1665 2284 et
1716 2231 1982 2294 Acauziis,
2030 2237 2083 2285 et

541 2322 840 2386 Geuizaris,
887 2322 1180 2388 expedivit,
1240 2331 1319 2387 ut,
1354 2333 1629 2392 peragrata
1660 2323 1926 2383 Valachia.
1975 2319 2088 2375 Un-

545 2415 743 2476 tariam
766 2414 1172 2489 popularentur.
1204 2414 1381 2470 Eosiu
1416 2413 1749 2484 Ungarnrum
1806 2414 1940 2469 lines
1986 2412 2082 2466 de-

541 2502 680 2558 latos
742 2506 1095 2573 impressione
1147 2507 1324 2563 subita
1366 2504 1827 2566 lancus'invasit,
1869 2503 2085 2570 cecidit,

551 2595 861 2649 interemit:
898 2595 1014 2662 ipso
1037 2595 1198 2648 etiam
1224 2596 1542 2665 beglerbego
1607 2608 1817 2656 necato.
1850 2605 1902 2648 et
1939 2611 2083 2647 eam-

547 2687 669 2736 dem
700 2691 822 2739 cuni
842 2684 1033 2741 ‘Hesite
1062 2686 1188 2740 belli
1246 2685 1519 2761 fortunam
1605 2698 1845 2757 experto.
1903 2676 2086 2741 Conti-

549 2785 740 2841 gerunt
776 2776 889 2833 haec
924 2791 1066 2832 anno
1088 2775 1191 2833 846
1222 2776 1370 2842 (Chr.
1409 2775 1589 2846 1441).

611 2891 947 2947 Caramauia:
976 2894 1161 2961 begus,
1199 2893 1265 2949 de
1294 2894 1443 2953 hisce
1478 2892 1778 2948 Turcorum
1844 2891 2088 2947 cladibus

540 2984 741 3037 certior
792 2982 989 3049 factus,
1036 2983 1338 3063 Anatoliam
1400 2998 1525 3038 cum
1573 2984 1744 3053 copiis
1788 2984 2085 3053 ingressus.

543 3074 759 3130 Belulen
788 3074 1043 3143 oppidum
1072 3076 1315 3130 tentavit.
1338 3075 1397 3129 id
1430 3075 1519 3129 ubi
1565 3064 1924 3142 signiﬁcatum
1978 3075 2086 3127 sul-

542 3165 668 3217 lano
698 3163 891 3218 Murati
919 3164 1129 3228 fuisset,
1188 3164 1529 3231 expeditione
1592 3178 1785 3233 magna
1816 3163 2085 3217 celeritate

506 3264 813 3322 -suscepta.
846 3254 1094 3307 ibrahimi
1117 3253 1277 3324 327
1303 3253 1605 3308 Caramano
1654 3255 1854 3308 bellum
1878 3253 2080 3307 intulit:
2111 3253 2132 3326 Ὺ

523 3345 717 3412 .qunin
745 3352 1023 3399 montuosa
1052 3344 1189 3408 ioca,
1221 3360 1438 3413 pra-que
1470 3345 1614 3400 saxis
1637 3344 1804 3406 invia,
1845 3346 2081 3412 dilapso:

543 3446 871 3489 transactum
904 3435 1137 3504 denique
1168 3436 1439 3504 negotium
1469 3436 1591 3501 fuit,
1618 3445 1672 3493 et
1692 3439 1939 3493 sultanus
1974 3437 2086 3491 Mu-

449 3535 455 3543 '
541 3538 682 3581 rates
722 3526 1153 3596 Hadrianopolim
1188 3527 1368 3582 rediit.

614 3641 829 3709 Accepit
889 3649 1065 3694 autem
1122 3639 1171 3693 id
1204 3642 1465 3709 temporis
1497 3640 1749 3695 nuntium
1793 3640 1860 3693 de
1917 3633 2086 3692 morte

542 3729 636 3781 tibi
672 3727 777 3789 sui,
806 3727 1000 3781 suitani
1054 3727 1329 3792 Aladinis’,
1360 3730 1452 3798 qui
1511 3730 1741 3783 Amasize
1780 3730 1941 3783 rebus
1988 3730 2085 3782 hu—

544 3820 717 3873 inanis
773 3827 1101 3872 excesSerat.
1198 3819 1331 3873 Dum
1392 3830 1611 3891 propter
1675 3822 1819 3887 illius
1878 3822 2082 3876 obitum

543 3912 720 3965 adhuc
742 3911 792 3964 in
820 3911 963 3964 luctu
983 3918 1148 3973 esset.
1182 3926 1274 3966 rex
1326 3910 1686 3984 Utigarorutn,
1741 3930 1862 3968 cum
1928 3915 2084 3970 Iauco

544 4002 808 4056 etLazari
846 4002 973 4065 tilio,
1028 4016 1147 4056 sese
1206 4006 1389 4071 movit,
1450 4014 1663 4059 etcum
1725 4006 1963 4059 exercitu
2020 4008 2083 4059 ad

545 4094 771 4149 ('liSut'as
798 4092 1062 4147 lsiadinas
1088 4096 1334 4150 accessit.
1361 4097 1635 4150 Adversus
1666 4097 1764 4151 hos
1813 4096 2085 4164 profectus

546 4183 820 4238 Romaniae
873 4183 1221 4254 beglerbegus
1274 4185 1508 4240 Casanes
1566 4186 1742 4245 bassa.
1778 4201 1900 4239 cum
1951 4184 2088 4239 Tur-

544 4276 717 4328 chane
738 4274 887 4346 bego,
918 4284 971 4329 et
1007 4275 1279 4330 universis
1304 4276 1582 4331 Romaniae
1631 4277 1821 4345 copiis.
1849 4286 1903 4330 et
1963 4293 2083 4331 cum

544 4358 812 4425 Acanziis.
844 4364 1027 4434 praelio
1077 4372 1201 4419 cum‘
1226 4365 1305 4420 eis
1328 4380 1651 4435 congressus
1680 4374 1780 4420 est.
1824 4363 1925 4418 Sed
1962 4380 2082 4420 cum

545 4444 857 4511 Turchancs
882 4456 1072 4526 begus,
1123 4457 1325 4513 amisso
1384 4459 1568 4529 vigore
1602 4458 1791 4521 animi,
1827 4474 1937 4529 pra:
1973 4457 2085 4512 for-

2176 658 2302 710 citia
2322 656 2563 725 junctus.

2248 746 2447 801 Interea
2480 749 2808 802 Caramanus
2840 747 3135 801 lbrahimcs
3180 747 3345 817 hegus
3390 749 3709 810 Anatoiiam,

2177 847 2321 890 moto
2355 838 2514 901 bello,
2553 839 2787 892 turbavit
2815 856 2828 892 :
2855 838 2999 908 quod
3037 838 3450 893 ubinuntiatum
3493 840 3710 893 sultano

2177 922 2386 991 fuisset,
2420 928 2468 979 in
2502 928 2798 982 Anatoliam
2826 927 3062 983 transiit:
3093 938 3143 982 et
3170 943 3292 982 cum
3325 928 3707 985 Geuizaroruin
3742 980 3751 987 .

2177 1017 2337 1070 aulici
2364 1018 2672 1083 comitatus,
2705 1018 3068 1089 Anatoiiaaque
3102 1019 3309 1088 copiis,
3351 1021 3709 1075 Caramanum

2176 1103 2406 1161 invasit:
2439 1107 2529 1173 qui
2558 1121 2678 1159 mox
2704 1107 2833 1177 iuga
2883 1108 3044 1162 rebus
3080 1108 3191 1171 suis
3245 1109 3534 1163 consuluit.
3586 1111 3713 1164 Erat

2176 1197 2314 1264 apud
2340 1198 2481 1251 httnc
2508 1198 2558 1251 in
2591 1200 2908 1253 auctoritate
2936 1200 3177 1255 maxima.
3206 1186 3470 1253 'Sarumes
3496 1200 3709 1266 quidam

2175 1282 2421 1354 Jacupes,
2447 1303 2544 1355 pro
2574 1290 2689 1342 viro
2725 1298 2920 1344 sancto
2971 1290 3200 1344 habitus.
3233 1291 3283 1345 Is
3330 1290 3396 1343 ad
3438 1291 3711 1344 suitanum
3764 1318 3765 1321 η

2176 1372 2434 1428 Muratem
2458 1377 2754 1447 ablegatus.
2787 1380 3013 1433 invicem
3051 1389 3334 1448 utrumque
3372 1380 3474 1433 sibi
3527 1396 3714 1434 recon-

2176 1465 2395 1518 ciliavit.
2429 1466 2540 1531 Qua
2576 1480 2703 1534 pace
2743 1468 3001 1533 confecta,
3063 1468 3301 1524 Murates
3349 1470 3587 1525 exercitu
3630 1473 3715 1524 di-

2177 1556 2364 1620 misso,
2399 1554 2684 1611 Mauissam
2726 1558 2995 1628 profectus
3044 1568 3168 1614 est:
3209 1561 3297 1614 ubi
3346 1576 3468 1614 cum
3522 1570 3717 1629 sponte

2176 1658 2234 1699 se
2265 1645 2487 1712 imperio
2509 1646 2831 1713 abdicasset,
2867 1650 3027 1703 tilium
3057 1651 3158 1707 sibi
3200 1652 3473 1708 sultanum
3502 1654 3717 1708 Muehe-

2177 1746 2371 1788 metcm
2404 1737 2704 1804 substituit,
2739 1741 2897 1810 eique
2947 1740 3203 1797 Cbeiilem
3236 1745 3449 1799 bassam
3483 1746 3714 1799 vezirem

2176 1825 2436 1894 adiunxit,
2468 1844 2587 1884 cum
2618 1830 2859 1891 Mettlana
2894 1830 3215 1900 .Chusrone,
3264 1834 3355 1903 qui
3408 1835 3585 1891 otiicio
3622 1850 3719 1901 Aca-

2181 1918 2459 1972 dilescheri
2515 1922 2868 1989 fungeretur:
2907 1923 3187 1983 amborum
3259 1925 3439 1980 virtuti
3484 1939 3549 1981 ac
3596 1926 3719 1980 εἰῧεί

2180 2015 2287 2058 tam
2324 2008 2451 2072 ﬁlio,
2480 2026 2640 2078 quam
2700 2012 2993 2080 provinciis
3022 2015 3251 2083 imperil,
3309 2015 3719 2073 commendatis.

2179 2094 2233 2148 id
2268 2098 2461 2152 factum
2496 2116 2637 2159 anno
2669 2102 3044 2164 Mabumetano
3076 2106 3179 2161 847
3217 2106 3367 2175 (Chr.
3399 2106 3579 2175 ηιξ).

2258 2186 2362 2241 Rex
2403 2200 2578 2244 autem
2613 2190 2859 2263 Ungaria:
2903 2194 3210 2250 cuniJanco
3240 2212 3389 2252 novae
3410 2206 3579 2252 semet
3628 2212 3721 2252 es-

2180 2280 2432 2347 peditioni
2461 2284 2716 2346 accinxit,
2745 2284 2920 2339 ductis
2950 2301 3137 2342 secum
3178 2270 3434 2356 ngaris,
3492 2286 3732 2343 Corma;

2180 2371 2283 2431 nis.
2317 2370 2587 2437 Bohemis,
2623 2373 2854 2437 Polouis,
2899 2374 3066 2440 italis,
3131 2385 3185 2429 et
3244 2375 3533 2432 Valacliis:
3586 2393 3721 2447 quo-

2181 2474 2298 2511 rum
2323 2462 2561 2515 omnium
2594 2463 2786 2531 ingens
2807 2476 2923 2519 crat
2973 2466 3278 2530 multitudo,
3311 2467 3556 2522 videlicet
3610 2468 3722 2522 lto-

2183 2552 2382 2604 minum
2452 2555 2513 2606 ad
2584 2555 2851 2624 octoginta
2912 2557 3097 2629 millia.
3172 2557 3458 2612 Tormenta
3510 2575 3723 2629 quoque

2184 2641 2368 2695 bellica
2426 2646 2557 2695 rotis
2607 2645 2853 2712 imposita
2903 2647 3252 2711 vehebantur.
3310 2666 3532 2706 numero
3588 2669 3723 2722 qua~

2183 2730 2483 2798 dringenta.
2510 2730 2701 2787 Milites
2728 2733 2826 2802 ipsi
2857 2733 3002 2790 ferro
3044 2752 3266 2806 prorsus
3321 2742 3509 2795 armati
3571 2744 3721 2795 tecti-

2185 2837 2287 2891 que
2357 2824 2845 2891 conspiciebantur.
2925 2827 3168 2898 Cumque
3255 2833 3575 2886 transmisso
3656 2834 3721 2885 ad

2187 2914 2373 2965 Albam
2426 2913 2660 2966 Grmcatn
2719 2914 2993 2982 Danubio,
3057 2920 3198 2973 lines.
3248 2921 3454 2989 imperii
3512 2922 3723 2978 Turcici

2185 3008 2505 3074 transgressi
2537 3005 2798 3061 fuissent:
2839 3007 3089 3063 Matersm
3136 3018 3188 3065 et
3227 3009 3503 3067 Schuliunt
3528 3016 3722 3082 Oppida

2187 3106 2484 3151 vaStarunt.
2524 3098 2647 3153 inde
2673 3105 2931 3170 promotis
2958 3102 3023 3156 ad
3048 3104 3342 3167 Niconulim
3397 3109 3609 3172 castris,
3667 3111 3723 3163 in

2189 3204 2397 3243 omnem
2431 3191 2577 3244 illum
2606 3207 2790 3257 agrum
2824 3193 2965 3247 [erro
2992 3203 3045 3248 et
3098 3194 3205 3262 igni
3261 3200 3568 3256 saevierunt.
3622 3201 3724 3256 Ar-

2188 3294 2536 3349 cemquoque
2593 3281 2924 3338 Buruvadam
2967 3299 3320 3356 occuparunt,
3382 3300 3434 3344 et
3474 3293 3726 3361 imposito

2189 3369 2435 3433 prmsidio
2463 3372 2791 3426 munierunt.
2823 3373 2953 3427 Cum
2982 3391 3008 3428 a
3043 3374 3499 3452 Nicopoii‘copias
3551 3381 3725 3435 abdu-

2187 3468 2390 3525 cerent,
2424 3471 2640 3517 secutus
2665 3478 2758 3516 eos
2786 3479 2909 3517 cum
2964 3466 3077 3521 suis
3123 3482 3152 3520 a
3184 3477 3334 3536 tergo
3371 3468 3725 3525 Mechemetes

2186 3549 2455 3619 Nicopolis
2505 3553 2689 3622 begus,
2714 3554 2931 3624 Syrusis
2971 3557 3085 3627 begi
3118 3558 3282 3618 ﬁlius.
3320 3570 3373 3613 et
3413 3576 3600 3629 agmen
3632 3577 3729 3615 es-

2189 3652 2415 3697 tremum
2444 3646 2684 3710 adortus,
2710 3650 3017 3714 complures
3074 3650 3309 3713 occidit,
3351 3651 3728 3718 cataphractos

2187 3734 2447 3799 quosdam
2504 3732 2827 3800 interceptos
2860 3734 2925 3787 ad
2974 3734 3189 3789 Portam
3248 3736 3413 3792 misit.
3450 3734 3521 3789 De
3577 3737 3730 3792 hisco

2188 3824 2423 3876 motibus
2454 3824 2722 3878 sultanum
2759 3823 3015 3877 Muratem
3045 3840 3166 3881 mox
3195 3823 3412 3881 Vezires
3444 3830 3731 3884 certiorem

2193 3911 2566 3967 reddiderunt.
2628 3911 2676 3967 is
2736 3911 2982 3968 Manissa
3038 3926 3146 3968 tum
3200 3916 3448 3981 degebat,
3505 3933 3614 3985 quo
3671 3934 3732 3970 se

2187 4004 2381 4069 quieta:
2433 4004 2555 4055 vitae
2608 4004 2786 4057 studio
2846 4019 2953 4057 non
3018 4005 3087 4058 ita
3146 4006 3351 4072 pridem
3404 4007 3731 4061 contulerat.

2187 4093 2502 4163 Quanquam
2540 4109 2663 4149 vero
2700 4094 2875 4149 serius
2900 4095 3089 4148 harum
3119 4111 3292 4150 rerum
3333 4097 3574 4151 nuntium
3633 4114 3735 4155 ac-

2186 4184 2407 4250 ciperet.
2449 4193 2625 4237 tamen
2652 4185 2715 4237 ad
2753 4186 2853 4237 iter
2883 4194 3089 4239 mature
3129 4202 3188 4239 se
3211 4202 3549 4253 comparans,
3601 4187 3733 4240 Gal-

2187 4272 2388 4338 iipolim
2422 4271 2688 4326 advolavit
2717 4283 2733 4324 τ
2764 4288 2871 4340 quo
2896 4273 3007 4343 jam
3040 4274 3155 4327 itali
3195 4289 3381 4343 magna
3409 4289 3526 4327 cum
3552 4278 3735 4332 classe

2187 4363 2520 4433 appulerant,
2553 4373 2606 4416 et
2635 4365 2926 4429 quominus
2954 4364 3008 4418 in
3050 4365 3316 4431 Europam
3367 4368 3735 4424 transmittere

2186 4462 2384 4523 posset,
2416 4454 2794 4523 impediebant.
2826 4455 3185 4521 Quamobrem
3228 4446 3428 4511 versus
3462 4456 3734 4519 Constan-

546 4546 745 4601 midine
767 4560 830 4599 ac
851 4546 1223 4614 desperatione
1253 4562 1311 4601 se
1333 4547 1474 4617 fugae
1501 4549 1777 4619 dedisses:
1839 4550 2078 4604 casanes
2107 4533 2160 4595 Β
2188 4545 2466 4613 tinopolim
2508 4562 2626 4599 cum
2664 4547 2901 4600 exercitu
2926 4544 3207 4613 profectus
3235 4544 3345 4609 est,
3373 4556 3423 4601 et
3450 4563 3480 4601 e
3507 4548 3737 4617 regione

547 4642 701 4694 lnassa
736 4654 855 4693 cum
876 4638 1097 4708 reliquis
1157 4638 1461 4703 militibus,
1510 4648 1775 4707 quotquot
1822 4640 2077 4693 adversus

545 4733 753 4785 hostem
781 4745 902 4784 cum
932 4744 999 4785 eo
1033 4729 1402 4789 substiterant.
1454 4741 1623 4784 cassus
1667 4729 1786 4783 fuit.
1828 4728 2079 4783 Sullanus

544 4830 725 4876 autem
771 4821 1026 4885 Murates,
1084 4821 1285 4893 perlata
1337 4822 1405 4876 ad
1444 4837 1502 4875 se
1532 4822 1604 4876 rei
1631 4832 1737 4876 tam
1797 4821 2083 4875 infeliciter

542 4921 706 4974 gesua:
736 4907 896 4973 fama,
921 4924 1043 4963 cum
1076 4910 1325 4966 omnibus
1350 4910 1649 4972 Genizaris,
1686 4896 1742 4962 et
1793 4910 1928 4963 aula:
1989 4925 2082 4963 co-

547 4999 758 5063 mitatu,
794 4998 1173 5069 iiadrianopoli
1202 5001 1487 5056 discessit:
1516 5010 1569 5057 et
1594 5002 1830 5056 evocatis
1850 5002 2083 5068 undique

543 5086 794 5141 omnibus
821 5088 885 5141 ad
920 5089 1056 5144 hanc
1085 5091 1350 5152 militiam,
1371 5092 1464 5161 qui
1500 5106 1646 5145 arma
1670 5089 1810 5145 ferre
1842 5102 2083 5160 possent,

543 5178 707 5231 etiam
771 5179 973 5247 pedites
1055 5178 1344 5252 Europafos
1416 5199 1609 5252 magno
1662 5197 1886 5236 numero
1958 5196 2086 5233 cou-

547 5267 777 5335 scripsit.
805 5269 1141 5325 Gerebantur
1172 5249 1349 5326 autem
1384 5249 1524 5325 INBC—
1562 5272 1788 5327 hiberno
1826 5284 2086 5340 tempore,

548 5369 667 5407 cum
712 5357 898 5425 ingens
940 5358 1110 5427 frigus
1155 5371 1315 5414 esset.
1382 5358 1480 5413 Ubi
1544 5360 1609 5413 ad
1663 5360 2088 5414 Christianorum

547 5454 720 5498 castra
756 5458 1067 5513 perventum
1101 5447 1328 5511 fuisset,
1384 5451 1564 5505 multis
1624 5452 1877 5528 utrinque
1935 5449 2092 5503 dimi-

547 5548 725 5591 catum
758 5524 1048 5593 leviOribus
1071 5540 1288 5608 praaliis.
1346 5539 1586 5595 Tandem
1643 5558 1772 5597 vero
1822 5524 2089 5597 Christia-

552 5629 634 5682 nis
662 5630 957 5684 exercitum
992 5630 1398 5693 abducentibus,
1432 5634 1588 5685 etiam
1621 5632 1868 5697 Murates
1903 5633 2094 5686 itinere

550 5732 813 5785 converso
876 5720 1314 5791 Hadrianopolim
1374 5739 1432 5777 se
1489 5726 1725 5787 recepit:
1760 5739 1889 5792 pace
1948 5724 2095 5789 prius

552 5808 691 5861 inter
754 5825 810 5865 se
844 5811 1135 5885 Laurique
1187 5816 1351 5868 tilium
1433 5816 1769 5878 saucita,cui
1828 5814 2096 5879 principa-

2185 4637 2329 4691 illius
2356 4638 2478 4699 loci,
2503 4654 2607 4703 quo
2639 4638 2755 4692 loco
2786 4651 2928 4689 nunc
2949 4635 3088 4689 arcis
3115 4651 3266 4691 nom:
3323 4648 3589 4691 structura
3614 4654 3717 4689 cer

2187 4730 2350 4788 nitur,
2402 4714 2755 4779 mercatorum
2815 4726 3040 4794 navigiis
3108 4743 3260 4788 usus,
3309 4727 3361 4780 in
3413 4725 3736 4779 Romaniam

2187 4818 2485 4885 transiecit.
2514 4816 2644 4871 Cum
2703 4816 3141 4884 Hadrianopolim
3174 4819 3519 4885 pervenisset,
3570 4832 3738 4869 tuon-

2190 4914 2348 4964 strati
2377 4922 2501 4965 sunt
2526 4909 2571 4961 ei
2607 4909 2900 4983 Christiani
2954 4909 3302 4979 catapbrami,
3335 4924 3470 4976 quos
3520 4906 3739 4964 hiccine-

2191 5012 2354 5054 tnctes
2389 5001 2552 5067 begus
2580 5010 2813 5066 ceperat.
2856 5009 2907 5053 ct
2959 4999 3081 5051 illuc
3139 5000 3381 5051 miserat.
3438 4997 3529 5053 liis
3572 5000 3736 5063 visis,

2190 5094 2393 5145 vultum
2421 5094 2664 5160 erigens:
2696 5090 2836 5144 Bene
2866 5091 3020 5143 nobis
3047 5105 3132 5141 res
3169 5098 3366 5142 nostra:
3416 5091 3739 5153 succedent,

2192 5183 2285 5245 ait,
2313 5181 2540 5249 propitio
2569 5181 2694 5235 Deo.
2728 5180 3026 5247 Statimque
3057 5194 3176 5230 cum
3222 5181 3550 5248 prmpotonti,
3615 5187 3735 5232 tam

2193 5288 2255 5324 ex
2293 5272 2554 5334 Anatolio,
2582 5286 2739 5340 quam
2766 5269 3021 5322 ilontania
3049 5267 3269 5321 collecto
3307 5269 3558 5329 exercitu,
3610 5281 3739 5321 ma-

2195 5378 2400 5430 gnaque
2435 5364 2665 5430 peditum
2694 5378 2849 5413 manu
2885 5374 3066 5412 reet-ns
3114 5359 3437 5427 conscripta,
3500 5354 3739 5435 l'iadria-

2197 5453 2374 5518 tiopoli
2399 5453 2695 5506 discedens.
2726 5451 2777 5499 iu
2810 5449 3018 5499 hostem
3085 5458 3227 5502 recta
3281 5444 3452 5498 duxit.
3490 5442 3727 5498 Concur-

2200 5551 2384 5595 rerunt
2409 5542 2673 5595 exercitus
2698 5539 2761 5589 ad
2786 5546 3026 5606 stagnum
3050 5538 3162 5591 sive
3208 5536 3450 5607 paludem
3489 5533 3737 5589 Varnen-

2200 5649 2331 5695 sem,
2360 5634 2445 5685 ubi
2473 5630 2785 5684 dimicatum
2818 5628 2953 5679 inter
2981 5642 3075 5682 eos
3095 5625 3375 5687 acerrime,
3410 5624 3568 5678 multa
3601 5641 3734 5681 cum

2201 5724 2455 5779 eﬂ‘usioue
2483 5720 2775 5789 sanguinis.
2807 5718 2915 5773 Rex
2973 5717 3220 5787 Ungarus
3281 5714 3347 5768 ab
3402 5730 3507 5769 uno
3561 5716 3739 5773 latere

2207 5817 2493 5879 pugnabat,
2538 5813 2603 5863 ah
2634 5812 2801 5863 altero
2827 5810 3045 5863 Michael
3080 5808 3185 5870 ille,
3229 5818 3579 5874 cognomento
3634 5806 3737 5861 Ni-
