  <div class='ocr_page' id='page_1' title='image "/cluster/home/n/w/nwhite01/storage/ocr_20150623/159/pst.000005714797/378.png"; bbox 0 0 3970 6348; ppageno 0'>
   <div class='ocr_carea' id='block_1_1' title="bbox 394 432 500 490">
    <p class='ocr_par' dir='ltr' id='par_1_1' title="bbox 394 432 500 490">
     <span class='ocr_line' id='line_1_1' title="bbox 394 432 500 490; baseline 0.009 -1"><span class='ocrx_word' id='word_1_1' title='bbox 394 432 500 490; x_wconf 64' lang='lat' dir='ltr'><strong>liii?</strong></span> 
     </span>
    </p>
   </div>
   <div class='ocr_carea' id='block_1_2' title="bbox 1629 421 2400 490">
    <p class='ocr_par' dir='ltr' id='par_1_2' title="bbox 1629 421 2400 490">
     <span class='ocr_line' id='line_1_2' title="bbox 1629 421 2400 490; baseline -0.006 1"><span class='ocrx_word' id='word_1_2' title='bbox 1629 421 1970 490; x_wconf 77' lang='lat' dir='ltr'><strong>ANNALES</strong></span> <span class='ocrx_word' id='word_1_3' title='bbox 2002 427 2329 489; x_wconf 76' lang='lat' dir='ltr'><strong>TURCICI.</strong></span> <span class='ocrx_word' id='word_1_4' title='bbox 2393 471 2400 475; x_wconf 65' lang='grc' dir='ltr'><strong>ς</strong></span> 
     </span>
    </p>
   </div>
   <div class='ocr_carea' id='block_1_3' title="bbox 3455 439 3562 502">
    <p class='ocr_par' dir='ltr' id='par_1_3' title="bbox 3455 439 3562 502">
     <span class='ocr_line' id='line_1_3' title="bbox 3455 439 3562 502; baseline 0 -1"><span class='ocrx_word' id='word_1_5' title='bbox 3455 439 3562 502; x_wconf 73' lang='grc'><strong>610</strong></span> 
     </span>
    </p>
   </div>
   <div class='ocr_carea' id='block_1_4' title="bbox 389 539 3560 615">
    <p class='ocr_par' dir='ltr' id='par_1_4' title="bbox 389 539 3560 615">
     <span class='ocr_line' id='line_1_4' title="bbox 389 539 3560 615; baseline 0.008 -25"><span class='ocrx_word' id='word_1_6' title='bbox 389 557 522 609; x_wconf 81' lang='lat' dir='ltr'><strong>ger:</strong></span> <span class='ocrx_word' id='word_1_7' title='bbox 549 551 598 595; x_wconf 90' lang='lat' dir='ltr'><strong>et</strong></span> <span class='ocrx_word' id='word_1_8' title='bbox 628 550 772 596; x_wconf 85' lang='lat' dir='ltr'><strong>tanto</strong></span> <span class='ocrx_word' id='word_1_9' title='bbox 798 543 1012 612; x_wconf 82' lang='lat' dir='ltr'><strong>quidem</strong></span> <span class='ocrx_word' id='word_1_10' title='bbox 1044 559 1166 599; x_wconf 88' lang='lat' dir='ltr'><strong>cum</strong></span> <span class='ocrx_word' id='word_1_11' title='bbox 1201 545 1400 615; x_wconf 89' lang='lat' dir='ltr'><strong>impetu</strong></span> <span class='ocrx_word' id='word_1_12' title='bbox 1433 544 1652 598; x_wconf 80' lang='lat' dir='ltr'><strong>Muralis</strong></span> <span class='ocrx_word' id='word_1_13' title='bbox 1683 542 1925 597; x_wconf 76' lang='lat' dir='ltr'><strong>inVasere</strong></span> <span class='ocrx_word' id='word_1_14' title='bbox 1955 545 1995 596; x_wconf 83' lang='grc' dir='ltr'><strong>Δ</strong></span> <span class='ocrx_word' id='word_1_15' title='bbox 2027 539 2301 607; x_wconf 74' lang='lat' dir='ltr'><strong>ingressus</strong></span> <span class='ocrx_word' id='word_1_16' title='bbox 2354 551 2434 595; x_wconf 78' lang='lat' dir='ltr'><strong>est</strong></span> <span class='ocrx_word' id='word_1_17' title='bbox 2462 559 2474 593; x_wconf 76' lang='grc' dir='ltr'>ε</span> <span class='ocrx_word' id='word_1_18' title='bbox 2509 543 2596 597; x_wconf 83' lang='lat' dir='ltr'><strong>ubi</strong></span> <span class='ocrx_word' id='word_1_19' title='bbox 2651 560 2771 599; x_wconf 85' lang='lat' dir='ltr'><strong>cum</strong></span> <span class='ocrx_word' id='word_1_20' title='bbox 2830 545 3099 603; x_wconf 66' lang='lat' dir='ltr'><strong>civitatem</strong></span> <span class='ocrx_word' id='word_1_21' title='bbox 3156 549 3415 607; x_wconf 74' lang='lat' dir='ltr'><strong>Gefcmcn</strong></span> <span class='ocrx_word' id='word_1_22' title='bbox 3468 571 3560 610; x_wconf 75' lang='lat' dir='ltr'><strong>ex-</strong></span> 
     </span>
    </p>
   </div>
   <div class='ocr_carea' id='block_1_5' title="bbox 386 633 1926 705">
    <p class='ocr_par' dir='ltr' id='par_1_5' title="bbox 386 633 1926 705">
     <span class='ocr_line' id='line_1_5' title="bbox 386 633 1926 705; baseline 0 -17"><span class='ocrx_word' id='word_1_23' title='bbox 386 633 595 702; x_wconf 86' lang='lat' dir='ltr'><strong>copias,</strong></span> <span class='ocrx_word' id='word_1_24' title='bbox 631 643 687 687; x_wconf 92' lang='lat' dir='ltr'><strong>ut</strong></span> <span class='ocrx_word' id='word_1_25' title='bbox 715 635 943 689; x_wconf 91' lang='lat' dir='ltr'><strong>hostium</strong></span> <span class='ocrx_word' id='word_1_26' title='bbox 975 645 1260 705; x_wconf 91' lang='lat' dir='ltr'><strong>utrumque</strong></span> <span class='ocrx_word' id='word_1_27' title='bbox 1284 652 1450 690; x_wconf 91' lang='lat' dir='ltr'><strong>cornu</strong></span> <span class='ocrx_word' id='word_1_28' title='bbox 1483 636 1533 689; x_wconf 92' lang='lat' dir='ltr'><strong>in</strong></span> <span class='ocrx_word' id='word_1_29' title='bbox 1577 635 1752 702; x_wconf 85' lang='lat' dir='ltr'><strong>fugam</strong></span> <span class='ocrx_word' id='word_1_30' title='bbox 1805 649 1926 703; x_wconf 88' lang='lat' dir='ltr'><strong>pro-</strong></span> 
     </span>
    </p>
   </div>
   <div class='ocr_carea' id='block_1_6' title="bbox 387 724 1927 796">
    <p class='ocr_par' dir='ltr' id='par_1_6' title="bbox 387 724 1927 796">
     <span class='ocr_line' id='line_1_6' title="bbox 387 724 1927 796; baseline 0 -19"><span class='ocrx_word' id='word_1_31' title='bbox 387 725 684 794; x_wconf 78' lang='lat' dir='ltr'><strong>pellerent;</strong></span> <span class='ocrx_word' id='word_1_32' title='bbox 714 734 874 796; x_wconf 84' lang='lat' dir='ltr'><strong>atque</strong></span> <span class='ocrx_word' id='word_1_33' title='bbox 894 727 992 780; x_wconf 89' lang='lat' dir='ltr'><strong>hoc</strong></span> <span class='ocrx_word' id='word_1_34' title='bbox 1018 728 1069 780; x_wconf 92' lang='lat' dir='ltr'><strong>in</strong></span> <span class='ocrx_word' id='word_1_35' title='bbox 1091 725 1338 781; x_wconf 81' lang='lat' dir='ltr'><strong>conﬂictu</strong></span> <span class='ocrx_word' id='word_1_36' title='bbox 1373 725 1722 795; x_wconf 80' lang='lat' dir='ltr'><strong>beglerbegus</strong></span> <span class='ocrx_word' id='word_1_37' title='bbox 1786 724 1927 778; x_wconf 74' lang='lat' dir='ltr'><strong>Ana-</strong></span> 
     </span>
    </p>
   </div>
   <div class='ocr_carea' id='block_1_7' title="bbox 389 815 1926 884">
    <p class='ocr_par' dir='ltr' id='par_1_7' title="bbox 389 815 1926 884">
     <span class='ocr_line' id='line_1_7' title="bbox 389 815 1926 884; baseline 0 -16"><span class='ocrx_word' id='word_1_38' title='bbox 389 815 530 869; x_wconf 69' lang='lat' dir='ltr'><strong>toliae</strong></span> <span class='ocrx_word' id='word_1_39' title='bbox 552 830 721 871; x_wconf 72' lang='lat' dir='ltr'><strong>caesus</strong></span> <span class='ocrx_word' id='word_1_40' title='bbox 755 816 874 870; x_wconf 90' lang='lat' dir='ltr'><strong>fuit.</strong></span> <span class='ocrx_word' id='word_1_41' title='bbox 902 817 1057 872; x_wconf 90' lang='lat' dir='ltr'><strong>Solus</strong></span> <span class='ocrx_word' id='word_1_42' title='bbox 1080 817 1253 871; x_wconf 92' lang='lat' dir='ltr'><strong>adhuc</strong></span> <span class='ocrx_word' id='word_1_43' title='bbox 1304 815 1537 870; x_wconf 76' lang='lat' dir='ltr'><strong>Murates</strong></span> <span class='ocrx_word' id='word_1_44' title='bbox 1566 818 1685 877; x_wconf 82' lang='lat' dir='ltr'><strong>curn</strong></span> <span class='ocrx_word' id='word_1_45' title='bbox 1717 816 1926 884; x_wconf 81' lang='lat' dir='ltr'><strong>agmine</strong></span> 
     </span>
    </p>
   </div>
   <div class='ocr_carea' id='block_1_8' title="bbox 352 907 1922 976">
    <p class='ocr_par' dir='ltr' id='par_1_8' title="bbox 352 907 1922 976">
     <span class='ocr_line' id='line_1_8' title="bbox 352 907 1922 976; baseline -0.004 -12"><span class='ocrx_word' id='word_1_46' title='bbox 352 956 364 964; x_wconf 93' lang='lat'><strong>.</strong></span> <span class='ocrx_word' id='word_1_47' title='bbox 384 922 487 960; x_wconf 87' lang='lat' dir='ltr'><strong>suo</strong></span> <span class='ocrx_word' id='word_1_48' title='bbox 514 907 686 961; x_wconf 85' lang='lat' dir='ltr'><strong>stabat</strong></span> <span class='ocrx_word' id='word_1_49' title='bbox 706 908 977 968; x_wconf 89' lang='lat' dir='ltr'><strong>immotus,</strong></span> <span class='ocrx_word' id='word_1_50' title='bbox 1005 909 1212 962; x_wconf 68' lang='lat' dir='ltr'><strong>caeteris</strong></span> <span class='ocrx_word' id='word_1_51' title='bbox 1238 908 1306 962; x_wconf 89' lang='lat' dir='ltr'><strong>ab</strong></span> <span class='ocrx_word' id='word_1_52' title='bbox 1329 917 1551 976; x_wconf 90' lang='lat' dir='ltr'><strong>utroque</strong></span> <span class='ocrx_word' id='word_1_53' title='bbox 1601 907 1768 960; x_wconf 89' lang='lat' dir='ltr'><strong>latere</strong></span> <span class='ocrx_word' id='word_1_54' title='bbox 1804 920 1922 972; x_wconf 88' lang='lat' dir='ltr'><strong>pro-</strong></span> 
     </span>
    </p>
   </div>
   <div class='ocr_carea' id='block_1_9' title="bbox 388 996 1923 1068">
    <p class='ocr_par' dir='ltr' id='par_1_9' title="bbox 388 996 1923 1068">
     <span class='ocr_line' id='line_1_9' title="bbox 388 996 1923 1068; baseline 0.002 -20"><span class='ocrx_word' id='word_1_55' title='bbox 388 997 599 1060; x_wconf 77' lang='lat' dir='ltr'><strong>stratis,</strong></span> <span class='ocrx_word' id='word_1_56' title='bbox 634 1008 726 1051; x_wconf 88' lang='lat' dir='ltr'><strong>aut</strong></span> <span class='ocrx_word' id='word_1_57' title='bbox 762 996 885 1066; x_wconf 80' lang='lat' dir='ltr'><strong>fuga</strong></span> <span class='ocrx_word' id='word_1_58' title='bbox 925 999 1164 1068; x_wconf 77' lang='lat' dir='ltr'><strong>dilapsis.</strong></span> <span class='ocrx_word' id='word_1_59' title='bbox 1201 999 1272 1053; x_wconf 89' lang='lat' dir='ltr'><strong>lbi</strong></span> <span class='ocrx_word' id='word_1_60' title='bbox 1305 1010 1412 1054; x_wconf 90' lang='lat' dir='ltr'><strong>tum</strong></span> <span class='ocrx_word' id='word_1_61' title='bbox 1449 998 1678 1053; x_wconf 70' lang='lat' dir='ltr'><strong>llurates</strong></span> <span class='ocrx_word' id='word_1_62' title='bbox 1730 1001 1923 1054; x_wconf 88' lang='lat' dir='ltr'><strong>erectis</strong></span> 
     </span>
    </p>
   </div>
   <div class='ocr_carea' id='block_1_10' title="bbox 382 1081 1923 1160">
    <p class='ocr_par' dir='ltr' id='par_1_10' title="bbox 382 1081 1923 1160">
     <span class='ocr_line' id='line_1_10' title="bbox 382 1081 1923 1160; baseline 0.003 -22"><span class='ocrx_word' id='word_1_63' title='bbox 382 1087 451 1140; x_wconf 88' lang='lat' dir='ltr'><strong>ad</strong></span> <span class='ocrx_word' id='word_1_64' title='bbox 483 1088 675 1142; x_wconf 71' lang='lat' dir='ltr'><strong>caelum</strong></span> <span class='ocrx_word' id='word_1_65' title='bbox 711 1090 900 1154; x_wconf 90' lang='lat' dir='ltr'><strong>oculis,</strong></span> <span class='ocrx_word' id='word_1_66' title='bbox 936 1081 1089 1160; x_wconf 82' lang='lat' dir='ltr'><strong>opem</strong></span> <span class='ocrx_word' id='word_1_67' title='bbox 1125 1088 1211 1146; x_wconf 81' lang='lat' dir='ltr'><strong>sui</strong></span> <span class='ocrx_word' id='word_1_68' title='bbox 1245 1089 1480 1145; x_wconf 90' lang='lat' dir='ltr'><strong>numinis</strong></span> <span class='ocrx_word' id='word_1_69' title='bbox 1507 1098 1562 1147; x_wconf 90' lang='lat' dir='ltr'><strong>et</strong></span> <span class='ocrx_word' id='word_1_70' title='bbox 1607 1090 1923 1144; x_wconf 76' lang='lat' dir='ltr'><strong>Mahumetis</strong></span> 
     </span>
    </p>
   </div>
   <div class='ocr_carea' id='block_1_11' title="bbox 333 1178 1920 1250">
    <p class='ocr_par' dir='ltr' id='par_1_11' title="bbox 333 1178 1920 1250">
     <span class='ocr_line' id='line_1_11' title="bbox 333 1178 1920 1250; baseline 0.003 -22"><span class='ocrx_word' id='word_1_71' title='bbox 333 1195 338 1198; x_wconf 89' lang='grc'><strong>·</strong></span> <span class='ocrx_word' id='word_1_72' title='bbox 385 1178 675 1246; x_wconf 84' lang='lat' dir='ltr'><strong>implorare</strong></span> <span class='ocrx_word' id='word_1_73' title='bbox 702 1179 1036 1249; x_wconf 80' lang='lat' dir='ltr'><strong>solliciteque</strong></span> <span class='ocrx_word' id='word_1_74' title='bbox 1064 1180 1294 1250; x_wconf 85' lang='lat' dir='ltr'><strong>precari,</strong></span> <span class='ocrx_word' id='word_1_75' title='bbox 1325 1196 1391 1246; x_wconf 86' lang='lat' dir='ltr'><strong>ne</strong></span> <span class='ocrx_word' id='word_1_76' title='bbox 1422 1197 1479 1236; x_wconf 85' lang='lat' dir='ltr'><strong>se</strong></span> <span class='ocrx_word' id='word_1_77' title='bbox 1503 1190 1608 1235; x_wconf 89' lang='lat' dir='ltr'><strong>tam</strong></span> <span class='ocrx_word' id='word_1_78' title='bbox 1671 1181 1920 1248; x_wconf 67' lang='lat' dir='ltr'><strong>praesenti</strong></span> 
     </span>
    </p>
   </div>
   <div class='ocr_carea' id='block_1_12' title="bbox 382 1268 1918 1341">
    <p class='ocr_par' dir='ltr' id='par_1_12' title="bbox 382 1268 1918 1341">
     <span class='ocr_line' id='line_1_12' title="bbox 382 1268 1918 1341; baseline 0.004 -20"><span class='ocrx_word' id='word_1_79' title='bbox 382 1270 622 1337; x_wconf 89' lang='lat' dir='ltr'><strong>periculo</strong></span> <span class='ocrx_word' id='word_1_80' title='bbox 683 1287 860 1326; x_wconf 89' lang='lat' dir='ltr'><strong>rerum</strong></span> <span class='ocrx_word' id='word_1_81' title='bbox 909 1272 1239 1330; x_wconf 83' lang='lat' dir='ltr'><strong>desererent.</strong></span> <span class='ocrx_word' id='word_1_82' title='bbox 1301 1273 1506 1338; x_wconf 80' lang='lat' dir='ltr'><strong>Quibus</strong></span> <span class='ocrx_word' id='word_1_83' title='bbox 1562 1268 1810 1341; x_wconf 83' lang='lat' dir='ltr'><strong>precibus</strong></span> <span class='ocrx_word' id='word_1_84' title='bbox 1847 1273 1918 1327; x_wconf 87' lang='lat' dir='ltr'><strong>ita</strong></span> 
     </span>
    </p>
   </div>
   <div class='ocr_carea' id='block_1_13' title="bbox 379 1359 1916 1432">
    <p class='ocr_par' dir='ltr' id='par_1_13' title="bbox 379 1359 1916 1432">
     <span class='ocr_line' id='line_1_13' title="bbox 379 1359 1916 1432; baseline 0.003 -22"><span class='ocrx_word' id='word_1_85' title='bbox 379 1359 688 1428; x_wconf 72' lang='lat' dir='ltr'><strong>conceptis,</strong></span> <span class='ocrx_word' id='word_1_86' title='bbox 737 1375 862 1415; x_wconf 82' lang='lat' dir='ltr'><strong>mox</strong></span> <span class='ocrx_word' id='word_1_87' title='bbox 916 1361 1084 1415; x_wconf 89' lang='lat' dir='ltr'><strong>aleam</strong></span> <span class='ocrx_word' id='word_1_88' title='bbox 1136 1363 1304 1432; x_wconf 69' lang='lat' dir='ltr'><strong>praelii</strong></span> <span class='ocrx_word' id='word_1_89' title='bbox 1360 1371 1616 1416; x_wconf 83' lang='lat' dir='ltr'><strong>mutatam</strong></span> <span class='ocrx_word' id='word_1_90' title='bbox 1670 1361 1916 1416; x_wconf 73' lang='lat' dir='ltr'><strong>vidisses.</strong></span> 
     </span>
    </p>
   </div>
   <div class='ocr_carea' id='block_1_14' title="bbox 377 1450 1920 1518">
    <p class='ocr_par' dir='ltr' id='par_1_14' title="bbox 377 1450 1920 1518">
     <span class='ocr_line' id='line_1_14' title="bbox 377 1450 1920 1518; baseline -0.006 -6"><span class='ocrx_word' id='word_1_91' title='bbox 377 1450 592 1518; x_wconf 78' lang='lat' dir='ltr'><strong>Quippe</strong></span> <span class='ocrx_word' id='word_1_92' title='bbox 619 1468 730 1516; x_wconf 75' lang='lat' dir='ltr'><strong>rex,</strong></span> <span class='ocrx_word' id='word_1_93' title='bbox 753 1452 1040 1508; x_wconf 88' lang='lat' dir='ltr'><strong>immodica</strong></span> <span class='ocrx_word' id='word_1_94' title='bbox 1087 1453 1393 1509; x_wconf 78' lang='lat' dir='ltr'><strong>ferocientis</strong></span> <span class='ocrx_word' id='word_1_95' title='bbox 1414 1454 1577 1509; x_wconf 90' lang='lat' dir='ltr'><strong>animi</strong></span> <span class='ocrx_word' id='word_1_96' title='bbox 1622 1451 1920 1507; x_wconf 80' lang='lat' dir='ltr'><strong>temeritate</strong></span> 
     </span>
    </p>
   </div>
   <div class='ocr_carea' id='block_1_15' title="bbox 377 1540 1925 1614">
    <p class='ocr_par' dir='ltr' id='par_1_15' title="bbox 377 1540 1925 1614">
     <span class='ocr_line' id='line_1_15' title="bbox 377 1540 1925 1614; baseline -0.001 -18"><span class='ocrx_word' id='word_1_97' title='bbox 377 1540 667 1608; x_wconf 86' lang='lat' dir='ltr'><strong>impulsus,</strong></span> <span class='ocrx_word' id='word_1_98' title='bbox 735 1542 786 1596; x_wconf 91' lang='lat' dir='ltr'><strong>in</strong></span> <span class='ocrx_word' id='word_1_99' title='bbox 840 1543 1050 1599; x_wconf 87' lang='lat' dir='ltr'><strong>medios</strong></span> <span class='ocrx_word' id='word_1_100' title='bbox 1110 1544 1314 1600; x_wconf 80' lang='lat' dir='ltr'><strong>Turcos</strong></span> <span class='ocrx_word' id='word_1_101' title='bbox 1363 1559 1559 1614; x_wconf 84' lang='lat' dir='ltr'><strong>equum</strong></span> <span class='ocrx_word' id='word_1_102' title='bbox 1627 1543 1822 1612; x_wconf 77' lang='lat' dir='ltr'><strong>adegit,</strong></span> <span class='ocrx_word' id='word_1_103' title='bbox 1867 1550 1925 1595; x_wconf 77' lang='lat' dir='ltr'><strong>et</strong></span> 
     </span>
    </p>
   </div>
   <div class='ocr_carea' id='block_1_16' title="bbox 377 1632 1914 1710">
    <p class='ocr_par' dir='ltr' id='par_1_16' title="bbox 377 1632 1914 1710">
     <span class='ocr_line' id='line_1_16' title="bbox 377 1632 1914 1710; baseline 0.002 -24"><span class='ocrx_word' id='word_1_104' title='bbox 377 1632 595 1687; x_wconf 83' lang='lat' dir='ltr'><strong>summo</strong></span> <span class='ocrx_word' id='word_1_105' title='bbox 618 1648 738 1686; x_wconf 91' lang='lat' dir='ltr'><strong>cum</strong></span> <span class='ocrx_word' id='word_1_106' title='bbox 765 1634 883 1689; x_wconf 90' lang='lat' dir='ltr'><strong>uisu</strong></span> <span class='ocrx_word' id='word_1_107' title='bbox 911 1635 1132 1690; x_wconf 83' lang='lat' dir='ltr'><strong>Muralis</strong></span> <span class='ocrx_word' id='word_1_108' title='bbox 1165 1636 1339 1704; x_wconf 79' lang='lat' dir='ltr'><strong>ipsius</strong></span> <span class='ocrx_word' id='word_1_109' title='bbox 1377 1648 1537 1701; x_wconf 89' lang='lat' dir='ltr'><strong>caput</strong></span> <span class='ocrx_word' id='word_1_110' title='bbox 1577 1636 1748 1704; x_wconf 80' lang='lat' dir='ltr'><strong>petiit.</strong></span> <span class='ocrx_word' id='word_1_111' title='bbox 1779 1636 1914 1710; x_wconf 86' lang='lat' dir='ltr'><strong>Dum</strong></span> 
     </span>
    </p>
   </div>
   <div class='ocr_carea' id='block_1_17' title="bbox 379 1721 1916 1794">
    <p class='ocr_par' dir='ltr' id='par_1_17' title="bbox 379 1721 1916 1794">
     <span class='ocr_line' id='line_1_17' title="bbox 379 1721 1916 1794; baseline 0.003 -23"><span class='ocrx_word' id='word_1_112' title='bbox 379 1722 435 1772; x_wconf 90' lang='lat' dir='ltr'><strong>in</strong></span> <span class='ocrx_word' id='word_1_113' title='bbox 469 1721 606 1773; x_wconf 89' lang='lat' dir='ltr'><strong>hunc</strong></span> <span class='ocrx_word' id='word_1_114' title='bbox 633 1721 846 1775; x_wconf 91' lang='lat' dir='ltr'><strong>modum</strong></span> <span class='ocrx_word' id='word_1_115' title='bbox 873 1722 1196 1778; x_wconf 88' lang='lat' dir='ltr'><strong>furibundus</strong></span> <span class='ocrx_word' id='word_1_116' title='bbox 1226 1724 1584 1794; x_wconf 81' lang='lat' dir='ltr'><strong>progreditur,</strong></span> <span class='ocrx_word' id='word_1_117' title='bbox 1607 1739 1736 1778; x_wconf 87' lang='lat' dir='ltr'><strong>casu</strong></span> <span class='ocrx_word' id='word_1_118' title='bbox 1782 1737 1916 1792; x_wconf 87' lang='lat' dir='ltr'><strong>quo-</strong></span> 
     </span>
    </p>
   </div>
   <div class='ocr_carea' id='block_1_18' title="bbox 375 1805 1912 1883">
    <p class='ocr_par' dir='ltr' id='par_1_18' title="bbox 375 1805 1912 1883">
     <span class='ocr_line' id='line_1_18' title="bbox 375 1805 1912 1883; baseline 0.003 -21"><span class='ocrx_word' id='word_1_119' title='bbox 375 1805 508 1864; x_wconf 83' lang='lat' dir='ltr'><strong>dam</strong></span> <span class='ocrx_word' id='word_1_120' title='bbox 537 1812 751 1876; x_wconf 89' lang='lat' dir='ltr'><strong>accidit,</strong></span> <span class='ocrx_word' id='word_1_121' title='bbox 783 1814 1034 1883; x_wconf 78' lang='lat' dir='ltr'><strong>ut’equus</strong></span> <span class='ocrx_word' id='word_1_122' title='bbox 1071 1815 1245 1883; x_wconf 83' lang='lat' dir='ltr'><strong>regius</strong></span> <span class='ocrx_word' id='word_1_123' title='bbox 1275 1815 1338 1867; x_wconf 89' lang='lat' dir='ltr'><strong>ad</strong></span> <span class='ocrx_word' id='word_1_124' title='bbox 1371 1823 1562 1868; x_wconf 89' lang='lat' dir='ltr'><strong>terram</strong></span> <span class='ocrx_word' id='word_1_125' title='bbox 1610 1813 1912 1881; x_wconf 87' lang='lat' dir='ltr'><strong>prolabere-</strong></span> 
     </span>
    </p>
   </div>
   <div class='ocr_carea' id='block_1_19' title="bbox 376 1900 1919 1972">
    <p class='ocr_par' dir='ltr' id='par_1_19' title="bbox 376 1900 1919 1972">
     <span class='ocr_line' id='line_1_19' title="bbox 376 1900 1919 1972; baseline 0.003 -18"><span class='ocrx_word' id='word_1_126' title='bbox 376 1909 490 1954; x_wconf 90' lang='lat' dir='ltr'><strong>tur.</strong></span> <span class='ocrx_word' id='word_1_127' title='bbox 518 1900 649 1956; x_wconf 79' lang='lat' dir='ltr'><strong>Turn</strong></span> <span class='ocrx_word' id='word_1_128' title='bbox 675 1903 890 1972; x_wconf 85' lang='lat' dir='ltr'><strong>quidam</strong></span> <span class='ocrx_word' id='word_1_129' title='bbox 923 1920 953 1959; x_wconf 91' lang='lat' dir='ltr'><strong>e</strong></span> <span class='ocrx_word' id='word_1_130' title='bbox 1011 1905 1245 1972; x_wconf 89' lang='lat' dir='ltr'><strong>peditum</strong></span> <span class='ocrx_word' id='word_1_131' title='bbox 1278 1921 1523 1970; x_wconf 89' lang='lat' dir='ltr'><strong>numero,</strong></span> <span class='ocrx_word' id='word_1_132' title='bbox 1579 1916 1635 1958; x_wconf 86' lang='lat' dir='ltr'><strong>et</strong></span> <span class='ocrx_word' id='word_1_133' title='bbox 1663 1905 1799 1958; x_wconf 88' lang='lat' dir='ltr'><strong>alius</strong></span> <span class='ocrx_word' id='word_1_134' title='bbox 1854 1921 1919 1958; x_wconf 79' lang='lat' dir='ltr'><strong>ex</strong></span> 
     </span>
    </p>
   </div>
   <div class='ocr_carea' id='block_1_20' title="bbox 375 1991 1921 2066">
    <p class='ocr_par' dir='ltr' id='par_1_20' title="bbox 375 1991 1921 2066">
     <span class='ocr_line' id='line_1_20' title="bbox 375 1991 1921 2066; baseline 0.005 -23"><span class='ocrx_word' id='word_1_135' title='bbox 375 1991 571 2045; x_wconf 79' lang='lat' dir='ltr'><strong>ordine</strong></span> <span class='ocrx_word' id='word_1_136' title='bbox 615 1992 1024 2060; x_wconf 81' lang='lat' dir='ltr'><strong>Genizarorum,</strong></span> <span class='ocrx_word' id='word_1_137' title='bbox 1081 2008 1459 2060; x_wconf 87' lang='lat' dir='ltr'><strong>accurrentes,</strong></span> <span class='ocrx_word' id='word_1_138' title='bbox 1510 1997 1631 2066; x_wconf 85' lang='lat' dir='ltr'><strong>equi</strong></span> <span class='ocrx_word' id='word_1_139' title='bbox 1683 1997 1921 2051; x_wconf 84' lang='lat' dir='ltr'><strong>tendines</strong></span> 
     </span>
    </p>
   </div>
   <div class='ocr_carea' id='block_1_21' title="bbox 375 2083 1921 2157">
    <p class='ocr_par' dir='ltr' id='par_1_21' title="bbox 375 2083 1921 2157">
     <span class='ocr_line' id='line_1_21' title="bbox 375 2083 1921 2157; baseline 0.004 -21"><span class='ocrx_word' id='word_1_140' title='bbox 375 2083 706 2138; x_wconf 85' lang='lat' dir='ltr'><strong>inciderunt.</strong></span> <span class='ocrx_word' id='word_1_141' title='bbox 736 2084 919 2156; x_wconf 83' lang='lat' dir='ltr'><strong>itaque</strong></span> <span class='ocrx_word' id='word_1_142' title='bbox 955 2101 1075 2155; x_wconf 82' lang='lat' dir='ltr'><strong>rege</strong></span> <span class='ocrx_word' id='word_1_143' title='bbox 1123 2088 1268 2142; x_wconf 91' lang='lat' dir='ltr'><strong>humi</strong></span> <span class='ocrx_word' id='word_1_144' title='bbox 1299 2099 1585 2156; x_wconf 89' lang='lat' dir='ltr'><strong>prostrato,</strong></span> <span class='ocrx_word' id='word_1_145' title='bbox 1645 2103 1768 2142; x_wconf 78' lang='lat' dir='ltr'><strong>mox</strong></span> <span class='ocrx_word' id='word_1_146' title='bbox 1794 2104 1921 2157; x_wconf 60' lang='lat' dir='ltr'><strong>pro.</strong></span> 
     </span>
    </p>
   </div>
   <div class='ocr_carea' id='block_1_22' title="bbox 377 2175 1919 2249">
    <p class='ocr_par' dir='ltr' id='par_1_22' title="bbox 377 2175 1919 2249">
     <span class='ocr_line' id='line_1_22' title="bbox 377 2175 1919 2249; baseline 0.004 -23"><span class='ocrx_word' id='word_1_147' title='bbox 377 2183 548 2229; x_wconf 66' lang='lat' dir='ltr'><strong>vecta</strong></span> <span class='ocrx_word' id='word_1_148' title='bbox 571 2176 649 2228; x_wconf 82' lang='lat' dir='ltr'><strong>vir</strong></span> <span class='ocrx_word' id='word_1_149' title='bbox 673 2176 866 2242; x_wconf 59' lang='lat' dir='ltr'><strong>aetatis,</strong></span> <span class='ocrx_word' id='word_1_150' title='bbox 900 2175 1100 2231; x_wconf 88' lang='lat' dir='ltr'><strong>Cheser</strong></span> <span class='ocrx_word' id='word_1_151' title='bbox 1125 2179 1312 2249; x_wconf 85' lang='lat' dir='ltr'><strong>begus,</strong></span> <span class='ocrx_word' id='word_1_152' title='bbox 1359 2179 1450 2248; x_wconf 87' lang='lat' dir='ltr'><strong>qui</strong></span> <span class='ocrx_word' id='word_1_153' title='bbox 1503 2190 1629 2232; x_wconf 92' lang='lat' dir='ltr'><strong>tunc</strong></span> <span class='ocrx_word' id='word_1_154' title='bbox 1655 2178 1827 2232; x_wconf 88' lang='lat' dir='ltr'><strong>adhuc</strong></span> <span class='ocrx_word' id='word_1_155' title='bbox 1854 2195 1919 2232; x_wconf 79' lang='lat' dir='ltr'><strong>ex</strong></span> 
     </span>
    </p>
   </div>
   <div class='ocr_carea' id='block_1_23' title="bbox 374 2263 1915 2337">
    <p class='ocr_par' dir='ltr' id='par_1_23' title="bbox 374 2263 1915 2337">
     <span class='ocr_line' id='line_1_23' title="bbox 374 2263 1915 2337; baseline 0.005 -21"><span class='ocrx_word' id='word_1_156' title='bbox 374 2263 532 2333; x_wconf 86' lang='lat' dir='ltr'><strong>Elpia</strong></span> <span class='ocrx_word' id='word_1_157' title='bbox 552 2265 748 2320; x_wconf 80' lang='lat' dir='ltr'><strong>familia</strong></span> <span class='ocrx_word' id='word_1_158' title='bbox 777 2278 1045 2336; x_wconf 83' lang='lat' dir='ltr'><strong>superstes</strong></span> <span class='ocrx_word' id='word_1_159' title='bbox 1079 2277 1213 2332; x_wconf 90' lang='lat' dir='ltr'><strong>erat,</strong></span> <span class='ocrx_word' id='word_1_160' title='bbox 1270 2284 1332 2323; x_wconf 79' lang='lat' dir='ltr'><strong>ex</strong></span> <span class='ocrx_word' id='word_1_161' title='bbox 1380 2284 1519 2337; x_wconf 92' lang='lat' dir='ltr'><strong>equo</strong></span> <span class='ocrx_word' id='word_1_162' title='bbox 1566 2270 1915 2332; x_wconf 88' lang='lat' dir='ltr'><strong>descendens,</strong></span> 
     </span>
    </p>
   </div>
   <div class='ocr_carea' id='block_1_24' title="bbox 377 2356 1915 2428">
    <p class='ocr_par' dir='ltr' id='par_1_24' title="bbox 377 2356 1915 2428">
     <span class='ocr_line' id='line_1_24' title="bbox 377 2356 1915 2428; baseline 0.005 -22"><span class='ocrx_word' id='word_1_163' title='bbox 377 2356 496 2424; x_wconf 88' lang='lat' dir='ltr'><strong>regi</strong></span> <span class='ocrx_word' id='word_1_164' title='bbox 537 2364 693 2426; x_wconf 76' lang='lat' dir='ltr'><strong>caput</strong></span> <span class='ocrx_word' id='word_1_165' title='bbox 721 2365 977 2426; x_wconf 88' lang='lat' dir='ltr'><strong>amputat,</strong></span> <span class='ocrx_word' id='word_1_166' title='bbox 1005 2357 1166 2428; x_wconf 68' lang='lat'><strong>328</strong></span> <span class='ocrx_word' id='word_1_167' title='bbox 1189 2366 1239 2412; x_wconf 92' lang='lat' dir='ltr'><strong>et</strong></span> <span class='ocrx_word' id='word_1_168' title='bbox 1286 2359 1497 2413; x_wconf 89' lang='lat' dir='ltr'><strong>sultano</strong></span> <span class='ocrx_word' id='word_1_169' title='bbox 1522 2358 1710 2412; x_wconf 70' lang='lat' dir='ltr'><strong>Murali</strong></span> <span class='ocrx_word' id='word_1_170' title='bbox 1742 2358 1915 2414; x_wconf 76' lang='lat' dir='ltr'><strong>oll‘ert.</strong></span> 
     </span>
    </p>
   </div>
   <div class='ocr_carea' id='block_1_25' title="bbox 377 2443 1918 2520">
    <p class='ocr_par' dir='ltr' id='par_1_25' title="bbox 377 2443 1918 2520">
     <span class='ocr_line' id='line_1_25' title="bbox 377 2443 1918 2520; baseline 0.005 -23"><span class='ocrx_word' id='word_1_171' title='bbox 377 2444 452 2509; x_wconf 87' lang='lat' dir='ltr'><strong>ls,</strong></span> <span class='ocrx_word' id='word_1_172' title='bbox 487 2446 586 2500; x_wconf 90' lang='lat' dir='ltr'><strong>hoc</strong></span> <span class='ocrx_word' id='word_1_173' title='bbox 621 2443 926 2515; x_wconf 83' lang='lat' dir='ltr'><strong>spectaculo</strong></span> <span class='ocrx_word' id='word_1_174' title='bbox 956 2448 1126 2513; x_wconf 72' lang='lat' dir='ltr'><strong>hctus,</strong></span> <span class='ocrx_word' id='word_1_175' title='bbox 1154 2449 1430 2504; x_wconf 89' lang='lat' dir='ltr'><strong>confestim</strong></span> <span class='ocrx_word' id='word_1_176' title='bbox 1489 2451 1694 2520; x_wconf 85' lang='lat' dir='ltr'><strong>regium</strong></span> <span class='ocrx_word' id='word_1_177' title='bbox 1757 2461 1918 2520; x_wconf 88' lang='lat' dir='ltr'><strong>caput</strong></span> 
     </span>
    </p>
   </div>
   <div class='ocr_carea' id='block_1_26' title="bbox 374 2539 1914 2610">
    <p class='ocr_par' dir='ltr' id='par_1_26' title="bbox 374 2539 1914 2610">
     <span class='ocr_line' id='line_1_26' title="bbox 374 2539 1914 2610; baseline 0.007 -20"><span class='ocrx_word' id='word_1_178' title='bbox 374 2539 548 2591; x_wconf 67' lang='lat' dir='ltr'><strong>hasta:</strong></span> <span class='ocrx_word' id='word_1_179' title='bbox 566 2539 717 2606; x_wconf 87' lang='lat' dir='ltr'><strong>jubet</strong></span> <span class='ocrx_word' id='word_1_180' title='bbox 748 2539 904 2610; x_wconf 77' lang='lat' dir='ltr'><strong>afﬁgi.</strong></span> <span class='ocrx_word' id='word_1_181' title='bbox 943 2541 1095 2607; x_wconf 85' lang='lat' dir='ltr'><strong>Quod</strong></span> <span class='ocrx_word' id='word_1_182' title='bbox 1127 2545 1214 2596; x_wconf 85' lang='lat' dir='ltr'><strong>ubi</strong></span> <span class='ocrx_word' id='word_1_183' title='bbox 1273 2544 1471 2599; x_wconf 83' lang='lat' dir='ltr'><strong>factum</strong></span> <span class='ocrx_word' id='word_1_184' title='bbox 1499 2544 1708 2609; x_wconf 78' lang='lat' dir='ltr'><strong>luisset,</strong></span> <span class='ocrx_word' id='word_1_185' title='bbox 1763 2548 1914 2602; x_wconf 87' lang='lat' dir='ltr'><strong>hasta</strong></span> 
     </span>
    </p>
   </div>
   <div class='ocr_carea' id='block_1_27' title="bbox 373 2629 1918 2708">
    <p class='ocr_par' dir='ltr' id='par_1_27' title="bbox 373 2629 1918 2708">
     <span class='ocr_line' id='line_1_27' title="bbox 373 2629 1918 2708; baseline 0.009 -28"><span class='ocrx_word' id='word_1_186' title='bbox 373 2629 435 2680; x_wconf 90' lang='lat' dir='ltr'><strong>in</strong></span> <span class='ocrx_word' id='word_1_187' title='bbox 463 2629 624 2682; x_wconf 87' lang='lat' dir='ltr'><strong>altum</strong></span> <span class='ocrx_word' id='word_1_188' title='bbox 652 2630 857 2684; x_wconf 85' lang='lat' dir='ltr'><strong>sublata</strong></span> <span class='ocrx_word' id='word_1_189' title='bbox 883 2633 1100 2686; x_wconf 89' lang='lat' dir='ltr'><strong>clamari</strong></span> <span class='ocrx_word' id='word_1_190' title='bbox 1155 2646 1411 2703; x_wconf 64' lang='lat' dir='ltr'><strong>carptum,</strong></span> <span class='ocrx_word' id='word_1_191' title='bbox 1446 2637 1583 2706; x_wconf 82' lang='lat' dir='ltr'><strong>regis</strong></span> <span class='ocrx_word' id='word_1_192' title='bbox 1615 2637 1713 2692; x_wconf 89' lang='lat' dir='ltr'><strong>hoc</strong></span> <span class='ocrx_word' id='word_1_193' title='bbox 1757 2649 1918 2708; x_wconf 90' lang='lat' dir='ltr'><strong>caput</strong></span> 
     </span>
    </p>
   </div>
   <div class='ocr_carea' id='block_1_28' title="bbox 369 2715 1912 2794">
    <p class='ocr_par' dir='ltr' id='par_1_28' title="bbox 369 2715 1912 2794">
     <span class='ocr_line' id='line_1_28' title="bbox 369 2715 1912 2794; baseline 0.009 -26"><span class='ocrx_word' id='word_1_194' title='bbox 369 2734 518 2769; x_wconf 69' lang='lat' dir='ltr'><strong>esse.</strong></span> <span class='ocrx_word' id='word_1_195' title='bbox 545 2715 676 2772; x_wconf 84' lang='lat' dir='ltr'><strong>Tum</strong></span> <span class='ocrx_word' id='word_1_196' title='bbox 707 2736 830 2775; x_wconf 80' lang='lat' dir='ltr'><strong>vero</strong></span> <span class='ocrx_word' id='word_1_197' title='bbox 863 2721 1044 2785; x_wconf 86' lang='lat' dir='ltr'><strong>Turci,</strong></span> <span class='ocrx_word' id='word_1_198' title='bbox 1076 2723 1166 2785; x_wconf 86' lang='lat' dir='ltr'><strong>qui</strong></span> <span class='ocrx_word' id='word_1_199' title='bbox 1202 2725 1350 2791; x_wconf 89' lang='lat' dir='ltr'><strong>prius</strong></span> <span class='ocrx_word' id='word_1_200' title='bbox 1379 2724 1512 2794; x_wconf 67' lang='lat' dir='ltr'><strong>fugae</strong></span> <span class='ocrx_word' id='word_1_201' title='bbox 1542 2744 1599 2782; x_wconf 85' lang='lat' dir='ltr'><strong>se</strong></span> <span class='ocrx_word' id='word_1_202' title='bbox 1627 2728 1912 2794; x_wconf 86' lang='lat' dir='ltr'><strong>dederant,</strong></span> 
     </span>
    </p>
   </div>
   <div class='ocr_carea' id='block_1_29' title="bbox 373 2809 1915 2884">
    <p class='ocr_par' dir='ltr' id='par_1_29' title="bbox 373 2809 1915 2884">
     <span class='ocr_line' id='line_1_29' title="bbox 373 2809 1915 2884; baseline 0.009 -25"><span class='ocrx_word' id='word_1_203' title='bbox 373 2809 484 2860; x_wconf 75' lang='lat' dir='ltr'><strong>huc</strong></span> <span class='ocrx_word' id='word_1_204' title='bbox 513 2809 691 2863; x_wconf 83' lang='lat' dir='ltr'><strong>audito</strong></span> <span class='ocrx_word' id='word_1_205' title='bbox 714 2811 967 2872; x_wconf 88' lang='lat' dir='ltr'><strong>clamore,</strong></span> <span class='ocrx_word' id='word_1_206' title='bbox 995 2813 1205 2866; x_wconf 81' lang='lat' dir='ltr'><strong>reﬂexis</strong></span> <span class='ocrx_word' id='word_1_207' title='bbox 1229 2818 1402 2884; x_wconf 88' lang='lat' dir='ltr'><strong>equis,</strong></span> <span class='ocrx_word' id='word_1_208' title='bbox 1464 2833 1652 2872; x_wconf 85' lang='lat' dir='ltr'><strong>rursus</strong></span> <span class='ocrx_word' id='word_1_209' title='bbox 1684 2819 1748 2871; x_wconf 89' lang='lat' dir='ltr'><strong>ad</strong></span> <span class='ocrx_word' id='word_1_210' title='bbox 1803 2819 1915 2873; x_wconf 74' lang='lat' dir='ltr'><strong>Mu-</strong></span> 
     </span>
    </p>
   </div>
   <div class='ocr_carea' id='block_1_30' title="bbox 369 2899 1914 2968">
    <p class='ocr_par' dir='ltr' id='par_1_30' title="bbox 369 2899 1914 2968">
     <span class='ocr_line' id='line_1_30' title="bbox 369 2899 1914 2968; baseline 0.01 -17"><span class='ocrx_word' id='word_1_211' title='bbox 369 2909 547 2953; x_wconf 85' lang='lat' dir='ltr'><strong>ratetn</strong></span> <span class='ocrx_word' id='word_1_212' title='bbox 575 2899 962 2955; x_wconf 83' lang='lat' dir='ltr'><strong>confluxerunt.</strong></span> <span class='ocrx_word' id='word_1_213' title='bbox 989 2904 1098 2968; x_wconf 82' lang='lat' dir='ltr'><strong>Qua</strong></span> <span class='ocrx_word' id='word_1_214' title='bbox 1127 2921 1180 2957; x_wconf 90' lang='lat' dir='ltr'><strong>re</strong></span> <span class='ocrx_word' id='word_1_215' title='bbox 1218 2921 1246 2957; x_wconf 91' lang='lat' dir='ltr'><strong>a</strong></span> <span class='ocrx_word' id='word_1_216' title='bbox 1296 2907 1615 2963; x_wconf 66' lang='lat' dir='ltr'><strong>Christianis</strong></span> <span class='ocrx_word' id='word_1_217' title='bbox 1677 2913 1914 2965; x_wconf 80' lang='lat' dir='ltr'><strong>animad—</strong></span> 
     </span>
    </p>
   </div>
   <div class='ocr_carea' id='block_1_31' title="bbox 370 2996 1910 3075">
    <p class='ocr_par' dir='ltr' id='par_1_31' title="bbox 370 2996 1910 3075">
     <span class='ocr_line' id='line_1_31' title="bbox 370 2996 1910 3075; baseline 0.01 -32"><span class='ocrx_word' id='word_1_218' title='bbox 370 3010 556 3056; x_wconf 82' lang='lat' dir='ltr'><strong>versa,</strong></span> <span class='ocrx_word' id='word_1_219' title='bbox 586 3009 704 3048; x_wconf 89' lang='lat' dir='ltr'><strong>cum</strong></span> <span class='ocrx_word' id='word_1_220' title='bbox 737 2996 958 3066; x_wconf 83' lang='lat' dir='ltr'><strong>reliquis</strong></span> <span class='ocrx_word' id='word_1_221' title='bbox 988 3013 1171 3052; x_wconf 85' lang='lat' dir='ltr'><strong>eorum</strong></span> <span class='ocrx_word' id='word_1_222' title='bbox 1205 3000 1374 3067; x_wconf 86' lang='lat' dir='ltr'><strong>copiis</strong></span> <span class='ocrx_word' id='word_1_223' title='bbox 1394 3000 1594 3057; x_wconf 86' lang='lat' dir='ltr'><strong>.lancus</strong></span> <span class='ocrx_word' id='word_1_224' title='bbox 1635 3006 1686 3057; x_wconf 92' lang='lat' dir='ltr'><strong>in</strong></span> <span class='ocrx_word' id='word_1_225' title='bbox 1735 3005 1910 3075; x_wconf 79' lang='lat' dir='ltr'><strong>fugam</strong></span> 
     </span>
    </p>
   </div>
   <div class='ocr_carea' id='block_1_32' title="bbox 370 3084 1912 3157">
    <p class='ocr_par' dir='ltr' id='par_1_32' title="bbox 370 3084 1912 3157">
     <span class='ocr_line' id='line_1_32' title="bbox 370 3084 1912 3157; baseline 0.008 -20"><span class='ocrx_word' id='word_1_226' title='bbox 370 3100 438 3137; x_wconf 86' lang='lat' dir='ltr'><strong>se</strong></span> <span class='ocrx_word' id='word_1_227' title='bbox 473 3084 856 3153; x_wconf 82' lang='lat' dir='ltr'><strong>conjecit.liuc</strong></span> <span class='ocrx_word' id='word_1_228' title='bbox 907 3089 1061 3141; x_wconf 86' lang='lat' dir='ltr'><strong>modo</strong></span> <span class='ocrx_word' id='word_1_229' title='bbox 1098 3088 1250 3142; x_wconf 80' lang='lat' dir='ltr'><strong>victis</strong></span> <span class='ocrx_word' id='word_1_230' title='bbox 1306 3089 1651 3157; x_wconf 83' lang='lat' dir='ltr'><strong>Christianis,</strong></span> <span class='ocrx_word' id='word_1_231' title='bbox 1710 3090 1770 3148; x_wconf 84' lang='lat' dir='ltr'><strong>ac</strong></span> <span class='ocrx_word' id='word_1_232' title='bbox 1829 3097 1912 3148; x_wconf 88' lang='lat' dir='ltr'><strong>fu-</strong></span> 
     </span>
    </p>
   </div>
   <div class='ocr_carea' id='block_1_33' title="bbox 368 3176 1980 3261">
    <p class='ocr_par' dir='ltr' id='par_1_33' title="bbox 368 3176 1980 3261">
     <span class='ocr_line' id='line_1_33' title="bbox 368 3176 1980 3261; baseline 0.011 -36"><span class='ocrx_word' id='word_1_233' title='bbox 368 3176 665 3242; x_wconf 79' lang='lat' dir='ltr'><strong>gientibus,</strong></span> <span class='ocrx_word' id='word_1_234' title='bbox 689 3178 853 3232; x_wconf 84' lang='lat' dir='ltr'><strong>.Turci</strong></span> <span class='ocrx_word' id='word_1_235' title='bbox 882 3195 972 3233; x_wconf 88' lang='lat' dir='ltr'><strong>eos</strong></span> <span class='ocrx_word' id='word_1_236' title='bbox 1002 3181 1068 3233; x_wconf 91' lang='lat' dir='ltr'><strong>ab</strong></span> <span class='ocrx_word' id='word_1_237' title='bbox 1107 3183 1253 3235; x_wconf 90' lang='lat' dir='ltr'><strong>omni</strong></span> <span class='ocrx_word' id='word_1_238' title='bbox 1312 3192 1462 3249; x_wconf 85' lang='lat' dir='ltr'><strong>parte</strong></span> <span class='ocrx_word' id='word_1_239' title='bbox 1520 3187 1795 3253; x_wconf 76' lang='lat' dir='ltr'><strong>persequi,</strong></span> <span class='ocrx_word' id='word_1_240' title='bbox 1849 3203 1910 3242; x_wconf 92' lang='lat' dir='ltr'><strong>ac</strong></span> <span class='ocrx_word' id='word_1_241' title='bbox 1937 3204 1980 3261; x_wconf 74' lang='grc' dir='ltr'>ο</span> 
     </span>
    </p>
   </div>
   <div class='ocr_carea' id='block_1_34' title="bbox 369 3269 1911 3345">
    <p class='ocr_par' dir='ltr' id='par_1_34' title="bbox 369 3269 1911 3345">
     <span class='ocr_line' id='line_1_34' title="bbox 369 3269 1911 3345; baseline 0.007 -25"><span class='ocrx_word' id='word_1_242' title='bbox 369 3269 634 3335; x_wconf 83' lang='lat' dir='ltr'><strong>plurimos</strong></span> <span class='ocrx_word' id='word_1_243' title='bbox 657 3272 916 3328; x_wconf 83' lang='lat' dir='ltr'><strong>occidere.</strong></span> <span class='ocrx_word' id='word_1_244' title='bbox 946 3274 1150 3328; x_wconf 85' lang='lat' dir='ltr'><strong>Interea</strong></span> <span class='ocrx_word' id='word_1_245' title='bbox 1189 3290 1314 3329; x_wconf 80' lang='lat' dir='ltr'><strong>vero</strong></span> <span class='ocrx_word' id='word_1_246' title='bbox 1344 3274 1610 3337; x_wconf 84' lang='lat' dir='ltr'><strong>Genizari,</strong></span> <span class='ocrx_word' id='word_1_247' title='bbox 1669 3290 1732 3330; x_wconf 89' lang='lat' dir='ltr'><strong>ac</strong></span> <span class='ocrx_word' id='word_1_248' title='bbox 1766 3279 1911 3345; x_wconf 84' lang='lat' dir='ltr'><strong>pedi-</strong></span> 
     </span>
    </p>
   </div>
   <div class='ocr_carea' id='block_1_35' title="bbox 368 3360 1909 3434">
    <p class='ocr_par' dir='ltr' id='par_1_35' title="bbox 368 3360 1909 3434">
     <span class='ocr_line' id='line_1_35' title="bbox 368 3360 1909 3434; baseline 0.006 -22"><span class='ocrx_word' id='word_1_249' title='bbox 368 3371 458 3413; x_wconf 87' lang='lat' dir='ltr'><strong>tes</strong></span> <span class='ocrx_word' id='word_1_250' title='bbox 483 3360 720 3422; x_wconf 89' lang='lat' dir='ltr'><strong>Turcici,</strong></span> <span class='ocrx_word' id='word_1_251' title='bbox 744 3378 940 3418; x_wconf 91' lang='lat' dir='ltr'><strong>currus</strong></span> <span class='ocrx_word' id='word_1_252' title='bbox 987 3375 1037 3418; x_wconf 91' lang='lat' dir='ltr'><strong>et</strong></span> <span class='ocrx_word' id='word_1_253' title='bbox 1069 3365 1443 3434; x_wconf 86' lang='lat' dir='ltr'><strong>impedimenta</strong></span> <span class='ocrx_word' id='word_1_254' title='bbox 1487 3367 1909 3422; x_wconf 87' lang='lat' dir='ltr'><strong>Christianorum</strong></span> 
     </span>
    </p>
   </div>
   <div class='ocr_carea' id='block_1_36' title="bbox 368 3446 1908 3528">
    <p class='ocr_par' dir='ltr' id='par_1_36' title="bbox 368 3446 1908 3528">
     <span class='ocr_line' id='line_1_36' title="bbox 368 3446 1908 3528; baseline 0.006 -24"><span class='ocrx_word' id='word_1_255' title='bbox 368 3451 927 3518; x_wconf 80' lang='lat' dir='ltr'><strong>adortidiripucruut,</strong></span> <span class='ocrx_word' id='word_1_256' title='bbox 960 3464 1012 3509; x_wconf 91' lang='lat' dir='ltr'><strong>ct</strong></span> <span class='ocrx_word' id='word_1_257' title='bbox 1055 3457 1254 3526; x_wconf 78' lang='lat' dir='ltr'><strong>ingenti</strong></span> <span class='ocrx_word' id='word_1_258' title='bbox 1314 3460 1465 3526; x_wconf 90' lang='lat' dir='ltr'><strong>potiti</strong></span> <span class='ocrx_word' id='word_1_259' title='bbox 1521 3468 1645 3512; x_wconf 88' lang='lat' dir='ltr'><strong>sunt</strong></span> <span class='ocrx_word' id='word_1_260' title='bbox 1685 3446 1908 3528; x_wconf 67' lang='lat' dir='ltr'><strong>praeda:</strong></span> 
     </span>
    </p>
   </div>
   <div class='ocr_carea' id='block_1_37' title="bbox 365 3545 1910 3616">
    <p class='ocr_par' dir='ltr' id='par_1_37' title="bbox 365 3545 1910 3616">
     <span class='ocr_line' id='line_1_37' title="bbox 365 3545 1910 3616; baseline 0.009 -22"><span class='ocrx_word' id='word_1_261' title='bbox 365 3557 483 3609; x_wconf 85' lang='lat' dir='ltr'><strong>qua</strong></span> <span class='ocrx_word' id='word_1_262' title='bbox 513 3545 720 3612; x_wconf 86' lang='lat' dir='ltr'><strong>quidem</strong></span> <span class='ocrx_word' id='word_1_263' title='bbox 759 3547 824 3599; x_wconf 91' lang='lat' dir='ltr'><strong>atl</strong></span> <span class='ocrx_word' id='word_1_264' title='bbox 851 3547 1122 3602; x_wconf 85' lang='lat' dir='ltr'><strong>sultanum</strong></span> <span class='ocrx_word' id='word_1_265' title='bbox 1169 3548 1426 3602; x_wconf 83' lang='lat' dir='ltr'><strong>Muratem</strong></span> <span class='ocrx_word' id='word_1_266' title='bbox 1490 3553 1668 3616; x_wconf 87' lang='lat' dir='ltr'><strong>allata,</strong></span> <span class='ocrx_word' id='word_1_267' title='bbox 1726 3562 1910 3608; x_wconf 91' lang='lat' dir='ltr'><strong>mutuo</strong></span> 
     </span>
    </p>
   </div>
   <div class='ocr_carea' id='block_1_38' title="bbox 363 3633 1909 3703">
    <p class='ocr_par' dir='ltr' id='par_1_38' title="bbox 363 3633 1909 3703">
     <span class='ocr_line' id='line_1_38' title="bbox 363 3633 1909 3703; baseline 0.007 -16"><span class='ocrx_word' id='word_1_268' title='bbox 363 3633 477 3687; x_wconf 84' lang='lat' dir='ltr'><strong>sibi</strong></span> <span class='ocrx_word' id='word_1_269' title='bbox 509 3637 749 3703; x_wconf 79' lang='lat' dir='ltr'><strong>gratulati</strong></span> <span class='ocrx_word' id='word_1_270' title='bbox 783 3648 927 3701; x_wconf 90' lang='lat' dir='ltr'><strong>sunt,</strong></span> <span class='ocrx_word' id='word_1_271' title='bbox 963 3649 1014 3694; x_wconf 85' lang='lat' dir='ltr'><strong>et&#39;.</strong></span> <span class='ocrx_word' id='word_1_272' title='bbox 1041 3638 1189 3692; x_wconf 87' lang='lat' dir='ltr'><strong>illum</strong></span> <span class='ocrx_word' id='word_1_273' title='bbox 1222 3641 1361 3694; x_wconf 86' lang='lat' dir='ltr'><strong>diem</strong></span> <span class='ocrx_word' id='word_1_274' title='bbox 1391 3641 1442 3693; x_wconf 92' lang='lat' dir='ltr'><strong>in</strong></span> <span class='ocrx_word' id='word_1_275' title='bbox 1499 3641 1664 3697; x_wconf 83' lang='lat' dir='ltr'><strong>fastos</strong></span> <span class='ocrx_word' id='word_1_276' title='bbox 1728 3645 1909 3699; x_wconf 87' lang='lat' dir='ltr'><strong>referri</strong></span> 
     </span>
    </p>
   </div>
   <div class='ocr_carea' id='block_1_39' title="bbox 357 3726 1910 3800">
    <p class='ocr_par' dir='ltr' id='par_1_39' title="bbox 357 3726 1910 3800">
     <span class='ocr_line' id='line_1_39' title="bbox 357 3726 1910 3800; baseline 0.009 -24"><span class='ocrx_word' id='word_1_277' title='bbox 357 3726 667 3793; x_wconf 82' lang='lat' dir='ltr'><strong>jusserunt.</strong></span> <span class='ocrx_word' id='word_1_278' title='bbox 694 3727 1060 3800; x_wconf 75' lang='lat' dir='ltr'><strong>Exactumque</strong></span> <span class='ocrx_word' id='word_1_279' title='bbox 1099 3731 1199 3784; x_wconf 89' lang='lat' dir='ltr'><strong>fuit</strong></span> <span class='ocrx_word' id='word_1_280' title='bbox 1243 3732 1308 3784; x_wconf 90' lang='lat' dir='ltr'><strong>ab</strong></span> <span class='ocrx_word' id='word_1_281' title='bbox 1335 3732 1412 3785; x_wconf 87' lang='lat' dir='ltr'><strong>eis</strong></span> <span class='ocrx_word' id='word_1_282' title='bbox 1452 3741 1621 3787; x_wconf 85' lang='lat' dir='ltr'><strong>totum</strong></span> <span class='ocrx_word' id='word_1_283' title='bbox 1670 3735 1770 3790; x_wconf 91' lang='lat' dir='ltr'><strong>hoc</strong></span> <span class='ocrx_word' id='word_1_284' title='bbox 1817 3737 1910 3790; x_wconf 89' lang='lat' dir='ltr'><strong>tri-</strong></span> 
     </span>
    </p>
   </div>
   <div class='ocr_carea' id='block_1_40' title="bbox 363 3810 1910 3895">
    <p class='ocr_par' dir='ltr' id='par_1_40' title="bbox 363 3810 1910 3895">
     <span class='ocr_line' id='line_1_40' title="bbox 363 3810 1910 3895; baseline 0.009 -27"><span class='ocrx_word' id='word_1_285' title='bbox 363 3817 542 3868; x_wconf 85' lang='lat' dir='ltr'><strong>duum</strong></span> <span class='ocrx_word' id='word_1_286' title='bbox 570 3819 709 3870; x_wconf 83' lang='lat' dir='ltr'><strong>omni</strong></span> <span class='ocrx_word' id='word_1_287' title='bbox 759 3836 952 3887; x_wconf 77' lang='lat' dir='ltr'><strong>genere</strong></span> <span class='ocrx_word' id='word_1_288' title='bbox 1009 3810 1312 3877; x_wconf 73' lang='lat' dir='ltr'><strong>hilaritatis.</strong></span> <span class='ocrx_word' id='word_1_289' title='bbox 1367 3821 1462 3878; x_wconf 84' lang='lat' dir='ltr'><strong>His</strong></span> <span class='ocrx_word' id='word_1_290' title='bbox 1514 3827 1673 3881; x_wconf 87' lang='lat' dir='ltr'><strong>rebus</strong></span> <span class='ocrx_word' id='word_1_291' title='bbox 1723 3829 1910 3895; x_wconf 77' lang='lat' dir='ltr'><strong>gestis,</strong></span> 
     </span>
    </p>
   </div>
   <div class='ocr_carea' id='block_1_41' title="bbox 364 3907 1913 3975">
    <p class='ocr_par' dir='ltr' id='par_1_41' title="bbox 364 3907 1913 3975">
     <span class='ocr_line' id='line_1_41' title="bbox 364 3907 1913 3975; baseline 0.01 -16"><span class='ocrx_word' id='word_1_292' title='bbox 364 3907 656 3973; x_wconf 83' lang='lat' dir='ltr'><strong>imperium</strong></span> <span class='ocrx_word' id='word_1_293' title='bbox 678 3909 923 3963; x_wconf 88' lang='lat' dir='ltr'><strong>sultanus</strong></span> <span class='ocrx_word' id='word_1_294' title='bbox 956 3910 1182 3975; x_wconf 22' lang='lat' dir='ltr'><strong>Muraltes</strong></span> <span class='ocrx_word' id='word_1_295' title='bbox 1217 3914 1410 3968; x_wconf 85' lang='lat' dir='ltr'><strong>iterum</strong></span> <span class='ocrx_word' id='word_1_296' title='bbox 1462 3917 1674 3970; x_wconf 89' lang='lat' dir='ltr'><strong>sultano</strong></span> <span class='ocrx_word' id='word_1_297' title='bbox 1698 3919 1913 3974; x_wconf 85' lang='lat' dir='ltr'><strong>Muehe-</strong></span> 
     </span>
    </p>
   </div>
   <div class='ocr_carea' id='block_1_42' title="bbox 367 3998 1902 4068">
    <p class='ocr_par' dir='ltr' id='par_1_42' title="bbox 367 3998 1902 4068">
     <span class='ocr_line' id='line_1_42' title="bbox 367 3998 1902 4068; baseline 0.006 -17"><span class='ocrx_word' id='word_1_298' title='bbox 367 4000 502 4051; x_wconf 82' lang='lat' dir='ltr'><strong>meti</strong></span> <span class='ocrx_word' id='word_1_299' title='bbox 532 3998 636 4051; x_wconf 83' lang='lat' dir='ltr'><strong>ﬁlio</strong></span> <span class='ocrx_word' id='word_1_300' title='bbox 663 4001 912 4060; x_wconf 85' lang='lat' dir='ltr'><strong>restituit,</strong></span> <span class='ocrx_word' id='word_1_301' title='bbox 949 4011 1001 4054; x_wconf 92' lang='lat' dir='ltr'><strong>et</strong></span> <span class='ocrx_word' id='word_1_302' title='bbox 1031 4003 1144 4068; x_wconf 84' lang='lat' dir='ltr'><strong>ipse</strong></span> <span class='ocrx_word' id='word_1_303' title='bbox 1173 3998 1460 4068; x_wconf 79' lang='lat' dir='ltr'><strong>Manis&#39;sam</strong></span> <span class='ocrx_word' id='word_1_304' title='bbox 1517 4021 1762 4060; x_wconf 85' lang='lat' dir='ltr'><strong>reversus</strong></span> <span class='ocrx_word' id='word_1_305' title='bbox 1805 4019 1902 4060; x_wconf 86' lang='lat' dir='ltr'><strong>est.</strong></span> 
     </span>
    </p>
   </div>
   <div class='ocr_carea' id='block_1_43' title="bbox 360 4089 1907 4165">
    <p class='ocr_par' dir='ltr' id='par_1_43' title="bbox 360 4089 1907 4165">
     <span class='ocr_line' id='line_1_43' title="bbox 360 4089 1907 4165; baseline 0.005 -22"><span class='ocrx_word' id='word_1_306' title='bbox 360 4089 734 4145; x_wconf 80' lang='lat' dir='ltr'><strong>Muchemetes</strong></span> <span class='ocrx_word' id='word_1_307' title='bbox 775 4107 938 4159; x_wconf 80' lang='lat' dir='ltr'><strong>regno</strong></span> <span class='ocrx_word' id='word_1_308' title='bbox 969 4107 1152 4146; x_wconf 85' lang='lat' dir='ltr'><strong>rursus</strong></span> <span class='ocrx_word' id='word_1_309' title='bbox 1177 4093 1328 4155; x_wconf 89' lang='lat' dir='ltr'><strong>inito,</strong></span> <span class='ocrx_word' id='word_1_310' title='bbox 1360 4109 1481 4148; x_wconf 81' lang='lat' dir='ltr'><strong>mox</strong></span> <span class='ocrx_word' id='word_1_311' title='bbox 1516 4109 1705 4165; x_wconf 87' lang='lat' dir='ltr'><strong>aspros</strong></span> <span class='ocrx_word' id='word_1_312' title='bbox 1744 4113 1907 4151; x_wconf 78' lang='lat' dir='ltr'><strong>novos</strong></span> 
     </span>
    </p>
   </div>
   <div class='ocr_carea' id='block_1_44' title="bbox 359 4184 1834 4258">
    <p class='ocr_par' dir='ltr' id='par_1_44' title="bbox 359 4184 1834 4258">
     <span class='ocr_line' id='line_1_44' title="bbox 359 4184 1834 4258; baseline 0.005 -21"><span class='ocrx_word' id='word_1_313' title='bbox 359 4184 576 4252; x_wconf 79' lang='lat' dir='ltr'><strong>signari</strong></span> <span class='ocrx_word' id='word_1_314' title='bbox 614 4185 829 4237; x_wconf 87' lang='lat' dir='ltr'><strong>nomine</strong></span> <span class='ocrx_word' id='word_1_315' title='bbox 846 4192 945 4238; x_wconf 75' lang='lat' dir='ltr'><strong>“suo</strong></span> <span class='ocrx_word' id='word_1_316' title='bbox 974 4184 1148 4252; x_wconf 87' lang='lat' dir='ltr'><strong>jussit,</strong></span> <span class='ocrx_word' id='word_1_317' title='bbox 1180 4201 1320 4239; x_wconf 86' lang='lat' dir='ltr'><strong>anno</strong></span> <span class='ocrx_word' id='word_1_318' title='bbox 1344 4188 1446 4239; x_wconf 64' lang='lat'><strong>849</strong></span> <span class='ocrx_word' id='word_1_319' title='bbox 1468 4189 1617 4258; x_wconf 83' lang='lat' dir='ltr'><strong>(Chr.</strong></span> <span class='ocrx_word' id='word_1_320' title='bbox 1658 4190 1834 4257; x_wconf 65' lang='lat' dir='ltr'><strong>id“).</strong></span> 
     </span>
    </p>
   </div>
   <div class='ocr_carea' id='block_1_45' title="bbox 442 4263 1907 4352">
    <p class='ocr_par' dir='ltr' id='par_1_45' title="bbox 442 4263 1907 4352">
     <span class='ocr_line' id='line_1_45' title="bbox 442 4263 1907 4352; baseline 0.006 -24"><span class='ocrx_word' id='word_1_321' title='bbox 442 4276 498 4328; x_wconf 92' lang='lat' dir='ltr'><strong>lu</strong></span> <span class='ocrx_word' id='word_1_322' title='bbox 531 4276 654 4342; x_wconf 86' lang='lat' dir='ltr'><strong>ipsis</strong></span> <span class='ocrx_word' id='word_1_323' title='bbox 683 4287 858 4329; x_wconf 83' lang='lat' dir='ltr'><strong>autem</strong></span> <span class='ocrx_word' id='word_1_324' title='bbox 895 4275 1257 4331; x_wconf 74' lang='lat' dir='ltr'><strong>Muchemetici</strong></span> <span class='ocrx_word' id='word_1_325' title='bbox 1313 4263 1462 4348; x_wconf 82' lang='lat' dir='ltr'><strong>regni</strong></span> <span class='ocrx_word' id='word_1_326' title='bbox 1519 4281 1669 4335; x_wconf 86' lang='lat' dir='ltr'><strong>novis</strong></span> <span class='ocrx_word' id='word_1_327' title='bbox 1725 4283 1907 4352; x_wconf 88' lang='lat' dir='ltr'><strong>auspi-</strong></span> 
     </span>
    </p>
   </div>
   <div class='ocr_carea' id='block_1_46' title="bbox 358 4366 1904 4435">
    <p class='ocr_par' dir='ltr' id='par_1_46' title="bbox 358 4366 1904 4435">
     <span class='ocr_line' id='line_1_46' title="bbox 358 4366 1904 4435; baseline 0.008 -17"><span class='ocrx_word' id='word_1_328' title='bbox 358 4367 493 4424; x_wconf 84' lang='lat' dir='ltr'><strong>ciis,</strong></span> <span class='ocrx_word' id='word_1_329' title='bbox 528 4369 648 4420; x_wconf 91' lang='lat' dir='ltr'><strong>urbs</strong></span> <span class='ocrx_word' id='word_1_330' title='bbox 689 4366 1198 4435; x_wconf 81' lang='lat' dir='ltr'><strong>lladrianopolitaua</strong></span> <span class='ocrx_word' id='word_1_331' title='bbox 1234 4379 1343 4423; x_wconf 87' lang='lat' dir='ltr'><strong>tota</strong></span> <span class='ocrx_word' id='word_1_332' title='bbox 1399 4372 1626 4426; x_wconf 81' lang='lat' dir='ltr'><strong>ﬂammis</strong></span> <span class='ocrx_word' id='word_1_333' title='bbox 1679 4389 1904 4430; x_wconf 85' lang='lat' dir='ltr'><strong>accensa</strong></span> 
     </span>
    </p>
   </div>
   <div class='ocr_carea' id='block_1_47' title="bbox 355 4457 1902 4532">
    <p class='ocr_par' dir='ltr' id='par_1_47' title="bbox 355 4457 1902 4532">
     <span class='ocr_line' id='line_1_47' title="bbox 355 4457 1902 4532; baseline 0.005 -22"><span class='ocrx_word' id='word_1_334' title='bbox 355 4457 750 4524; x_wconf 73' lang='lat' dir='ltr'><strong>Conflagrarit:</strong></span> <span class='ocrx_word' id='word_1_335' title='bbox 784 4467 836 4512; x_wconf 85' lang='lat' dir='ltr'><strong>et</strong></span> <span class='ocrx_word' id='word_1_336' title='bbox 868 4457 1118 4511; x_wconf 84' lang='lat' dir='ltr'><strong>Ceuizari</strong></span> <span class='ocrx_word' id='word_1_337' title='bbox 1152 4461 1410 4514; x_wconf 83' lang='lat' dir='ltr'><strong>seditione</strong></span> <span class='ocrx_word' id='word_1_338' title='bbox 1430 4471 1718 4523; x_wconf 89' lang='lat' dir='ltr'><strong>commota,</strong></span> <span class='ocrx_word' id='word_1_339' title='bbox 1741 4467 1902 4532; x_wconf 88' lang='lat' dir='ltr'><strong>majo-</strong></span> 
     </span>
    </p>
   </div>
   <div class='ocr_carea' id='block_1_48' title="bbox 2027 631 3561 716">
    <p class='ocr_par' dir='ltr' id='par_1_48' title="bbox 2027 631 3561 716">
     <span class='ocr_line' id='line_1_48' title="bbox 2027 631 3561 716; baseline 0.013 -38"><span class='ocrx_word' id='word_1_340' title='bbox 2027 640 2312 698; x_wconf 85' lang='lat' dir='ltr'><strong>pugnatam</strong></span> <span class='ocrx_word' id='word_1_341' title='bbox 2343 631 2592 713; x_wconf 17' lang='lat' dir='ltr'><strong>dedisset:</strong></span> <span class='ocrx_word' id='word_1_342' title='bbox 2627 635 2854 698; x_wconf 81' lang='lat' dir='ltr'><strong>excidio,</strong></span> <span class='ocrx_word' id='word_1_343' title='bbox 2903 647 2955 692; x_wconf 79' lang='lat' dir='ltr'><strong>et</strong></span> <span class='ocrx_word' id='word_1_344' title='bbox 2987 640 3088 692; x_wconf 88' lang='lat' dir='ltr'><strong>alia</strong></span> <span class='ocrx_word' id='word_1_345' title='bbox 3120 640 3359 711; x_wconf 64' lang='lat' dir='ltr'><strong>quoniam</strong></span> <span class='ocrx_word' id='word_1_346' title='bbox 3414 651 3561 716; x_wconf 82' lang='lat' dir='ltr'><strong>oppi-</strong></span> 
     </span>
    </p>
   </div>
   <div class='ocr_carea' id='block_1_49' title="bbox 2024 709 3562 801">
    <p class='ocr_par' dir='ltr' id='par_1_49' title="bbox 2024 709 3562 801">
     <span class='ocr_line' id='line_1_49' title="bbox 2024 709 3562 801; baseline 0.015 -30"><span class='ocrx_word' id='word_1_347' title='bbox 2024 718 2142 772; x_wconf 93' lang='lat' dir='ltr'><strong>dula</strong></span> <span class='ocrx_word' id='word_1_348' title='bbox 2173 722 2444 789; x_wconf 76' lang='lat' dir='ltr'><strong>cepisset,</strong></span> <span class='ocrx_word' id='word_1_349' title='bbox 2476 709 2720 789; x_wconf 83' lang='lat' dir='ltr'><strong>abductis</strong></span> <span class='ocrx_word' id='word_1_350' title='bbox 2745 727 2914 798; x_wconf 88' lang='lat' dir='ltr'><strong>copiis</strong></span> <span class='ocrx_word' id='word_1_351' title='bbox 2935 770 2950 792; x_wconf 93' lang='lat'><strong>,</strong></span> <span class='ocrx_word' id='word_1_352' title='bbox 2985 709 3419 801; x_wconf 78' lang='lat' dir='ltr'><strong>Hadrianopolim</strong></span> <span class='ocrx_word' id='word_1_353' title='bbox 3451 709 3562 793; x_wconf 53' lang='lat' dir='ltr'><strong>is.</strong></span> 
     </span>
    </p>
   </div>
   <div class='ocr_carea' id='block_1_50' title="bbox 2024 805 2834 888">
    <p class='ocr_par' dir='ltr' id='par_1_50' title="bbox 2024 805 2834 888">
     <span class='ocr_line' id='line_1_50' title="bbox 2024 805 2834 888; baseline 0.014 -28"><span class='ocrx_word' id='word_1_354' title='bbox 2024 805 2140 872; x_wconf 91' lang='lat' dir='ltr'><strong>diit,</strong></span> <span class='ocrx_word' id='word_1_355' title='bbox 2175 824 2320 866; x_wconf 82' lang='lat' dir='ltr'><strong>anno</strong></span> <span class='ocrx_word' id='word_1_356' title='bbox 2351 811 2621 881; x_wconf 78' lang='lat' dir='ltr'><strong>850(Chr.</strong></span> <span class='ocrx_word' id='word_1_357' title='bbox 2652 815 2834 888; x_wconf 65' lang='grc'><strong>1445).</strong></span> 
     </span>
    </p>
   </div>
   <div class='ocr_carea' id='block_1_51' title="bbox 2091 899 3555 979">
    <p class='ocr_par' dir='ltr' id='par_1_51' title="bbox 2091 899 3555 979">
     <span class='ocr_line' id='line_1_51' title="bbox 2091 899 3555 979; baseline 0.012 -26"><span class='ocrx_word' id='word_1_358' title='bbox 2091 899 2295 956; x_wconf 81' lang='lat' dir='ltr'><strong>Castris</strong></span> <span class='ocrx_word' id='word_1_359' title='bbox 2320 903 2692 977; x_wconf 84' lang='lat' dir='ltr'><strong>Hadrianopoli</strong></span> <span class='ocrx_word' id='word_1_360' title='bbox 2723 911 2905 976; x_wconf 86' lang='lat' dir='ltr'><strong>motis,</strong></span> <span class='ocrx_word' id='word_1_361' title='bbox 2939 911 2990 964; x_wconf 90' lang='lat' dir='ltr'><strong>in</strong></span> <span class='ocrx_word' id='word_1_362' title='bbox 3047 913 3325 969; x_wconf 62' lang='lat' dir='ltr'><strong>Albinium</strong></span> <span class='ocrx_word' id='word_1_363' title='bbox 3377 917 3555 979; x_wconf 81' lang='lat' dir='ltr'><strong>duxit,</strong></span> 
     </span>
    </p>
   </div>
   <div class='ocr_carea' id='block_1_52' title="bbox 2021 992 3607 1085">
    <p class='ocr_par' dir='ltr' id='par_1_52' title="bbox 2021 992 3607 1085">
     <span class='ocr_line' id='line_1_52' title="bbox 2021 992 3607 1085; baseline 0.011 -42"><span class='ocrx_word' id='word_1_364' title='bbox 2021 999 2075 1044; x_wconf 82' lang='lat' dir='ltr'><strong>et</strong></span> <span class='ocrx_word' id='word_1_365' title='bbox 2105 1005 2284 1046; x_wconf 81' lang='lat' dir='ltr'><strong>arcem</strong></span> <span class='ocrx_word' id='word_1_366' title='bbox 2312 992 2623 1050; x_wconf 78' lang='lat' dir='ltr'><strong>Cotziacum</strong></span> <span class='ocrx_word' id='word_1_367' title='bbox 2655 997 2708 1051; x_wconf 92' lang='lat' dir='ltr'><strong>ln</strong></span> <span class='ocrx_word' id='word_1_368' title='bbox 2735 999 2940 1055; x_wconf 89' lang='lat' dir='ltr'><strong>ditione</strong></span> <span class='ocrx_word' id='word_1_369' title='bbox 2985 999 3207 1060; x_wconf 76' lang='lat' dir='ltr'><strong>Joannis</strong></span> <span class='ocrx_word' id='word_1_370' title='bbox 3253 1011 3557 1076; x_wconf 75' lang='lat' dir='ltr'><strong>occupavit,</strong></span> <span class='ocrx_word' id='word_1_371' title='bbox 3599 1063 3607 1085; x_wconf 64' lang='grc' dir='ltr'><strong> </strong></span> 
     </span>
    </p>
   </div>
   <div class='ocr_carea' id='block_1_53' title="bbox 2022 1080 3558 1159">
    <p class='ocr_par' dir='ltr' id='par_1_53' title="bbox 2022 1080 3558 1159">
     <span class='ocr_line' id='line_1_53' title="bbox 2022 1080 3558 1159; baseline 0.014 -28"><span class='ocrx_word' id='word_1_372' title='bbox 2022 1094 2085 1132; x_wconf 88' lang='lat' dir='ltr'><strong>ac</strong></span> <span class='ocrx_word' id='word_1_373' title='bbox 2115 1080 2420 1136; x_wconf 83' lang='lat' dir='ltr'><strong>universam</strong></span> <span class='ocrx_word' id='word_1_374' title='bbox 2450 1087 2721 1152; x_wconf 76' lang='lat' dir='ltr'><strong>regionem</strong></span> <span class='ocrx_word' id='word_1_375' title='bbox 2765 1089 2970 1159; x_wconf 86' lang='lat' dir='ltr'><strong>rapinis</strong></span> <span class='ocrx_word' id='word_1_376' title='bbox 3005 1096 3270 1151; x_wconf 65' lang='lat' dir='ltr'><strong>exhausit.</strong></span> <span class='ocrx_word' id='word_1_377' title='bbox 3328 1099 3558 1152; x_wconf 74' lang='lat' dir='ltr'><strong>Albano-</strong></span> 
     </span>
    </p>
   </div>
   <div class='ocr_carea' id='block_1_54' title="bbox 2022 1171 3558 1249">
    <p class='ocr_par' dir='ltr' id='par_1_54' title="bbox 2022 1171 3558 1249">
     <span class='ocr_line' id='line_1_54' title="bbox 2022 1171 3558 1249; baseline 0.016 -27"><span class='ocrx_word' id='word_1_378' title='bbox 2022 1184 2138 1224; x_wconf 90' lang='lat' dir='ltr'><strong>rum</strong></span> <span class='ocrx_word' id='word_1_379' title='bbox 2172 1172 2426 1243; x_wconf 80' lang='lat' dir='ltr'><strong>princeps</strong></span> <span class='ocrx_word' id='word_1_380' title='bbox 2452 1175 3140 1249; x_wconf 66' lang='lat' dir='ltr'><strong>lsct‘idaraadominus,cum</strong></span> <span class='ocrx_word' id='word_1_381' title='bbox 3205 1186 3315 1242; x_wconf 88' lang='lat' dir='ltr'><strong>suis</strong></span> <span class='ocrx_word' id='word_1_382' title='bbox 3361 1171 3558 1246; x_wconf 83' lang='lat' dir='ltr'><strong>cedens</strong></span> 
     </span>
    </p>
   </div>
   <div class='ocr_carea' id='block_1_55' title="bbox 2020 1260 3557 1348">
    <p class='ocr_par' dir='ltr' id='par_1_55' title="bbox 2020 1260 3557 1348">
     <span class='ocr_line' id='line_1_55' title="bbox 2020 1260 3557 1348; baseline 0.014 -36"><span class='ocrx_word' id='word_1_383' title='bbox 2020 1260 2247 1333; x_wconf 73' lang='lat' dir='ltr'><strong>aufugit.</strong></span> <span class='ocrx_word' id='word_1_384' title='bbox 2308 1264 2510 1336; x_wconf 87' lang='lat' dir='ltr'><strong>Itaque.</strong></span> <span class='ocrx_word' id='word_1_385' title='bbox 2556 1267 2790 1326; x_wconf 77' lang='lat' dir='ltr'><strong>M-urates</strong></span> <span class='ocrx_word' id='word_1_386' title='bbox 2844 1289 3088 1344; x_wconf 84' lang='lat' dir='ltr'><strong>magnam</strong></span> <span class='ocrx_word' id='word_1_387' title='bbox 3138 1274 3369 1348; x_wconf 72' lang='lat' dir='ltr'><strong>regionii</strong></span> <span class='ocrx_word' id='word_1_388' title='bbox 3413 1283 3557 1335; x_wconf 71' lang='lat' dir='ltr'><strong>illius</strong></span> 
     </span>
    </p>
   </div>
   <div class='ocr_carea' id='block_1_56' title="bbox 2019 1356 3557 1437">
    <p class='ocr_par' dir='ltr' id='par_1_56' title="bbox 2019 1356 3557 1437">
     <span class='ocr_line' id='line_1_56' title="bbox 2019 1356 3557 1437; baseline 0.016 -34"><span class='ocrx_word' id='word_1_389' title='bbox 2019 1360 2225 1420; x_wconf 86' lang='lat' dir='ltr'><strong>partem</strong></span> <span class='ocrx_word' id='word_1_390' title='bbox 2252 1356 2492 1424; x_wconf 83' lang='lat' dir='ltr'><strong>adjunin</strong></span> <span class='ocrx_word' id='word_1_391' title='bbox 2517 1358 2741 1428; x_wconf 84' lang='lat' dir='ltr'><strong>imperio</strong></span> <span class='ocrx_word' id='word_1_392' title='bbox 2777 1361 2928 1431; x_wconf 71' lang='lat' dir='ltr'><strong>&#39;suo;</strong></span> <span class='ocrx_word' id='word_1_393' title='bbox 2959 1382 3188 1437; x_wconf 86' lang='lat' dir='ltr'><strong>cumque</strong></span> <span class='ocrx_word' id='word_1_394' title='bbox 3231 1370 3557 1428; x_wconf 84' lang='lat' dir='ltr'><strong>Christiano-</strong></span> 
     </span>
    </p>
   </div>
   <div class='ocr_carea' id='block_1_57' title="bbox 1975 1437 3581 1530">
    <p class='ocr_par' dir='ltr' id='par_1_57' title="bbox 1975 1437 3581 1530">
     <span class='ocr_line' id='line_1_57' title="bbox 1975 1437 3581 1530; baseline 0.015 -38"><span class='ocrx_word' id='word_1_395' title='bbox 1975 1437 1980 1459; x_wconf 77' lang='lat'><strong>‘</strong></span> <span class='ocrx_word' id='word_1_396' title='bbox 2020 1457 2136 1496; x_wconf 90' lang='lat' dir='ltr'><strong>rum</strong></span> <span class='ocrx_word' id='word_1_397' title='bbox 2171 1446 2366 1514; x_wconf 87' lang='lat' dir='ltr'><strong>templa</strong></span> <span class='ocrx_word' id='word_1_398' title='bbox 2390 1447 2666 1515; x_wconf 86' lang='lat' dir='ltr'><strong>diruisset,</strong></span> <span class='ocrx_word' id='word_1_399' title='bbox 2691 1469 2752 1507; x_wconf 91' lang='lat' dir='ltr'><strong>ac</strong></span> <span class='ocrx_word' id='word_1_400' title='bbox 2788 1453 2840 1508; x_wconf 92' lang='lat' dir='ltr'><strong>in</strong></span> <span class='ocrx_word' id='word_1_401' title='bbox 2861 1459 3110 1514; x_wconf 85' lang='lat' dir='ltr'><strong>messitas</strong></span> <span class='ocrx_word' id='word_1_402' title='bbox 3138 1471 3581 1530; x_wconf 12' lang='lat' dir='ltr'><strong>commutasset,‘</strong></span> 
     </span>
    </p>
   </div>
   <div class='ocr_carea' id='block_1_58' title="bbox 2020 1531 3178 1605">
    <p class='ocr_par' dir='ltr' id='par_1_58' title="bbox 2020 1531 3178 1605">
     <span class='ocr_line' id='line_1_58' title="bbox 2020 1531 3178 1605; baseline 0.017 -20"><span class='ocrx_word' id='word_1_403' title='bbox 2020 1531 2312 1591; x_wconf 84' lang='lat' dir='ltr'><strong>Turcorum</strong></span> <span class='ocrx_word' id='word_1_404' title='bbox 2335 1539 2573 1596; x_wconf 82' lang='lat' dir='ltr'><strong>colonias</strong></span> <span class='ocrx_word' id='word_1_405' title='bbox 2598 1543 2648 1596; x_wconf 91' lang='lat' dir='ltr'><strong>in</strong></span> <span class='ocrx_word' id='word_1_406' title='bbox 2682 1543 2765 1598; x_wconf 90' lang='lat' dir='ltr'><strong>illa</strong></span> <span class='ocrx_word' id='word_1_407' title='bbox 2791 1544 2904 1600; x_wconf 89' lang='lat' dir='ltr'><strong>loca</strong></span> <span class='ocrx_word' id='word_1_408' title='bbox 2935 1549 3178 1605; x_wconf 75' lang='lat' dir='ltr'><strong>deduxit.</strong></span> 
     </span>
    </p>
   </div>
   <div class='ocr_carea' id='block_1_59' title="bbox 2064 1622 3585 1707">
    <p class='ocr_par' dir='ltr' id='par_1_59' title="bbox 2064 1622 3585 1707">
     <span class='ocr_line' id='line_1_59' title="bbox 2064 1622 3585 1707; baseline 0.012 -29"><span class='ocrx_word' id='word_1_409' title='bbox 2064 1622 2178 1680; x_wconf 72' lang='lat' dir='ltr'><strong>&#39;ﬂis</strong></span> <span class='ocrx_word' id='word_1_410' title='bbox 2227 1624 2434 1683; x_wconf 78' lang='lat' dir='ltr'><strong>Murate</strong></span> <span class='ocrx_word' id='word_1_411' title='bbox 2457 1631 2616 1685; x_wconf 85' lang='lat' dir='ltr'><strong>rebus</strong></span> <span class='ocrx_word' id='word_1_412' title='bbox 2675 1648 2954 1705; x_wconf 88' lang='lat' dir='ltr'><strong>occupato,</strong></span> <span class='ocrx_word' id='word_1_413' title='bbox 3019 1642 3193 1696; x_wconf 88' lang='lat' dir='ltr'><strong>nuntii</strong></span> <span class='ocrx_word' id='word_1_414' title='bbox 3246 1642 3585 1707; x_wconf 84' lang='lat' dir='ltr'><strong>advenere,.</strong></span> 
     </span>
    </p>
   </div>
   <div class='ocr_carea' id='block_1_60' title="bbox 2016 1714 3554 1801">
    <p class='ocr_par' dir='ltr' id='par_1_60' title="bbox 2016 1714 3554 1801">
     <span class='ocr_line' id='line_1_60' title="bbox 2016 1714 3554 1801; baseline 0.016 -37"><span class='ocrx_word' id='word_1_415' title='bbox 2016 1714 2108 1781; x_wconf 91' lang='lat' dir='ltr'><strong>qui</strong></span> <span class='ocrx_word' id='word_1_416' title='bbox 2156 1716 2541 1786; x_wconf 80' lang='lat' dir='ltr'><strong>significarent,</strong></span> <span class='ocrx_word' id='word_1_417' title='bbox 2600 1721 2865 1793; x_wconf 87' lang='lat' dir='ltr'><strong>Ungaros,</strong></span> <span class='ocrx_word' id='word_1_418' title='bbox 2946 1726 3206 1801; x_wconf 74' lang='lat' dir='ltr'><strong>Sax‘ones,</strong></span> <span class='ocrx_word' id='word_1_419' title='bbox 3290 1732 3554 1800; x_wconf 80' lang='lat' dir='ltr'><strong>Doemos;</strong></span> 
     </span>
    </p>
   </div>
   <div class='ocr_carea' id='block_1_61' title="bbox 2021 1801 3551 1893">
    <p class='ocr_par' dir='ltr' id='par_1_61' title="bbox 2021 1801 3551 1893">
     <span class='ocr_line' id='line_1_61' title="bbox 2021 1801 3551 1893; baseline 0.014 -37"><span class='ocrx_word' id='word_1_420' title='bbox 2021 1801 2338 1869; x_wconf 86' lang='lat' dir='ltr'><strong>Germanos,</strong></span> <span class='ocrx_word' id='word_1_421' title='bbox 2369 1818 2422 1862; x_wconf 90' lang='lat' dir='ltr'><strong>et</strong></span> <span class='ocrx_word' id='word_1_422' title='bbox 2471 1804 2755 1875; x_wconf 83' lang='lat' dir='ltr'><strong>Valaehos,</strong></span> <span class='ocrx_word' id='word_1_423' title='bbox 2810 1818 3073 1872; x_wconf 77' lang='lat' dir='ltr'><strong>maximis</strong></span> <span class='ocrx_word' id='word_1_424' title='bbox 3117 1823 3318 1876; x_wconf 90' lang='lat' dir='ltr'><strong>coactis</strong></span> <span class='ocrx_word' id='word_1_425' title='bbox 3364 1819 3551 1893; x_wconf 78' lang='lat' dir='ltr'><strong>cupiis,</strong></span> 
     </span>
    </p>
   </div>
   <div class='ocr_carea' id='block_1_62' title="bbox 2018 1895 3556 1982">
    <p class='ocr_par' dir='ltr' id='par_1_62' title="bbox 2018 1895 3556 1982">
     <span class='ocr_line' id='line_1_62' title="bbox 2018 1895 3556 1982; baseline 0.016 -37"><span class='ocrx_word' id='word_1_426' title='bbox 2018 1895 2125 1961; x_wconf 88' lang='lat' dir='ltr'><strong>jam</strong></span> <span class='ocrx_word' id='word_1_427' title='bbox 2157 1897 2222 1949; x_wconf 87' lang='lat' dir='ltr'><strong>ad</strong></span> <span class='ocrx_word' id='word_1_428' title='bbox 2252 1896 2439 1952; x_wconf 82' lang='lat' dir='ltr'><strong>Albam</strong></span> <span class='ocrx_word' id='word_1_429' title='bbox 2468 1916 2635 1972; x_wconf 86' lang='lat' dir='ltr'><strong>usque</strong></span> <span class='ocrx_word' id='word_1_430' title='bbox 2680 1903 2917 1960; x_wconf 70' lang='lat' dir='ltr'><strong>Grmcam</strong></span> <span class='ocrx_word' id='word_1_431' title='bbox 2969 1911 3258 1978; x_wconf 82' lang='lat' dir='ltr'><strong>appulisse,</strong></span> <span class='ocrx_word' id='word_1_432' title='bbox 3307 1929 3556 1982; x_wconf 86' lang='lat' dir='ltr'><strong>progres-</strong></span> 
     </span>
    </p>
   </div>
   <div class='ocr_carea' id='block_1_63' title="bbox 2021 1988 3552 2069">
    <p class='ocr_par' dir='ltr' id='par_1_63' title="bbox 2021 1988 3552 2069">
     <span class='ocr_line' id='line_1_63' title="bbox 2021 1988 3552 2069; baseline 0.015 -31"><span class='ocrx_word' id='word_1_433' title='bbox 2021 2000 2175 2041; x_wconf 90' lang='lat' dir='ltr'><strong>suros</strong></span> <span class='ocrx_word' id='word_1_434' title='bbox 2205 1988 2268 2040; x_wconf 89' lang='lat' dir='ltr'><strong>ad</strong></span> <span class='ocrx_word' id='word_1_435' title='bbox 2297 1988 2444 2057; x_wconf 91' lang='lat' dir='ltr'><strong>ipsos</strong></span> <span class='ocrx_word' id='word_1_436' title='bbox 2470 1991 2690 2048; x_wconf 71' lang='lat' dir='ltr'><strong>Cosovaa</strong></span> <span class='ocrx_word' id='word_1_437' title='bbox 2724 2011 2960 2064; x_wconf 81' lang='lat' dir='ltr'><strong>campos.</strong></span> <span class='ocrx_word' id='word_1_438' title='bbox 2990 2001 3116 2069; x_wconf 84' lang='lat' dir='ltr'><strong>Ejus</strong></span> <span class='ocrx_word' id='word_1_439' title='bbox 3148 2005 3218 2058; x_wconf 86' lang='lat' dir='ltr'><strong>rei</strong></span> <span class='ocrx_word' id='word_1_440' title='bbox 3251 2004 3388 2059; x_wconf 85' lang='lat' dir='ltr'><strong>fama</strong></span> <span class='ocrx_word' id='word_1_441' title='bbox 3441 2007 3552 2061; x_wconf 88' lang='lat' dir='ltr'><strong>sul-</strong></span> 
     </span>
    </p>
   </div>
   <div class='ocr_carea' id='block_1_64' title="bbox 2021 2077 3550 2166">
    <p class='ocr_par' dir='ltr' id='par_1_64' title="bbox 2021 2077 3550 2166">
     <span class='ocr_line' id='line_1_64' title="bbox 2021 2077 3550 2166; baseline 0.015 -39"><span class='ocrx_word' id='word_1_442' title='bbox 2021 2083 2176 2130; x_wconf 88' lang='lat' dir='ltr'><strong>tanus</strong></span> <span class='ocrx_word' id='word_1_443' title='bbox 2213 2077 2448 2135; x_wconf 81' lang='lat' dir='ltr'><strong>Murates</strong></span> <span class='ocrx_word' id='word_1_444' title='bbox 2473 2084 2754 2153; x_wconf 88' lang='lat' dir='ltr'><strong>impulsus,</strong></span> <span class='ocrx_word' id='word_1_445' title='bbox 2786 2087 3011 2143; x_wconf 85' lang='lat' dir='ltr'><strong>Albania</strong></span> <span class='ocrx_word' id='word_1_446' title='bbox 3039 2094 3242 2155; x_wconf 89' lang='lat' dir='ltr'><strong>relicta,</strong></span> <span class='ocrx_word' id='word_1_447' title='bbox 3295 2094 3550 2166; x_wconf 90' lang='lat' dir='ltr'><strong>Sophiam</strong></span> 
     </span>
    </p>
   </div>
   <div class='ocr_carea' id='block_1_65' title="bbox 2020 2168 3550 2252">
    <p class='ocr_par' dir='ltr' id='par_1_65' title="bbox 2020 2168 3550 2252">
     <span class='ocr_line' id='line_1_65' title="bbox 2020 2168 3550 2252; baseline 0.012 -30"><span class='ocrx_word' id='word_1_448' title='bbox 2020 2183 2227 2222; x_wconf 88' lang='lat' dir='ltr'><strong>summa</strong></span> <span class='ocrx_word' id='word_1_449' title='bbox 2257 2168 2603 2228; x_wconf 82' lang='lat' dir='ltr'><strong>festinatione</strong></span> <span class='ocrx_word' id='word_1_450' title='bbox 2655 2179 2900 2244; x_wconf 86' lang='lat' dir='ltr'><strong>accessit,</strong></span> <span class='ocrx_word' id='word_1_451' title='bbox 2960 2181 3138 2252; x_wconf 85' lang='lat' dir='ltr'><strong>ibique</strong></span> <span class='ocrx_word' id='word_1_452' title='bbox 3193 2171 3446 2247; x_wconf 71' lang='lat' dir='ltr'><strong>sul-stitit.</strong></span> <span class='ocrx_word' id='word_1_453' title='bbox 3500 2189 3550 2240; x_wconf 93' lang='lat' dir='ltr'><strong>iu</strong></span> 
     </span>
    </p>
   </div>
   <div class='ocr_carea' id='block_1_66' title="bbox 2018 2260 3553 2346">
    <p class='ocr_par' dir='ltr' id='par_1_66' title="bbox 2018 2260 3553 2346">
     <span class='ocr_line' id='line_1_66' title="bbox 2018 2260 3553 2346; baseline 0.015 -36"><span class='ocrx_word' id='word_1_454' title='bbox 2018 2261 2229 2313; x_wconf 85' lang='lat' dir='ltr'><strong>onmem</strong></span> <span class='ocrx_word' id='word_1_455' title='bbox 2253 2265 2462 2330; x_wconf 81' lang='lat' dir='ltr'><strong>partem</strong></span> <span class='ocrx_word' id='word_1_456' title='bbox 2483 2260 2737 2334; x_wconf 85' lang='lat' dir='ltr'><strong>intentus,</strong></span> <span class='ocrx_word' id='word_1_457' title='bbox 2761 2286 2868 2340; x_wconf 91' lang='lat' dir='ltr'><strong>quo</strong></span> <span class='ocrx_word' id='word_1_458' title='bbox 2904 2274 3114 2328; x_wconf 88' lang='lat' dir='ltr'><strong>scilicet</strong></span> <span class='ocrx_word' id='word_1_459' title='bbox 3158 2286 3444 2346; x_wconf 87' lang='lat' dir='ltr'><strong>erupturus</strong></span> <span class='ocrx_word' id='word_1_460' title='bbox 3469 2280 3553 2334; x_wconf 87' lang='lat' dir='ltr'><strong>hic</strong></span> 
     </span>
    </p>
   </div>
   <div class='ocr_carea' id='block_1_67' title="bbox 2020 2355 3551 2438">
    <p class='ocr_par' dir='ltr' id='par_1_67' title="bbox 2020 2355 3551 2438">
     <span class='ocr_line' id='line_1_67' title="bbox 2020 2355 3551 2438; baseline 0.016 -40"><span class='ocrx_word' id='word_1_461' title='bbox 2020 2358 2194 2404; x_wconf 91' lang='lat' dir='ltr'><strong>motus</strong></span> <span class='ocrx_word' id='word_1_462' title='bbox 2219 2362 2382 2407; x_wconf 87' lang='lat' dir='ltr'><strong>esset.</strong></span> <span class='ocrx_word' id='word_1_463' title='bbox 2417 2355 2602 2411; x_wconf 83' lang='lat' dir='ltr'><strong>Simul</strong></span> <span class='ocrx_word' id='word_1_464' title='bbox 2636 2362 2894 2428; x_wconf 82' lang='lat' dir='ltr'><strong>expeditis</strong></span> <span class='ocrx_word' id='word_1_465' title='bbox 2925 2365 2976 2418; x_wconf 89' lang='lat' dir='ltr'><strong>in</strong></span> <span class='ocrx_word' id='word_1_466' title='bbox 3007 2380 3196 2426; x_wconf 88' lang='lat' dir='ltr'><strong>omnes</strong></span> <span class='ocrx_word' id='word_1_467' title='bbox 3248 2371 3551 2438; x_wconf 83' lang='lat' dir='ltr'><strong>provincias</strong></span> 
     </span>
    </p>
   </div>
   <div class='ocr_carea' id='block_1_68' title="bbox 2016 2436 3556 2530">
    <p class='ocr_par' dir='ltr' id='par_1_68' title="bbox 2016 2436 3556 2530">
     <span class='ocr_line' id='line_1_68' title="bbox 2016 2436 3556 2530; baseline 0.018 -42"><span class='ocrx_word' id='word_1_468' title='bbox 2016 2436 2230 2503; x_wconf 83' lang='lat' dir='ltr'><strong>litteris,</strong></span> <span class='ocrx_word' id='word_1_469' title='bbox 2267 2443 2462 2498; x_wconf 84' lang='lat' dir='ltr'><strong>milites</strong></span> <span class='ocrx_word' id='word_1_470' title='bbox 2495 2447 2776 2505; x_wconf 77' lang='lat' dir='ltr'><strong>universos</strong></span> <span class='ocrx_word' id='word_1_471' title='bbox 2819 2467 2964 2507; x_wconf 86' lang='lat' dir='ltr'><strong>arma</strong></span> <span class='ocrx_word' id='word_1_472' title='bbox 3003 2471 3214 2526; x_wconf 89' lang='lat' dir='ltr'><strong>capere,</strong></span> <span class='ocrx_word' id='word_1_473' title='bbox 3250 2436 3322 2526; x_wconf 24' lang='lat' dir='ltr'><strong>iet</strong></span> <span class='ocrx_word' id='word_1_474' title='bbox 3351 2462 3556 2530; x_wconf 76' lang='lat' dir='ltr'><strong>absque</strong></span> 
     </span>
    </p>
   </div>
   <div class='ocr_carea' id='block_1_69' title="bbox 2019 2532 3552 2624">
    <p class='ocr_par' dir='ltr' id='par_1_69' title="bbox 2019 2532 3552 2624">
     <span class='ocr_line' id='line_1_69' title="bbox 2019 2532 3552 2624; baseline 0.016 -42"><span class='ocrx_word' id='word_1_475' title='bbox 2019 2546 2164 2584; x_wconf 90' lang='lat' dir='ltr'><strong>mora</strong></span> <span class='ocrx_word' id='word_1_476' title='bbox 2221 2532 2274 2586; x_wconf 93' lang='lat' dir='ltr'><strong>in</strong></span> <span class='ocrx_word' id='word_1_477' title='bbox 2325 2545 2498 2590; x_wconf 87' lang='lat' dir='ltr'><strong>castra</strong></span> <span class='ocrx_word' id='word_1_478' title='bbox 2556 2543 2842 2598; x_wconf 84' lang='lat' dir='ltr'><strong>convolare</strong></span> <span class='ocrx_word' id='word_1_479' title='bbox 2878 2545 3061 2615; x_wconf 87' lang='lat' dir='ltr'><strong>jussit.</strong></span> <span class='ocrx_word' id='word_1_480' title='bbox 3106 2547 3278 2605; x_wconf 88' lang='lat' dir='ltr'><strong>Fuere</strong></span> <span class='ocrx_word' id='word_1_481' title='bbox 3320 2553 3552 2624; x_wconf 87' lang='lat' dir='ltr'><strong>denique</strong></span> 
     </span>
    </p>
   </div>
   <div class='ocr_carea' id='block_1_70' title="bbox 2019 2622 3544 2709">
    <p class='ocr_par' dir='ltr' id='par_1_70' title="bbox 2019 2622 3544 2709">
     <span class='ocr_line' id='line_1_70' title="bbox 2019 2622 3544 2709; baseline 0.015 -36"><span class='ocrx_word' id='word_1_482' title='bbox 2019 2622 2237 2676; x_wconf 86' lang='lat' dir='ltr'><strong>collecta</strong></span> <span class='ocrx_word' id='word_1_483' title='bbox 2269 2627 2451 2680; x_wconf 85' lang='lat' dir='ltr'><strong>decem</strong></span> <span class='ocrx_word' id='word_1_484' title='bbox 2485 2630 2649 2685; x_wconf 90' lang='lat' dir='ltr'><strong>millia</strong></span> <span class='ocrx_word' id='word_1_485' title='bbox 2685 2625 3068 2691; x_wconf 83' lang='lat' dir='ltr'><strong>Genizarorum</strong></span> <span class='ocrx_word' id='word_1_486' title='bbox 3092 2678 3108 2704; x_wconf 90' lang='lat'><strong>,</strong></span> <span class='ocrx_word' id='word_1_487' title='bbox 3143 2651 3194 2709; x_wconf 86' lang='lat' dir='ltr'><strong>et</strong></span> <span class='ocrx_word' id='word_1_488' title='bbox 3231 2641 3332 2695; x_wconf 87' lang='lat' dir='ltr'><strong>alia</strong></span> <span class='ocrx_word' id='word_1_489' title='bbox 3365 2622 3544 2696; x_wconf 78' lang='lat' dir='ltr'><strong>decem</strong></span> 
     </span>
    </p>
   </div>
   <div class='ocr_carea' id='block_1_71' title="bbox 2017 2713 3551 2797">
    <p class='ocr_par' dir='ltr' id='par_1_71' title="bbox 2017 2713 3551 2797">
     <span class='ocr_line' id='line_1_71' title="bbox 2017 2713 3551 2797; baseline 0.018 -36"><span class='ocrx_word' id='word_1_490' title='bbox 2017 2713 2179 2766; x_wconf 89' lang='lat' dir='ltr'><strong>millia</strong></span> <span class='ocrx_word' id='word_1_491' title='bbox 2220 2718 2480 2785; x_wconf 84' lang='lat' dir='ltr'><strong>peditum,</strong></span> <span class='ocrx_word' id='word_1_492' title='bbox 2534 2725 2624 2789; x_wconf 90' lang='lat' dir='ltr'><strong>qui</strong></span> <span class='ocrx_word' id='word_1_493' title='bbox 2680 2723 2870 2780; x_wconf 88' lang='lat' dir='ltr'><strong>Turcis</strong></span> <span class='ocrx_word' id='word_1_494' title='bbox 2916 2727 3079 2797; x_wconf 71' lang='grc' dir='ltr'><strong>Διειρὶ</strong></span> <span class='ocrx_word' id='word_1_495' title='bbox 3111 2730 3383 2785; x_wconf 90' lang='lat' dir='ltr'><strong>dicuntur.</strong></span> <span class='ocrx_word' id='word_1_496' title='bbox 3411 2733 3551 2788; x_wconf 77' lang='lat' dir='ltr'><strong>Prte-</strong></span> 
     </span>
    </p>
   </div>
   <div class='ocr_carea' id='block_1_72' title="bbox 2019 2812 3548 2881">
    <p class='ocr_par' dir='ltr' id='par_1_72' title="bbox 2019 2812 3548 2881">
     <span class='ocr_line' id='line_1_72' title="bbox 2019 2812 3548 2881; baseline 0.018 -27"><span class='ocrx_word' id='word_1_497' title='bbox 2019 2812 2161 2859; x_wconf 68' lang='lat' dir='ltr'><strong>tcrea</strong></span> <span class='ocrx_word' id='word_1_498' title='bbox 2220 2823 2445 2878; x_wconf 81' lang='lat' dir='ltr'><strong>magnus</strong></span> <span class='ocrx_word' id='word_1_499' title='bbox 2503 2812 2779 2868; x_wconf 87' lang='lat' dir='ltr'><strong>hominum</strong></span> <span class='ocrx_word' id='word_1_500' title='bbox 2830 2834 3086 2874; x_wconf 86' lang='lat' dir='ltr'><strong>numerus</strong></span> <span class='ocrx_word' id='word_1_501' title='bbox 3135 2823 3199 2874; x_wconf 93' lang='lat' dir='ltr'><strong>ad</strong></span> <span class='ocrx_word' id='word_1_502' title='bbox 3255 2840 3376 2878; x_wconf 91' lang='lat' dir='ltr'><strong>cum</strong></span> <span class='ocrx_word' id='word_1_503' title='bbox 3415 2844 3548 2881; x_wconf 84' lang='lat' dir='ltr'><strong>cou-</strong></span> 
     </span>
    </p>
   </div>
   <div class='ocr_carea' id='block_1_73' title="bbox 2015 2896 3545 2980">
    <p class='ocr_par' dir='ltr' id='par_1_73' title="bbox 2015 2896 3545 2980">
     <span class='ocr_line' id='line_1_73' title="bbox 2015 2896 3545 2980; baseline 0.016 -33"><span class='ocrx_word' id='word_1_504' title='bbox 2015 2896 2167 2950; x_wconf 79' lang='lat' dir='ltr'><strong>fluxit</strong></span> <span class='ocrx_word' id='word_1_505' title='bbox 2198 2915 2258 2952; x_wconf 78' lang='lat' dir='ltr'><strong>cx</strong></span> <span class='ocrx_word' id='word_1_506' title='bbox 2292 2901 2355 2953; x_wconf 91' lang='lat' dir='ltr'><strong>iis</strong></span> <span class='ocrx_word' id='word_1_507' title='bbox 2388 2903 2477 2967; x_wconf 88' lang='lat' dir='ltr'><strong>qui</strong></span> <span class='ocrx_word' id='word_1_508' title='bbox 2516 2918 2544 2956; x_wconf 90' lang='lat' dir='ltr'><strong>a</strong></span> <span class='ocrx_word' id='word_1_509' title='bbox 2585 2905 2774 2960; x_wconf 90' lang='lat' dir='ltr'><strong>militia</strong></span> <span class='ocrx_word' id='word_1_510' title='bbox 2820 2913 3145 2980; x_wconf 48' lang='lat' dir='ltr'><strong>exteroquin</strong></span> <span class='ocrx_word' id='word_1_511' title='bbox 3173 2927 3325 2968; x_wconf 84' lang='lat' dir='ltr'><strong>erant</strong></span> <span class='ocrx_word' id='word_1_512' title='bbox 3355 2918 3545 2971; x_wconf 87' lang='lat' dir='ltr'><strong>immu-</strong></span> 
     </span>
    </p>
   </div>
   <div class='ocr_carea' id='block_1_74' title="bbox 2017 2987 3545 3072">
    <p class='ocr_par' dir='ltr' id='par_1_74' title="bbox 2017 2987 3545 3072">
     <span class='ocr_line' id='line_1_74' title="bbox 2017 2987 3545 3072; baseline 0.018 -35"><span class='ocrx_word' id='word_1_513' title='bbox 2017 3002 2130 3042; x_wconf 80' lang='lat' dir='ltr'><strong>nes.</strong></span> <span class='ocrx_word' id='word_1_514' title='bbox 2189 2987 2467 3044; x_wconf 73' lang='lat' dir='ltr'><strong>Habebunt</strong></span> <span class='ocrx_word' id='word_1_515' title='bbox 2517 2995 2656 3046; x_wconf 89' lang='lat' dir='ltr'><strong>enim</strong></span> <span class='ocrx_word' id='word_1_516' title='bbox 2706 2997 2962 3054; x_wconf 80' lang='lat' dir='ltr'><strong>Muratem</strong></span> <span class='ocrx_word' id='word_1_517' title='bbox 3026 3017 3123 3072; x_wconf 76' lang='lat' dir='ltr'><strong>pro</strong></span> <span class='ocrx_word' id='word_1_518' title='bbox 3179 3005 3291 3060; x_wconf 85' lang='lat' dir='ltr'><strong>viro</strong></span> <span class='ocrx_word' id='word_1_519' title='bbox 3339 3021 3545 3072; x_wconf 76' lang='lat' dir='ltr'><strong>sancto.</strong></span> 
     </span>
    </p>
   </div>
   <div class='ocr_carea' id='block_1_75' title="bbox 2015 3076 3547 3162">
    <p class='ocr_par' dir='ltr' id='par_1_75' title="bbox 2015 3076 3547 3162">
     <span class='ocr_line' id='line_1_75' title="bbox 2015 3076 3547 3162; baseline 0.016 -35"><span class='ocrx_word' id='word_1_520' title='bbox 2015 3076 2208 3145; x_wconf 85' lang='lat' dir='ltr'><strong>Cepias</strong></span> <span class='ocrx_word' id='word_1_521' title='bbox 2239 3080 2302 3132; x_wconf 89' lang='lat' dir='ltr'><strong>ad</strong></span> <span class='ocrx_word' id='word_1_522' title='bbox 2325 3096 2590 3139; x_wconf 84' lang='lat' dir='ltr'><strong>summam</strong></span> <span class='ocrx_word' id='word_1_523' title='bbox 2617 3084 3031 3162; x_wconf 83' lang='lat' dir='ltr'><strong>innumerabiles</strong></span> <span class='ocrx_word' id='word_1_524' title='bbox 3054 3093 3284 3162; x_wconf 72' lang='lat' dir='ltr'><strong>collegit,</strong></span> <span class='ocrx_word' id='word_1_525' title='bbox 3319 3097 3384 3149; x_wconf 91' lang='lat' dir='ltr'><strong>ab</strong></span> <span class='ocrx_word' id='word_1_526' title='bbox 3429 3098 3547 3152; x_wconf 71' lang='lat' dir='ltr'><strong>aliis</strong></span> 
     </span>
    </p>
   </div>
   <div class='ocr_carea' id='block_1_76' title="bbox 2015 3159 3602 3259">
    <p class='ocr_par' dir='ltr' id='par_1_76' title="bbox 2015 3159 3602 3259">
     <span class='ocr_line' id='line_1_76' title="bbox 2015 3159 3602 3259; baseline 0.02 -43"><span class='ocrx_word' id='word_1_527' title='bbox 2015 3168 2172 3221; x_wconf 83' lang='lat' dir='ltr'><strong>etiam</strong></span> <span class='ocrx_word' id='word_1_528' title='bbox 2224 3172 2406 3236; x_wconf 78' lang='lat' dir='ltr'><strong>rebus,</strong></span> <span class='ocrx_word' id='word_1_529' title='bbox 2439 3172 2576 3229; x_wconf 86' lang='lat' dir='ltr'><strong>bello</strong></span> <span class='ocrx_word' id='word_1_530' title='bbox 2643 3159 2872 3246; x_wconf 76' lang='lat' dir='ltr'><strong>gerendo</strong></span> <span class='ocrx_word' id='word_1_531' title='bbox 2930 3185 3277 3252; x_wconf 82' lang='lat' dir='ltr'><strong>necessariis,</strong></span> <span class='ocrx_word' id='word_1_532' title='bbox 3341 3192 3549 3259; x_wconf 78' lang='lat' dir='ltr'><strong>egregio</strong></span> <span class='ocrx_word' id='word_1_533' title='bbox 3597 3243 3602 3248; x_wconf 85' lang='lat'><strong>.</strong></span> 
     </span>
    </p>
   </div>
   <div class='ocr_carea' id='block_1_77' title="bbox 2018 3258 3547 3346">
    <p class='ocr_par' dir='ltr' id='par_1_77' title="bbox 2018 3258 3547 3346">
     <span class='ocr_line' id='line_1_77' title="bbox 2018 3258 3547 3346; baseline 0.016 -36"><span class='ocrx_word' id='word_1_534' title='bbox 2018 3258 2350 3316; x_wconf 85' lang='lat' dir='ltr'><strong>instructus:</strong></span> <span class='ocrx_word' id='word_1_535' title='bbox 2383 3279 2408 3315; x_wconf 89' lang='lat' dir='ltr'><strong>a</strong></span> <span class='ocrx_word' id='word_1_536' title='bbox 2442 3270 2722 3323; x_wconf 88' lang='lat' dir='ltr'><strong>tormentis</strong></span> <span class='ocrx_word' id='word_1_537' title='bbox 2751 3272 3064 3339; x_wconf 85' lang='lat' dir='ltr'><strong>majoribus,</strong></span> <span class='ocrx_word' id='word_1_538' title='bbox 3103 3276 3339 3346; x_wconf 89' lang='lat' dir='ltr'><strong>inquam,</strong></span> <span class='ocrx_word' id='word_1_539' title='bbox 3397 3258 3547 3335; x_wconf 76' lang='lat' dir='ltr'><strong>huiu-</strong></span> 
     </span>
    </p>
   </div>
   <div class='ocr_carea' id='block_1_78' title="bbox 2014 3346 3546 3424">
    <p class='ocr_par' dir='ltr' id='par_1_78' title="bbox 2014 3346 3546 3424">
     <span class='ocr_line' id='line_1_78' title="bbox 2014 3346 3546 3424; baseline 0.016 -24"><span class='ocrx_word' id='word_1_540' title='bbox 2014 3346 2216 3413; x_wconf 85' lang='lat' dir='ltr'><strong>bardis,</strong></span> <span class='ocrx_word' id='word_1_541' title='bbox 2244 3350 2432 3416; x_wconf 77' lang='lat' dir='ltr'><strong>haSIis,</strong></span> <span class='ocrx_word' id='word_1_542' title='bbox 2466 3357 2719 3412; x_wconf 90' lang='lat' dir='ltr'><strong>arcubus.</strong></span> <span class='ocrx_word' id='word_1_543' title='bbox 2779 3362 3070 3416; x_wconf 87' lang='lat' dir='ltr'><strong>Arcessivit</strong></span> <span class='ocrx_word' id='word_1_544' title='bbox 3101 3369 3260 3420; x_wconf 89' lang='lat' dir='ltr'><strong>etiam</strong></span> <span class='ocrx_word' id='word_1_545' title='bbox 3311 3375 3373 3423; x_wconf 90' lang='lat' dir='ltr'><strong>ad</strong></span> <span class='ocrx_word' id='word_1_546' title='bbox 3410 3376 3546 3424; x_wconf 75' lang='lat' dir='ltr'><strong>hanc.</strong></span> 
     </span>
    </p>
   </div>
   <div class='ocr_carea' id='block_1_79' title="bbox 2012 3440 3543 3520">
    <p class='ocr_par' dir='ltr' id='par_1_79' title="bbox 2012 3440 3543 3520">
     <span class='ocr_line' id='line_1_79' title="bbox 2012 3440 3543 3520; baseline 0.015 -29"><span class='ocrx_word' id='word_1_547' title='bbox 2012 3440 2696 3508; x_wconf 80' lang='lat' dir='ltr'><strong>expeditionemsultanum</strong></span> <span class='ocrx_word' id='word_1_548' title='bbox 2726 3445 3110 3506; x_wconf 87' lang='lat' dir='ltr'><strong>Muchemetem</strong></span> <span class='ocrx_word' id='word_1_549' title='bbox 3150 3458 3336 3520; x_wconf 88' lang='lat' dir='ltr'><strong>lilium,</strong></span> <span class='ocrx_word' id='word_1_550' title='bbox 3381 3472 3436 3512; x_wconf 92' lang='lat' dir='ltr'><strong>ut</strong></span> <span class='ocrx_word' id='word_1_551' title='bbox 3491 3464 3543 3515; x_wconf 90' lang='lat' dir='ltr'><strong>in</strong></span> 
     </span>
    </p>
   </div>
   <div class='ocr_carea' id='block_1_80' title="bbox 2010 3534 3544 3609">
    <p class='ocr_par' dir='ltr' id='par_1_80' title="bbox 2010 3534 3544 3609">
     <span class='ocr_line' id='line_1_80' title="bbox 2010 3534 3544 3609; baseline 0.014 -23"><span class='ocrx_word' id='word_1_552' title='bbox 2010 3547 2069 3586; x_wconf 84' lang='lat' dir='ltr'><strong>ea</strong></span> <span class='ocrx_word' id='word_1_553' title='bbox 2102 3534 2234 3602; x_wconf 89' lang='lat' dir='ltr'><strong>patri</strong></span> <span class='ocrx_word' id='word_1_554' title='bbox 2265 3548 2444 3589; x_wconf 88' lang='lat' dir='ltr'><strong>comes</strong></span> <span class='ocrx_word' id='word_1_555' title='bbox 2471 3538 2702 3593; x_wconf 89' lang='lat' dir='ltr'><strong>adesset.</strong></span> <span class='ocrx_word' id='word_1_556' title='bbox 2737 3539 2941 3597; x_wconf 88' lang='lat' dir='ltr'><strong>luterea</strong></span> <span class='ocrx_word' id='word_1_557' title='bbox 2979 3559 3105 3602; x_wconf 91' lang='lat' dir='ltr'><strong>vero</strong></span> <span class='ocrx_word' id='word_1_558' title='bbox 3127 3587 3141 3609; x_wconf 92' lang='lat'><strong>,</strong></span> <span class='ocrx_word' id='word_1_559' title='bbox 3166 3549 3290 3602; x_wconf 88' lang='lat' dir='ltr'><strong>dum</strong></span> <span class='ocrx_word' id='word_1_560' title='bbox 3344 3554 3394 3604; x_wconf 92' lang='lat' dir='ltr'><strong>in</strong></span> <span class='ocrx_word' id='word_1_561' title='bbox 3451 3555 3544 3607; x_wconf 90' lang='lat' dir='ltr'><strong>ho-</strong></span> 
     </span>
    </p>
   </div>
   <div class='ocr_carea' id='block_1_81' title="bbox 2011 3622 3544 3700">
    <p class='ocr_par' dir='ltr' id='par_1_81' title="bbox 2011 3622 3544 3700">
     <span class='ocr_line' id='line_1_81' title="bbox 2011 3622 3544 3700; baseline 0.012 -20"><span class='ocrx_word' id='word_1_562' title='bbox 2011 3622 2150 3680; x_wconf 82' lang='lat' dir='ltr'><strong>stetn&#39;</strong></span> <span class='ocrx_word' id='word_1_563' title='bbox 2214 3627 2326 3697; x_wconf 89' lang='lat' dir='ltr'><strong>ipse</strong></span> <span class='ocrx_word' id='word_1_564' title='bbox 2364 3631 2986 3700; x_wconf 82' lang='lat' dir='ltr'><strong>proliciscitur,Valachi</strong></span> <span class='ocrx_word' id='word_1_565' title='bbox 3038 3638 3334 3697; x_wconf 88' lang='lat' dir='ltr'><strong>Danubium</strong></span> <span class='ocrx_word' id='word_1_566' title='bbox 3398 3653 3544 3700; x_wconf 69' lang='lat' dir='ltr'><strong>navi.</strong></span> 
     </span>
    </p>
   </div>
   <div class='ocr_carea' id='block_1_82' title="bbox 2011 3719 3540 3805">
    <p class='ocr_par' dir='ltr' id='par_1_82' title="bbox 2011 3719 3540 3805">
     <span class='ocr_line' id='line_1_82' title="bbox 2011 3719 3540 3805; baseline 0.013 -33"><span class='ocrx_word' id='word_1_567' title='bbox 2011 3719 2494 3790; x_wconf 81' lang='lat' dir='ltr'><strong>giistrausjiclunt,</strong></span> <span class='ocrx_word' id='word_1_568' title='bbox 2522 3734 2579 3778; x_wconf 92' lang='lat' dir='ltr'><strong>ut</strong></span> <span class='ocrx_word' id='word_1_569' title='bbox 2609 3741 2818 3782; x_wconf 87' lang='lat' dir='ltr'><strong>omnem</strong></span> <span class='ocrx_word' id='word_1_570' title='bbox 2876 3745 3061 3800; x_wconf 86' lang='lat' dir='ltr'><strong>agrum</strong></span> <span class='ocrx_word' id='word_1_571' title='bbox 3119 3732 3540 3805; x_wconf 79' lang='lat' dir='ltr'><strong>Nicopolitanum</strong></span> 
     </span>
    </p>
   </div>
   <div class='ocr_carea' id='block_1_83' title="bbox 2011 3813 3540 3892">
    <p class='ocr_par' dir='ltr' id='par_1_83' title="bbox 2011 3813 3540 3892">
     <span class='ocr_line' id='line_1_83' title="bbox 2011 3813 3540 3892; baseline 0.014 -28"><span class='ocrx_word' id='word_1_572' title='bbox 2011 3813 2153 3866; x_wconf 89' lang='lat' dir='ltr'><strong>ferro</strong></span> <span class='ocrx_word' id='word_1_573' title='bbox 2180 3829 2242 3868; x_wconf 88' lang='lat' dir='ltr'><strong>ac</strong></span> <span class='ocrx_word' id='word_1_574' title='bbox 2302 3815 2536 3872; x_wconf 87' lang='lat' dir='ltr'><strong>flammis</strong></span> <span class='ocrx_word' id='word_1_575' title='bbox 2589 3828 2862 3875; x_wconf 88' lang='lat' dir='ltr'><strong>vastarent</strong></span> <span class='ocrx_word' id='word_1_576' title='bbox 2899 3824 3037 3892; x_wconf 66' lang='lat' dir='ltr'><strong>used</strong></span> <span class='ocrx_word' id='word_1_577' title='bbox 3084 3825 3128 3880; x_wconf 94' lang='lat' dir='ltr'><strong>is</strong></span> <span class='ocrx_word' id='word_1_578' title='bbox 3188 3840 3416 3884; x_wconf 87' lang='lat' dir='ltr'><strong>conatus</strong></span> <span class='ocrx_word' id='word_1_579' title='bbox 3477 3847 3540 3886; x_wconf 81' lang='lat' dir='ltr'><strong>ex</strong></span> 
     </span>
    </p>
   </div>
   <div class='ocr_carea' id='block_1_84' title="bbox 2011 3901 3542 3989">
    <p class='ocr_par' dir='ltr' id='par_1_84' title="bbox 2011 3901 3542 3989">
     <span class='ocr_line' id='line_1_84' title="bbox 2011 3901 3542 3989; baseline 0.012 -33"><span class='ocrx_word' id='word_1_580' title='bbox 2011 3905 2247 3972; x_wconf 90' lang='lat' dir='ltr'><strong>ipsorum</strong></span> <span class='ocrx_word' id='word_1_581' title='bbox 2299 3906 2465 3960; x_wconf 91' lang='lat' dir='ltr'><strong>animi</strong></span> <span class='ocrx_word' id='word_1_582' title='bbox 2530 3901 2792 3964; x_wconf 76' lang='lat' dir='ltr'><strong>sententia</strong></span> <span class='ocrx_word' id='word_1_583' title='bbox 2843 3928 2948 3965; x_wconf 92' lang='lat' dir='ltr'><strong>non</strong></span> <span class='ocrx_word' id='word_1_584' title='bbox 3001 3905 3283 3971; x_wconf 81' lang='lat' dir='ltr'><strong>successit.</strong></span> <span class='ocrx_word' id='word_1_585' title='bbox 3337 3919 3542 3989; x_wconf 86' lang='lat' dir='ltr'><strong>Quippe</strong></span> 
     </span>
    </p>
   </div>
   <div class='ocr_carea' id='block_1_85' title="bbox 2010 3995 3538 4080">
    <p class='ocr_par' dir='ltr' id='par_1_85' title="bbox 2010 3995 3538 4080">
     <span class='ocr_line' id='line_1_85' title="bbox 2010 3995 3538 4080; baseline 0.011 -33"><span class='ocrx_word' id='word_1_586' title='bbox 2010 3995 2266 4049; x_wconf 86' lang='lat' dir='ltr'><strong>limitanei</strong></span> <span class='ocrx_word' id='word_1_587' title='bbox 2291 4012 2540 4064; x_wconf 88' lang='lat' dir='ltr'><strong>proceres</strong></span> <span class='ocrx_word' id='word_1_588' title='bbox 2565 4001 2612 4052; x_wconf 93' lang='lat' dir='ltr'><strong>in</strong></span> <span class='ocrx_word' id='word_1_589' title='bbox 2641 4000 2705 4054; x_wconf 90' lang='lat' dir='ltr'><strong>iis</strong></span> <span class='ocrx_word' id='word_1_590' title='bbox 2733 4001 2885 4063; x_wconf 89' lang='lat' dir='ltr'><strong>locis,</strong></span> <span class='ocrx_word' id='word_1_591' title='bbox 2948 4000 3300 4063; x_wconf 77' lang='lat' dir='ltr'><strong>Mechemett-s</strong></span> <span class='ocrx_word' id='word_1_592' title='bbox 3359 4013 3538 4080; x_wconf 78' lang='lat' dir='ltr'><strong>hegus,</strong></span> 
     </span>
    </p>
   </div>
   <div class='ocr_carea' id='block_1_86' title="bbox 2008 4085 3538 4158">
    <p class='ocr_par' dir='ltr' id='par_1_86' title="bbox 2008 4085 3538 4158">
     <span class='ocr_line' id='line_1_86' title="bbox 2008 4085 3538 4158; baseline 0.013 -22"><span class='ocrx_word' id='word_1_593' title='bbox 2008 4094 2057 4136; x_wconf 89' lang='lat' dir='ltr'><strong>et</strong></span> <span class='ocrx_word' id='word_1_594' title='bbox 2089 4085 2166 4138; x_wconf 84' lang='lat' dir='ltr'><strong>lsa</strong></span> <span class='ocrx_word' id='word_1_595' title='bbox 2207 4086 2394 4154; x_wconf 84' lang='lat' dir='ltr'><strong>begus,</strong></span> <span class='ocrx_word' id='word_1_596' title='bbox 2420 4098 2473 4141; x_wconf 92' lang='lat' dir='ltr'><strong>et</strong></span> <span class='ocrx_word' id='word_1_597' title='bbox 2526 4089 2750 4158; x_wconf 82' lang='lat' dir='ltr'><strong>Usguris</strong></span> <span class='ocrx_word' id='word_1_598' title='bbox 2803 4093 2964 4158; x_wconf 85' lang='lat' dir='ltr'><strong>filius,</strong></span> <span class='ocrx_word' id='word_1_599' title='bbox 3013 4110 3130 4148; x_wconf 89' lang='lat' dir='ltr'><strong>cum</strong></span> <span class='ocrx_word' id='word_1_600' title='bbox 3185 4100 3538 4156; x_wconf 79' lang='lat' dir='ltr'><strong>Acanziorum</strong></span> 
     </span>
    </p>
   </div>
   <div class='ocr_carea' id='block_1_87' title="bbox 2009 4176 3535 4248">
    <p class='ocr_par' dir='ltr' id='par_1_87' title="bbox 2009 4176 3535 4248">
     <span class='ocr_line' id='line_1_87' title="bbox 2009 4176 3535 4248; baseline 0.013 -20"><span class='ocrx_word' id='word_1_601' title='bbox 2009 4179 2176 4246; x_wconf 81' lang='lat' dir='ltr'><strong>copiis</strong></span> <span class='ocrx_word' id='word_1_602' title='bbox 2203 4176 2468 4236; x_wconf 87' lang='lat' dir='ltr'><strong>Valachos</strong></span> <span class='ocrx_word' id='word_1_603' title='bbox 2497 4182 2697 4248; x_wconf 80' lang='lat' dir='ltr'><strong>adorti,</strong></span> <span class='ocrx_word' id='word_1_604' title='bbox 2715 4184 2910 4241; x_wconf 89' lang='lat' dir='ltr'><strong>multos</strong></span> <span class='ocrx_word' id='word_1_605' title='bbox 2933 4202 2996 4240; x_wconf 76' lang='lat' dir='ltr'><strong>ex</strong></span> <span class='ocrx_word' id='word_1_606' title='bbox 3026 4187 3102 4242; x_wconf 90' lang='lat' dir='ltr'><strong>eis</strong></span> <span class='ocrx_word' id='word_1_607' title='bbox 3137 4190 3535 4248; x_wconf 69' lang='lat' dir='ltr'><strong>interfecerunt.</strong></span> 
     </span>
    </p>
   </div>
   <div class='ocr_carea' id='block_1_88' title="bbox 2007 4270 3534 4351">
    <p class='ocr_par' dir='ltr' id='par_1_88' title="bbox 2007 4270 3534 4351">
     <span class='ocr_line' id='line_1_88' title="bbox 2007 4270 3534 4351; baseline 0.011 -30"><span class='ocrx_word' id='word_1_608' title='bbox 2007 4270 2160 4333; x_wconf 84' lang='lat' dir='ltr'><strong>Quod</strong></span> <span class='ocrx_word' id='word_1_609' title='bbox 2231 4271 2316 4325; x_wconf 89' lang='lat' dir='ltr'><strong>ubi</strong></span> <span class='ocrx_word' id='word_1_610' title='bbox 2370 4272 2571 4327; x_wconf 88' lang='lat' dir='ltr'><strong>factum</strong></span> <span class='ocrx_word' id='word_1_611' title='bbox 2632 4274 2865 4331; x_wconf 78' lang='lat' dir='ltr'><strong>Murates</strong></span> <span class='ocrx_word' id='word_1_612' title='bbox 2921 4279 3144 4346; x_wconf 82' lang='lat' dir='ltr'><strong>accepit,</strong></span> <span class='ocrx_word' id='word_1_613' title='bbox 3187 4289 3310 4347; x_wconf 76' lang='lat' dir='ltr'><strong>qou‘</strong></span> <span class='ocrx_word' id='word_1_614' title='bbox 3351 4299 3534 4351; x_wconf 82' lang='lat' dir='ltr'><strong>parum</strong></span> 
     </span>
    </p>
   </div>
   <div class='ocr_carea' id='block_1_89' title="bbox 2007 4362 3536 4447">
    <p class='ocr_par' dir='ltr' id='par_1_89' title="bbox 2007 4362 3536 4447">
     <span class='ocr_line' id='line_1_89' title="bbox 2007 4362 3536 4447; baseline 0.011 -33"><span class='ocrx_word' id='word_1_615' title='bbox 2007 4362 2357 4426; x_wconf 71' lang='lat' dir='ltr'><strong>exhilaratus,</strong></span> <span class='ocrx_word' id='word_1_616' title='bbox 2385 4363 2550 4418; x_wconf 79' lang='lat' dir='ltr'><strong>alacri</strong></span> <span class='ocrx_word' id='word_1_617' title='bbox 2574 4380 2695 4418; x_wconf 80' lang='lat' dir='ltr'><strong>mox</strong></span> <span class='ocrx_word' id='word_1_618' title='bbox 2727 4369 2907 4422; x_wconf 89' lang='lat' dir='ltr'><strong>animo</strong></span> <span class='ocrx_word' id='word_1_619' title='bbox 2934 4385 3116 4424; x_wconf 80' lang='lat' dir='ltr'><strong>verSus</strong></span> <span class='ocrx_word' id='word_1_620' title='bbox 3153 4372 3368 4429; x_wconf 70' lang='lat' dir='ltr'><strong>Cosova:</strong></span> <span class='ocrx_word' id='word_1_621' title='bbox 3427 4381 3536 4447; x_wconf 73' lang='lat' dir='ltr'><strong>pll-</strong></span> 
     </span>
    </p>
   </div>
   <div class='ocr_carea' id='block_1_90' title="bbox 2010 4459 3534 4529">
    <p class='ocr_par' dir='ltr' id='par_1_90' title="bbox 2010 4459 3534 4529">
     <span class='ocr_line' id='line_1_90' title="bbox 2010 4459 3534 4529; baseline 0.008 -19"><span class='ocrx_word' id='word_1_622' title='bbox 2010 4459 2195 4511; x_wconf 89' lang='lat' dir='ltr'><strong>nitiem</strong></span> <span class='ocrx_word' id='word_1_623' title='bbox 2228 4474 2348 4511; x_wconf 87' lang='lat' dir='ltr'><strong>cum</strong></span> <span class='ocrx_word' id='word_1_624' title='bbox 2369 4463 2606 4512; x_wconf 83' lang='lat' dir='ltr'><strong>exercitu</strong></span> <span class='ocrx_word' id='word_1_625' title='bbox 2641 4462 2912 4529; x_wconf 86' lang='lat' dir='ltr'><strong>profectus</strong></span> <span class='ocrx_word' id='word_1_626' title='bbox 2959 4475 3058 4520; x_wconf 87' lang='lat' dir='ltr'><strong>est.</strong></span> <span class='ocrx_word' id='word_1_627' title='bbox 3119 4465 3349 4520; x_wconf 75' lang='lat' dir='ltr'><strong>Ducebat</strong></span> <span class='ocrx_word' id='word_1_628' title='bbox 3395 4486 3534 4522; x_wconf 76' lang='lat' dir='ltr'><strong>etrm</strong></span> 
     </span>
    </p>
   </div>
   <div class='ocr_carea' id='block_1_91' title="bbox 355 4527 3532 4628">
    <p class='ocr_par' dir='ltr' id='par_1_91' title="bbox 355 4527 3532 4628">
     <span class='ocr_line' id='line_1_91' title="bbox 355 4527 3532 4628; baseline 0.008 -42"><span class='ocrx_word' id='word_1_629' title='bbox 355 4566 456 4604; x_wconf 59' lang='grc' dir='ltr'><strong>ι.εό</strong></span> <span class='ocrx_word' id='word_1_630' title='bbox 514 4564 749 4603; x_wconf 52' lang='lat' dir='ltr'><strong>annonas</strong></span> <span class='ocrx_word' id='word_1_631' title='bbox 817 4551 1188 4618; x_wconf 57' lang='lat' dir='ltr'><strong>postularunt;</strong></span> <span class='ocrx_word' id='word_1_632' title='bbox 1261 4566 1368 4605; x_wconf 72' lang='lat' dir='ltr'><strong>non</strong></span> <span class='ocrx_word' id='word_1_633' title='bbox 1429 4552 1564 4620; x_wconf 73' lang='lat' dir='ltr'><strong>p|ebi</strong></span> <span class='ocrx_word' id='word_1_634' title='bbox 1646 4527 1902 4622; x_wconf 50' lang='lat' dir='ltr'><strong>annum</strong></span> <span class='ocrx_word' id='word_1_635' title='bbox 1935 4527 1978 4581; x_wconf 70' lang='grc' dir='ltr'><strong>θ</strong></span> <span class='ocrx_word' id='word_1_636' title='bbox 2007 4549 2282 4603; x_wconf 87' lang='lat' dir='ltr'><strong>hominum</strong></span> <span class='ocrx_word' id='word_1_637' title='bbox 2311 4552 2375 4604; x_wconf 87' lang='lat' dir='ltr'><strong>ad</strong></span> <span class='ocrx_word' id='word_1_638' title='bbox 2409 4552 2674 4619; x_wconf 84' lang='lat' dir='ltr'><strong>octOginta</strong></span> <span class='ocrx_word' id='word_1_639' title='bbox 2724 4554 2884 4607; x_wconf 89' lang='lat' dir='ltr'><strong>millia</strong></span> <span class='ocrx_word' id='word_1_640' title='bbox 2911 4595 2924 4618; x_wconf 90' lang='lat'><strong>,</strong></span> <span class='ocrx_word' id='word_1_641' title='bbox 2953 4568 3055 4610; x_wconf 90' lang='lat' dir='ltr'><strong>tam</strong></span> <span class='ocrx_word' id='word_1_642' title='bbox 3085 4560 3346 4627; x_wconf 77' lang='lat' dir='ltr'><strong>equitum,</strong></span> <span class='ocrx_word' id='word_1_643' title='bbox 3376 4575 3532 4628; x_wconf 88' lang='lat' dir='ltr'><strong>quam</strong></span> 
     </span>
    </p>
   </div>
   <div class='ocr_carea' id='block_1_92' title="bbox 357 4629 1902 4714">
    <p class='ocr_par' dir='ltr' id='par_1_92' title="bbox 357 4629 1902 4714">
     <span class='ocr_line' id='line_1_92' title="bbox 357 4629 1902 4714; baseline 0.004 -19"><span class='ocrx_word' id='word_1_644' title='bbox 357 4643 558 4709; x_wconf 78' lang='lat' dir='ltr'><strong>injecta</strong></span> <span class='ocrx_word' id='word_1_645' title='bbox 631 4629 1004 4711; x_wconf 75' lang='lat' dir='ltr'><strong>trepidatione,</strong></span> <span class='ocrx_word' id='word_1_646' title='bbox 1091 4629 1272 4695; x_wconf 70' lang='lat' dir='ltr'><strong>verum</strong></span> <span class='ocrx_word' id='word_1_647' title='bbox 1338 4644 1495 4696; x_wconf 83' lang='lat' dir='ltr'><strong>etiam</strong></span> <span class='ocrx_word' id='word_1_648' title='bbox 1586 4645 1902 4714; x_wconf 77' lang='lat' dir='ltr'><strong>hcgierhego</strong></span> 
     </span>
    </p>
   </div>
   <div class='ocr_carea' id='block_1_93' title="bbox 351 4733 1902 4807">
    <p class='ocr_par' dir='ltr' id='par_1_93' title="bbox 351 4733 1902 4807">
     <span class='ocr_line' id='line_1_93' title="bbox 351 4733 1902 4807; baseline 0.003 -21"><span class='ocrx_word' id='word_1_649' title='bbox 351 4735 632 4787; x_wconf 73' lang='lat' dir='ltr'><strong>Chadumi</strong></span> <span class='ocrx_word' id='word_1_650' title='bbox 693 4736 862 4786; x_wconf 77' lang='lat' dir='ltr'><strong>bassa:</strong></span> <span class='ocrx_word' id='word_1_651' title='bbox 924 4733 1108 4786; x_wconf 88' lang='lat' dir='ltr'><strong>mortis</strong></span> <span class='ocrx_word' id='word_1_652' title='bbox 1169 4734 1427 4788; x_wconf 84' lang='lat' dir='ltr'><strong>intentato</strong></span> <span class='ocrx_word' id='word_1_653' title='bbox 1480 4736 1756 4803; x_wconf 88' lang='lat' dir='ltr'><strong>periculo:</strong></span> <span class='ocrx_word' id='word_1_654' title='bbox 1811 4737 1902 4807; x_wconf 89' lang='lat' dir='ltr'><strong>qui</strong></span> 
     </span>
    </p>
   </div>
   <div class='ocr_carea' id='block_1_94' title="bbox 355 4823 1902 4894">
    <p class='ocr_par' dir='ltr' id='par_1_94' title="bbox 355 4823 1902 4894">
     <span class='ocr_line' id='line_1_94' title="bbox 355 4823 1902 4894; baseline 0.003 -20"><span class='ocrx_word' id='word_1_655' title='bbox 355 4828 452 4876; x_wconf 64' lang='lat' dir='ltr'><strong>vix</strong></span> <span class='ocrx_word' id='word_1_656' title='bbox 486 4824 536 4876; x_wconf 90' lang='lat' dir='ltr'><strong>iu</strong></span> <span class='ocrx_word' id='word_1_657' title='bbox 569 4840 742 4876; x_wconf 88' lang='lat' dir='ltr'><strong>arcem</strong></span> <span class='ocrx_word' id='word_1_658' title='bbox 793 4824 858 4876; x_wconf 89' lang='lat' dir='ltr'><strong>ad</strong></span> <span class='ocrx_word' id='word_1_659' title='bbox 916 4823 1180 4876; x_wconf 78' lang='lat' dir='ltr'><strong>sultanum</strong></span> <span class='ocrx_word' id='word_1_660' title='bbox 1244 4824 1623 4878; x_wconf 85' lang='lat' dir='ltr'><strong>Muchcmelem</strong></span> <span class='ocrx_word' id='word_1_661' title='bbox 1670 4827 1902 4894; x_wconf 81' lang='lat' dir='ltr'><strong>elapsus,</strong></span> 
     </span>
    </p>
   </div>
   <div class='ocr_carea' id='block_1_95' title="bbox 353 4912 1899 4983">
    <p class='ocr_par' dir='ltr' id='par_1_95' title="bbox 353 4912 1899 4983">
     <span class='ocr_line' id='line_1_95' title="bbox 353 4912 1899 4983; baseline 0.002 -17"><span class='ocrx_word' id='word_1_662' title='bbox 353 4915 527 4970; x_wconf 85' lang='lat' dir='ltr'><strong>saluti</strong></span> <span class='ocrx_word' id='word_1_663' title='bbox 558 4929 666 4970; x_wconf 79' lang='lat' dir='ltr'><strong>suae</strong></span> <span class='ocrx_word' id='word_1_664' title='bbox 692 4915 977 4970; x_wconf 87' lang='lat' dir='ltr'><strong>consuluit.</strong></span> <span class='ocrx_word' id='word_1_665' title='bbox 1010 4915 1225 4973; x_wconf 83' lang='lat' dir='ltr'><strong>Interim</strong></span> <span class='ocrx_word' id='word_1_666' title='bbox 1279 4912 1527 4969; x_wconf 82' lang='lat' dir='ltr'><strong>Cenizari</strong></span> <span class='ocrx_word' id='word_1_667' title='bbox 1577 4933 1668 4983; x_wconf 83' lang='lat' dir='ltr'><strong>per</strong></span> <span class='ocrx_word' id='word_1_668' title='bbox 1719 4919 1899 4969; x_wconf 86' lang='lat' dir='ltr'><strong>urhctn</strong></span> 
     </span>
    </p>
   </div>
   <div class='ocr_carea' id='block_1_96' title="bbox 354 4991 1899 5075">
    <p class='ocr_par' dir='ltr' id='par_1_96' title="bbox 354 4991 1899 5075">
     <span class='ocr_line' id='line_1_96' title="bbox 354 4991 1899 5075; baseline 0 -15"><span class='ocrx_word' id='word_1_669' title='bbox 354 5008 509 5060; x_wconf 31' lang='lat' dir='ltr'><strong>fuerit:</strong></span> <span class='ocrx_word' id='word_1_670' title='bbox 541 5008 792 5073; x_wconf 81' lang='lat' dir='ltr'><strong>grassari,</strong></span> <span class='ocrx_word' id='word_1_671' title='bbox 817 5015 871 5059; x_wconf 90' lang='lat' dir='ltr'><strong>et</strong></span> <span class='ocrx_word' id='word_1_672' title='bbox 899 4991 1074 5059; x_wconf 76' lang='lat' dir='ltr'><strong>omnia</strong></span> <span class='ocrx_word' id='word_1_673' title='bbox 1099 5021 1191 5075; x_wconf 89' lang='lat' dir='ltr'><strong>per</strong></span> <span class='ocrx_word' id='word_1_674' title='bbox 1244 5020 1506 5058; x_wconf 89' lang='lat' dir='ltr'><strong>summam</strong></span> <span class='ocrx_word' id='word_1_675' title='bbox 1565 5007 1899 5061; x_wconf 82' lang='lat' dir='ltr'><strong>insolentiam</strong></span> 
     </span>
    </p>
   </div>
   <div class='ocr_carea' id='block_1_97' title="bbox 351 5096 1900 5163">
    <p class='ocr_par' dir='ltr' id='par_1_97' title="bbox 351 5096 1900 5163">
     <span class='ocr_line' id='line_1_97' title="bbox 351 5096 1900 5163; baseline -0.001 -11"><span class='ocrx_word' id='word_1_676' title='bbox 351 5097 600 5163; x_wconf 81' lang='lat' dir='ltr'><strong>diripere</strong></span> <span class='ocrx_word' id='word_1_677' title='bbox 627 5113 639 5146; x_wconf 90' lang='lat'>:</span> <span class='ocrx_word' id='word_1_678' title='bbox 669 5098 836 5150; x_wconf 87' lang='lat' dir='ltr'><strong>donec</strong></span> <span class='ocrx_word' id='word_1_679' title='bbox 879 5096 1087 5150; x_wconf 88' lang='lat' dir='ltr'><strong>tandem</strong></span> <span class='ocrx_word' id='word_1_680' title='bbox 1111 5097 1186 5151; x_wconf 88' lang='lat' dir='ltr'><strong>eis</strong></span> <span class='ocrx_word' id='word_1_681' title='bbox 1213 5111 1422 5149; x_wconf 86' lang='lat' dir='ltr'><strong>annona</strong></span> <span class='ocrx_word' id='word_1_682' title='bbox 1471 5098 1694 5149; x_wconf 85' lang='lat' dir='ltr'><strong>semisse</strong></span> <span class='ocrx_word' id='word_1_683' title='bbox 1742 5099 1900 5150; x_wconf 89' lang='lat' dir='ltr'><strong>unius</strong></span> 
     </span>
    </p>
   </div>
   <div class='ocr_carea' id='block_1_98' title="bbox 347 5189 1899 5259">
    <p class='ocr_par' dir='ltr' id='par_1_98' title="bbox 347 5189 1899 5259">
     <span class='ocr_line' id='line_1_98' title="bbox 347 5189 1899 5259; baseline 0.001 -20"><span class='ocrx_word' id='word_1_684' title='bbox 347 5191 839 5258; x_wconf 69' lang='lat' dir='ltr'><strong>aspriattgcrelur,</strong></span> <span class='ocrx_word' id='word_1_685' title='bbox 898 5199 1058 5259; x_wconf 88' lang='lat' dir='ltr'><strong>atque</strong></span> <span class='ocrx_word' id='word_1_686' title='bbox 1109 5191 1182 5244; x_wconf 80' lang='lat' dir='ltr'><strong>ita</strong></span> <span class='ocrx_word' id='word_1_687' title='bbox 1241 5189 1672 5249; x_wconf 80' lang='lat' dir='ltr'><strong>tumultuantium</strong></span> <span class='ocrx_word' id='word_1_688' title='bbox 1739 5191 1899 5242; x_wconf 81' lang='lat' dir='ltr'><strong>animi</strong></span> 
     </span>
    </p>
   </div>
   <div class='ocr_carea' id='block_1_99' title="bbox 351 5264 1003 5339">
    <p class='ocr_par' dir='ltr' id='par_1_99' title="bbox 351 5284 702 5339">
     <span class='ocr_line' id='line_1_99' title="bbox 351 5284 702 5339; baseline -0.014 -4"><span class='ocrx_word' id='word_1_689' title='bbox 351 5284 702 5339; x_wconf 78' lang='lat' dir='ltr'><strong>sedarentur.</strong></span> 
     </span>
    </p>
   </div>
   <div class='ocr_carea' id='block_1_100' title="bbox 435 5370 1900 5438">
    <p class='ocr_par' dir='ltr' id='par_1_100' title="bbox 435 5370 1900 5438">
     <span class='ocr_line' id='line_1_100' title="bbox 435 5370 1900 5438; baseline -0.001 -11"><span class='ocrx_word' id='word_1_690' title='bbox 435 5371 758 5438; x_wconf 82' lang='lat' dir='ltr'><strong>Compositis</strong></span> <span class='ocrx_word' id='word_1_691' title='bbox 785 5371 928 5424; x_wconf 90' lang='lat' dir='ltr'><strong>hisce</strong></span> <span class='ocrx_word' id='word_1_692' title='bbox 955 5370 1145 5437; x_wconf 87' lang='lat' dir='ltr'><strong>turbis,</strong></span> <span class='ocrx_word' id='word_1_693' title='bbox 1195 5373 1363 5428; x_wconf 90' lang='lat' dir='ltr'><strong>Chelil</strong></span> <span class='ocrx_word' id='word_1_694' title='bbox 1405 5376 1556 5429; x_wconf 88' lang='lat' dir='ltr'><strong>bassa</strong></span> <span class='ocrx_word' id='word_1_695' title='bbox 1615 5373 1784 5437; x_wconf 77' lang='lat' dir='ltr'><strong>Vezir,</strong></span> <span class='ocrx_word' id='word_1_696' title='bbox 1848 5383 1900 5426; x_wconf 76' lang='lat' dir='ltr'><strong>et</strong></span> 
     </span>
    </p>
   </div>
   <div class='ocr_carea' id='block_1_101' title="bbox 350 5465 1894 5526">
    <p class='ocr_par' dir='ltr' id='par_1_101' title="bbox 350 5465 1894 5526">
     <span class='ocr_line' id='line_1_101' title="bbox 350 5465 1894 5526; baseline -0.002 -8"><span class='ocrx_word' id='word_1_697' title='bbox 350 5466 453 5518; x_wconf 79' lang='lat' dir='ltr'><strong>aLi</strong></span> <span class='ocrx_word' id='word_1_698' title='bbox 482 5465 756 5516; x_wconf 65' lang='lat' dir='ltr'><strong>Romanis:</strong></span> <span class='ocrx_word' id='word_1_699' title='bbox 805 5477 1082 5526; x_wconf 88' lang='lat' dir='ltr'><strong>proceres,</strong></span> <span class='ocrx_word' id='word_1_700' title='bbox 1146 5466 1379 5516; x_wconf 86' lang='lat' dir='ltr'><strong>unanimi</strong></span> <span class='ocrx_word' id='word_1_701' title='bbox 1414 5467 1636 5519; x_wconf 80' lang='lat' dir='ltr'><strong>consilio</strong></span> <span class='ocrx_word' id='word_1_702' title='bbox 1664 5475 1716 5517; x_wconf 92' lang='lat' dir='ltr'><strong>et</strong></span> <span class='ocrx_word' id='word_1_703' title='bbox 1771 5481 1894 5515; x_wconf 84' lang='lat' dir='ltr'><strong>con-</strong></span> 
     </span>
    </p>
   </div>
   <div class='ocr_carea' id='block_1_102' title="bbox 349 5553 1900 5611">
    <p class='ocr_par' dir='ltr' id='par_1_102' title="bbox 349 5553 1900 5611">
     <span class='ocr_line' id='line_1_102' title="bbox 349 5553 1900 5611; baseline -0.004 0"><span class='ocrx_word' id='word_1_704' title='bbox 349 5572 531 5611; x_wconf 77' lang='lat' dir='ltr'><strong>sensu</strong></span> <span class='ocrx_word' id='word_1_705' title='bbox 566 5555 793 5608; x_wconf 78' lang='lat' dir='ltr'><strong>Manissa</strong></span> <span class='ocrx_word' id='word_1_706' title='bbox 826 5555 1090 5605; x_wconf 82' lang='lat' dir='ltr'><strong>sultanutn</strong></span> <span class='ocrx_word' id='word_1_707' title='bbox 1115 5553 1369 5606; x_wconf 80' lang='lat' dir='ltr'><strong>Muratetu</strong></span> <span class='ocrx_word' id='word_1_708' title='bbox 1410 5557 1596 5607; x_wconf 87' lang='lat' dir='ltr'><strong>iterum</strong></span> <span class='ocrx_word' id='word_1_709' title='bbox 1637 5557 1698 5606; x_wconf 84' lang='lat' dir='ltr'><strong>ad</strong></span> <span class='ocrx_word' id='word_1_710' title='bbox 1754 5571 1900 5606; x_wconf 63' lang='lat' dir='ltr'><strong>sum«</strong></span> 
     </span>
    </p>
   </div>
   <div class='ocr_carea' id='block_1_103' title="bbox 299 5642 1896 5708">
    <p class='ocr_par' dir='ltr' id='par_1_103' title="bbox 299 5642 1896 5708">
     <span class='ocr_line' id='line_1_103' title="bbox 299 5642 1896 5708; baseline -0.005 -8"><span class='ocrx_word' id='word_1_711' title='bbox 299 5679 302 5681; x_wconf 94' lang='lat'><strong><em>-</em></strong></span> <span class='ocrx_word' id='word_1_712' title='bbox 351 5661 510 5701; x_wconf 85' lang='lat' dir='ltr'><strong>mam</strong></span> <span class='ocrx_word' id='word_1_713' title='bbox 535 5660 710 5696; x_wconf 86' lang='lat' dir='ltr'><strong>rerum</strong></span> <span class='ocrx_word' id='word_1_714' title='bbox 742 5642 1133 5695; x_wconf 82' lang='lat' dir='ltr'><strong>arcessivetunt</strong></span> <span class='ocrx_word' id='word_1_715' title='bbox 1169 5658 1181 5692; x_wconf 92' lang='lat'><strong>:</strong></span> <span class='ocrx_word' id='word_1_716' title='bbox 1213 5642 1301 5708; x_wconf 88' lang='lat' dir='ltr'><strong>qui</strong></span> <span class='ocrx_word' id='word_1_717' title='bbox 1337 5644 1432 5694; x_wconf 88' lang='lat' dir='ltr'><strong>hoc</strong></span> <span class='ocrx_word' id='word_1_718' title='bbox 1467 5657 1684 5708; x_wconf 69' lang='lat' dir='ltr'><strong>accepto</strong></span> <span class='ocrx_word' id='word_1_719' title='bbox 1714 5647 1896 5694; x_wconf 60' lang='lat' dir='ltr'><strong>nuntio</strong></span> 
     </span>
    </p>
   </div>
   <div class='ocr_carea' id='block_1_104' title="bbox 251 5730 1897 5804">
    <p class='ocr_par' dir='ltr' id='par_1_104' title="bbox 251 5730 1897 5804">
     <span class='ocr_line' id='line_1_104' title="bbox 251 5730 1897 5804; baseline -0.003 -10"><span class='ocrx_word' id='word_1_720' title='bbox 251 5734 256 5739; x_wconf 64' lang='grc'><em>’</em></span> <span class='ocrx_word' id='word_1_721' title='bbox 297 5738 300 5740; x_wconf 63' lang='grc'><em>’</em></span> <span class='ocrx_word' id='word_1_722' title='bbox 344 5730 590 5794; x_wconf 55' lang='grc' dir='ltr'><strong>’ἐπτοίηά</strong></span> <span class='ocrx_word' id='word_1_723' title='bbox 615 5739 882 5792; x_wconf 68' lang='lat' dir='ltr'><strong>sultanum</strong></span> <span class='ocrx_word' id='word_1_724' title='bbox 914 5734 1287 5804; x_wconf 62' lang='lat' dir='ltr'><strong>dluchcmetem</strong></span> <span class='ocrx_word' id='word_1_725' title='bbox 1323 5751 1379 5787; x_wconf 90' lang='lat' dir='ltr'><strong>se</strong></span> <span class='ocrx_word' id='word_1_726' title='bbox 1424 5738 1645 5787; x_wconf 79' lang='lat' dir='ltr'><strong>contulit</strong></span> <span class='ocrx_word' id='word_1_727' title='bbox 1679 5737 1897 5790; x_wconf 82' lang='lat' dir='ltr'><strong>Hadria-</strong></span> 
     </span>
    </p>
   </div>
   <div class='ocr_carea' id='block_1_105' title="bbox 324 5827 1895 5901">
    <p class='ocr_par' dir='ltr' id='par_1_105' title="bbox 324 5827 1895 5901">
     <span class='ocr_line' id='line_1_105' title="bbox 324 5827 1895 5901; baseline -0.004 -14"><span class='ocrx_word' id='word_1_728' title='bbox 324 5847 326 5850; x_wconf 80' lang='lat'>&#39;</span> <span class='ocrx_word' id='word_1_729' title='bbox 355 5833 628 5901; x_wconf 70' lang='lat' dir='ltr'><strong>impoliti),</strong></span> <span class='ocrx_word' id='word_1_730' title='bbox 656 5843 706 5884; x_wconf 88' lang='lat' dir='ltr'><strong>et</strong></span> <span class='ocrx_word' id='word_1_731' title='bbox 743 5832 916 5884; x_wconf 81' lang='lat' dir='ltr'><strong>hieme</strong></span> <span class='ocrx_word' id='word_1_732' title='bbox 945 5827 1182 5894; x_wconf 75' lang='lat' dir='ltr'><strong>Sequenti</strong></span> <span class='ocrx_word' id='word_1_733' title='bbox 1211 5841 1328 5879; x_wconf 83' lang='lat' dir='ltr'><strong>Cum</strong></span> <span class='ocrx_word' id='word_1_734' title='bbox 1379 5829 1608 5879; x_wconf 66' lang='lat' dir='ltr'><strong>(‘Xt&#39;l&#39;lfilll</strong></span> <span class='ocrx_word' id='word_1_735' title='bbox 1673 5829 1895 5882; x_wconf 59' lang='lat' dir='ltr'><strong>lion-ah</strong></span> 
     </span>
    </p>
   </div>
   <div class='ocr_carea' id='block_1_106' title="bbox 2005 4642 3534 4722">
    <p class='ocr_par' dir='ltr' id='par_1_106' title="bbox 2005 4642 3534 4722">
     <span class='ocr_line' id='line_1_106' title="bbox 2005 4642 3534 4722; baseline 0.007 -28"><span class='ocrx_word' id='word_1_736' title='bbox 2005 4642 2264 4710; x_wconf 89' lang='lat' dir='ltr'><strong>peditum.</strong></span> <span class='ocrx_word' id='word_1_737' title='bbox 2302 4643 2378 4696; x_wconf 83' lang='lat' dir='ltr'><strong>Ad</strong></span> <span class='ocrx_word' id='word_1_738' title='bbox 2402 4644 2622 4699; x_wconf 72' lang='lat' dir='ltr'><strong>Cosovze</strong></span> <span class='ocrx_word' id='word_1_739' title='bbox 2655 4662 2873 4716; x_wconf 88' lang='lat' dir='ltr'><strong>campos</strong></span> <span class='ocrx_word' id='word_1_740' title='bbox 2901 4663 3022 4702; x_wconf 88' lang='lat' dir='ltr'><strong>cum</strong></span> <span class='ocrx_word' id='word_1_741' title='bbox 3055 4654 3406 4715; x_wconf 82' lang='lat' dir='ltr'><strong>pervenisset,</strong></span> <span class='ocrx_word' id='word_1_742' title='bbox 3436 4649 3534 4722; x_wconf 54' lang='lat' dir='ltr'><strong>olj—</strong></span> 
     </span>
    </p>
   </div>
   <div class='ocr_carea' id='block_1_107' title="bbox 2006 4735 3576 4812">
    <p class='ocr_par' dir='ltr' id='par_1_107' title="bbox 2006 4735 3576 4812">
     <span class='ocr_line' id='line_1_107' title="bbox 2006 4735 3576 4812; baseline 0.006 -26"><span class='ocrx_word' id='word_1_743' title='bbox 2006 4737 2144 4787; x_wconf 84' lang='lat' dir='ltr'><strong>vium</strong></span> <span class='ocrx_word' id='word_1_744' title='bbox 2204 4735 2388 4789; x_wconf 84' lang='lat' dir='ltr'><strong>habuit</strong></span> <span class='ocrx_word' id='word_1_745' title='bbox 2434 4735 2680 4790; x_wconf 84' lang='lat' dir='ltr'><strong>Jancum.</strong></span> <span class='ocrx_word' id='word_1_746' title='bbox 2725 4737 3053 4806; x_wconf 89' lang='lat' dir='ltr'><strong>Quapropter</strong></span> <span class='ocrx_word' id='word_1_747' title='bbox 3122 4743 3371 4810; x_wconf 87' lang='lat' dir='ltr'><strong>utrinque</strong></span> <span class='ocrx_word' id='word_1_748' title='bbox 3433 4759 3576 4812; x_wconf 66' lang='grc' dir='ltr'><strong>ιδεμ,</strong></span> 
     </span>
    </p>
   </div>
   <div class='ocr_carea' id='block_1_108' title="bbox 2005 4825 3532 4895">
    <p class='ocr_par' dir='ltr' id='par_1_108' title="bbox 2005 4825 3532 4895">
     <span class='ocr_line' id='line_1_108' title="bbox 2005 4825 3532 4895; baseline 0.007 -18"><span class='ocrx_word' id='word_1_749' title='bbox 2005 4825 2197 4892; x_wconf 78' lang='lat' dir='ltr'><strong>guaudi</strong></span> <span class='ocrx_word' id='word_1_750' title='bbox 2232 4828 2372 4879; x_wconf 88' lang='lat' dir='ltr'><strong>facto</strong></span> <span class='ocrx_word' id='word_1_751' title='bbox 2429 4827 2601 4887; x_wconf 89' lang='lat' dir='ltr'><strong>initio,</strong></span> <span class='ocrx_word' id='word_1_752' title='bbox 2653 4828 2886 4895; x_wconf 85' lang='lat' dir='ltr'><strong>displosa</strong></span> <span class='ocrx_word' id='word_1_753' title='bbox 2945 4828 3092 4881; x_wconf 87' lang='lat' dir='ltr'><strong>fuere</strong></span> <span class='ocrx_word' id='word_1_754' title='bbox 3128 4838 3382 4885; x_wconf 89' lang='lat' dir='ltr'><strong>continuo</strong></span> <span class='ocrx_word' id='word_1_755' title='bbox 3429 4836 3532 4888; x_wconf 84' lang='lat' dir='ltr'><strong>diei</strong></span> 
     </span>
    </p>
   </div>
   <div class='ocr_carea' id='block_1_109' title="bbox 2005 4917 3530 4984">
    <p class='ocr_par' dir='ltr' id='par_1_109' title="bbox 2005 4917 3530 4984">
     <span class='ocr_line' id='line_1_109' title="bbox 2005 4917 3530 4984; baseline 0.008 -16"><span class='ocrx_word' id='word_1_756' title='bbox 2005 4917 2284 4984; x_wconf 85' lang='lat' dir='ltr'><strong>noctisque</strong></span> <span class='ocrx_word' id='word_1_757' title='bbox 2311 4919 2482 4984; x_wconf 82' lang='lat' dir='ltr'><strong>spatio</strong></span> <span class='ocrx_word' id='word_1_758' title='bbox 2515 4926 2781 4971; x_wconf 83' lang='lat' dir='ltr'><strong>tormenta</strong></span> <span class='ocrx_word' id='word_1_759' title='bbox 2815 4918 3023 4973; x_wconf 83' lang='lat' dir='ltr'><strong>bellica.</strong></span> <span class='ocrx_word' id='word_1_760' title='bbox 3063 4920 3298 4977; x_wconf 81' lang='lat' dir='ltr'><strong>Tandem</strong></span> <span class='ocrx_word' id='word_1_761' title='bbox 3331 4929 3530 4981; x_wconf 56' lang='grc' dir='ltr'><strong>,Ιβηρυή</strong></span> 
     </span>
    </p>
   </div>
   <div class='ocr_carea' id='block_1_110' title="bbox 2003 5006 3531 5078">
    <p class='ocr_par' dir='ltr' id='par_1_110' title="bbox 2003 5006 3531 5078">
     <span class='ocr_line' id='line_1_110' title="bbox 2003 5006 3531 5078; baseline 0.004 -17"><span class='ocrx_word' id='word_1_762' title='bbox 2003 5008 2054 5061; x_wconf 91' lang='lat' dir='ltr'><strong>iu</strong></span> <span class='ocrx_word' id='word_1_763' title='bbox 2080 5009 2284 5061; x_wconf 85' lang='lat' dir='ltr'><strong>hostem</strong></span> <span class='ocrx_word' id='word_1_764' title='bbox 2323 5006 2439 5061; x_wconf 89' lang='lat' dir='ltr'><strong>acie</strong></span> <span class='ocrx_word' id='word_1_765' title='bbox 2461 5009 2715 5074; x_wconf 83' lang='lat' dir='ltr'><strong>producta</strong></span> <span class='ocrx_word' id='word_1_766' title='bbox 2743 5010 2964 5078; x_wconf 85' lang='lat' dir='ltr'><strong>duplici,</strong></span> <span class='ocrx_word' id='word_1_767' title='bbox 3006 5009 3211 5067; x_wconf 88' lang='lat' dir='ltr'><strong>Tureos</strong></span> <span class='ocrx_word' id='word_1_768' title='bbox 3257 5015 3326 5068; x_wconf 89' lang='lat' dir='ltr'><strong>ab</strong></span> <span class='ocrx_word' id='word_1_769' title='bbox 3383 5013 3531 5068; x_wconf 77' lang='lat' dir='ltr'><strong>utro-</strong></span> 
     </span>
    </p>
   </div>
   <div class='ocr_carea' id='block_1_111' title="bbox 2003 5092 3531 5173">
    <p class='ocr_par' dir='ltr' id='par_1_111' title="bbox 2003 5092 3531 5173">
     <span class='ocr_line' id='line_1_111' title="bbox 2003 5092 3531 5173; baseline 0.005 -21"><span class='ocrx_word' id='word_1_770' title='bbox 2003 5115 2105 5165; x_wconf 88' lang='lat' dir='ltr'><strong>que</strong></span> <span class='ocrx_word' id='word_1_771' title='bbox 2139 5114 2303 5151; x_wconf 81' lang='lat' dir='ltr'><strong>cornu</strong></span> <span class='ocrx_word' id='word_1_772' title='bbox 2335 5099 2482 5152; x_wconf 85' lang='lat' dir='ltr'><strong>fusos</strong></span> <span class='ocrx_word' id='word_1_773' title='bbox 2523 5108 2664 5167; x_wconf 66' lang='lat' dir='ltr'><strong>terga</strong></span> <span class='ocrx_word' id='word_1_774' title='bbox 2697 5101 2822 5154; x_wconf 85' lang='lat' dir='ltr'><strong>dare</strong></span> <span class='ocrx_word' id='word_1_775' title='bbox 2853 5103 3047 5172; x_wconf 70' lang='lat' dir='ltr'><strong>coegit.</strong></span> <span class='ocrx_word' id='word_1_776' title='bbox 3105 5092 3359 5173; x_wconf 62' lang='lat' dir='ltr'><strong>Jamque.</strong></span> <span class='ocrx_word' id='word_1_777' title='bbox 3383 5111 3531 5159; x_wconf 84' lang='lat' dir='ltr'><strong>sulus</strong></span> 
     </span>
    </p>
   </div>
   <div class='ocr_carea' id='block_1_112' title="bbox 2004 5192 3526 5254">
    <p class='ocr_par' dir='ltr' id='par_1_112' title="bbox 2004 5192 3526 5254">
     <span class='ocr_line' id='line_1_112' title="bbox 2004 5192 3526 5254; baseline 0.007 -13"><span class='ocrx_word' id='word_1_778' title='bbox 2004 5193 2135 5242; x_wconf 84' lang='lat' dir='ltr'><strong>adeo</strong></span> <span class='ocrx_word' id='word_1_779' title='bbox 2168 5192 2453 5245; x_wconf 76' lang='lat' dir='ltr'><strong>comitatus</strong></span> <span class='ocrx_word' id='word_1_780' title='bbox 2485 5195 2706 5254; x_wconf 82' lang='lat' dir='ltr'><strong>aulicus,</strong></span> <span class='ocrx_word' id='word_1_781' title='bbox 2744 5197 2955 5246; x_wconf 82' lang='lat' dir='ltr'><strong>sultano</strong></span> <span class='ocrx_word' id='word_1_782' title='bbox 3010 5193 3210 5248; x_wconf 88' lang='lat' dir='ltr'><strong>Murate</strong></span> <span class='ocrx_word' id='word_1_783' title='bbox 3271 5212 3376 5249; x_wconf 89' lang='lat' dir='ltr'><strong>non</strong></span> <span class='ocrx_word' id='word_1_784' title='bbox 3434 5199 3526 5251; x_wconf 83' lang='lat' dir='ltr'><strong>de-</strong></span> 
     </span>
    </p>
   </div>
   <div class='ocr_carea' id='block_1_113' title="bbox 2001 5282 3528 5356">
    <p class='ocr_par' dir='ltr' id='par_1_113' title="bbox 2001 5282 3528 5356">
     <span class='ocr_line' id='line_1_113' title="bbox 2001 5282 3528 5356; baseline 0.009 -25"><span class='ocrx_word' id='word_1_785' title='bbox 2001 5291 2164 5343; x_wconf 74' lang='lat' dir='ltr'><strong>serlo,</strong></span> <span class='ocrx_word' id='word_1_786' title='bbox 2199 5282 2370 5335; x_wconf 68' lang='lat' dir='ltr'><strong>locum</strong></span> <span class='ocrx_word' id='word_1_787' title='bbox 2400 5299 2551 5336; x_wconf 83' lang='lat' dir='ltr'><strong>suum</strong></span> <span class='ocrx_word' id='word_1_788' title='bbox 2600 5286 2649 5337; x_wconf 85' lang='lat' dir='ltr'><strong>in</strong></span> <span class='ocrx_word' id='word_1_789' title='bbox 2694 5287 2805 5338; x_wconf 80' lang='lat' dir='ltr'><strong>acie</strong></span> <span class='ocrx_word' id='word_1_790' title='bbox 2863 5286 3124 5339; x_wconf 81' lang='lat' dir='ltr'><strong>tuebatur.</strong></span> <span class='ocrx_word' id='word_1_791' title='bbox 3182 5285 3528 5356; x_wconf 69' lang='lat' dir='ltr'><strong>Ohjectabtul</strong></span> 
     </span>
    </p>
   </div>
   <div class='ocr_carea' id='block_1_114' title="bbox 2001 5371 3525 5435">
    <p class='ocr_par' dir='ltr' id='par_1_114' title="bbox 2001 5371 3525 5435">
     <span class='ocr_line' id='line_1_114' title="bbox 2001 5371 3525 5435; baseline 0.005 -13"><span class='ocrx_word' id='word_1_792' title='bbox 2001 5371 2324 5424; x_wconf 89' lang='lat' dir='ltr'><strong>Christianis</strong></span> <span class='ocrx_word' id='word_1_793' title='bbox 2357 5384 2505 5428; x_wconf 86' lang='lat' dir='ltr'><strong>scuta</strong></span> <span class='ocrx_word' id='word_1_794' title='bbox 2541 5392 2633 5428; x_wconf 89' lang='lat' dir='ltr'><strong>sua</strong></span> <span class='ocrx_word' id='word_1_795' title='bbox 2692 5376 2961 5435; x_wconf 79' lang='lat' dir='ltr'><strong>Genizari,</strong></span> <span class='ocrx_word' id='word_1_796' title='bbox 3025 5385 3285 5429; x_wconf 88' lang='lat' dir='ltr'><strong>tormenta</strong></span> <span class='ocrx_word' id='word_1_797' title='bbox 3339 5379 3525 5431; x_wconf 74' lang='lat' dir='ltr'><strong>beilira</strong></span> 
     </span>
    </p>
   </div>
   <div class='ocr_carea' id='block_1_115' title="bbox 2003 5462 3522 5538">
    <p class='ocr_par' dir='ltr' id='par_1_115' title="bbox 2003 5462 3522 5538">
     <span class='ocr_line' id='line_1_115' title="bbox 2003 5462 3522 5538; baseline 0.009 -28"><span class='ocrx_word' id='word_1_798' title='bbox 2003 5462 2050 5510; x_wconf 88' lang='lat' dir='ltr'><strong>iu</strong></span> <span class='ocrx_word' id='word_1_799' title='bbox 2085 5476 2174 5512; x_wconf 86' lang='lat' dir='ltr'><strong>ens</strong></span> <span class='ocrx_word' id='word_1_800' title='bbox 2206 5464 2522 5529; x_wconf 82' lang='lat' dir='ltr'><strong>tlirigebant,</strong></span> <span class='ocrx_word' id='word_1_801' title='bbox 2559 5469 2818 5532; x_wconf 76' lang='lat' dir='ltr'><strong>sel0petos</strong></span> <span class='ocrx_word' id='word_1_802' title='bbox 2875 5467 3218 5519; x_wconf 82' lang='lat' dir='ltr'><strong>obvertehant</strong></span> <span class='ocrx_word' id='word_1_803' title='bbox 3268 5470 3522 5538; x_wconf 87' lang='lat' dir='ltr'><strong>nudique.</strong></span> 
     </span>
    </p>
   </div>
   <div class='ocr_carea' id='block_1_116' title="bbox 2001 5555 3526 5623">
    <p class='ocr_par' dir='ltr' id='par_1_116' title="bbox 2001 5555 3526 5623">
     <span class='ocr_line' id='line_1_116' title="bbox 2001 5555 3526 5623; baseline 0.003 -20"><span class='ocrx_word' id='word_1_804' title='bbox 2001 5555 2168 5605; x_wconf 78' lang='lat' dir='ltr'><strong>Simul</strong></span> <span class='ocrx_word' id='word_1_805' title='bbox 2223 5569 2250 5604; x_wconf 92' lang='lat' dir='ltr'><strong>a</strong></span> <span class='ocrx_word' id='word_1_806' title='bbox 2312 5565 2458 5623; x_wconf 72' lang='lat' dir='ltr'><strong>tergo</strong></span> <span class='ocrx_word' id='word_1_807' title='bbox 2516 5561 2753 5620; x_wconf 72' lang='lat' dir='ltr'><strong>camelis,</strong></span> <span class='ocrx_word' id='word_1_808' title='bbox 2809 5559 2985 5622; x_wconf 81' lang='lat' dir='ltr'><strong>mulis,</strong></span> <span class='ocrx_word' id='word_1_809' title='bbox 3039 5567 3089 5610; x_wconf 86' lang='lat' dir='ltr'><strong>ct</strong></span> <span class='ocrx_word' id='word_1_810' title='bbox 3114 5560 3360 5613; x_wconf 80' lang='lat' dir='ltr'><strong>curribus</strong></span> <span class='ocrx_word' id='word_1_811' title='bbox 3411 5577 3526 5614; x_wconf 63' lang='lat' dir='ltr'><strong>sese</strong></span> 
     </span>
    </p>
   </div>
   <div class='ocr_carea' id='block_1_117' title="bbox 2004 5648 3524 5716">
    <p class='ocr_par' dir='ltr' id='par_1_117' title="bbox 2004 5648 3524 5716">
     <span class='ocr_line' id='line_1_117' title="bbox 2004 5648 3524 5716; baseline 0.004 -19"><span class='ocrx_word' id='word_1_812' title='bbox 2004 5648 2326 5708; x_wconf 65' lang='lat' dir='ltr'><strong>munientes,</strong></span> <span class='ocrx_word' id='word_1_813' title='bbox 2361 5657 2465 5700; x_wconf 85' lang='lat' dir='ltr'><strong>tam</strong></span> <span class='ocrx_word' id='word_1_814' title='bbox 2520 5653 2727 5702; x_wconf 83' lang='lat' dir='ltr'><strong>fortiter</strong></span> <span class='ocrx_word' id='word_1_815' title='bbox 2759 5651 2929 5703; x_wconf 87' lang='lat' dir='ltr'><strong>hostis</strong></span> <span class='ocrx_word' id='word_1_816' title='bbox 2989 5650 3242 5716; x_wconf 85' lang='lat' dir='ltr'><strong>impetum</strong></span> <span class='ocrx_word' id='word_1_817' title='bbox 3298 5652 3524 5702; x_wconf 85' lang='lat' dir='ltr'><strong>sustine-</strong></span> 
     </span>
    </p>
   </div>
   <div class='ocr_carea' id='block_1_118' title="bbox 2001 5733 3522 5805">
    <p class='ocr_par' dir='ltr' id='par_1_118' title="bbox 2001 5733 3522 5805">
     <span class='ocr_line' id='line_1_118' title="bbox 2001 5733 3522 5805; baseline 0.003 -19"><span class='ocrx_word' id='word_1_818' title='bbox 2001 5736 2148 5786; x_wconf 77' lang='lat' dir='ltr'><strong>bant.</strong></span> <span class='ocrx_word' id='word_1_819' title='bbox 2212 5742 2264 5784; x_wconf 84' lang='lat' dir='ltr'><strong>ut</strong></span> <span class='ocrx_word' id='word_1_820' title='bbox 2307 5733 2560 5789; x_wconf 64' lang='lat' dir='ltr'><strong>Mttt‘att‘tn</strong></span> <span class='ocrx_word' id='word_1_821' title='bbox 2619 5755 2735 5790; x_wconf 84' lang='lat' dir='ltr'><strong>cum</strong></span> <span class='ocrx_word' id='word_1_822' title='bbox 2781 5739 2924 5791; x_wconf 74' lang='lat' dir='ltr'><strong>hisce</strong></span> <span class='ocrx_word' id='word_1_823' title='bbox 2964 5739 3128 5805; x_wconf 70' lang='lat' dir='ltr'><strong>copiis</strong></span> <span class='ocrx_word' id='word_1_824' title='bbox 3181 5739 3308 5802; x_wconf 70' lang='lat' dir='ltr'><strong>suis,</strong></span> <span class='ocrx_word' id='word_1_825' title='bbox 3371 5740 3522 5790; x_wconf 72' lang='lat' dir='ltr'><strong>(lhri-</strong></span> 
     </span>
    </p>
   </div>
   <div class='ocr_carea' id='block_1_119' title="bbox 2003 5829 3532 5900">
    <p class='ocr_par' dir='ltr' id='par_1_119' title="bbox 2003 5829 3532 5900">
     <span class='ocr_line' id='line_1_119' title="bbox 2003 5829 3532 5900; baseline -0.003 -16"><span class='ocrx_word' id='word_1_826' title='bbox 2003 5831 2154 5884; x_wconf 81' lang='lat' dir='ltr'><strong>stiani</strong></span> <span class='ocrx_word' id='word_1_827' title='bbox 2182 5829 2292 5880; x_wconf 73' lang='lat' dir='ltr'><strong>iuro</strong></span> <span class='ocrx_word' id='word_1_828' title='bbox 2327 5831 2643 5884; x_wconf 68' lang='lat' dir='ltr'><strong>submovere</strong></span> <span class='ocrx_word' id='word_1_829' title='bbox 2681 5833 2819 5883; x_wconf 73' lang='lat' dir='ltr'><strong>nulla</strong></span> <span class='ocrx_word' id='word_1_830' title='bbox 2869 5833 2914 5884; x_wconf 72' lang='lat' dir='ltr'><strong>\‘i</strong></span> <span class='ocrx_word' id='word_1_831' title='bbox 2956 5847 3088 5900; x_wconf 42' lang='lat' dir='ltr'><strong>p035»</strong></span> <span class='ocrx_word' id='word_1_832' title='bbox 3113 5842 3185 5894; x_wconf 89' lang='lat' dir='ltr'><strong>ut,</strong></span> <span class='ocrx_word' id='word_1_833' title='bbox 3222 5847 3313 5885; x_wconf 81' lang='lat' dir='ltr'><strong>nec</strong></span> <span class='ocrx_word' id='word_1_834' title='bbox 3349 5832 3391 5882; x_wconf 84' lang='lat' dir='ltr'><strong>ai</strong></span> <span class='ocrx_word' id='word_1_835' title='bbox 3421 5849 3532 5899; x_wconf 58' lang='lat' dir='ltr'><strong>qua</strong></span> 
     </span>
    </p>
   </div>
  </div>
