3970 6348
655 378 753 439 611

1886 371 2229 431 ANNALES
2258 369 2583 430 'l'UllClCI.
3718 361 3803 427 612

657 470 808 547 clade
838 490 1064 543 allicere.
1098 490 1227 542 Cum
1279 498 1454 542 autem
1488 485 1746 556 profligati
1798 489 1944 554 prius
1996 486 2195 539 aChri-
2228 495 2266 545 Α
2298 486 2371 537 ris
2409 485 2459 536 in
2511 497 2699 538 omnes
2750 482 3053 552 provincias
3116 494 3239 555 suas
3300 475 3590 546 expeditit,
3633 476 3807 542 quibus

656 589 846 642 Stiauis
875 586 926 649 in
960 592 1187 650 utroque
1212 599 1377 636 cornu
1413 582 1597 645 Turci,
1631 582 1961 635 Christianos
2016 597 2189 637 armo-

661 692 778 731 rum
824 691 987 729 onere
1040 676 1203 727 nimio
1263 686 1511 741 gravatos
1568 674 2071 733 animadverterent,
2126 671 2191 724 de

662 766 920 821 industria
951 765 1129 833 fugam
1182 764 1534 831 arripientes,
1566 763 1880 829 insequendi
1933 764 2069 813 viam
2116 760 2195 812 eis

662 867 1004 923 aperuerunt.
1033 854 1240 921 Quippe
1262 852 1555 905 Christiani
1608 867 1664 904 se
1708 868 1850 914 mox,
1907 850 2074 902 instar
2115 847 2195 899 di-

664 946 1107 1013 luviicujnsdam,
1161 944 1439 997 concitatis
1489 942 1662 1010 equis,
1747 940 2025 993 diffudere.
2089 938 2191 989 Sed

663 1035 844 1095 Turci,
877 1036 963 1102 qui
990 1035 1164 1101 fugam
1200 1034 1448 1096 inierant,
1480 1046 1737 1099 equorum
1768 1045 1929 1082 cursu
1964 1028 2192 1084 adlatus

664 1125 874 1183 inflexo.
927 1125 1203 1189 expeditos
1254 1134 1304 1175 et
1352 1124 1583 1193 inermes
1633 1121 2055 1174 Christianorqu
2093 1118 2193 1170 mi-

666 1221 780 1270 lllt'S
806 1217 964 1285 329
991 1218 1321 1277 invaserunt,
1356 1230 1491 1283 quos
1524 1214 1694 1275 nudos
1721 1229 1839 1266 esse
1869 1220 2087 1272 norant,
2143 1219 2194 1263 et

666 1312 716 1360 in
748 1326 837 1359 cos
867 1307 1112 1359 alarriter
1147 1308 1390 1358 acinaces
1446 1320 1572 1358 suos
1617 1304 1967 1358 strinxerunt.
2006 1299 2063 1353 ld
2116 1299 2194 1353 illi

664 1418 784 1451 cum
829 1398 938 1450 lii-ri
973 1408 1275 1460 cernerent,
1312 1397 1592 1449 celerrime
1638 1395 2008 1461 cataphractos
2038 1392 2190 1459 equi-

667 1499 744 1540 tes
775 1506 900 1541 sums
933 1491 1097 1540 secuti
1126 1497 1293 1540 sunt:
1337 1488 1530 1553 quibus
1590 1484 1679 1537 ubi
1731 1484 1837 1550 jam
1895 1499 2000 1535 non
2054 1490 2194 1534 esset

667 1582 951 1645 integrum,
1031 1579 1082 1629 in
1131 1576 1333 1629 Turcos
1388 1576 1557 1628 aciem
1618 1574 1791 1626 denuo
1845 1580 2191 1626 convertere:

670 1667 876 1716 ia..dem
920 1666 1115 1715 mutuis
1151 1679 1208 1715 se
1243 1662 1556 1715 vulneribus
1606 1662 1864 1715 coniicere
1890 1668 2191 1731 cmperunt,

670 1756 917 1821 atqueita
955 1753 1143 1805 solutis
1174 1761 1224 1805 et
1253 1752 1523 1818 dissipatis
1574 1750 1875 1815 ordinibus,
1931 1750 2196 1803 exercitus

2290 591 2479 627 omnes
2510 584 2615 625 tam
2651 572 2912 626 Anatolia:
2982 588 3141 638 quant
3176 570 3443 621 Romaniae
3471 566 3647 633 coegit
3673 578 3809 617 eaer-

2292 665 2450 729 citus,
2486 666 2769 719 cunductis
2798 664 2957 717 etiam
2985 662 3151 717 vicies
3187 661 3329 713 mille
3353 658 3639 727 peditibus.
3672 650 3810 707 Geni-

2297 771 2542 808 zarorum
2565 766 2715 809 erant
2741 756 2807 810 ad
2842 755 3024 807 decem
3061 752 3246 806 millia.
3278 749 3641 804 Conv-alarum
3661 757 3711 799 et
3736 745 3807 797 alii

2295 845 2598 912 complures
2629 847 2697 899 ad
2732 860 2875 907 eum.
2902 844 3094 912 quibus
3126 844 3322 908 alioqui
3357 838 3614 893 militandi
3636 852 3807 891 ncces-

2294 936 2424 987 siias
2456 950 2557 987 non
2620 934 2978 988 incambeha.
3034 932 3227 985 Bellica
3294 944 3511 999 quoque
3566 928 3807 980 tormenta

2296 1022 2441 1073 fundi
2473 1020 2647 1090 jussit,
2681 1021 2851 1076 instar
2879 1022 3189 1075 draconum.
3222 1018 3300 1073 lta
3330 1033 3453 1085 cum
3520 1017 3663 1068 omni
3720 1027 3809 1067 tor-

2296 1120 2597 1165 mentorum
2629 1120 2911 1179 apparatu,
2943 1111 3210 1180 tantisque
3256 1124 3376 1163 cum
3410 1105 3808 1176 copiislladria-

2295 1202 2470 1270 uopoli
2505 1201 2799 1270 profectus.
2827 1214 3000 1256 castra
3055 1198 3523 1269 Constantinopoli
3554 1198 3809 1252 admovit:

2292 1292 2653 1361 displosisque
2683 1294 2993 1351 tormentis.
3029 1309 3236 1354 muros,
3302 1303 3356 1345 et
3400 1292 3592 1360 pinnas
3620 1305 3808 1348 eorum,

2292 1382 2519 1450 disjecit.
2552 1383 2862 1447 Christiani,
2890 1395 3148 1452 quotquot
3176 1383 3293 1437 urbi
3354 1382 3601 1450 praesidio
3657 1388 3807 1438 erant,

2296 1473 2501 1526 fortiter
2526 1473 2599 1525 illi
2620 1475 2832 1541 quidem
2864 1489 2921 1527 se
2954 1474 3307 1527 defendebant
3334 1490 3347 1525 :
3370 1474 3463 1525 sed
3488 1472 3670 1525 urbem
3693 1469 3805 1523 lucri

2295 1574 2481 1618 contra
2514 1565 2617 1617 vim
2652 1558 3001 1617 Muchentetis
3047 1564 3186 1617 haud
3238 1550 3505 1629 poterant.
3562 1560 3620 1613 Is
3668 1562 3808 1622 enim,

2294 1669 2548 1707 concessa
2578 1655 2726 1706 militi
2762 1656 2995 1717 liuentia,
3026 1654 3309 1722 diripieudi
3368 1650 3805 1715 Constantinum-

2298 1730 2410 1804 lim,
2437 1744 2595 1796 modo
2611 1759 2724 1795 eam
2755 1752 3129 1812 occupassent,
3179 1758 3345 1810 usque
3375 1744 3508 1793 adeo
3535 1739 3805 1791 Turcoruni

670 1846 846 1897 omnis
871 1846 920 1894 in
950 1844 1141 1895 foedam
1185 1858 1301 1896 sese
1357 1842 1546 1909 fugant
1598 1838 1848 1909 conjecit.
1892 1840 2023 1893 Tum
2074 1854 2199 1893 vero
2225 1819 2273 1877 Β
2300 1836 2507 1884 animos
2541 1832 2785 1884 accendit
2813 1872 2826 1891 ,
2860 1841 2916 1883 ut
2943 1846 3136 1901 magno
3171 1831 3314 1884 illam
3341 1845 3461 1882 cum
3523 1828 3715 1896 impetu
3740 1826 3807 1876 in-

672 1934 850 1993 Turci,
873 1949 1006 2001 quos
1030 1942 1185 1983 antea
1221 1932 1418 1999 fugisse
1442 1931 1696 1995 diximus,
1729 1930 1851 1983 hinc
1895 1930 2017 1984 inde
2062 1944 2194 1983 con-

672 2024 889 2090 globati,
920 2020 1290 2075 Christianisa
1312 2032 1460 2090 tergo
1494 2023 1558 2073 ad
1591 2020 1761 2088 ipsam
1821 2035 1988 2087 usque
2021 2018 2199 2072 muni-

672 2116 869 2165 tionem
917 2120 1213 2164 castrorum
1269 2110 1637 2163 inhzeserunt:
1698 2110 1901 2178 fuitque
1955 2110 2202 2177 deinceps

672 2209 957 2269 pugnatum
1003 2203 1259 2267 utrinque
1289 2210 1400 2253 toto
1429 2198 1517 2251 illo
1540 2200 1645 2257 die.
1687 2214 1853 2266 usque
1910 2197 1975 2250 ad
2023 2212 2202 2264 respe-

674 2310 805 2355 ram,
833 2302 885 2344 et
911 2307 938 2345 a
961 2278 1187 2359 vespera
1222 2305 1406 2344 rursus
1434 2290 1495 2341 ad
1525 2288 1818 2342 diluculum
1844 2303 2030 2356 usque.
2073 2288 2202 2342 lan-

672 2400 766 2436 cus
788 2394 988 2447 autem,
1020 2399 1138 2435 cum
1173 2382 1243 2434 ita
1274 2396 1385 2434 rem
1420 2381 1527 2448 geri
1589 2380 1823 2442 videret,
1860 2390 1978 2433 astu
2029 2395 2087 2433 se
2138 2379 2205 2433 ab

674 2474 943 2525 exercitus
964 2472 1248 2524 Christiani
1279 2470 1518 2539 reliquiis
1540 2485 1569 2523 e
1615 2473 1807 2524 castris
1846 2471 2098 2525 subduxit
2151 2480 2206 2524 et

680 2559 928 2628 profugit.
985 2558 1304 2612 Christianis
1356 2558 1422 2609 ad
1485 2570 1784 2610 extremum
1829 2560 2003 2621 victis,
2055 2558 2204 2613 Jauci

680 2649 835 2701 rebus
855 2648 1123 2709 omnibus,
1158 2662 1278 2701 cum
1307 2649 1615 2711 tormentis,
1664 2656 1716 2700 et
1758 2648 2003 2702 universo
2048 2664 2205 2717 appa-

681 2746 796 2789 ratu
832 2737 1021 2789 bellico
1050 2737 1200 2805 potiti
1231 2737 1381 2791 fuere
1412 2738 1608 2791 Turci:
1659 2738 1854 2806 quibus
1920 2741 1984 2791 ad
2040 2740 2206 2792 sulta—

680 2843 805 2881 num
838 2826 1089 2879 Moralem
1121 2818 1384 2890 adductis,
1411 2844 1546 2880 unus
1575 2828 1721 2881 alteri
1763 2838 2002 2895 porrecta
2022 2818 2204 2896 manu,

680 2910 862 2971 mutuo
884 2927 1049 2970 semet
1074 2904 1333 2986 excepere
1360 2919 1752 2985 gratulabundi,
1784 2928 2057 2989 totumque
2109 2923 2207 2983 tri-

676 3010 841 3062 duum
900 3023 963 3061 eo
1013 3008 1130 3063 loco
1193 3008 1784 3081 quiescentes..t'eluti
1862 3008 2204 3067 festivitatem

2296 1925 2573 1984 vaderent,
2605 1934 2995 1991 oppugnarent.
3030 1938 3122 1991 per
3155 1923 3258 1975 vim
3287 1922 3519 1989 denique
3550 1922 3803 1987 caperent.

2297 2014 2453 2068 Potiti
2486 2030 2615 2067 vero
2645 2024 2768 2066 sunt
2796 2015 2926 2067 urbe
2957 2013 3145 2078 Turci,
3201 2014 3288 2067 die
3319 1995 3575 2065 vicesimo
3631 2007 3805 2061 mensis

2297 2094 2610 2157 Rebuilulria.
2643 2105 2896 2157 Sultauus
2960 2102 3317 2155 Muchemetes
3338 2141 3353 2165 ,
3386 2090 3567 2153 urbem
3620 2110 3802 2166 captain

2300 2195 2593 2263 ingressus,
2616 2195 2881 2247 liincinde
2948 2210 3040 2262 per
3088 2208 3204 2247 eam
3250 2190 3601 2260 obequitavit,
3645 2190 3806 2241 obsur-

2299 2298 2522 2351 pesccns
2554 2283 2618 2336 ad
2661 2285 2939 2336 inusitatas
2968 2283 3311 2336 aediﬁciorum
3339 2282 3558 2334 formas.
3613 2280 3734 2332 Cum
3762 2278 3803 2328 iu

2299 2375 2670 2427 Atuiindanem
2704 2375 3060 2442 pervenisset,
3090 2375 3396 2427 columnam
3433 2371 3505 2425 ibi
3572 2370 3803 2437 lapideam

2300 2466 2449 2527 vidit,
2480 2468 2562 2519 cui
2597 2466 2786 2533 triplex
2842 2476 2958 2519 erat
3004 2467 3287 2534 impositus
3308 2479 3528 2533 serpens
3596 2463 3807 2515 aheneus

2302 2556 2548 2623 idemque
2586 2556 2995 2625 triceps.'lllum
3044 2560 3408 2624 conspicatus,
3434 2554 3671 2624 quidnam
3724 2553 3808 2605 hoc

2303 2656 2443 2700 esset
2475 2647 2619 2712 idoli,
2648 2648 2907 2714 quasivit.
2942 2648 3113 2700 Simul
3150 2647 3201 2700 in
3226 2662 3344 2700 eum
3368 2654 3608 2701 contorta
3636 2657 3805 2710 magna

2306 2737 2353 2789 vi
2391 2738 2536 2789 clava
2571 2737 2763 2801 ferrea,
2802 2754 2960 2807 quam
2997 2739 3349 2807 pusdiganum
3410 2735 3565 2790 Turci
3614 2746 3806 2800 vocant,

2304 2828 2395 2881 uni
2434 2830 2497 2881 de
2525 2829 2695 2882 tribus
2722 2828 2826 2883 illis
2856 2830 3126 2897 capitibus
3144 2829 3468 2898 serpentinis
3500 2828 3698 2881 labrum
3732 2826 3801 2878 iu-

2305 2919 2470 2974 ferius
2509 2920 2840 2977 comminuit.
2884 2923 3000 2987 Quo
3026 2921 3189 2986 facto,
3254 2936 3374 2975 mox
3446 2932 3707 2989 serpentes
3759 2919 3801 2970 in

2308 3011 2438 3065 urbe
2467 3027 2657 3079 magno
2684 3012 2921 3081 conspici
2970 3025 3181 3080 erepere
3231 3025 3476 3065 numero.
3499 3011 3803 3078 Quapropter

677 3100 978 3167 quamdam,
1008 3099 1290 3167 'singulari
1347 3115 1467 3153 cum
1524 3100 1794 3155 hilaritate
1849 3103 2201 3159 celebrarunt.
2230 3140 2273 3196 ο
2307 3115 2553 3157 auctores
2577 3104 2624 3156 ei
2667 3102 2814 3155 fuere
2839 3104 3077 3170 quidam,
3130 3113 3187 3156 ut
3224 3105 3448 3158 missum
3500 3104 3732 3171 deinceps
3757 3103 3805 3155 il-

679 3188 801 3241 lnde
823 3189 1063 3241 sultanus
1098 3187 1458 3242 Mucliemetes
1489 3199 1611 3242 ante
1652 3200 1855 3258 patrem
1908 3189 2205 3245 Hadriano-

676 3277 836 3343 polim
864 3276 1135 3345 profectus
1153 3286 1250 3329 est.
1283 3276 1454 3330 Gesta:
1494 3293 1617 3330 vero
1666 3279 1883 3332 fuerunt
1905 3281 1985 3335 lia:
2018 3297 2101 3335 res
2148 3272 2205 3335 in

696 3370 973 3423 Cosovana
1031 3370 1247 3439 planitie
1270 3385 1409 3424 anno
1436 3370 1537 3425 853
1568 3370 1716 3439 (Chr.
1748 3371 1923 3442 “48).
2118 3356 2119 3359 Ἴ

746 3461 978 3514 Min-ales
1011 3463 1168 3514 etiam
1211 3460 1589 3515 Mucheinetem
1626 3463 1789 3516 tilium
1843 3476 2063 3518 secutus
2122 3477 2208 3520 est

682 3550 1136 3617 lladrianOpoIim,
1200 3551 1381 3619 ibique
1430 3540 1726 3619 tempusad
1764 3555 1977 3623 aliquod
2015 3556 2067 3608 in
2088 3558 2209 3610 otio

682 3641 831 3702 vixit,
860 3643 927 3690 ita
966 3648 1159 3698 tatnen,
1197 3650 1254 3690 ut
1300 3639 1567 3692 Romaniae
1596 3642 2099 3711 beglerbegumcum
2123 3661 2209 3698 co-

679 3730 779 3797 piis
806 3729 1091 3794 ablcgaret,
1123 3729 1185 3780 ad
1219 3730 1601 3781 exstruendum
1634 3747 1811 3783 arcem
1868 3732 2152 3801 Gergooim
2191 3752 2204 3787 :

677 3834 781 3888 qua
812 3818 971 3887 perfec
998 3830 1069 3878 ta.
1112 3817 1349 3871 Murates
1400 3819 1451 3869 in
1502 3820 2087 3885 Anatoliaannontana,
2123 3840 2210 3878 ca-

682 3910 890 3975 ptanda:
935 3908 1227 3975 frigidioris
1259 3922 1403 3960 aurae.
1424 3923 1604 3973 causa,
1661 3924 1718 3963 se
1766 3911 2012 3975 contulit,
2069 3930 2209 3969 anno

680 3996 1165 4064 853(cur.iltsy
1499 4000 1503 4005 '

750 4108 787 4160 E
817 4096 1081 4175 montanis
1109 4122 1377 4170 reversus,
1408 4117 1798 4175 expeditionem
1847 4115 1899 4167 in
1930 4116 2206 4171 Albaniam

638 4202 643 4205 ’
681 4202 934 4267 suscepit,
958 4207 1013 4250 ut
1039 4214 1211 4249 arcem
1245 4197 1660 4265 Beligradensem
1689 4217 1989 4272 occuparet.
2012 4206 2117 4261 Sed
2143 4210 2212 4260 ir-

684 4286 813 4339 ritus
832 4288 914 4339 ille
932 4296 1151 4338 conatus
1179 4284 1296 4347 fuit,
1316 4285 1539 4353 ideoque
1580 4288 1734 4339 rediit
1755 4284 2207 4359 Hadrianopolim,
2236 4340 2243 4347 .

684 4389 780 4427 nec
810 4376 1037 4441 amplius
1063 4373 1244 4427 abillo
1290 4382 1529 4442 tempore
1587 4376 1678 4429 ulli
1735 4379 1813 4432 vel
1862 4378 2209 4447 expeditioni,

2308 3197 2414 3248 lum
2431 3205 2727 3263 serpentem
2749 3192 2948 3247 faceret
2984 3210 2998 3251 :
3027 3195 3243 3262 quando
3276 3210 3371 3261 per
3410 3196 3458 3248 id
3488 3197 3801 3248 simulacrum

2306 3286 2559 3338 effectum
2593 3285 2780 3349 fuerit,
2817 3285 2892 3340 uti
2918 3300 3134 3353 serpens
3169 3276 3223 3338 in
3276 3272 3413 3339 urbe
3470 3288 3637 3341 nullus
3663 3296 3801 3339 esset.

2307 3377 2441 3432 Hinc
2460 3393 2518 3431 ea
2548 3379 2793 3435 columna
2823 3379 2875 3432 in
2926 3378 3241 3433 hodiernum
3303 3380 3477 3434 adhuc
3503 3381 3631 3435 diem
3649 3381 3802 3433 durat.

2307 3468 2372 3521 Et
2400 3484 2704 3539 quanquam
2734 3472 2892 3523 unius
2909 3471 3097 3523 ahenei
3119 3472 3384 3538 serpentis
3416 3472 3653 3523 inferiore
3676 3471 3803 3521 labro

2306 3562 2529 3630 deiecto,
2565 3568 2838 3629 serpentes
2869 3560 2923 3613 in
2953 3562 3137 3614 urbem
3181 3562 3447 3621 venerint,
3506 3566 3682 3619 nocere
3731 3571 3795 3610 lu-

2308 3668 2426 3705 men
2464 3653 2662 3705 nemini
2701 3660 2939 3718 possunt.
3003 3650 3132 3703 Erat
3190 3652 3349 3704 etiam
3409 3665 3613 3706 erectus
3657 3664 3804 3717 equus

2308 3743 2562 3804 uheneus,
2604 3742 2690 3793 cui
2736 3750 2910 3794 statua
2951 3742 3191 3809 quietiam
3244 3746 3510 3810 equestris
3542 3745 3793 3797 insidebat.

2308 3831 2603 3901 Utrumque
2627 3833 2993 3886 Mucliemetes
3012 3834 3295 3887 demolitus
3312 3845 3416 3910 est.
3448 3835 3798 3888 Ft‘t‘.llr:ttlll'lll

2307 3929 2406 3991 hac
2439 3934 2615 3977 statua
2646 3926 2780 3991 pesti
2811 3924 3102 3992 praeclusus
3136 3924 3299 3979 fuisse
3349 3927 3547 3985 aditus.
3603 3943 3697 3995 quo
3724 3923 3803 3976 iui-

2310 4033 2407 4069 nus
2461 4019 2511 4069 in
2572 4016 2753 4069 urbem
2805 4026 3104 4083 penetraret
3133 4031 3196 4068 ac
3251 4016 3301 4068 in
3367 4032 3428 4069 ea
3486 4022 3805 4085 grassaretur.

2375 4107 2645 4176 Occupata
2696 4105 3172 4173 Constantinopoli,
3232 4106 3489 4160 Anatolius
3570 4114 3804 4165 montana,

2311 4197 2585 4267 recreandi
2609 4197 2691 4247 sui
2746 4211 2928 4259 causa,
2976 4196 3341 4249 Muchemetes
3394 4196 3544 4263 petiit
3579 4213 3591 4249 :
3627 4204 3671 4245 et
3704 4189 3805 4242 inde

2310 4303 2555 4341 reversus
2590 4288 2639 4338 in
2667 4286 2944 4338 Albaniam
2967 4288 3152 4353 copias
3206 4285 3358 4337 duxit
3390 4302 3402 4337 :
3459 4285 3547 4337 tibi
3594 4282 3803 4348 Simia-eu

2315 4380 2363 4431 in
2393 4386 2706 4446 potestatem
2738 4377 2959 4455 redegit,
2986 4391 3126 4428 anno
3159 4375 3260 4427 858
3313 4376 3460 4442 tChr.
3493 4374 3657 4443 N55}.

682 4465 761 4514 vel
788 4464 926 4515 bello
962 4462 1201 4514 interfuit
1231 4480 1244 4515 :
1274 4466 1579 4519 exstinctus
1594 4470 1678 4520 die
1707 4471 1935 4537 quodam
1959 4470 2203 4525 Mercurii
2235 4465 2283 4523 υ
2379 4475 2533 4523 Anno
2563 4472 2828 4537 sequenti,
2885 4466 3086 4522 Novam
3139 4483 3257 4521 cum
3321 4466 3489 4535 copiis
3534 4478 3798 4537 aggressus.

683 4560 769 4620 qui
803 4556 1041 4607 decimus
1071 4564 1185 4607 erat
1249 4558 1445 4609 mensis
1492 4558 1847 4621 Muclierenis.
1909 4579 2048 4617 anno
2101 4566 2204 4620 855

684 4649 831 4709 (Chr.
867 4645 1046 4710 1450),
1084 4660 1203 4697 cum
1236 4647 1390 4696 annis
1418 4647 1623 4713 triginta
1680 4663 1840 4699 unum
1872 4649 2203 4715 imperasset.

754 4736 1023 4788 Successit
1046 4735 1178 4802 patri
1214 4738 1456 4787 sulianns
1486 4736 1842 4789 ilntheinetes
1870 4738 2078 4792 liliUsiu
2115 4746 2207 4795 ad-

683 4829 1071 4881 ministratione
1104 4827 1273 4893 regni,
1327 4828 1613 4893 statimque
1666 4829 1873 4881 decimo
1922 4843 2069 4884 srxto
2121 4837 2206 4889 die

681 4922 804 4971 dirti
832 4919 1027 4970 mensis
1060 4917 1347 4970 exercitum
1399 4919 1448 4968 in
1504 4918 1871 4971 Caramaniam
1926 4922 2096 4987 duxit,
2156 4937 2208 4979 ct

686 5013 879 5063 bellum
906 5010 1127 5079 principi
1162 5008 1481 5069 Caramauo,
1541 5008 1789 5061 lbrahimi
1821 5014 1969 5079 hego.
2010 5016 2204 5072 intulit.

684 5103 781 5155 Sed
817 5118 881 5154 eo
909 5118 1011 5153 non
1070 5102 1235 5151 multo
1290 5109 1408 5164 post
1459 5102 1769 5165 composito,
1824 5117 2071 5157 reversus
2126 5121 2206 5161 cst

686 5190 1137 5255 llndrianripolim,
1178 5186 1429 5253 atqueibi
1461 5201 1646 5237 noram
1708 5204 1881 5243 arcem
1942 5196 2203 5252 mitificato

684 5281 862 5346 cmpit,
888 5279 1240 5331 eodetn.anno
1265 5276 1365 5328 855
1396 5276 1727 5345 (ClinHESO).

754 5376 904 5425 Anno
926 5372 1164 5437 sequenti
1185 5374 1446 5438 proximo,
1469 5372 1710 5425 videlicet
1728 5373 1827 5428 856
1846 5378 1990 5446 (Chr.
2026 5383 2202 5449 util),

688 5482 788 5515 non
832 5463 1014 5529 procul
1047 5480 1071 5511 a
1105 5460 1585 5529 Constantinopoli,
1622 5463 1973 5533 locoquodam
2001 5488 2029 5524 a
2061 5485 2206 5542 tergo

684 5559 879 5607 (inlata:
913 5553 1086 5623 oppidi
1118 5554 1241 5615 sito,
1302 5554 1677 5607 munitisimain
1724 5573 1895 5613 arcem
1942 5565 2005 5615 ad
2064 5582 2206 5617 mare

685 5651 932 5703 ftitttltdil.

750 5742 999 5793 Alisoluto
1020 5742 1173 5809 lngus
1194 5740 1329 5791 arcis
1355 5736 1591 5791 :rdilicio,
1626 5743 1871 5793 mandata
1902 5761 2020 5797 cum
2060 5746 2197 5796 litte-

2309 4563 2464 4629 cepit.
2506 4561 2707 4628 Quippe
2738 4560 3023 4613 Christiani
3061 4574 3245 4611 rursus
3274 4557 3373 4609 hac
3428 4567 3575 4626 potiti
3606 4559 3803 4619 inerant.

2321 4655 2535 4707 Factum
2566 4656 2665 4706 hoc
2699 4670 2840 4707 anno
2873 4655 2973 4708 859
2999 4655 3149 4722 (Chr.
3179 4654 3355 4721 1456).

2381 4748 2679 4797 Secundum
2714 4749 2842 4811 lucc,
2876 4748 2940 4799 ad
3002 4747 3185 4798 Albam
3244 4745 3484 4798 Grrecnm
3546 4741 3798 4794 exercitum

2312 4836 2529 4889 adduxit
2559 4854 2573 4890 :
2610 4838 2700 4891 sed
2736 4853 2855 4891 cum
2881 4853 2995 4891 eam
3022 4850 3329 4908 expugnare
3345 4848 3452 4887 non
3484 4840 3666 4900 posset,
3691 4828 3797 4880 abs-

2312 4928 2491 4979 cessit.
2529 4928 2687 4980 Periit
2726 4929 2793 4981 ibi
2816 4914 2949 4980 ‘Dais
2978 4914 3227 4979 Caralzbs
3254 4926 3429 4987 bassa,
3485 4922 3572 4992 qui
3623 4920 3799 4987 begler-

2314 5019 2427 5085 ιμεεί
2458 5035 2674 5074 munere
2743 5020 3081 5088 fungebatur.
3134 5014 3329 5066 Eodem
3382 5031 3519 5069 anno
3541 5016 3634 5068 860
3672 5012 3797 5075 (Chr.

2315 5112 2468 5170 1456)
2516 5113 2785 5179 conspecti
2838 5120 2963 5162 sunt
2994 5110 3103 5159 duo
3159 5115 3378 5160 cometae
3445 5122 3619 5161 versus
3649 5107 3798 5158 orien-

2314 5209 2413 5245 lcttt
2450 5199 2613 5248 solem
2648 5211 2809 5255 unus.
2835 5195 2969 5247 alter
2998 5196 3062 5245 ad
3116 5209 3383 5249 occasum.

2380 5284 2895 5350 ConstantinOpolim
2919 5297 3191 5343 reversus.
3211 5301 3453 5353 magnam
3474 5286 3793 5340 celebritatem

2313 5374 2938 5431 Muchcmetesinstituit.
2996 5374 3121 5426 dum
3149 5375 3306 5446 330
3360 5378 3632 5446 Baja'zitem
3658 5378 3795 5430 lilium

2312 5465 2729 5527 circumcideret,
2764 5480 2902 5518 anno
2930 5466 3022 5519 8b'l
3100 5468 3245 5535 (Clll'.
3301 5470 3479 5541 H57).

2389 5555 2584 5609 Deinde
2614 5564 2798 5610 coacto
2815 5558 3072 5620 eXercitu,
3106 5559 3157 5609 in
3189 5558 3422 5613 Aloream
3476 5560 3619 5620 abiit,
3657 5563 3701 5605 et
3725 5565 3796 5603 ur-

2321 5650 2434 5699 bem
2466 5646 2720 5709 Cordum,
2753 5661 2870 5699 cum
2898 5648 3159 5717 Oppidulls
3177 5650 3493 5719 quibusdam
3516 5652 3658 5718 cepit,
3682 5654 3793 5695 anno

2311 5739 2785 5808 ess(cur.iissi
