3970 6348
214 418 314 483 δια

1470 409 1810 472 ANNALES
1847 409 2179 473 TURClCi.

3333 417 3440 483 6H

283 526 475 582 Postea
512 527 839 583 Semendria:
865 527 1050 597 copias
1103 526 1359 581 admovit.
1388 584 1393 587 ‘
1420 524 1529 579 Rex
1592 503 1779 578 autem
1812 526 1856 580 Α
1886 523 2545 594 instrncta.Posteaqnam
2576 525 2680 580 httc
2706 526 3063 596 appulissent
3088 531 3259 600 copiae
3296 529 3439 587 Tur-

212 619 527 674 Bozinensis
552 630 747 689 sponte
778 635 875 673 sua
896 619 1226 675 Sentendrite
1260 618 1588 672 deditionem
1618 616 1766 679 fecit,

211 728 355 767 anno
386 713 488 766 863
543 713 692 783 (Chr.
727 713 907 782 M59).

244 861 254 871 -
285 826 422 882 Hinc
446 842 634 883 rursus
660 826 715 881 in
742 824 977 881 loream
1010 823 1302 894 profectus,
1334 824 1499 877 multa
1547 822 1770 876 castella

210 932 336 970 cum
372 916 648 987 oppidulis
679 918 984 986 occupavit.
1015 915 1071 971 ld
1103 914 1387 982 temporis,
1431 913 1518 967 die
1538 912 1772 979 quodam

216 1006 460 1075 Veneris,
496 1008 669 1075 primo
699 1002 959 1074 diluculo,
986 1006 1065 1062 sol
1094 994 1228 1060 adeo
1250 1006 1424 1059 lucem
1452 1019 1607 1058 suam
1633 1004 1770 1055 ami-

209 1099 283 1153 sit
317 1139 332 1164 ,
369 1109 429 1153 ut
456 1101 639 1154 omnia
704 1098 943 1155 tenebris
997 1098 1423 1159 involverentnr,
1486 1111 1629 1149 anno
1669 1094 1772 1148 864

210 1192 367 1263 (Chr.
393 1192 581 1263 use).

282 1304 610 1381 Transmisit
643 1316 820 1360 autem
852 1307 1166 1362 secundum'
1192 1307 1310 1360 haec
1339 1303 1613 1359 universis
1648 1316 1770 1356 cum

209 1397 384 1464 ceplis
411 1398 464 1451 in
506 1399 836 1464 Anatoliam,
874 1397 1213 1466 ulteriusque
1272 1410 1617 1465 progressus,
1672 1395 1771 1447 Ca:

212 1501 541 1552 stamonem,
571 1489 828 1560 Sinopen,
883 1501 937 1545 et
962 1490 1365 1544 Tarabosanem
1409 1488 1655 1541 civitates
1681 1501 1774 1539 0c-

211 1582 430 1650 cnpavit
459 1600 474 1638 :
500 1582 727 1650 imperio
755 1598 857 1637 suo
890 1582 1208 1653 regionibus
1241 1582 1349 1636 illis
1381 1584 1636 1635 omnibus
1676 1581 1772 1633 ad-

206 1673 440 1740 junrtis.
471 1671 623 1727 Unde
648 1674 901 1743 deinceps
926 1673 1364 1743 Hadrianopolim
1426 1674 1608 1734 rediit,
1636 1682 1690 1726 et
1718 1672 1771 1725 in

210 1764 325 1817 Otio
355 1774 565 1830 tempus
589 1764 657 1817 ad
678 1764 893 1833 aliquod
916 1779 975 1817 se
998 1763 1285 1817 recreavit.
1308 1764 1637 1819 Acciderunt
1662 1763 1775 1816 haec

213 1869 359 1906 anno
386 1854 488 1908 864
515 1854 666 1923 (Chr.
722 1855 901 1925 1461).

290 1966 498 2023 Rursus
528 1956 874 2038 espeditione
908 1979 1186 2038 suscepta,
1222 1969 1528 2025 Valachiam
1565 1972 1774 2041 ingres-

215 2074 312 2113 sus
344 2073 446 2126 εει,
476 2072 530 2113 et
561 2058 853 2115 Vaivodam
882 2059 1175 2127 Valachiae,
1201 2061 1289 2116 cui
1322 2077 1516 2115 nomen
1569 2061 1773 2116 Draco-

218 2158 319 2215 tes,
341 2142 535 2225 magno
563 2169 685 2208 cum
714 2154 948 2219 exercitu
971 2153 1187 2206 invasit.
1217 2151 1326 2206 Hoc
1355 2153 1497 2206 bello
1550 2154 1773 2207 voivoda

216 2246 487 2301 Val-actius
517 2246 803 2302 consilium
826 2246 969 2313 cepit
991 2245 1329 2313 opprimendi
1356 2253 1534 2300 castra
1557 2245 1778 2301 Muche-

217 2339 379 2393 metis
410 2346 677 2393 nocturno
703 2347 963 2405 tempore,
994 2336 1088 2390 sed
1119 2350 1305 2404 parum
1345 2336 1553 2390 efﬁcere
1581 2338 1780 2407 potuit.

217 2429 451 2498 Ideoque
474 2443 579 2482 non
605 2426 926 2485 succedente
967 2436 1164 2479 conatu
1195 2424 1432 2494 profugit
1495 2428 1550 2480 in
1603 2426 1781 2497 Unga-

215 2521 355 2575 riam
389 2536 405 2573 :
440 2520 531 2573 ubi
563 2534 685 2573 cum
717 2518 770 2571 in
791 2534 979 2573 manus
999 2520 1140 2588 regis
1170 2516 1374 2589 Ungari
1427 2517 1780 2589 pervenisset,

214 2612 423 2667 carceri
484 2608 824 2679 mancipatus
884 2607 1008 2664 fuit.
1034 2607 1245 2663 Interea
1295 2623 1421 2664 vero
1474 2607 1782 2667 Valacbiam

216 2705 321 2758 sibi
362 2704 614 2758 sultanus
644 2695 1006 2769 Muéhemetes
1056 2702 1318 2756 subdidit.
1461 2692 1466 2697 ’

287 2796 435 2850 Misit
459 2806 513 2851 et
543 2796 776 2850 classem
808 2794 862 2846 in
899 2794 1129 2847 insulam
1193 2793 1510 2865 Mitylenen,
1558 2795 1789 2864 ejusque

214 2886 341 2939 belli
375 2900 539 2938 causa
579 2887 745 2941 etiam
773 2885 886 2952 ipse
921 2883 1110 2937 relicta
1162 2882 1418 2939 Valachia
1483 2887 1787 2939 Anatolium

212 2975 375 3029 adiit.
400 2965 672 3041 Occupata
698 2987 823 3026 vero
871 2971 972 3025 fuit
1001 2972 1176 3027 insula
1211 2973 1461 3045 Mitylene
1493 2990 1637 3031 anno
1688 2975 1791 3030 866

214 3065 372 3132 (Chr.
412 3064 595 3137 ηδε).
764 3125 769 3129 ,
1012 3118 1015 3119 ,
1616 3116 1659 3137 Α.
1738 3058 1739 3061 ‘

1873 617 2020 682 cier,
2038 617 2335 672 Christiani
2358 632 2522 685 seque
2549 612 2906 688 fortunasque
2929 633 3057 673 suas
3078 622 3286 691 egregie
3308 635 3439 691 pro-

1768 764 1769 767 η
1865 706 2212 773 pugnabant.
2239 705 2345 762 Sed
2396 722 2518 762 cum
2565 708 2781 762 tandem
2835 711 2974 763 inuri
3041 719 3437 767 tormentorum

1874 787 2073 861 impetu
2108 794 2307 863 pulsati
2336 799 2703 861 corruissent,
2755 813 2862 852 non
2908 813 3035 854 arce
3097 808 3330 862 tantum,
3385 808 3445 855 et

1873 884 2106 946 civitate,
2144 880 2243 952 per
2268 888 2373 938 vim
2404 887 2557 954 potiti
2591 886 2744 941 fuere
2790 886 2961 943 Turci
2998 905 3015 943 :
3044 904 3233 944 verum
3267 894 3437 946 etiam

1874 987 2084 1025 omnem
2118 972 2399 1027 finitimam
2436 977 2707 1046 regionem
2732 977 3092 1032 Muchemetis
3141 980 3431 1049 imperium

1874 1062 2113 1129 accipere
2133 1074 2444 1131 coegerunt,
2470 1078 2614 1118 anno
2643 1064 2747 1120 874
2795 1063 2953 1134 (Chr.
2980 1066 3171 1136 1470).

1943 1151 2139 1221 Egripo
2170 1154 2399 1215 devicta.
2463 1154 2992 1225 Constantinopolim
3052 1174 3109 1211 se
3144 1159 3357 1225 recepit.
3387 1169 3441 1214 el

1874 1258 2064 1311 aspros
2101 1259 2268 1299 novos
2298 1246 2494 1315 signari
2524 1248 2709 1314 jussit,
2740 1263 2886 1303 anno
2916 1249 3021 1302 875
3067 1248 3221 1319 (Chr.
3254 1251 3437 1321 1471).

1874 1333 2009 1387 Dum
2048 1336 2517 1403 Consmntinopoli
2558 1336 3197 1407 Mnchemetesquiescit,
3230 1337 3430 1393 Usum-

1876 1428 2127 1483 chasauis
2160 1428 2482 1482 Parthorum
2514 1429 2652 1499 regis
2687 1430 2897 1483 militia:
2920 1431 3052 1494 dux,
3093 1432 3177 1485 cui
3238 1446 3435 1485 nomen

1872 1517 2122 1572 Jusnfzes
2150 1521 2337 1588 begus,
2368 1535 2493 1573 cum
2512 1523 2755 1576 exercitu
2787 1536 2844 1575 se
2864 1524 3031 1575 movit
3064 1561 3079 1585 ,
3107 1532 3163 1577 et
3191 1540 3438 1594 magnam

1782 1654 1785 1657 .
1875 1612 2020 1664 illam
2059 1611 2241 1663 urbem
2270 1612 2538 1667 Armeniae
2564 1612 2821 1667 Tocatam
2848 1614 3153 1683 populatus,
3192 1617 3244 1670 in
3265 1618 3437 1671 Cara-

1875 1703 2108 1755 maniam
2136 1702 2300 1756 venit.
2342 1704 2473 1756 Erat
2503 1705 2551 1757 id
2574 1706 2831 1772 temporis
2866 1706 3114 1760 sultanus
3130 1706 3443 1776 Mustaphas

1877 1796 1942 1869 iis
1988 1796 2120 1849 locis
2174 1814 2203 1849 a
2258 1806 2405 1865 patre
2469 1796 2798 1854 Mucbemete
2837 1799 3223 1867 prafectust
3274 1802 3441 1856 colle-

1806 1869 1844 1921 Β
1877 1896 1961 1938 cto
1987 1887 2249 1953 exercitu,
2272 1886 2483 1941 Parthis
2508 1889 2724 1942 obvium
2753 1905 2809 1942 se
2834 1891 3001 1955 dedit,
3027 1907 3229 1961 eosque
3279 1893 3441 1957 fudit,

1875 1974 2095 2030 Jusnfze
2120 1979 2252 2043 bego
2272 1991 2449 2044 capto,
2468 1986 2522 2033 et
2541 1979 3075 2052 ConstantinOpolim
3098 1984 3166 2036 ad
3224 1992 3434 2053 patrem

1879 2067 2265 2121 Muchetnetcm
2290 2070 2453 2124 misso
2489 2069 2673 2141 :quod
2691 2070 2906 2140 quidem
2938 2074 3120 2127 evenit
3146 2087 3289 2128 anno
3337 2074 3442 2127 877

1878 2157 2025 2227 (Chr.
2054 2161 2233 2229 M75).
3303 2164 3307 2168 ’

1950 2249 2083 2301 'l‘om
2109 2266 2237 2303 vero
2266 2251 2636 2306 Muehemetes
2666 2252 2732 2307 ad
2760 2266 2910 2307 arma
2943 2268 3003 2308 se
3048 2268 3247 2323 parans
3294 2257 3443 2310 Ana-

1882 2338 2065 2393 toliam
2091 2340 2267 2397 adiit:
2301 2350 2355 2394 et
2387 2342 2657 2407 mandatis
2684 2344 2809 2399 hinc
2838 2344 2963 2399 inde
3004 2345 3212 2406 missis.
3243 2357 3301 2401 ut
3323 2363 3444 2401 om-

1884 2446 1979 2483 nes
2010 2429 2209 2510 milites
2239 2431 2303 2483 ad
2340 2432 2516 2499 ipsum
2548 2432 2602 2487 in
2658 2435 2965 2488 Anatoliam
2998 2448 3058 2489 se
3114 2434 3442 2503 conferrent,

1884 2524 2072 2577 edixit.
2095 2522 2341 2578 Peditum
2372 2527 2437 2578 ad
2481 2526 2668 2597 viginti
2698 2526 2866 2581 millia
2900 2527 2954 2581 in
2983 2529 3151 2583 armis
3188 2543 3309 2585 esse
3332 2531 3448 2600 jus-

1887 2616 1978 2677 sit,
2003 2625 2055 2669 et
2078 2615 2468 2670 Genizarornm
2500 2632 2758 2674 numeros
2776 2618 2842 2672 ad
2868 2619 3056 2674 decem
3074 2612 3246 2690 usque
3281 2624 3446 2677 millia

1888 2710 2178 2778 suppleri:
2232 2725 2353 2763 cum
2440 2709 2649 2764 aulicus
2717 2710 2878 2764 etiam
3003 2717 3293 2768 cemitatus
3347 2716 3449 2770 de-

1890 2819 2004 2856 cem
2032 2802 2308 2854 hominum
2343 2800 2509 2853 millia
2540 2800 3116 2870 complementum-Ad
3150 2820 3447 2870 summam,

1891 2902 2112 2948 coactus
2144 2895 2192 2946 ei
2217 2894 2320 2946 fuit
2356 2893 2652 2957 exercitus,
2676 2894 2765 2961 qui
2786 2908 3071 2949 numerum
3106 2899 3449 2969 septuaginta

1865 2988 1974 3069 ’γει
2026 2986 2296 3055 octoginta
2346 2985 2574 3039 millium
2624 2986 2925 3041 excederet.
2982 2985 3116 3042 Cum
3174 2993 3277 3044 hoc
3322 3008 3450 3061 ergo

1896 3082 2064 3136 milite
2081 3096 2269 3135 versus
2289 3078 2563 3133 Parthiam
2590 3078 2889 3148 profectus,
2917 3079 3309 3136 Usumchasani
3333 3083 3447 3153 regi

287 3177 366 3232 Ex
399 3180 647 3234 Anatolia
679 3180 1209 3249 Constantinopolim
1268 3197 1326 3236 se
1385 3182 1636 3245 contulit.
1690 3184 1776 3237 ubi
1807 3186 1850 3242 ο
1888 3172 2570 3240 bellumintulit:sumptis
2588 3172 2750 3225 etiam
2773 3170 3024 3226 secumin
3046 3172 3184 3227 hanc
3232 3174 3449 3242 expedi-

216 3272 469 3339 qtnedam
501 3273 723 3326 mdillcia
759 3274 969 3327 curavit
1022 3275 1229 3327 exstrui
1261 3290 1276 3326 :
1331 3283 1384 3327 et
1424 3274 1776 3328 Mecbmetem

217 3366 463 3426 bassam,
498 3368 731 3417 vezlrem
759 3364 1020 3426 suntn,in
1073 3362 1310 3419 Moream
1370 3364 1657 3432 ablegavit.
1732 3366 1781 3421 ls

216 3459 435 3526 aliquot
463 3454 660 3510 ibidem
703 3455 956 3524 oppidula
1053 3458 1213 3524 cepit,
1279 3469 1421 3508 anno
1478 3455 1579 3509 867
1630 3454 1779 3526 (Chr.

219 3550 413 3619 nos).
506 3592 517 3600 .
1367 3594 1370 3598 λ

302 3642 615 3698 Secundum
668 3642 758 3695 illa
824 3639 1107 3710 productis
1168 3638 1531 3695 Muchemetes
1592 3640 1785 3710 copiis,

216 3734 266 3787 B
304 3738 481 3789 zinam
509 3734 731 3787 adortus
761 3742 861 3797 est,
892 3741 945 3786 et
998 3747 1212 3787 omnem
1258 3732 1404 3785 illam
1450 3723 1787 3801 regionemin

222 3830 551 3896 potestatem
575 3824 805 3893 redegit,
840 3838 1125 3893 regemque
1164 3836 1378 3892 captum
1416 3824 1632 3878 occidit.
1662 3825 1790 3878 lude

221 3919 331 3970 sub
349 3916 541 3985 jngnm
567 3915 635 3970 ab
657 3928 724 3967 eo
750 3915 919 3968 missa
938 3915 950 3943 τί
963 3914 1063 3968 fuit
1091 3914 1478 3984 Herzegovina,
1509 3930 1633 3969 cum
1693 3917 1794 3970 Co-

218 4009 398 4061 vadza
431 4022 446 4060 :
485 4005 685 4075 quibus
716 4005 877 4058 rebus
915 4005 1101 4074 gestis,
1136 4006 1323 4059 itinere
1353 4020 1636 4069 converso,
1652 4006 1795 4059 Con-

218 4094 637 4164 stantitmpolim
667 4094 895 4162 repetiit,
922 4108 1064 4147 anno
1086 4093 1189 4147 869
1220 4093 1369 4161 (Chr.
1401 4094 1582 4161 1464).

300 4190 682 4242 Annusautem
701 4201 934 4256 sequens
964 4186 1067 4239 870
1088 4185 1237 4257 (Chr.
1261 4188 1444 4255 1495),
1469 4198 1696 4244 exactus
1725 4189 1793 4243 ab

183 4295 297 4348 ,eo
318 4277 788 4347 Constantinopoli
820 4276 1003 4331 fuitin
1037 4278 1171 4332 otio.
1241 4277 1344 4332 Sed
1392 4281 1446 4331 in
1510 4278 1794 4333 Albaniam

192 4370 424 4425 deinde
447 4368 744 4437 profectus,
774 4369 1033 4422 ditionem
1070 4369 1224 4423 ducis
1273 4366 1502 4425 Joannis
1544 4370 1672 4424 istic
1695 4372 1799 4425 im-

216 4460 386 4527 perio
414 4473 518 4512 suo
545 4457 798 4526 subjecit,
828 4459 963 4511 Cum
993 4470 1174 4511 autent
1218 4459 1269 4512 id
1314 4461 1575 4529 temporis
1637 4476 1796 4514 exer-

216 4552 403 4605 citum
445 4550 610 4615 ipsqu
676 4552 789 4602 dira
838 4550 1081 4615 quadam
1144 4552 1260 4605 lues
1312 4553 1620 4616 invasisset,
1679 4554 1792 4623 ipse

216 4641 650 4710 Philippopolim
687 4639 839 4704 adiit,
864 4639 1047 4709 ibique
1074 4654 1133 4693 se
1191 4643 1359 4710 quieti
1421 4644 1590 4709 dedit,
1649 4659 1792 4698 anno

218 4734 335 4789 sn
372 4732 526 4802 (Chr.
559 4730 741 4800 uos).
966 4796 974 4809 )

304 4824 665 4894 Philippopoli
689 4823 995 4888 discedens,
1036 4838 1227 4878 rursus
1255 4826 1309 4878 in
1360 4826 1641 4880 Albaniam
1671 4844 1796 4896 per-

218 4918 398 4981 rexit,
425 4918 792 4987 majoremque
817 4916 1109 4986 provinciae
1137 4927 1341 4985 partem
1374 4921 1681 4988 occupavit,
1701 4935 1797 4973 an-

218 5028 305 5065 no
347 5009 450 5062 s72
501 5009 653 5077 (Chr.
690 5010 876 5082 1467.)

220 5197 383 5251 ﬁnes
403 5196 684 5262 ingressus
701 5206 803 5258 est,
830 5202 884 5248 et
913 5208 1089 5247 arcem
1106 5192 1494 5247 Giolchisarem
1530 5208 1799 5261 expugna-

220 5291 311 5345 vit
352 5304 371 5341 :
393 5287 532 5340 unde
566 5295 750 5354 postea
785 5285 1317 5343 Constantinooolim
1348 5300 1636 5349 reversus,
1698 5286 1800 5337 alio

217 5382 487 5456 quandiu
517 5379 726 5434 bellicis
743 5395 773 5433 a
792 5381 1021 5449 negotiis
1054 5380 1336 5441 abstinuit,
1357 5393 1498 5432 anno
1518 5378 1618 5432 873
1677 5379 1775 5447 (Ch

227 5473 432 5539 1469).

302 5566 433 5622 Non
465 5564 634 5619 multo
660 5577 801 5635 post,
837 5575 896 5620 ut
924 5566 1019 5620 otii
1065 5579 1201 5619 sane
1266 5563 1623 5617 diuturnioris
1685 5575 1803 5617 erat

218 5658 554 5731 impatiens,
587 5656 810 5724 ipsemet
857 5658 1046 5711 itinere
1101 5657 1340 5709 terrestri
1388 5654 1663 5723 profectus
1722 5665 1805 5708 est

220 5767 442 5811 versus
476 5750 707 5820 Egripon
748 5765 916 5804 :cum
959 5748 1317 5803 Machmutem
1353 5748 1569 5802 bassam
1610 5748 1801 5802 eodem

221 5853 560 5918 able‘gassct
586 5860 708 5901 cum
736 5848 926 5916 classe,
946 5845 1233 5903 duodecim
1266 5842 1503 5898 millibus
1522 5842 1804 5898 hominum

1884 3270 2080 3322 tionem
2098 3265 2244 3329 ﬁliis,
2283 3261 2765 3331 sultanoBajazite,
2804 3262 3016 3318 sultano
3056 3262 3355 3333 Mustapha,
3396 3274 3450 3318 ct

1881 3361 2092 3415 sultano
2112 3358 2293 3411 Zeme.
2316 3357 2641 3425 Progressus
2656 3363 2833 3409 autem
2851 3369 2972 3408 cum
2992 3357 3108 3409 suis
3137 3356 3191 3408 in
3241 3356 3446 3419 Asiam,

1884 3467 1987 3504 non
2007 3451 2159 3518 plura
2182 3448 2735 3515 duntaxatoccupavit
2783 3444 2974 3515 oppida
2996 3466 3023 3510 ,κ
3058 3460 3243 3501 verum
3285 3446 3446 3500 etiam

1884 3543 2103 3596 sublimi
2134 3542 2291 3595 sitam
2335 3542 2473 3603 loco,
2509 3541 2876 3608 munitamque
2908 3540 3185 3609 insigniter
3247 3554 3449 3606 arcem,

1886 3636 2294 3691 Carachisarem
2348 3634 2510 3703 cepit,
2552 3629 2986 3689 Usumcbasanes
3004 3634 3215 3689 obviam
3237 3635 3452 3691 Hucine-

1889 3729 2018 3783 meti
2051 3742 2158 3780 non
2208 3726 2430 3796 prodiit,
2460 3724 2556 3779 sed
2579 3734 2699 3779 astu
2730 3725 2962 3794 quodam
2991 3726 3316 3795 excogitato,
3350 3729 3450 3796 mi-

1892 3820 2037 3873 litem
2068 3833 2226 3872 suum
2258 3816 2387 3869 hinc
2417 3815 2541 3870 inde
2569 3818 2823 3886 partitus,
2870 3818 2925 3870 in
2973 3817 3184 3871 insidiis
3229 3818 3447 3873 locavit.

1893 3910 1958 3963 Et
1984 3911 2110 3979 quia
2162 3907 2389 3976 primam
2442 3906 2611 3959 aciem
2667 3907 2723 3959 in
2774 3906 3046 3960 excercitu
3103 3906 3452 3963 Mucltemetis

1892 3999 2172 4054 Romaniae
2239 3996 2626 4067 beglerbegus,
2683 3996 2827 4050 Chas
2878 3993 3138 4059 Murates,
3196 3996 3448 4060 ducebat,

1896 4093 2036 4145 forte
2070 4074 2282 4155 accidit,
2315 4098 2373 4142 ut
2403 4088 2684 4156 inopinato
2737 4087 3000 4156 quasdam
3056 4087 3111 4140 in
3163 4084 3450 4141 Persarum

1896 4185 2080 4253 copias
2112 4183 2394 4247 incideret,
2425 4195 2489 4235 ac
2527 4194 2745 4233 manum
2778 4194 2901 4233 cum
2927 4180 3006 4233 eis
3047 4192 3334 4234 conserere
3359 4195 3453 4241 co-

1898 4284 2134 4344 geretur.
2168 4275 2247 4330 Ibi
2284 4291 2409 4330 cum
2444 4275 2680 4342 majores
2701 4272 3029 4325 Parthorum
3081 4271 3224 4324 vires
3244 4282 3449 4335 essent,

1898 4372 2191 4441 dissipatus
2217 4350 2490 4421 Romanis:
2515 4366 2694 4426 miles,
2722 4377 2774 4417 et
2808 4365 2923 4433 ipse
2979 4362 3329 4432 beglerbegus
3352 4379 3453 4417 oc-

1901 4467 2049 4521 cisus
2078 4463 2196 4517 fuit.
2230 4460 2440 4514 Interea
2473 4475 2599 4514 vero
2635 4461 2762 4511 dum
2818 4456 2999 4511 l’artiti
3058 4455 3286 4524 primam
3314 4458 3453 4518 haut;

1898 4536 2253 4610 Mucbemetis
2278 4554 2453 4608 aciem
2479 4557 2749 4608 caederent
2784 4554 2993 4607 :etiam
3034 4552 3161 4620 ipsi,
3211 4550 3455 4603 desertis

1898 4648 2179 4703 ordinibus
2212 4647 2347 4711 suis,
2372 4646 2581 4701 hostem
2603 4647 2811 4701 confusi
2828 4650 3117 4715 persecuti,
3150 4651 3361 4702 tandem
3386 4649 3453 4701 ad

1897 4741 2044 4795 illam
2072 4748 2434 4808 pervenerunt
2467 4738 2663 4802 aciem,
2701 4739 2854 4808 cujus
2879 4739 2993 4808 ipse
3037 4740 3281 4793 sultanu-s
3337 4737 3451 4789 Mn-

1898 4836 2171 4889 cltemetes
2200 4832 2309 4885 dux
2336 4839 2472 4882 erat.
2509 4830 2556 4881 is
2581 4843 2762 4886 autem
2794 4832 2951 4903 331
2982 4830 3302 4885 Parthorum
3337 4844 3455 4898 per-

1901 4920 2143 4976 turbatos
2172 4921 2520 4986 conspicatus
2552 4920 2789 4983 ordines,
2842 4937 2963 4975 cum
3017 4914 3246 4974 suis'eos
3292 4918 3455 4970 ador-

1818 5008 1821 5011 ’
1902 5025 1989 5068 tus
2020 5025 2124 5067 est.
2152 5012 2305 5077 Quod
2337 5025 2367 5063 a
2398 5011 2737 5065 Muchcmete
2762 5012 2877 5066 fieri
2908 5012 3096 5063 videns
3153 5005 3456 5061 Usuun-ha-

303 5099 389 5153 Ex
414 5100 638 5153 Albania
668 5101 943 5168 profectus
979 5102 1030 5156 in
1079 5100 1410 5164 Anatoliam,
1464 5101 1799 5155 Caramania‘.
1828 5104 1829 5109 “

1900 5123 2081 5169 sanes,
2108 5120 2302 5172 magno
2332 5103 2498 5155 animi
2524 5105 2721 5157 ardore
2743 5103 3072 5165 concitatus,
3105 5110 3159 5153 et
3212 5099 3325 5166 ipse
3357 5115 3455 5152 sua

1902 5216 1955 5269 in
1982 5198 2190 5252 Turcos
2213 5195 2365 5249 duxit
2391 5182 2625 5264 agmina.
2663 5193 2936 5248 Permistis
2982 5193 3233 5259 utrinque
3294 5192 3458 5245 tantis

1902 5282 2251 5352 exercitibus,
2272 5289 2594 5342 acerrimum
2628 5286 2869 5353 praelium
2911 5276 3271 5337 commissum
3308 5283 3407 5335 fuit
3440 5298 3455 5336 :

1903 5400 2024 5439 cum
2050 5379 2403 5434 Muchemetis
2435 5378 2528 5431 lilii
2559 5378 2673 5432 suis
2727 5388 2849 5429 cum
2912 5373 3088 5444 copiis
3133 5364 3455 5443 gravissime

1906 5475 2133 5530 Parthos
2155 5482 2425 5542 urgerent,
2451 5480 2507 5524 et
2556 5471 2608 5522 in
2667 5467 2835 5521 altero
2892 5481 3061 5520 cornu
3121 5465 3457 5521 Maclnuntes

1907 5572 2084 5632 bassa,
2111 5582 2233 5620 cum
2264 5568 2431 5620 Dautc
2456 5566 2633 5625 bassa,
2667 5560 2929 5617 Anatolite
2980 5558 3319 5628 beglerbego,
3349 5566 3458 5611 tor~

1889 5663 2099 5718 .tneutis
2128 5658 2336 5715 bellicis
2369 5660 2578 5711 hostem
2610 5656 2957 5708 vehementer
2980 5650 3256 5721 afﬂigeret.
3281 5648 3455 5703 Etiam

1914 5756 2337 5813 Usumcbasanis
2360 5753 2449 5808 uni
2490 5753 2556 5805 de
2607 5752 2731 5804 filiis
2779 5760 2939 5818 caput
2981 5755 3345 5815 amputatum,
3388 5757 3461 5797 .et

1919 5854 2131 5909 sultano
2164 5848 2483 5905 Muchcnleti
2511 5848 2748 5902 oblatum
2787 5849 2903 5901 fuit.
2930 5845 3063 5899 Cum
3092 5858 3218 5907 ergo
3274 5840 3460 5895 Parthi
