3970 6348
721 406 830 475 619

1949 400 2292 468 ANNALES
2319 397 2659 466 TURCICI.
3796 397 3879 457 620

726 525 912 587 rebus,
945 520 1151 574 Daudes
1187 526 1531 575 exauctorato
1565 518 1737 574 milite
1790 533 2038 573 reversus
2069 528 2152 572 est
2194 517 2257 570 ad
2290 524 2335 577 Α
2430 514 2698 583 Bajazites
2736 526 2982 582 magnam
3021 526 3212 565 rursus
3243 510 3470 564 militum
3528 524 3743 563 manum
3793 512 3882 563 coi-

727 613 993 667 sultanum
1026 609 1337 681 Bajazitem,
1368 610 1461 680 qui
1497 619 1628 665 tunc
1673 610 1724 663 in
1775 610 1991 679 regione
2038 608 2260 663 Visena-

727 701 863 757 hicsi
888 702 1126 769 degebat.

794 790 949 845 Venit
981 788 1034 844 id
1076 789 1330 857 temporis
1369 788 1433 842 ad
1461 787 1745 855 Bajazitem
1798 787 2004 856 legatus
2041 801 2105 839 ex
2150 782 2261 838 Un-

728 883 897 951 garia,
926 882 1008 934 vir
1031 880 1238 933 eximite
1274 878 1570 946 dignitatis.
1603 878 1687 930 cui
1725 892 1915 931 nomen
1942 874 2263 951 Jaclioschi-

729 975 865 1025 cius.
900 971 948 1025 Is
970 970 1033 1022 ad
1066 970 1337 1023 sultanum
1370 968 1652 1028 adductus.
1684 976 1737 1023 et
1788 966 2111 1035 perbenigne
2163 965 2263 1016 fuit

731 1063 966 1116 auditus.
1032 1060 1287 1139 Expedita
1345 1058 1632 1127 legatione.
1693 1064 1895 1111 Vestem
1948 1072 1976 1108 a
2030 1054 2263 1124 Bajazite

732 1155 891 1212 dono.
915 1167 1012 1219 pro
1041 1165 1189 1204 more
1221 1150 1393 1218 gentis
1416 1150 1638 1216 accepit,
1700 1161 1752 1202 et
1778 1147 2076 1210 admodum,
2099 1149 2263 1201 hono-

732 1241 876 1293 rilicc
902 1239 1231 1307 benigneque
1259 1236 1511 1290 dimissus
1539 1236 1658 1288 fuit.
1688 1235 1742 1288 in
1766 1236 1957 1288 itinere
1986 1249 2133 1293 vero.
2155 1248 2261 1300 quo

731 1336 947 1384 domum
983 1329 1251 1383 rediturus
1304 1338 1442 1391 erat,
1504 1343 1625 1381 cum
1648 1327 1758 1395 jam
1784 1325 2108 1379 Semendria:
2134 1325 2263 1378 lines

733 1420 1016 1489 attigisset,
1065 1418 1281 1486 quidam
1342 1431 1505 1485 eques
1540 1415 1823 1479 Turcicus,
1861 1414 1943 1468 vir
1992 1414 2260 1478 militaris,

732 1512 813 1562 cui
834 1524 1019 1563 nomen
1056 1508 1222 1561 Gases
1256 1505 1583 1574 Mustaplias,
1613 1516 1664 1558 et
1692 1506 1781 1574 qui
1816 1504 2088 1558 fortevtum
2125 1513 2259 1558 tem-

736 1598 878 1666 poris
912 1597 1027 1649 istic
1060 1605 1196 1659 erat,
1235 1610 1374 1663 equo
1402 1587 1722 1658 conscenso,
1774 1594 2003 1662 legatum
2048 1606 2265 1661 aggres-

733 1702 824 1738 sus
853 1694 955 1746 est.
978 1693 1028 1736 et
1054 1682 1272 1735 acinace
1322 1695 1420 1735 suo
1452 1692 1557 1733 tam
1598 1680 1827 1748 graviter
1859 1679 2175 1738 vulneravit,
2208 1685 2265 1730 ut

732 1774 1010 1828 confestim
1037 1773 1107 1826 ibi
1138 1783 1359 1824 mortem
1390 1780 1681 1839 oppeteret.
1712 1769 1767 1822 Id
1801 1770 1873 1822 uti
1911 1769 2126 1830 faceret,
2155 1769 2265 1820 ltzec

735 1882 857 1920 cum
898 1865 1184 1932 impulerat
1232 1879 1417 1926 causa,
1459 1863 1599 1930 quod
1633 1878 1752 1914 cum
1803 1858 2094 1929 aliquando
2123 1859 2265 1927 lega-
2300 1850 2338 1906 Β

737 1967 821 2010 tus
855 1956 940 2009 ille
962 1954 1139 2007 Gasim
1171 1952 1502 2019 Mustapliam
1539 1967 1657 2005 cum
1679 1952 1839 2004 fratre
1874 1950 2142 2019 captivum
2170 1950 2262 2003 de—

735 2047 950 2109 tineri-4,
1010 2044 1305 2112 Mustaphae
1341 2040 1556 2096 fratrem
1592 2058 1717 2096 veru
1774 2042 2155 2105 translixisset,
2190 2041 2290 2109 ip-.

734 2154 965 2206 sumque
990 2135 1328 2203 Mustapham
1361 2136 1641 2201 coegisset,
1674 2142 1729 2186 ut
1753 2135 1852 2186 hoc
1888 2133 2047 2185 modo
2079 2143 2266 2185 trans-

735 2232 898 2283 fixum
925 2241 1055 2279 veru
1119 2224 1336 2276 fratrem
1384 2238 1693 2292 germanum
1742 2228 1990 2276 assaret:
2025 2220 2267 2273 excussis

728 2316 907 2369 eidem
949 2314 1099 2367 Casu:
1136 2311 1427 2380 Mustaplue
1490 2312 1703 2379 triginta
1743 2309 1954 2363 duobus
2018 2306 2269 2361 dentibus

736 2404 866 2458 suis.
907 2399 1018 2454 liae
1044 2414 1169 2471 ergo
1203 2398 1267 2451 de
1294 2414 1455 2452 causa
1486 2405 1750 2464 repertum
1801 2396 1869 2448 ibi
1925 2397 2152 2463 legatum
2182 2411 2268 2448 oc-

739 2490 886 2553 cidit,
942 2501 1246 2555 quanquam
1276 2494 1327 2538 et
1376 2486 1487 2553 ipse
1526 2482 1692 2536 Gases
1745 2483 2051 2551 iilustaphas
2083 2484 2267 2536 eodem

732 2582 851 2635 loco
899 2579 1216 2633 Vulneribus
1273 2577 1549 2630 confectus
1620 2575 1830 2628 vivendi
1895 2576 2050 2628 linem
2123 2574 2267 2628 fecit.

736 2670 1057 2727 Acciderunt
1098 2670 1209 2722 brec
1265 2684 1406 2722 anno
1436 2669 1526 2722 89f
1569 2666 1715 2737 (Chr.
1745 2666 1924 2729 H87).

803 2763 1107 2818 Secundum
1137 2762 1251 2815 haec
1303 2760 1575 2829 profectus
1629 2774 1691 2811 ex
1731 2759 1973 2811 Analolia
2026 2760 2271 2812 sultanus

734 2855 1019 2924 Bajazites,
1050 2850 1566 2918 Constantinopolim
1605 2849 1748 2903 venit
1781 2871 1793 2903 :
1836 2860 1888 2903 et
1929 2850 2109 2902 missis
2147 2850 2272 2902 hinc

735 2940 860 2999 inde
893 2958 985 3012 per
1014 2955 1202 2995 omnes
1236 2940 1538 3007 provincias
1567 2940 1691 2991 suas
1720 2939 2004 3004 mandatis,
2034 2952 2100 2990 ex
2134 2944 2272 2992 Ana-

737 3035 863 3089 toiia
889 3032 1254 3099 Romanisque
1282 3044 1531 3096 magnum
1569 3028 1739 3100 coegit
1768 3030 2085 3090 exercitum,
2121 3043 2272 3080 eum-

736 3124 1015 3195 que'misit
1046 3135 1231 3175 versus
1262 3120 1511 3174 Arabiam
1547 3134 1561 3174 :
1592 3133 1804 3173 summo
1846 3120 2121 3187 copiarum
2154 3133 2270 3169 om-
2297 3168 2337 3195 Π

736 3216 888 3270 nium
926 3214 1245 3278 imperatore
1304 3209 1599 3275 designato,
1642 3208 1724 3260 Ali
1781 3210 1935 3262 liassa
1995 3205 2269 3259 eunucho.

736 3305 790 3359 Is
818 3302 906 3358 ubi
941 3314 1059 3354 cum
1094 3298 1257 3351 milite
1292 3298 1620 3364 pervenisset
1649 3298 1715 3349 ad
1762 3299 2029 3351 civitatem
2059 3298 2276 3351 Adano-

739 3404 882 3453 rum,
909 3402 1083 3443 arcem
1112 3385 1257 3439 urbis
1278 3384 1616 3446 instauravit,
1648 3383 1853 3445 reiecit,
1885 3385 2272 3436 communivit:

737 3490 794 3535 et
812 3473 932 3535 aliis
963 3478 1281 3548 quibusdam
1334 3473 1543 3543 Oppidis
1598 3474 1792 3542 captis,
1826 3474 2069 3542 praesidia
2103 3476 2275 3544 impo-

740 3571 869 3633 suit,
920 3584 1059 3622 anno
1087 3567 1187 3620 893
1220 3566 1365 3633 (Chr.
1409 3565 1585 3631 M89).

812 3654 1022 3708 interea
1051 3653 1173 3704 dum
1203 3652 1288 3703 his
1320 3652 1532 3703 arcibus
1560 3650 1887 3717 occupandis
1922 3658 1975 3702 et
1996 3650 2278 3704 exstruen-

743 3746 832 3800 dis
882 3743 1070 3797 intenti
1118 3749 1245 3795 stitit
1297 3739 1595 3807 Bajazitici,
1644 3740 1801 3792 etiam
1830 3754 1891 3791 ex
1929 3740 2091 3792 altera
2132 3748 2277 3805 parte

714 3862 717 3865 λ
744 3832 998 3889 sultanini
1028 3831 1366 3899 expeditione
1398 3839 1666 3897 suscepta,
1702 3830 1753 3881 in
1786 3830 1991 3881 hostem
2051 3828 2275 3896 profecti

744 3935 887 3980 sunt.
917 3924 1224 3993 Congressis
1253 3922 1594 3999 exercitibus,
1620 3920 1908 3974 vehemens
1930 3920 2275 3972 commissum

742 4015 843 4070 fuit
879 4015 1140 4082 prclium.
1190 4012 1263 4064 Ac
1299 4014 1509 4064 tametsi
1534 4011 1928 4064 sultaninorum
1970 4012 2112 4065 acies
2144 4023 2279 4065 tau-

742 4108 862 4161 dem
886 4104 1072 4160 solutae
1089 4103 1497 4170 dissiparentur,
1520 4084 1821 4155 nontamen
1850 4119 2040 4170 passus
2063 4113 2143 4157 est
2164 4104 2279 4158 Alis

743 4200 899 4253 bassa
924 4192 1147 4249 militem
1178 4208 1333 4247 suum
1355 4208 1381 4245 a
1417 4202 1563 4257 tergo
1585 4208 1677 4244 eos
1700 4192 1945 4273 persequi
1979 4214 1989 4246 :
2019 4198 2158 4262 quod
2190 4213 2282 4248 ve-

741 4300 969 4350 reretur,
1004 4301 1068 4337 ne
1096 4284 1218 4343 belli
1251 4297 1306 4335 se
1335 4288 1669 4335 converteret
1709 4282 1822 4334 alea
1850 4301 1863 4334 :
1892 4283 2151 4351 simulque
2182 4299 2281 4352 pu-

743 4388 898 4441 taret,
937 4377 1066 4431 satis
1104 4390 1160 4428 se
1194 4382 1540 4433 consecutum
1581 4372 1781 4440 gloriae,
1816 4375 1907 4441 qui
1979 4385 2082 4428 tam
2109 4375 2280 4429 felici-

742 4476 827 4521 ter
860 4465 1081 4519 hostiles
1114 4464 1297 4530 copias
1346 4463 1649 4530 disiecisset
1680 4480 1693 4515 ε
1724 4464 2018 4518 cavendum
2050 4465 2279 4534 denique

743 4565 1004 4617 censeret,
1042 4566 1106 4604 ne
1138 4550 1218 4603 sui
1256 4550 1420 4601 nimio
1455 4551 1635 4603 labore
1656 4552 2093 4621 defatigarentur.
2124 4554 2275 4608 Ideo-

742 4660 846 4713 que
878 4641 1034 4697 motis
1066 4641 1188 4693 hinc
1219 4639 1433 4700 castris.
1464 4639 1679 4691 domum
1736 4640 1959 4695 militem
2004 4656 2163 4694 suum
2197 4659 2279 4697 re-

742 4733 913 4786 duxit.
943 4730 1228 4799 Postquam
1282 4743 1407 4782 vero
1438 4727 1710 4796 Bajazitici
1744 4728 2127 4792 discesserant,
2161 4729 2280 4783 Sul-

746 4821 912 4876 tanini
968 4823 1083 4875 suis
1116 4822 1291 4873 denuo
1364 4820 1623 4886 collectis,
1674 4820 1859 4874 Adana
1908 4821 2248 4888 Tersumque

744 4913 985 4966 civitates
1006 4911 1286 4966 obsidione
1313 4910 1598 4964 cinxerunt
1638 4925 1651 4962 :
1707 4912 1906 4979 quibus
1966 4926 2085 4965 cum
2119 4910 2280 4978 potiri

743 5018 850 5058 non
875 5011 1114 5072 possent.
1148 5003 1331 5069 c0pias
1379 5001 1501 5055 inde
1530 5015 1655 5055 suas
1682 5002 2043 5055 abduxerunt.
2080 5002 2277 5057 Verum

746 5108 851 5146 non
887 5086 1053 5145 mulio
1082 5099 1219 5160 post,
1250 5096 1636 5143 tormentorum
1660 5089 1951 5142 etaliarum
1981 5105 2159 5144 rerum
2184 5106 2280 5158 ap-

743 5168 929 5251 paratu
968 5182 1235 5244 instructi,
1268 5194 1456 5234 rursus
1497 5179 1669 5232 adorti
1704 5189 1831 5233 sunt
1862 5181 2065 5245 Adana,
2098 5193 2149 5235 et
2190 5198 2277 5236 ex-

745 5267 1027 5341 pugnatam
1056 5272 1203 5326 urbis
1230 5286 1407 5324 arcem
1436 5272 1737 5333 diruerunt,
1771 5268 1929 5339 atque
1960 5272 2029 5325 ita
2061 5266 2275 5327 domum

745 5362 941 5415 reversi
969 5368 1117 5424 sunt,
1154 5376 1294 5413 artuo
1325 5360 1427 5413 893
1458 5360 1609 5429 (Chr.
1652 5359 1829 5428 M90).

810 5451 962 5505 Tunc
984 5460 1040 5504 et
1061 5450 1144 5503 die
1170 5452 1401 5517 quodam
1437 5450 1604 5514 Jovis,
1634 5451 1775 5505 circa
1805 5454 2103 5518 meridiem,
2136 5456 2277 5509 Con-

737 5539 1083 5611 stantinOpoli
1108 5550 1247 5593 terra
1278 5548 1422 5592 mota
1445 5542 1677 5605 tremuit,
1696 5553 1748 5595 et
1769 5545 1935 5597 multa
1960 5555 2281 5601 corruerunt

737 5634 981 5691 mdiﬂcia.
1028 5631 1150 5686 Fuit
1210 5639 1263 5686 et
1325 5629 1509 5684 Prusa:
1572 5640 1782 5685 tantum
1850 5638 2178 5706 incendium,
2223 5650 2278 5692 ut

740 5726 887 5781 urbis
943 5723 1188 5791 regiones
1236 5720 1305 5776 25
1336 5721 1765 5777 absumerentur.

2361 608 2508 675 legit,
2546 615 2595 661 et
2635 607 2688 658 in
2741 602 3046 657 Anatoliam
3105 602 3423 666 transmisit,
3476 601 3607 653 dato
3644 601 3721 654 eis
3769 600 3880 653 duce

2360 696 2680 750 lschendere
2708 698 2863 763 bego.
2908 693 3184 749 Michaelis
3230 693 3381 745 filio:
3428 693 3518 745 cui
3552 693 3809 761 pt‘mcepil,
3836 704 3879 744 ut

2362 788 2601 841 Aladeuli
2634 786 2936 856 Dulgadiris
2977 786 3097 839 duci
3140 785 3335 838 bellum
3401 783 3646 837 inferret.
3681 782 3741 835 Hi
3783 798 3875 835 (lilii

2361 881 2513 933 ducis
2538 880 2668 931 ﬁnes
2698 876 2923 944 ingressi
2958 876 3205 937 fuissent,
3239 889 3420 927 rerum
3445 885 3678 926 .suarmn
3710 877 3876 928 secun‘,

2373 975 2517 1020 tutos
2542 965 2764 1019 omnino
2785 980 2842 1019 se
2861 966 3139 1033 putabant.
3164 964 3239 1015 lbi
3270 974 3381 1015 tum
3408 977 3503 1017 eos
3530 976 3594 1014 ex
3623 963 3877 1029 iitipriiviso

2365 1058 2586 1109 adortus
2638 1056 2946 1117 Aladeules,
2999 1055 3210 1108 duobus
3267 1053 3607 1107 lscltenileris
3636 1054 3748 1120 bcgi
3782 1052 3877 1102 ﬁliis

2365 1146 2685 1212 interfectis,
2718 1147 2890 1215 ipsum
2924 1146 3086 1200 etiam
3119 1144 3491 1199 lscltenderem
3526 1143 3708 1194 vivum
3747 1142 3876 1205 cepit,

2362 1246 2415 1291 et
2437 1237 2708 1291 Alcairum
2740 1237 2953 1290 sultano
2993 1236 3155 1289 misit.
3192 1235 3300 1288 [Iac
3326 1234 3476 1287 clade
3503 1242 3743 1300 accepta,
3768 1232 3879 1282 nilu-

2365 1326 2602 1379 lominus
2632 1325 2826 1394 insigni
2862 1324 3124 1393 Bajazites
3160 1321 3552 1392 magnificentia
3585 1322 3741 1375 trium
3771 1320 3877 1373 ﬁlia-

2364 1430 2484 1469 rum
2546 1416 2761 1483 nuptias
2812 1415 3160 1468 celebravit:
3210 1428 3440 1482 qnarnm
3496 1428 3601 1465 una
3634 1413 3753 1465 data
3801 1411 3877 1462 fuit

2365 1518 2501 1556 uxor
2529 1501 2950 1556 Usumchasanis
2986 1502 3115 1567 filio,
3168 1502 3332 1554 altera
3362 1499 3581 1567 Usgulis
3613 1516 3641 1553 e
3680 1500 3780 1551 filio
3806 1512 3875 1549 ne—

2363 1593 2495 1660 poti,
2517 1592 2672 1647 tertia
2699 1593 2901 1648 Daudis
2930 1594 3097 1648 bassze
3124 1592 3252 1646 tilio.
3279 1590 3410 1645 Post
3432 1607 3524 1645 eas
3558 1592 3787 1658 nuptias.
3806 1590 3878 1640 de-

2312 1745 2318 1750 .
2366 1696 2474 1736 nuo
2501 1682 2691 1734 litteris
2721 1682 2846 1734 hinc
2872 1681 2993 1735 inde
3016 1682 3219 1741 missis,
3251 1681 3539 1733 convenire
3576 1679 3767 1732 milites
3791 1676 3880 1741 jus-

2364 1777 2435 1827 sit
2467 1774 2593 1841 :qui
2622 1771 2748 1825 dum
2797 1772 2849 1825 in
2878 1772 2991 1824 dies
3029 1772 3093 1823 ad
3123 1785 3244 1824 eum
3275 1769 3629 1834 confluerent,
3666 1770 3793 1821 forte
3827 1770 3882 1817 ic-

2368 1873 2520 1931 gatus
2551 1864 2619 1916 ab
2674 1864 2975 1916 Alcairensi
3009 1864 3222 1916 sultano
3252 1865 3448 1916 missus
3482 1863 3722 1915 advenit.
3772 1860 3878 1912 Eum

2368 1952 2632 2021 Bajazites
2671 1948 2970 2006 inauditum
2996 1952 3157 2021 jussit
3190 1953 3496 2008 abscedere.

2438 2042 2550 2095 Hoc
2577 2051 2820 2110 tempore
2849 2042 3346 2112 Constantinopoli,
3378 2046 3464 2099 die
3494 2046 3723 2113 quodam
3754 2042 3878 2103 solis.

2368 2133 2541 2199 primo
2582 2133 2842 2195 diluculo,
2884 2135 3062 2201 pluere
3114 2136 3253 2202 cepit
3287 2152 3301 2188 :
3338 2148 3631 2203 secutoque
3698 2135 3880 2191 tonitru.

2369 2228 2569 2273 tactum
2599 2220 2665 2273 de
2688 2222 2824 2275 caelo
2852 2224 3106 2290 templum
3137 2223 3298 2294 334
3334 2224 3454 2286 fuit,
3485 2226 3537 2278 in
3578 2222 3688 2294 quo
3740 2226 3883 2294 pulvis

2368 2310 2756 2364 tormentarius
2801 2326 2991 2381 magna
3030 2328 3148 2367 cum
3211 2314 3338 2369 nitri
3389 2318 3545 2382 copia
3603 2316 3885 2370 reconditus

2366 2406 2502 2451 erat.
2536 2398 2646 2452 Hac
2673 2400 3002 2456 inflamtnata
3051 2405 3295 2466 materia,
3359 2406 3615 2473 templum
3672 2408 3829 2476 ipsum
3865 2420 3885 2455 e

2368 2488 2717 2560 fundamento
2749 2486 3037 2559 disiectum
3072 2492 3195 2557 fuit,
3219 2505 3271 2548 et
3302 2495 3442 2563 ignis
3482 2496 3666 2549 urbem
3730 2513 3887 2565 pem.

2367 2591 2542 2647 gatus,
2580 2596 2685 2633 non
2719 2582 2945 2649 plurima
2975 2584 3231 2639 duntaxat
3258 2585 3499 2649 atdilicia,
3534 2601 3718 2640 verum
3750 2589 3884 2639 etiam

2368 2672 2606 2737 quinque
2644 2671 2920 2725 hominum
2966 2672 3157 2736 millia,
3189 2676 3424 2744 cujusvis
3474 2677 3643 2731 aetatis
3674 2688 3727 2731 et
3753 2693 3886 2731 serus

2370 2764 2690 2831 absumpsit.

2439 2856 2517 2908 Ab
2540 2858 2701 2909 altera
2728 2871 2877 2924 parte
2912 2859 3170 2912 sultanini
3205 2875 3393 2914 rursus
3420 2862 3759 2929 expeditione
3782 2875 3883 2911 sus-

2369 2953 2543 3011 cepta,
2590 2943 2892 3000 Larendam
2957 2959 3163 3016 captam
3199 2952 3571 3018 direptarumque
3618 2950 3885 3003 succende-

2371 3044 2516 3099 runt,
2545 3046 2597 3089 et
2627 3040 2678 3089 in
2726 3038 2935 3092 cineres
2968 3041 3283 3109 redegerunt
3316 3082 3331 3105 ,
3371 3043 3603 3109 aliisque
3659 3052 3886 3109 praeterea

2374 3123 2617 3189 spoliatis
2673 3127 2885 3195 oppidis
2916 3143 2978 3182 ac
3016 3128 3170 3191 vicis,
3205 3129 3424 3181 domum
3481 3130 3707 3183 rediere.
3755 3130 3887 3182 Periit

2381 3212 2576 3266 ibidem
2610 3227 2661 3269 et
2693 3215 2921 3285 Jacupes
2950 3220 3137 3288 begus,
3162 3219 3583 3280 Usumchasanis
3623 3218 3777 3279 filius.
3811 3225 3888 3276 Ac-

2378 3304 2627 3357 ciderunt
2651 3316 2824 3360 autem
2858 3308 2971 3362 haec
2998 3324 3140 3363 anno
3168 3310 3291 3366 895.

2451 3392 2714 3462 Bajazites
2739 3395 2883 3450 hisce
2918 3397 2985 3451 de
3022 3378 3181 3453 relius
3212 3401 3413 3455 certior
3443 3402 3633 3463 factus.
3654 3405 3889 3458 Constan-

2381 3484 2600 3550 tinopoli
2630 3483 2932 3550 discedens,
2968 3488 3347 3558 Gumulzinam
3383 3492 3537 3558 abiit,
3570 3509 3633 3547 ac
3677 3497 3889 3547 venando

2381 3582 2549 3627 semet
2590 3575 2896 3630 oblectavit.
2943 3577 3262 3632 Gumulzina
3318 3582 3526 3645 relicta,
3579 3582 3814 3652 Ypsalam
3844 3596 3889 3635 se

2382 3666 2629 3729 contulit,
2672 3668 2859 3733 ibique
2897 3671 3080 3732 paucis
3114 3670 3305 3724 diebus
3350 3674 3573 3738 exactis,
3618 3675 3891 3729 Constanti-

2387 3759 2620 3824 nOpulim
2660 3761 2839 3814 rediit.
2872 3757 3030 3812 Venit
3058 3760 3163 3813 huc
3194 3762 3257 3813 ad
3288 3775 3410 3813 eum
3445 3762 3647 3831 legatus
3672 3767 3797 3819 alter
3822 3766 3891 3817 Al-

2383 3848 2529 3900 cairo
2581 3849 2815 3901 missus:
2876 3864 3033 3916 quem
3085 3849 3485 3917 perhumaniter
3527 3865 3820 3923 exceptum,
3851 3866 3891 3905 et

2383 3938 2730 4006 amplissimis
2769 3941 3026 3993 donatum
3061 3943 3396 4007 muneribus,
3457 3944 3592 3998 bona
3622 3962 3741 3998 cum
3787 3960 3891 4013 pace

2383 4029 2606 4083 dimisit.
2636 4028 2815 4097 Neque
2846 4031 3012 4083 multo
3062 4042 3197 4099 post,
3230 4034 3387 4086 etiam
3422 4036 3535 4100 ipse
3585 4038 3846 4103 quemdam
3870 4048 3890 4085 c

2385 4120 2496 4172 suis
2538 4120 2806 4172 Alcairnm
2873 4122 3154 4187 ablegavit,
3226 4138 3365 4175 anno
3411 4124 3512 4177 896
3544 4126 3693 4192 (Chr.
3742 4125 3889 4187 N9”.

2386 4208 2517 4259 Cum
2549 4210 2590 4259 is
2619 4210 2825 4261 Sullani
2865 4207 3109 4277 Bajazitis
3138 4212 3339 4277 legatus
3368 4210 3639 4266 Alcairum
3668 4214 3890 4273 venissc!,

2388 4311 2486 4363 pax
2526 4298 2664 4349 inter
2702 4312 2793 4350 eos
2822 4298 3026 4351 sancita
3060 4296 3157 4350 fuit
3190 4295 3284 4351 :ei
3329 4301 3575 4356 sultanus
3606 4303 3893 4355 Alcaiteusis

2387 4385 2608 4453 Bajaziti
2642 4386 2862 4440 Tcrsum
2894 4396 3055 4455 atque
3086 4387 3268 4442 Adana
3291 4406 3411 4443 cum
3439 4392 3711 4461 Oppidulis
3737 4390 3892 4445 eodem

2386 4480 2773 4544 pertinentibus
2806 4481 3057 4532 restituit.

2454 4567 2565 4621 Hoc
2605 4580 2845 4636 tempore
2881 4583 3094 4624 mortuo
3136 4570 3383 4640 Ungaria:
3444 4590 3591 4641 rege,
3648 4587 3893 4629 successor

2381 4658 2497 4725 ejus
2545 4658 2775 4723 legatum
2833 4659 2897 4711 ad
2936 4661 3205 4714 sultanum
3234 4651 3533 4730 Bajazitenf
3560 4668 3721 4720 misit.
3754 4665 3892 4726 llujtlt

2383 4746 2646 4812 postulata
2673 4760 2794 4797 cum
2831 4748 3110 4813 audiisset,
3148 4765 3328 4818 pacem
3359 4753 3621 4819 Bajazites
3652 4770 3768 4808 cum
3811 4750 3893 4803 Uu-

2381 4850 2511 4904 garo
2542 4837 2686 4889 fecit.
2719 4838 2912 4891 Eodem
2942 4853 3083 4893 anno
3108 4857 3300 4896 ruesus
3325 4849 3512 4896 exorto
3542 4846 3723 4898 Prusa
3744 4849 3894 4894 incen-

2382 4930 2492 4990 dio,
2522 4942 2712 4995 magna
2770 4943 2893 4996 pars
2922 4932 3091 4993 urbis,
3141 4947 3262 4985 cum
3303 4936 3545 4988 tabernis
3575 4946 3891 4988 met-talorum

2384 5021 2655 5086 plurimis,
2689 5024 3061 5088 conﬂagravit.
3096 5023 3239 5077 Misit
3270 5027 3430 5077 etiam
3465 5028 3710 5081 sultanus
3732 5021 3893 5079 Alcsiri

2384 5110 2611 5175 legatum
2638 5127 2757 5163 omn
2788 5113 3121 5179 amplissimo
3151 5115 3408 5167 comitatu
3437 5118 3500 5168 ad
3525 5119 3787 5170 sultanum
3811 5116 3891 5166 lla-

2379 5199 2620 5267 jazitem.
2669 5194 2964 5253 Referemla
3004 5217 3130 5255 vero
3166 5214 3291 5257 sunt
3337 5207 3449 5259 haec
3501 5208 3567 5260 ad
3604 5223 3791 5261 annum
3814 5201 3892 5255 891

2388 5287 2533 5355 (Chr.
2569 5289 2748 5355 M92).

2457 5376 2759 5429 Secundum
2791 5378 2874 5431 illa
2912 5379 3164 5436 discessit
3192 5382 3661 5453 ConstantinOpoli
3719 5382 3890 5449 Bajati-

2390 5475 2490 5527 tes,
2519 5475 2572 5518 et
2600 5465 3035 5549 Hadrianopolim
3072 5462 3368 5540 profectus,
3404 5485 3561 5529 extra
3611 5478 3783 5529 urbem
3825 5484 3893 5523 ca-

2386 5564 2497 5607 stra
2528 5565 2758 5610 metatus
2788 5568 2895 5619 est,
2930 5574 2993 5613 ac
3044 5558 3241 5612 ibidem
3276 5561 3339 5612 ad
3373 5562 3577 5628 aliquot
3601 5564 3715 5614 dies
3747 5556 3889 5613 hzsit.

2384 5642 2623 5708 Quodam
2673 5660 2798 5698 vero
2852 5648 2937 5702 die
2977 5649 3177 5703 vezires
3238 5664 3367 5703 suos
3398 5652 3685 5716 allocutus,
3731 5649 3891 5703 habere

2384 5748 2442 5786 se
2477 5734 2529 5787 in
2554 5735 2731 5790 animo
2759 5736 2889 5792 dixit
2908 5740 3297 5807 expeditionem
3324 5742 3612 5809 quamdam
3633 5740 3889 5796 difﬁcilem:
