3970 6348
144 432 240 503 (Et

1386 426 1726 501 ANNALES
1749 443 1847 502 TU
1862 440 2085 500 RCICI.

3231 426 3340 498 629

146 548 435 615 gerendum
462 562 581 602 cum
612 544 840 615 Ungaris
866 548 1068 603 bellum
1098 550 1423 620 intelligens.
1452 552 1688 621 ideoque
1716 552 1762 605 Α
1785 548 1973 613 jussis,
1998 550 2175 602 claves
2213 547 2363 602 urbis
2382 546 2601 625 sultano
2630 530 2849 613 Bajaziti
2884 558 2980 612 per
3020 535 3115 599 eos
3171 558 3337 600 ontu-

144 639 346 692 coactis
379 640 644 699 universis
676 641 844 708 copiis
866 642 1001 706 suis,
1020 640 1403 713 HadrianOpoli
1432 643 1689 709 Sapiniam

142 730 418 797 profectus
446 740 548 785 est.
588 730 701 787 Non
753 740 932 788 tamen
991 733 1281 802 Ungarium
1342 736 1544 805 ingredi
1592 735 1693 789 fuit

142 835 329 886 ausus,
362 822 455 876 sed
485 823 742 877 Aclnnete
772 826 908 893 bego
940 842 1059 880 cum
1095 828 1263 883 milite
1290 820 1571 882 Aaatolico
1596 828 1693 882 So-

142 911 281 978 phia’
312 912 469 980 jusso
501 906 819 978 subsistere,
855 901 1089 969 Daude‘m
1127 918 1338 972 bassam
1379 933 1500 971 cum
1543 928 1692 984 parte

142 1004 423 1071 copiarum
466 1004 749 1074 Uscopiam
783 1007 928 1059 misit
957 1026 969 1060 :
1004 1010 1115 1075 ipse
1143 1023 1266 1062 cum
1295 1008 1482 1063 Jochia
1511 1007 1689 1071 bassa,

138 1105 193 1145 et
222 1109 341 1145 cum
391 1095 559 1149 milite
586 1081 881 1158 Romaniae,
913 1097 1263 1153 Manastirnm
1301 1100 1434 1153 abiit
1471 1116 1485 1152 :
1528 1111 1691 1166 atque

140 1186 266 1239 inde
298 1187 350 1238 in
386 1183 692 1252 Albaniam,
735 1170 996 1257 ducisque
1046 1188 1271 1243 Joannis
1327 1192 1598 1259 regionem
1632 1206 1691 1245 se

137 1275 392 1328 contulit.
422 1276 699 1345 Expedivit
725 1289 779 1332 et
827 1264 957 1332 mari
995 1293 1155 1333 naves
1182 1281 1467 1348 quasdam,
1502 1290 1559 1332 ut
1598 1280 1687 1333 Al—

134 1366 404 1419 banorum
438 1365 628 1421 itinera
660 1368 1143 1435 praecluderentur.
1178 1354 1301 1425 Hinc
1342 1386 1462 1424 cum
1492 1370 1687 1423 Albani

131 1455 643 1524 animadverterent,
664 1459 729 1511 ad
762 1468 967 1513 montes
989 1474 1047 1513 se
1079 1456 1418 1529 receperunt,
1440 1470 1493 1513 et
1526 1461 1578 1513 in
1606 1461 1686 1513 eis

134 1547 210 1600 ita
244 1562 303 1599 se
331 1550 785 1615 communierunt,
854 1561 911 1604 ut
949 1565 1196 1621 magnum
1231 1551 1353 1606 inde
1377 1550 1571 1606 Turcis
1597 1552 1688 1605 dc-

129 1638 450 1692 trimentum
488 1638 768 1702 inferrent.
820 1641 899 1694 Ad
948 1649 1251 1695 extremum
1286 1652 1461 1697 tamen
1503 1645 1685 1706 Turci,

128 1728 452 1781 conscensis
474 1728 603 1783 locis
630 1731 931 1792 altioribus,
966 1733 1020 1784 in
1051 1748 1144 1786 eos
1174 1733 1444 1788 irruerunt
1482 1747 1496 1791 ε
1527 1746 1579 1790 et
1610 1738 1688 1789 vi-

128 1818 210 1871 ris
235 1818 556 1882 interfectis,
591 1821 843 1880 mulieres
871 1835 931 1875 ac
979 1837 1175 1887 pueros
1212 1824 1478 1879 adduxere
1510 1832 1685 1894 capti-

1802 640 1975 693 lcrunt
2008 656 2020 692 :
2054 648 2211 706 atque
2240 639 2341 693 boc
2375 639 2532 693 modo
2551 638 2737 691 urbem
2769 636 2935 704 ipsius
2959 639 3203 704 potestati
3223 654 3339 709 per-

1799 732 2013 795 misere,
2043 744 2184 783 anno
2231 728 2336 784 905
2372 730 2525 797 (Chr.
2562 727 2734 797 1499).

1866 821 2074 885 Potitus
2122 819 2419 883 lnebechti,
2470 820 2775 886 praesidium
2806 820 2926 875 urbi
2961 830 3130 889 captaa
3162 821 3338 889 impu-

1796 911 1900 966 suit
1938 920 2034 964 :et
2060 909 2493 978 Hadrianopolim
2532 925 2803 971 reversus,
2841 910 3033 963 ibidem
3084 910 3335 964 hiberna-

1796 1004 1890 1057 vit.
1926 1003 2025 1058 Ubi
2084 1003 2194 1068 jam
2230 1013 2389 1058 testas
2447 1003 2775 1071 appetiisset,
2814 1000 3017 1056 coactis
3065 992 3338 1055 Romaniae

1795 1096 2161 1163 Anatoliacque
2215 1094 2562 1149 exercitibus.
2608 1096 2786 1146 denuo
2843 1091 3072 1145 Moream
3120 1093 3337 1154 invasit,

1798 1203 1986 1253 magna
2022 1186 2181 1239 etiam
2223 1186 2351 1239 mari
2392 1186 2561 1240 classe
2617 1185 2879 1255 ablegata,
2933 1182 3341 1251 Methonemque

1796 1280 2023 1332 militum
2081 1294 2279 1332 corona
2344 1278 2717 1332 circumdedit.
2770 1279 2870 1343 Qui
2926 1277 3149 1331 erantin
3206 1277 3339 1330 urbe

1794 1354 1951 1436 335
1992 1364 2309 1429 Christiani,
2371 1367 2507 1421 adeo
2546 1383 2601 1421 se
2649 1365 2934 1421 defendere
2982 1376 3217 1431 strenue,
3258 1375 3339 1418 to-

1797 1460 1900 1511 tius
1935 1466 1990 1509 ut
2023 1457 2222 1521 mensis
2253 1457 2447 1525 spatio,
2483 1456 2614 1509 citra
2648 1456 3128 1517 intermissionem,
3170 1456 3339 1509 inter-

1794 1549 1883 1601 diu
1907 1556 2174 1615 noctuque
2209 1548 2573 1617 dimicaretur,
2593 1549 2761 1601 muris
2790 1548 2917 1615 ipsis
2946 1556 3334 1601 tormentorum

1794 1638 1990 1706 impetu
2025 1638 2284 1706 disjectis.
2318 1636 2512 1692 Videas
2544 1648 2722 1692 autem
2769 1637 3050 1704 Bajazites,
3094 1638 3275 1692 urbem
3307 1654 3337 1690 a

1792 1731 2116 1785 Christianis
2146 1730 2469 1800 propugnari
2505 1739 2857 1794 :gcommotus
2890 1731 2989 1792 ira,
3025 1731 3138 1783 suis
3186 1745 3334 1796 spem

1794 1823 1943 1876 urbis
1964 1821 2280 1891 diripienda:
2306 1820 2453 1883 fecit,
2482 1821 2743 1887 siquidem
2772 1820 2858 1873 illa
2884 1820 3202 1889 potirentur.
3229 1819 3338 1873 llac

130 1924 254 1970 vos,
288 1925 611 1978 omnemque
645 1912 913 1981 regionem
949 1914 1088 1967 illam
1128 1916 1358 1973 flammis
1383 1927 1682 1973 vastarunt.
1716 1918 1760 1976 Β
1789 1913 1987 1967 δυιιθιιί
2022 1929 2151 1967 Voce
2193 1912 2386 1966 Ιηῖιίιθε
2416 1912 2621 1975 audi”.
2674 1912 2906 1979 quodam
2941 1911 3049 1975 die.
3080 1911 3335 1979 cumini“

130 1998 230 2054 llis
264 2001 427 2055 rebus
457 1990 641 2069 gestis,
693 2001 1046 2058 Manastirum
1103 2006 1370 2077 Bajazites
1409 2009 1590 2072 rediit,
1633 2026 1695 2065 ac

128 2092 327 2144 diebus
355 2091 557 2159 aliquot
580 2091 651 2145 ibi
680 2093 944 2148 substitit.
983 2082 1273 2153 Manastiro
1296 2115 1416 2153 cum
1447 2100 1695 2156 discede-

131 2192 235 2248 ret,
268 2183 488 2235 obvium
525 2184 714 2241 habuit
746 2186 797 2239 in
827 2187 1018 2242 itinere
1067 2188 1367 2244 Dervisium
1406 2193 1690 2262 quemdam

129 2261 449 2340 Turcicum,
477 2278 724 2344 gepeneci
756 2279 950 2333 lacinia
1002 2290 1221 2336 tectura.
1260 2283 1305 2336 Is
1350 2293 1405 2338 et
1447 2286 1690 2349 auribus,

128 2373 179 2415 et
222 2359 393 2429 collo,
418 2375 471 2418 et
506 2367 743 2422 brachiis
780 2385 1047 2437 appensos
1096 2375 1325 2430 annulos
1376 2376 1577 2431 ferreos
1605 2392 1694 2446 ge'

128 2458 334 2518 stabat,
365 2470 417 2513 et
451 2461 660 2515 illorum
692 2474 892 2517 sectam
921 2466 1299 2535 proﬁtebatur,
1328 2484 1472 2538 quos
1498 2450 1690 2541 Calen—

127 2547 288 2603 dcres
314 2551 471 2605 Turci
505 2563 718 2613 vocant.
744 2554 843 2609 Ubi
876 2558 1096 2625 propius
1130 2561 1192 2613 ad
1227 2562 1496 2615 sultanum
1538 2559 1695 2631 Baja-

141 2642 307 2692 zitem
405 2645 743 2710 accessisset,
813 2644 1085 2703 acinacem
1164 2668 1434 2720 gepencco
1492 2663 1688 2708 tectum

139 2730 386 2796 strinxit,
413 2733 585 2801 ipsum
619 2735 906 2805 Bajazitem
945 2741 1250 2797 invasurus.
1286 2744 1415 2797 Cum
1455 2745 1689 2798 timidio.

128 2834 217 2875 res
279 2820 497 2888 quidam
532 2838 561 2877 e
588 2827 798 2880 Zausiis
827 2828 900 2881 illi
943 2829 1007 2882 de
1030 2830 1111 2884 via
1154 2832 1418 2891 cederent.
1459 2834 1687 2887 liberum

124 2916 235 2979 jam
310 2915 513 2968 scilicet
570 2916 634 2969 ad
669 2906 957 2983 Bajazitcm
1012 2920 1243 2974 habebat
1304 2922 1527 2979 aditum.
1583 2925 1685 2978 Sed

128 3002 418 3058 lsclrender
453 3005 630 3065 bassa.
666 3008 758 3073 qui
804 3023 1039 3075 praesens
1086 3011 1291 3076 aderat,
1318 3027 1379 3066 ea
1413 3014 1459 3066 vi
1498 3016 1684 3082 pusdi-

127 3095 413 3159 ganumin
446 3096 722 3151 hominem
778 3102 1062 3165 contorsit,
1103 3109 1161 3155 ut
1194 3103 1342 3156 humi
1374 3106 1683 3173 prolabere-

126 3191 235 3235 tur.
281 3183 411 3237 lnde
438 3196 767 3253 prostratum
806 3191 1055 3259 aggressi
1114 3178 1359 3260 quidam,
1417 3196 1485 3249 in.
1514 3195 1679 3249 frusta

126 3273 528 3329 dissecuerunt.
550 3276 788 3333 Tandem
809 3281 1073 3349 Bajazites
1095 3284 1534 3354 Hadrianopolim
1560 3302 1681 3355 per-
1713 3273 1741 3305 ι

128 3365 294 3418 venit.
352 3368 674 3447 Acciderunt
715 3372 825 3426 haec
878 3390 1020 3441 anno
1059 3376 1161 3429 898
1214 3376 1362 3442 (Chr.
1402 3380 1575 3448 H95).

195 3457 429 3521 Quidam
474 3459 526 3512 id
565 3464 820 3530 temporis
860 3454 1162 3529 eunuchus,
1189 3468 1273 3519 cui
1300 3472 1491 3523 nomen
1518 3469 1683 3524 Jacu-

125 3563 222 3615 pes
258 3549 405 3618 Ago,
430 3555 859 3606 commendatam
886 3554 1003 3607 fidei
1033 3571 1143 3611 suac
1179 3554 1525 3612 liozinrnsem
1560 3576 1684 3628 pro-

124 3640 367 3694 vinciam
424 3644 855 3699 administrabat.
894 3648 991 3700 Hic
1031 3648 1208 3701 missis
1258 3650 1379 3703 hinc
1423 3652 1543 3705 inite
1591 3669 1685 3720 pc-r

126 3727 453 3785 Bomaniam
486 3736 853 3800 praeconibus,
877 3739 1201 3807 proclamari
1228 3741 1390 3805 jussit
1422 3761 1434 3795 :
1478 3746 1609 3796 vclle
1629 3761 1685 3799 se

122 3833 254 3873 cum
288 3823 474 3875 suisin
515 3821 802 3893 Ungariam
841 3828 1063 3882 irruere.
1116 3831 1169 3881 Si
1212 3832 1299 3883 cui
1342 3847 1524 3886 serum
1566 3850 1687 3900 pro—

123 3906 299 3960 ticisci
326 3908 551 3973 luberet,
587 3923 647 3963 ut
693 3913 778 3963 illa
833 3915 1186 3983 impressione
1238 3933 1347 3970 rem
1390 3919 1605 3983 faceret,
1643 3921 1686 3972 is

121 3998 197 4050 uti
222 4001 631 4066 quamprimum
659 4001 721 4054 ad
750 4019 805 4054 sc
832 4006 1058 4057 veniret.
1096 4004 1205 4057 Hoc
1241 4007 1510 4059 intellecto
1544 4022 1675 4075 βιω-

122 4089 314 4150 cnnio,
356 4088 715 4142 Acanziorum
767 4091 974 4160 aliquot
1018 4093 1181 4145 millia
1238 4109 1296 4148 se
1326 4110 1444 4147 eum
1488 4094 1687 4165 Jacupc

122 4180 530 4249 conjunxerunt
566 4197 580 4233 :
622 4183 712 4249 qui
764 4182 925 4236 tantis
946 4194 1137 4237 auctus
1166 4186 1355 4254 copiis,
1387 4184 1685 4255 Ungariam

123 4268 348 4322 invasit.
373 4268 464 4324 Eis
488 4273 725 4326 occurrit
759 4270 1057 4343 Ungaricus
1081 4275 1285 4339 Banus,
1305 4293 1425 4329 cum
1452 4278 1688 4345 quadra-

122 4360 273 4426 ginta
307 4362 548 4416 millibus
583 4363 882 4428 hominum,
919 4381 1219 4435 magnaque
1251 4369 1299 4421 vi
1346 4366 1537 4422 Turcis
1596 4371 1686 4423 ob-

122 4451 287 4505 stitit.
351 4451 594 4505 Tandem
638 4452 737 4521 ipsi
762 4454 1151 4510 dissentientes
1197 4459 1337 4512 inter
1366 4474 1423 4513 se
1465 4461 1686 4528 Ungari,

1796 2005 2285 2072 advesperasceret,
2317 2002 2786 2057 vehementissima
2823 2002 3006 2055 urbem
3064 2016 3340 2071 oppugna-

1796 2096 1938 2149 tione
1972 2083 2157 2148 adorti~
2182 2101 2441 2163 ceperunt
2476 2109 2490 2147 :
2525 2106 2821 2158 omnesque
2854 2100 3338 2160 mares,quotquot

1796 2188 2155 2249 adoleverunt,
2188 2186 2519 2249 occiderunt,
2551 2184 2861 2239 mulieribus
2906 2193 2958 2237 et
3009 2185 3189 2250 pueris
3246 2199 3338 2236 ca-

1796 2280 1920 2344 ptis.
1943 2277 2060 2331 ‘lloc
2080 2277 2238 2332 modo
2264 2278 2474 2332 redacta
2497 2277 2548 2330 in
2574 2285 2888 2345 potestatem
2912 2259 3183 2337 ﬂethone,
3213 2289 3337 2343 pre-

1793 2382 1883 2433 ces
1914 2382 1941 2418 a
1975 2365 2163 2419 Turcis
2196 2368 2247 2419 in
2269 2381 2327 2419 ea
2362 2365 2511 2419 [uere
2540 2374 2833 2434 conceptae,
2854 2376 2967 2432 quae
2997 2364 3083 2425 die
3110 2362 3335 2438 Veneris

1798 2457 1983 2511 haberi
2045 2457 2234 2511 solent.
2278 2456 2401 2510 Inde
2427 2454 2971 2527 Bajazites,Corone’n
3005 2457 3187 2524 cupias
3231 2455 3334 2507 du-

1795 2549 1893 2611 xit,
1939 2544 2005 2602 ut
2027 2547 2171 2601 illam
2204 2563 2417 2616 quoque
2446 2547 2717 2601 civitatem
2747 2547 3042 2608 obsideret,
3078 2555 3131 2599 et
3177 2540 3353 2599 occa:

1792 2651 1961 2709 paret.
2000 2640 2103 2696 Sed
2128 2642 2299 2711 prima
2333 2642 2512 2694 statim
2554 2647 2734 2706 nocte.
2769 2646 3051 2707 postquam
3088 2634 3336 2690 Methone

1790 2736 2128 2796 discesserat,
2199 2739 2459 2786 venerunt
2504 2732 2556 2783 in
2628 2737 2806 2783 castra
2866 2728 3115 2797 Bajazitis
3161 2726 3335 2780 Coro—

1790 2839 2036 2877 nenses:
2099 2824 2430 2889 oblatisque
2467 2820 2705 2874 clavibus
2769 2819 2938 2881 urbis,
3004 2817 3331 2873 deditionem

1791 2916 2055 2978 fecerunt,
2090 2931 2231 2968 anno
2252 2915 2354 2968 906
2384 2914 2535 2984 (Chr.
2567 2913 2741 2983 l500).
2824 2924 2836 2935 ‘

1859 3008 1991 3062 Dant
2022 3009 2101 3063 his
2125 3009 2348 3061 urbibus
2375 3008 2745 3076 expugnandis
2775 3008 3014 3063 intentus
3065 3019 3207 3063 esset
3234 3009 3335 3062 Ba-

1783 3100 1996 3168 jazites,
2020 3099 2205 3153 Veneti
2231 3101 2446 3153 auxiliis
2488 3099 2844 3164 Hispanorum
2873 3100 3190 3167 impetratis,
3216 3115 3330 3151 ma-

1788 3205 1888 3255 gna
1931 3190 2099 3245 classe
2121 3189 2406 3259 Mitylenen
2430 3191 2661 3258 aggressi
2685 3190 2911 3252 sunl,'et
2937 3199 3327 3255 tormentorum

1791 3281 2100 3333 bellicorum
2131 3280 2201 3339 vi,
2224 3290 2406 3331 muros
2425 3276 2601 3347 oppidi
2631 3278 2696 3332 ad
2715 3279 3033 3347 quingentas
3058 3280 3213 3334 ulnas
3238 3297 3332 3337 us~

1788 3387 1892 3439 que
1921 3377 2344 3437 prostraverunt.
2391 3369 2769 3439 Mitylenenses
2822 3370 2889 3423 ab
2937 3370 3178 3427 hostibus
3228 3375 3329 3427 ob-

1788 3462 1945 3523 sessi,
1975 3461 2496 3529 Constantinopolim
2531 3452 2748 3527 misere,
2787 3464 2878 3533 qui
2937 3478 3090 3535 opem
3146 3480 3329 3531 posce-

1790 3562 1929 3604 rent.
1960 3551 2147 3619 itaque
2184 3542 2419 3606 collectis
2450 3554 2641 3605 subito'
2664 3554 2962 3607 classiariis
3008 3557 3200 3621 copiis,
3246 3556 3333 3607 in.

1788 3642 1958 3709 signis
1986 3642 2255 3695 exercitus
2301 3642 2502 3695 navalis
2551 3646 2842 3698 instructus
2888 3646 3005 3700 fuit.
3053 3646 3276 3715 Nuuqua
3302 3667 3329 3698 ιι

1789 3742 1914 3786 ante
1947 3735 2045 3786 hoc
2079 3743 2287 3801 tempus
2312 3733 2915 3802 Constantinopolitani,
2942 3738 3021 3789 vel
3053 3753 3131 3805 pet
3154 3740 3330 3796 unias.

1789 3825 1869 3876 vel
1897 3823 2113 3887 milites,
2141 3824 2218 3876 vel
2260 3824 2564 3877 classiarios
2602 3824 2848 3877 conferre
2892 3827 3058 3878 coacti
3099 3826 3328 3879 fuerant.

1791 3913 1891 3966 Sed
1910 3914 2167 3991 duugravi
2196 3923 2320 3967 tunc
2346 3923 2565 3982 urgente
2583 3917 2923 3978 necessitate,
2944 3930 3047 3995 non
3070 3918 3179 3971 lia:c
3198 3918 3329 3970 dun-

1790 4012 1930 4055 taxat
1960 4006 2025 4055 ab
2054 4005 2132 4055 eis
2168 4012 2351 4057 exacta
2393 4004 2558 4065 fuere,
2622 4020 2808 4057 verum
2847 4005 3004 4059 etiam
3034 4024 3130 4061 usu
3179 4026 3325 4063 rece-

1792 4103 1959 4161 ptum,
1984 4103 2052 4145 ut
2089 4093 2339 4161 deinceps
2369 4111 2604 4171 quoque,
2657 4096 2815 4149 rebus
2847 4097 2916 4149 ita
2957 4101 3319 4165 poscentibus.

1789 4189 1974 4243 eadem
2004 4191 2069 4240 ab
2122 4191 2250 4256 ipsis
2288 4202 2625 4257 praestentur.
2658 4193 2792 4245 Ante
2829 4207 2987 4260 quam
3027 4194 3210 4265 classis
3241 4197 3325 4247 illa

1790 4272 2291 4349 Constantinopoli”
2330 4282 2565 4350 profecta
2592 4322 2605 4345 ,
2661 4279 2948 4350 Mitylenen
3001 4287 3329 4351 appulisset,

1786 4368 1895 4437 jam
1927 4368 2216 4423 Christiani
2244 4370 2417 4422 decies
2447 4380 2499 4422 et
2522 4371 2687 4423 octies
2720 4371 2970 4438 oppidum
2994 4374 3186 4437 adorti,
3222 4391 3327 4429 non

1790 4468 1969 4512 tamen
2022 4475 2325 4528 expugnare
2370 4471 2673 4527 potuerant.
2715 4461 2914 4530 ltaque_
2948 4480 3067 4516 cum
3120 4468 3327 4522 intelle-

124 4552 273 4611 terga
328 4541 647 4597 dederunt:
706 4555 1003 4613 captusque
1063 4545 1355 4601 Direnziles
1407 4549 1581 4603 Banus
1625 4565 1687 4605 ac
1722 4547 1995 4615 Dxisscnt
2045 4545 2262 4611 Veneti,
2313 4550 2497 4602 venire
2553 4550 3014 4631 Constantinopoli
3066 4556 3221 4609 talem
3267 4573 3333 4626 ac
3380 4580 3383 4581 ν

122 4628 367 4681 vinculis
391 4630 740 4695 constrictus,
773 4634 835 4685 ad
865 4632 1134 4686 sultanum
1158 4633 1450 4702 Bajazitem
1483 4638 1681 4693 missus

120 4718 242 4774 fuit.
287 4718 342 4772 Is
390 4723 463 4773 rei
501 4729 607 4773 tam
643 4722 779 4775 bene
820 4726 987 4789 gestat
1014 4725 1201 4776 nuntio
1258 4729 1480 4785 multum
1534 4728 1686 4781 exhi-

120 4811 359 4872 laratus,
384 4812 449 4862 ad
494 4820 703 4884 tempus
729 4812 944 4883 aliquod
959 4796 1433 4885 .Constantinopoli
1455 4819 1681 4884 quievit.

122 4900 443 4955 Evenerunt
476 4912 655 4956 autem
687 4903 798 4957 lucc
818 4918 963 4958 anno
989 4905 1090 4958 899
1118 4905 1265 4973 (Chr.
1296 4906 1479 4974 1494).

188 4992 563 5060 Posteaquam
605 4994 883 5061 Bajazites,
924 5011 952 5048 a
1002 4997 1163 5049 rebus
1207 4998 1454 5065 gerendis
1514 4998 1684 5051 absti-

123 5084 327 5144 nendo,
357 5086 492 5137 satis
519 5084 609 5137 diu
637 5101 694 5141 se
725 5096 1023 5141 recreasset
1051 5106 1062 5139 :
1091 5088 1329 5141 collectis
1378 5089 1571 5142 iterum
1598 5105 1687 5139 ‹·‹ι-

125 5174 252 5240 piis,
304 5172 549 5225 ﬂoream
596 5176 892 5243 ingressus,
932 5178 997 5230 ad
1045 5176 1362 5231 Inebcchtim
1435 5183 1685 5245 accessit,

124 5265 287 5317 etiam
310 5262 494 5316 classe
513 5263 800 5335 instructa,
820 5282 979 5336 quam
1006 5271 1192 5321 eodem
1216 5271 1482 5337 appellere
1500 5273 1688 5341 ‘jussit.

128 5356 219 5410 llis
236 5353 369 5411 cum
395 5352 575 5406 Italica
606 5356 802 5411 classis
826 5359 1175 5425 occurrisset,
1198 5359 1491 5415 commisso
1512 5366 1688 5419 navali

126 5446 340 5515 pretio,
380 5444 597 5496 tandem
634 5444 749 5500 ltali
786 5448 1011 5504 remisso
1032 5452 1296 5520 pugnandi
1334 5452 1545 5518 ardore,
1573 5456 1689 5511 dis-

128 5543 442 5593 cesserunt.
497 5533 680 5603 Itaque
714 5537 957 5594 videntes
988 5541 1308 5605 lnebechtii,
1338 5557 1395 5597 se
1418 5552 1560 5597 terra
1592 5563 1687 5613 pa-

132 5632 281 5692 riter,
327 5637 384 5681 et
412 5628 547 5679 mari
598 5626 869 5695 obsessos,
906 5630 1220 5705 aliquandiu
1250 5633 1463 5701 quidem
1498 5648 1555 5689 se
1594 5638 1692 5691 de-

131 5725 353 5777 fendere
383 5719 594 5771 fortiter
632 5735 646 5770 :
692 5720 783 5771 sed
838 5723 1236 5797 animadverso,
1281 5723 1412 5785 nihil
1460 5719 1689 5792 amplius

132 5817 244 5876 opis
274 5829 340 5868 ac
396 5804 632 5875 prresidii
699 5804 1115 5875 sibi‘reliquum,
1153 5813 1471 5875 primatibus
1503 5818 1677 5875 eam“

1787 4647 1988 4690 tantam
2018 4649 2201 4692 contra
2248 4655 2304 4693 se
2354 4642 2578 4696 classem
2630 4658 2645 4694 :
2696 4648 2871 4697 naves
2921 4661 3047 4697 suas
3081 4648 3326 4713 ingrcssi,

1788 4729 2106 4800 discessere.
2138 4729 2713 4797 Coustantinopolitani
2746 4745 2872 4783 vero
2915 4730 3194 4800 Mitylenen
3237 4719 3331 4787 (ἰός

1790 4798 1902 4881 lati,
1930 4835 2113 4873 ιιιιιιοε
2154 4824 2218 4871 ab
2259 4822 2411 4873 hoste
2462 4821 2666 4872 dirutos
2704 4822 3027 4885 refecerunt,
3066 4814 3224 4891 atque
3256 4826 3327 4879 ita

1788 4910 2005 4961 donntm
2062 4908 2258 4961 reversi
2319 4917 2463 4961 sunt.
2517 4908 2595 4961 Ad
2640 4918 2934 4962 extremum
2982 4926 3047 4964 eo
3103 4914 3327 4967 redacta-

1790 5000 2007 5051 fuerunt
2071 4997 2388 5050 Venetorum
2448 5013 2575 5062 res,
2629 4998 2703 5051 uti
2744 5000 3053 5053 muneribus
3097 5002 3332 5054 delenito

1793 5090 1988 5143 sultani
2038 5088 2287 5155 Bajazitis
2318 5090 2518 5153 animo,
2560 5084 2744 5158 pacem
2782 5106 2903 5143 cum
2952 5106 3017 5145 eo
3074 5090 3328 5155 facerent,

1788 5158 1930 5228 anno
1973 5174 2085 5228 .907
2116 5173 2266 5241 (Chr.
2294 5176 2472 5238 45ml.
2726 5208 2727 5211 γ
2799 5162 2802 5166 ‘
3171 5192 3174 5196 ι

1866 5267 2130 5345 Bajazites
2160 5282 2190 5321 e
2232 5268 2410 5323 Morca
2445 5270 2966 5342 ConstantinOpolim
3028 5277 3324 5342 profectus,

1793 5362 1862 5413 ita
1911 5371 2077 5413 totum
2113 5373 2170 5412 se
2194 5348 2340 5412 dedit
2391 5363 2502 5414 otio
2529 5402 2544 5425 ,
2577 5363 2821 5430 pluribus
2875 5373 2931 5417 ut
2958 5368 3113 5419 annis
3163 5382 3325 5436 etpe-

1794 5436 2044 5506 ditionem
2072 5450 2228 5517 plane
2254 5452 2454 5504 nullam
2492 5454 2809 5522 susciperet.

1862 5548 2014 5594 Anno
2056 5538 2326 5607 915(Cltr.
2351 5540 2505 5610 1509)
2523 5543 2651 5596 hora
2674 5545 2908 5598 secunda
2946 5549 3117 5599 noctis
3150 5548 3330 5614 cuju~~

1794 5634 1940 5694 dam,
1970 5630 2151 5682 martis
2177 5628 2315 5681 diem
2336 5645 2560 5698 secutae,
2582 5643 2723 5686 terra
2749 5633 3210 5701 Constantinopoli
3236 5652 3330 5687 us-

1795 5742 1899 5794 que
1917 5728 2045 5778 adeo
2076 5724 2277 5775 moveri
2312 5725 2473 5791 cepit,
2516 5734 2574 5779 ut
2598 5736 2770 5785 turres
2790 5726 2989 5793 aliquot
3014 5725 3327 5793 templorum

1797 5818 2145 5889 'l‘urcicorum
2220 5826 2558 5883 corruerent,
2610 5817 2958 5885 ipsorumque
3013 5814 3330 5885 templorum
