3970 6348
745 436 845 500 693

1968 418 2312 482 ANNAIES
2350 418 2668 477 TilRCiCi.

3806 413 3884 474 1321

746 541 1047 598 testudines
1075 539 1265 607 partim
1306 537 1468 592 rimas
1501 543 1743 604 agerent,
1768 531 1961 598 partim
1996 532 2142 584 humi
2165 531 2281 583 col-
2312 550 2353 602 Α
2384 523 2688 580 Anatoliam
2713 526 2863 595 petiit
2896 544 2908 587 ;
2945 536 2997 582 et
3026 527 3400 598 beglcrbegum
3427 527 3713 594 Anatolic,
3748 525 3884 583 Cara-

747 627 1474 686 laberentur.Edilieiorum
1511 639 1637 677 vero
1689 625 2021 690 privatorum
2084 619 2274 672 camini

750 723 863 774 sive
896 718 1210 771 infitrnibula
1269 717 1472 784 dcjccta
1507 722 1650 775 sunt,
1717 720 1769 764 et
1798 710 2030 780 parietes
2081 708 2274 777 partim

749 811 1096 878 ﬁssi,partim
1134 807 1407 873 prostrati.
1444 803 1626 856 Pinnae
1679 815 1953 855 murorum
1997 799 2145 854 urbis
2211 797 2278 852 ad

750 917 943 958 terram
967 885 1399 971 'pra-cipitarunt,
1421 898 1640 965 ipsaque.
1665 894 1864 948 muenia
1884 907 2005 946 cum
2038 891 2274 943 turribus

752 999 863 1051 eois
892 994 1263 1049 conciderunt.
1303 989 1553 1041 Pluribus
1583 989 1810 1054 denique
1837 981 2101 1050 magnifici
2153 996 2279 1048 ope-

750 1089 828 1140 ris
850 1085 1083 1138 :ediﬁciis
1115 1078 1369 1149 usquead
1425 1079 1775 1130 fundamenta
1818 1073 2039 1133 eversis,
2087 1079 2276 1136 magna

753 1178 1021 1230 hominum
1057 1172 1342 1226 multitudo
1374 1170 1473 1223 sub
1511 1169 1640 1237 ipsis
1662 1165 1921 1220 exstincta
1955 1163 2050 1214 fuit
2072 1162 2274 1214 ruderi-

749 1270 866 1322 bus.
894 1266 1010 1332 Quo
1030 1280 1086 1320 se
1109 1263 1404 1322 conferret,
1439 1267 1592 1313 norat
1618 1273 1791 1334 nemo.
1854 1257 2011 1311 Plebs
2067 1255 2273 1306 urbana

749 1360 860 1414 suis
921 1373 983 1409 ex
1049 1356 1252 1407 agilibus
1315 1352 1592 1417 migrans,
1657 1347 1848 1415 partim
1913 1345 1964 1396 in
2027 1344 2272 1409 plateas,

755 1450 944 1519 partim
1012 1448 1064 1499 in
1122 1459 1276 1498 areas
1329 1440 1544 1501 mdium,
1595 1439 1785 1505 partim
1847 1438 1898 1488 in
1967 1437 2149 1489 hoiztos
2224 1450 2280 1489 se

759 1539 1044 1608 recipiebat
1095 1551 1107 1586 :
1159 1549 1225 1588 ne
1276 1532 1480 1594 scilicet
1541 1546 1569 1582 a
1629 1524 2003 1581 (-orrueiitibus
2042 1525 2279 1578 :ediliciis

758 1631 1202 1699 opprimerentur.
1246 1625 1456 1692 Quippe
1513 1632 1674 1675 totam
1722 1619 1864 1672 illam
1903 1629 2112 1671 noctem
2167 1617 2280 1683 pri-

755 1733 896 1772 mam
944 1725 1086 1769 terra
1125 1725 1353 1770 tremere
1395 1727 1497 1765 non
1541 1709 1714 1764 desiit.
1737 1707 1981 1775 Cumque
2028 1720 2278 1760 somnum

752 1809 924 1864 oculis
951 1822 1108 1860 nemo
1152 1805 1357 1858 videret
1408 1803 1560 1864 suis,
1614 1815 1800 1854 omnes
1834 1839 1848 1864 ,
1905 1808 1956 1851 et
2021 1796 2276 1860 numinis,

756 1910 808 1954 et
853 1895 1172 1952 Malmmetis
1231 1910 1381 1964 opem
1412 1895 1548 1948 votis
1609 1891 1842 1945 assiduis
1902 1889 2276 1958 implorabant.
2311 1870 2350 1922 Β

754 1989 934 2044 Terra:
969 1997 1144 2042 motus
1172 1987 1256 2041 hic
1285 1986 1514 2054 denique
1605 1981 1878 2037 continuis
1925 1979 2277 2049 quadraginta

753 2081 943 2134 diebus
975 2080 1025 2131 in
1055 2079 1214 2131 horas
1233 2077 1470 2145 singulas
1512 2075 1696 2128 sentiri
1728 2073 1920 2135 potuit.
1945 2074 2077 2124 (lum
2101 2079 2278 2122 autem

758 2176 1068 2238 remisisset,
1103 2172 1366 2236 expeditis
1398 2169 1658 2238 Bajazitcs
1691 2182 1783 2236 per
1811 2165 2112 2219 universam
2143 2163 2281 2217 Ana—

752 2265 932 2319 toliam
967 2260 1388 2327 noritaniamque
1433 2257 1696 2310 mandatis
1741 2255 1855 2308 suis
1883 2295 1896 2316 ,
1935 2255 2008 2305 uti
2059 2252 2279 2305 sarcho-

754 2370 861 2417 res,
903 2354 1005 2407 hoc.
1031 2361 1130 2414 est,
1162 2347 1476 2403 mercenarii
1504 2357 1556 2399 ct
1579 2345 1795 2412 epiiiccs
1824 2343 2279 2410 Constantinopo-

753 2445 845 2496 lim
882 2442 1243 2500 milterentur,
1303 2436 1490 2490 edixit.
1535 2434 1921 2489 Conﬂuxerunt
1963 2434 2025 2486 ad
2091 2434 2278 2486 urbem

753 2534 1049 2592 fabrorum,
1079 2539 1182 2582 tam
1205 2526 1688 2587 czementariorum,
1727 2540 1885 2592 quam
1911 2523 2279 2589 lignariorum,

752 2621 1112 2689 opiﬁcumque
1154 2615 1604 2669 mercenariorutn
1655 2612 1716 2666 ad
1749 2612 2020 2679 octoginta
2073 2610 2281 2662 millia:

752 2711 946 2776 quibus
974 2708 1024 2765 id
1060 2708 1238 2759 datum
1280 2705 1502 2769 negotii,
1533 2712 1589 2756 ut
1618 2712 1840 2768 accepta
1872 2698 2138 2758 meroede,
2173 2697 2283 2749 col-

754 2803 901 2867 lapsa
963 2798 1113 2852 urbis
1163 2796 1384 2848 .‘Pdiilt'ia
1436 2795 1710 2847 reticerent
1752 2807 1813 2845 ac
1899 2791 2280 2843 instaurarent.

761 2889 1051 2946 Praefectus
1085 2903 1112 2939 a
1139 2881 1372 2954 ltajazite
1425 2887 1523 2938 fuit
1553 2885 1812 2954 operariis
1865 2884 2011 2935 hisce
2055 2879 2284 2934 Jonuzes

755 2998 874 3053 aga,
929 2979 1295 3050 genizarorum
1350 2977 1596 3028 tribunus
1627 2977 1766 3056 :_qni
1807 2985 1858 3027 et
1897 2974 2186 3040 inspector,
2232 2977 2287 3022 et

753 3083 968 3129 (⁸11101οΓ
1000 3085 1302 3140 operarum.
1328 3083 1534 3121 summa
1553 3081 1672 3120 cum
1726 3074 2003 3131 pOICSiﬂlC,
2028 3079 2138 3117 SIIIS
2161 3078 2282 3115 cum

2381 634 2564 684 gosam
2594 618 2802 673 bassam
2868 620 3089 676 adortus
3115 632 3214 678 est.
3237 623 3484 678 Occurrit
3521 623 3722 678 homini
3754 624 3884 676 Car»

2377 725 2504 780 gosa
2533 724 2653 765 eum
2673 713 2909 766 exercitu
2941 713 3222 778 Anatoliae.
3245 715 3532 786 statimque
3555 716 3688 770 inito
3713 715 3883 785 praelia.

2378 803 2618 856 seditiosi
2639 804 2808 858 vietos
2825 820 2881 858 se
2901 805 3112 859 simulat
3126 822 3175 868 e,
3201 822 3263 861 ac
3282 809 3468 876 pedem
3484 808 3724 861 nonnihil
3747 807 3883 861 refer-

2378 908 2457 946 re.
2478 892 2609 947 Tum
2637 909 2763 946 vero
2784 893 2944 949 Turci
2969 897 3194 952 desertis
3218 898 3500 952 ordinibus
3529 900 3661 960 suis,
3690 897 3883 950 hostium

2385 982 2766 1051 impedimenta
2803 983 3031 1052 diripere
3059 982 3335 1053 ceperunt.
3359 984 3664 1041 Perduelles
3685 986 3819 1040 vero.
3844 984 3882 1035 in

2381 1079 2617 1141 tempore
2639 1063 2914 1128 conversis
2959 1076 3204 1140 habenis,
3237 1076 3518 1145 Caragosa:
3552 1078 3731 1146 ropias
3775 1079 3880 1128 rec-

2379 1162 2572 1214 derunt
2601 1177 2613 1212 :
2641 1163 2920 1231 ipsumque
2967 1175 3174 1234 captum
3206 1168 3268 1226 ad
3294 1168 3625 1231 metropolim
3657 1165 3882 1219 Anatoliz

2379 1251 2633 1320 tintaigeo
2675 1255 3028 1318 adduxerunt.
3069 1267 3120 1310 et
3157 1258 3412 1327 oppidum
3437 1259 3537 1312 sibi
3561 1259 3679 1312 dedi
3725 1265 3873 1326 postu-

2379 1343 2575 1395 larunt.
2610 1343 2660 1395 id
2681 1358 2798 1396 cum
2829 1348 2896 1399 ab
2920 1348 3199 1415 oppidanis
3231 1351 3517 1416 impetrare
3547 1365 3647 1401 non
3675 1357 3878 1416 possent.

2380 1436 2633 1489 ineorum
2657 1449 2942 1506 conspectu
2974 1425 3296 1508 Caragosam
3330 1441 3540 1494 bassam
3575 1441 3749 1493 vivum
3784 1441 3877 1506 palo

2380 1527 2719 1581 transﬁxcrc.
2745 1528 3046 1584 Secundum
3081 1526 3191 1584 haec
3238 1530 3509 1599 proiectus
3537 1529 3766 1584 Manissa
3791 1544 3884 1579 cum

2382 1616 2657 1686 Sangiacis
2706 1621 3029 1689 quibusdam
3078 1624 3328 1676 sultanus
3382 1623 3661 1684 (lorcutes,
3723 1620 3884 1675 sulraui

2381 1707 2632 1774 Bajazitis
2665 1711 2825 1775 tilius,
2881 1713 3060 1780 copias
3087 1713 3136 1765 in
3194 1712 3478 1766 seditiosos
3534 1712 3695 1764 hosce
3744 1712 3885 1764 duxit.

2383 1799 2576 1851 Verum
2609 1815 2781 1857 etesus
2809 1814 2860 1857 et
2882 1804 2989 1872 ipse
3022 1819 3142 1868 cum
3176 1803 3308 1866 suis,
3342 1803 3427 1856 vix
3461 1802 3583 1868 fuga
3614 1803 3765 1855 saluii
3788 1816 3887 1850 con-

2379 1890 2566 1943 suluit.
2595 1890 2727 1944 Hinc
2748 1892 2799 1945 in
2831 1895 2943 1948 dies
2974 1896 3146 1949 auctis
3175 1895 3399 1959 viribus,
3433 1891 3733 1948 Anatoliam
3788 1892 3886 1943 Sca-

2379 1981 2620 2037 clioeulis
2649 1985 2955 2040 universam
3010 2001 3187 2056 agerc.
3255 1985 3410 2049 ferre,
3466 1988 3736 2054 multaque.
3775 1986 3886 2037 ξηιλ

2379 2075 2732 2127 committere.
2769 2074 2893 2130 Post
2921 2077 3080 2130 etiam
3122 2092 3435 2147 progressus
3470 2080 3715 2141 ulterius,
3765 2075 3888 2127 'Aidi-

2381 2179 2594 2218 ncnsem
2631 2165 2906 2221 ditionem'
2941 2168 3151 2224 invasit.
3187 2169 3441 2224 Corcutes
3478 2169 3621 2235 fuga.
3657 2184 3753 2221 ceu
3801 2168 3888 2216 dii-

2381 2261 2488 2305 tum
2513 2262 2614 2319 est,
2640 2254 2878 2322 elapsus,
2927 2273 3136 2310 summa
3167 2259 3437 2313 celeritate
3460 2259 3600 2312 datis
3625 2257 3688 2309 ad
3708 2267 3883 2324 patrem

2380 2343 2588 2409 litteris,
2619 2359 2740 2398 eum
2768 2347 2831 2398 de
2868 2361 2925 2400 re
2941 2356 3046 2400 tota
3086 2351 3365 2403 certiorem
3387 2347 3529 2403 fecit.
3549 2332 3888 2415 Bajaxitesex-

2380 2437 2708 2491 candescens
2732 2439 2991 2493 adversus
3015 2440 3220 2504 vezircs
3237 2454 3394 2502 suos,
3425 2454 3484 2490 ac
3507 2440 3792 2506 praesertim
3815 2439 3891 2486 ait-

2383 2543 2570 2582 versus
2602 2530 2736 2580 Alim
2760 2529 3001 2593 bassam,’
3031 2528 3268 2584 et'ducis
3317 2530 3506 2589 tilium,
3535 2529 3673 2596 quod
3705 2527 3895 2581 nihildc

2383 2619 2482 2671 hoc.
2504 2629 2649 2669 mqu
2671 2618 2769 2670 sibi
2796 2618 3187 2684 significassent
3215 2637 3227 2672 :
3255 2635 3372 2672 mox
3401 2620 3540 2672 Alim
3564 2621 3771 2673 bassam
3795 2633 3892 2671 cum

2382 2710 2612 2762 exercitu
2639 2708 2689 2760 in
2720 2709 3014 2762 Anatoliam
3035 2711 3316 2778 proﬁcisci,
3357 2727 3419 2764 ac
3452 2713 3760 2768 seditionem
3783 2713 3895 2763 hanc

2383 2815 2741 2866 compescere,
2768 2802 3154 2868 perduellionis
3212 2805 3522 2861 auctoribus
3559 2809 3747 2873 capitis
3797 2817 3896 2870 sup-

2382 2889 2542 2957 plicio
2562 2889 2822 2959 multatis,
2855 2891 3016 2960 jussit
3047 2910 3062 2957 ;
3089 2893 3229 2962 quod
3261 2894 3360 2947 nisi
3397 2893 3633 2956 fecisset,
3689 2896 3894 2962 impera-

2385 2987 2562 3032 turum
2595 2996 2653 3034 se
2683 2982 2912 3036 minatus
2943 2992 3044 3045 est,
3077 2993 3131 3036 ut
3164 2986 3299 3037 cutis
3321 2985 3368 3038 ei
3413 2994 3523 3037 toto
3550 2996 3774 3054 corpore
3825 2991 3897 3038 de-

2385 3071 2704 3123 traheretur.
2741 3071 3074 3140 Quapropter
3103 3074 3231 3135 Alis,
3263 3075 3500 3129 adhibita
3529 3077 3756 3129 maxima
3789 3077 3890 3129 dilio

753 3157 1588 3231 genizaris,esset.interimipse,
1610 3157 1804 3223 quietis
1819 3155 2086 3224 capienda:
2102 3169 2282 3217 causa.
2315 3184 2359 3245 ο
2391 3162 2582 3226 gentia,
2613 3161 2666 3213 in
2697 3151 2995 3215 Anatoliam
3029 3178 3086 3217 se
3113 3164 3340 3218 contulit
3368 3182 3384 3218 ι
3437 3182 3558 3220 cum
3593 3168 3840 3235 Bajaziles
3860 3170 3896 3220 ei

757 3261 925 3307 semet
953 3249 1380 3316 Hadrianopolim
1403 3248 1646 3301 contulit.

807 3337 1012 3392 ‘Eratid
1045 3339 1296 3404 temporis
1319 3339 1370 3389 in
1403 3337 1674 3405 provincia
1693 3333 1940 3389 Tekicnsi
1970 3335 2046 3386 vir
2069 3335 2284 3402 quidam

755 3430 1060 3497 primarius,
1095 3429 1179 3480 cui
1217 3427 1407 3480 nomen
1440 3429 1707 3481 Chasanes
1742 3427 1994 3483 Chelifes.
2026 3426 2074 3479 is
2121 3427 2282 3479 tilium

757 3519 1009 3583 habebat,
1041 3517 1129 3584 qui
1183 3515 1526 3570 Seachoculis
1563 3518 1860 3584 appellatus
1909 3517 2023 3577 fuit,
2084 3527 2135 3569 ct
2163 3518 2287 3570 totis

753 3620 843 3660 sex
863 3606 943 3658 vel
958 3614 1154 3673 septem
1178 3604 1331 3657 annis
1351 3605 1415 3655 ita
1437 3603 1609 3664 latuit,
1635 3615 1688 3656 ut
1707 3620 1974 3672 nunquam
1999 3607 2285 3672 prodierit:

754 3711 858 3762 qua
887 3695 1098 3761 quidem
1131 3694 1196 3747 de
1252 3708 1411 3746 causa
1447 3692 1545 3744 fuit
1578 3693 1790 3747 habitus
1818 3710 1910 3760 pro
1935 3696 2045 3748 viro
2078 3705 2285 3750 sancto.

755 3784 1235 3859 Eideanajazites
1259 3784 1546 3851 quotannis
1578 3792 1776 3850 septem
1814 3800 2092 3852 asprurum
2129 3788 2284 3838 millia

755 3889 902 3928 suam
923 3875 978 3926 in
997 3875 1297 3942 speluncam
1329 3875 1534 3927 mittere
1559 3875 1780 3937 Solebat,
1823 3892 1941 3928 cum
1993 3876 2279 3945 ignoraret,

755 3978 874 4014 eum
900 3953 952 4014 et
975 3970 1131 4014 sectae
1159 3963 1394 4026 alterius,
1441 3974 1492 4016 et
1527 3964 1750 4017 Kiselcm
1782 3965 1989 4021 bassam
2020 3983 2158 4022 esse.
2189 3968 2283 4022 llic

754 4067 900 4120 ergo,
939 4066 1046 4118 quo
1075 4061 1307 4116 tempore
1339 4052 1793 4121 Constantinopoli
1817 4067 2030 4109 strenue
2074 4051 2284 4125 labora-

752 4144 905 4197 batur
933 4143 982 4195 in
1017 4143 1146 4195 urbe
1183 4141 1490 4203 reﬁciunda,
1540 4145 1651 4197 suis
1709 4146 1813 4198 illis
1872 4164 1900 4200 e
1959 4148 2175 4201 latebris
2233 4158 2285 4202 et

752 4235 993 4288 cavernis
1049 4234 1258 4286 tandem
1336 4232 1554 4301 prodiit,
1605 4243 1658 4286 et
1703 4236 1916 4302 adjutus
1949 4252 2107 4304 Opera
2163 4255 2286 4290 suo-

755 4341 872 4378 rum
924 4325 1275 4390 quormndam
1326 4326 1662 4395 Complicutn,
1717 4328 1802 4380 die
1860 4329 2086 4394 quodam
2159 4331 2286 4382 solis

755 4416 937 4467 urbem
974 4416 1332 4468 Anzalienscm
1363 4417 1636 4484 ingressus
1657 4427 1738 4471 est
1768 4435 1780 4471 :
1817 4421 1956 4486 quod
1988 4435 2050 4473 eo
2075 4419 2283 4475 facilius

2391 3267 2494 3303 non
2529 3251 2770 3320 exiguam
2803 3263 3003 3320 partem
3045 3255 3201 3308 aulici
3221 3257 3300 3310 sui
3337 3254 3643 3323 cemitatus.
3671 3269 3722 3316 et
3775 3261 3897 3331 geni-

2388 3359 2656 3408 zarorum,
2683 3345 3045 3412 adiunxisset:
3079 3348 3295 3416 ﬁlioque
3354 3360 3611 3418 praeterea
3645 3369 3763 3415 suo.
3813 3353 3900 3406 sul-

2387 3441 2514 3503 tano
2536 3433 2799 3496 Acltmeti;
2829 3437 2981 3504 cujus
3013 3439 3239 3494 Amasis:
3283 3441 3436 3495 sedes
3465 3453 3564 3507 rat,
3601 3444 3899 3502 mandasset;

2389 3536 2447 3575 ut
2475 3525 2584 3577 suis
2611 3541 2728 3577 cum
2757 3527 2934 3593 copiis
2961 3527 3040 3578 Ali
3076 3529 3247 3583 bassze
3273 3531 3471 3584 auxilio
3501 3533 3726 3587 veniret.
3781 3533 3902 3586 Ach-

2389 3623 2555 3667 mctes
2599 3614 2811 3693 Amasia
2840 3616 3132 3684 profectus,
3163 3622 3226 3672 ad
3256 3620 3391 3673 Alim
3421 3622 3633 3693 bassam
3657 3626 3901 3679 accessit:

2387 3706 2476 3771 qui
2514 3720 2634 3757 mox
2673 3706 2811 3759 inter
2875 3723 2933 3761 se
2967 3709 3395 3777 congressi,dirs
3419 3714 3622 3781 aliquot
3640 3715 3903 3770 reliciundu

2391 3793 2542 3846 militi
2572 3794 2854 3860 dederunt,
2897 3795 3074 3864 deque
3095 3799 3229 3853 bello
3272 3803 3504 3870 gerendo
3529 3808 3899 3860 consultarunt.

2385 3881 2600 3938 Interea
2663 3901 2786 3939 vero
2843 3901 2962 3941 cum
3015 3890 3180 3957 copiis
3236 3891 3288 3944 in
3344 3893 3714 3950 Caramaniam
3772 3899 3903 3951 irruit

2387 3973 2856 4038 Scachoculis,cui
2887 3977 3219 4036 Caramanite
3261 3983 3439 4047 bassa,
3486 4001 3646 4053 quem
3700 3988 3902 4042 Cltcidr-

2385 4081 2496 4118 rem
2530 4067 2738 4122 bassam
2767 4072 3046 4132 vocabant,
3072 4082 3123 4123 et
3147 4071 3440 4139 Sangiacus
3468 4078 3686 4143 quidam
3750 4079 3799 4130 in
3829 4093 3902 4128 ea-

2385 4153 2504 4205 dem
2535 4155 2833 4220 provin’cia,
2857 4157 3049 4210 Zindis
3093 4159 3339 4213 Kcmalcs
3379 4161 3567 4231 hegus,
3595 4166 3797 4219 obviam
3831 4181 3904 4216 νε-

2389 4251 2628 4292 nerunt:
2684 4243 2984 4312 prmlioque
3029 4247 3198 4299 Culim
3256 4249 3450 4313 adorti,
3477 4256 3600 4305 non
3643 4255 3903 4308 inferiores

2330 4400 2332 4402 ν
2389 4329 2548 4383 modo
2583 4331 2879 4386 discessere
2910 4350 2926 4387 :
2957 4350 3140 4408 verum
3193 4339 3350 4395 etiam
3379 4341 3610 4411 utrique,
3643 4359 3736 4412 pro
3757 4361 3903 4403 more,

2377 4424 2589 4473 resecta
2627 4421 2778 4476 fuere
2833 4425 3028 4492 capita.
3057 4427 3307 4482 Seditiosi
3370 4430 3567 4487 deinde
3611 4433 3902 4490 Caramania

753 4512 864 4556 tum
891 4504 1000 4554 tieri
1035 4503 1220 4568 potuit,
1260 4506 1383 4570 quia
1410 4507 1746 4559 commodum
1781 4511 1829 4560 id
1872 4509 2126 4576 temporis
2174 4510 2279 4564 illic
2314 4501 2354 4554 Ι)
2387 4510 2588 4572 relicta.
2641 4528 2830 4569 versus
2867 4517 3141 4585 planitiem
3180 4519 3482 4578 Zlbucciam
3509 4528 3902 4593 proiectisunt:

754 4594 1135 4648 anniversaria:
1180 4595 1428 4649 nundiua:
1469 4596 1896 4651 celebrabantur.
1955 4599 2281 4667 itaqueea-

757 4695 899 4748 ptam
934 4685 1203 4737 civitatem
1238 4686 1478 4754 diripuit,
1511 4697 1560 4740 ct
1592 4689 1808 4740 Gadium
1836 4689 1954 4755 ejus
1984 4691 2285 4758 inquatuor

761 4773 926 4822 frusta
993 4773 1269 4835 dissecari,
1337 4788 1397 4824 ac
1447 4773 1558 4840 ipsa
1615 4773 1781 4826 frusta
1847 4775 2111 4827 distinctis
2159 4777 2286 4828 locis

758 4860 1007 4926 suspendi
1040 4861 1222 4927 jussit.
1285 4861 1412 4914 Inde
1440 4863 1615 4916 missis
1645 4864 1694 4916 in
1756 4864 2059 4931 provincias
2109 4868 2286 4933 proxi-

760 4965 871 5000 mas
898 4952 1212 5010 quibusdam
1245 4968 1355 5004 sum
1375 4963 1550 5013 sectr,
1570 4969 1889 5020 suarumque
1915 4955 2143 5021 partium
2197 4955 2288 5008 ho-

761 5041 1008 5117 rninibus.
1043 5045 1352 5109 proclamari
1379 5047 1636 5113 puer-cpit
1694 5045 1972 5099 advenisse
2016 5046 2125 5113 jam
2155 5055 2287 5100 tem-

761 5149 877 5199 pus.
904 5132 1031 5198 ipsis
1053 5143 1433 5200 opportunum.
1458 5138 1642 5186 saltem
1663 5136 2120 5202 eorreptisarmis,
2143 5136 2206 5190 ad
2232 5151 2289 5191 se

759 5231 1122 5288 properarent.
1162 5222 1429 5292 Quotquot
1464 5224 1622 5290 igitur
1655 5225 1793 5272 illam
1818 5216 2015 5274 sectam
2041 5225 2283 5291 ampleco

759 5311 1024 5370 tcbantur,
1050 5321 1100 5362 et
1138 5313 1359 5362 antehae
1386 5328 1499 5372 eam
1527 5321 1732 5364 secreto
1765 5313 2022 5364 duntaxat
2047 5313 2286 5381 proﬁteri

757 5403 1099 5464 cogebantur,
1122 5404 1182 5452 ad
1204 5404 1340 5452 hunc
1360 5418 1420 5452 eo
1438 5417 1658 5452 nttttlcrn
1679 5400 2074 5467 conﬂuxerunt,
2096 5414 2151 5457 nt
2171 5419 2290 5466 per-

757 5490 903 5542 brevi
942 5494 1113 5558 spatio
1142 5491 1420 5559 temporis,
1469 5476 1743 5542 hominum
1784 5501 1845 5543 ad
1888 5493 2071 5547 decem
2128 5493 2288 5545 millia

756 5595 934 5634 secum
966 5583 1014 5632 in
1043 5581 1201 5650 336
1229 5582 1675 5656 castrishalieret.
1708 5581 1975 5636 Praeterea
1999 5584 2300 5650 complures

757 5671 1039 5725 eTi-kiensi
1071 5673 1336 5737 provincia
1356 5687 1472 5724 cum
1491 5672 1604 5736 ipso
1618 5688 1673 5736 se
1692 5675 2098 5740 eonjunxerunt.
2122 5674 2302 5741 Itaque

762 5761 892 5814 tales
923 5775 980 5813 ac
1008 5760 1303 5828 tantasjam
1339 5769 1654 5813 consecutus
1678 5763 1872 5828 copias,
1895 5763 2066 5816 Antali
2101 5762 2299 5828 relicta,

2391 4605 2534 4668 quod
2565 4618 2682 4656 cum
2719 4608 2799 4658 Ali
2856 4607 3026 4663 bassaa
3079 4605 3433 4680 signiﬁcatum
3467 4617 3677 4681 fuisset,
3707 4634 3908 4687 magne-

2393 4705 2517 4756 pere
2545 4695 2884 4758 perturbatus
2911 4699 3091 4750 animo
3145 4717 3158 4749 :
3184 4701 3460 4771 Quisquis,
3492 4707 3589 4766 ait,
3617 4711 3718 4760 me
3759 4718 3903 4760 amat.

2393 4778 2591 4846 absque
2621 4797 2767 4834 mora
2795 4789 3120 4841 conscendat
3146 4804 3364 4857 equum,
3395 4795 3707 4864 primusque
3725 4801 3907 4851 caeteris

2393 4867 2636 4930 exemplo
2674 4870 2916 4934 praebito,
2942 4874 3256 4928 conscendit
3308 4891 3506 4943 equum
3542 4895 3556 4932 :
3591 4889 3643 4932 et
3698 4882 3906 4935 vei-ed)-

2395 4954 2594 5020 riorum
2630 4955 2680 5006 in
2716 4971 2915 5008 "iorem
2937 4957 3191 5012 festinato
3241 4959 3450 5022 itinere,
3507 4965 3807 5029 perduelles
3859 4966 3901 5015 iu

2393 5056 2582 5112 campo
2653 5043 2908 5101 Zibuccio
2949 5049 3160 5102 tandem
3220 5062 3498 5106 assecutus
3539 5065 3664 5109 cst.‘
3691 5055 3908 5110 Sracluv-

2395 5134 2532 5186 culis
2563 5137 3189 5199 antem,Osmanicorum
3219 5142 3445 5196 adventu
3464 5147 3698 5213 cognito,
3730 5147 3902 5200 ibideu

2395 5222 2445 5274 in
2484 5223 2700 5298 planitie
2746 5235 2917 5278 castra
2954 5227 3093 5282 vallo
3123 5235 3744 5299 communivit,.camelis
3767 5239 3905 5289 etiam

2393 5312 2445 5363 in
2477 5312 2700 5365 circuitu
2725 5314 3003 5384 dispositis
3041 5337 3054 5373 :
3088 5330 3281 5376 etcum
3310 5326 3494 5377 animo
3516 5342 3616 5379 suo
3648 5329 3906 5380 constitui:

2400 5404 2500 5456 hoc
2529 5406 2642 5458 loco
2672 5405 2854 5460 Martis
2879 5410 3050 5463 aleam
3115 5415 3367 5481 experiri.
3421 5416 3682 5472 Praeterea
3707 5405 3908 5486 quitus-

2401 5494 2521 5544 dam
2557 5504 2856 5550 castrorum
2889 5499 2940 5550 in
2973 5499 3123 5565 locis,
3156 5501 3256 5556 hoc
3281 5505 3436 5558 modo
3465 5508 3705 5566 munitis.
3751 5515 3903 5558 turres

2404 5583 2657 5636 excitavit
2685 5601 2697 5635 ι
2725 5587 2789 5640 de
2807 5588 3008 5655 quibus
3023 5588 3244 5655 suisese
3270 5590 3640 5653 defenderent.
3658 5603 3708 5646 et
3727 5596 3908 5644 lioSIrm

2406 5673 2470 5725 ab
2502 5678 2901 5744 Oppugnatione
2926 5687 3226 5732 castrorum
3255 5694 3520 5738 arcerent.
3561 5683 3721 5734 Erant
3773 5680 3909 5747 igitur

2408 5763 2457 5815 hi
2476 5767 2682 5834 egregie
2707 5768 2769 5818 ad
2792 5767 3027 5836 praelium
3051 5769 3340 5825 ineumlnm
3380 5773 3573 5840 parati.
3595 5771 3667 5826 Er
3687 5772 3908 5824 adchEO.
