3970 6348
83 512 168 569 (‘2')

1300 521 1636 583 ANNALES
1675 528 1999 591 TURCICI.

3123 533 3224 596 626

79 622 184 673 licet
211 622 321 671 Alis
348 624 501 676 bassa
540 639 721 677 secum
756 635 809 679 et
837 627 948 695 ipse
981 630 1146 682 multa
1181 631 1345 683 millia
1370 633 1596 685 militum
1632 639 1675 693 Α
1705 636 1757 686 in
1812 635 2123 690 Romaniam
2150 639 2411 692 abiturus.
2440 641 2616 708 itaque
2634 638 2765 693 Cale
2785 639 3079 698 discedens.
3100 638 3225 691 Chi-

78 712 412 774 adduxisset,
465 721 641 768 tamen
690 717 813 784 quia
848 729 984 773 totos
1030 720 1146 775 dies
1189 725 1593 791 quatuordecim

75 801 153 854 iilo
208 804 398 857 itinere
472 808 761 862 veredariis
793 826 957 879 prepe
1004 814 1152 881 paria
1188 812 1414 876 fecerat,
1488 829 1595 867 non

77 894 203 945 viros
235 892 517 958 duntaxat,
550 899 639 951 sed
681 915 852 967 equos
875 901 1033 955 etiam
1077 903 1352 958 laboribus
1379 903 1582 958 exhau-

77 996 175 1034 stos
218 983 469 1040 habebat.
496 987 857 1046 Nihilominus
890 993 1041 1048 hoste
1073 1004 1362 1063 conspecto
1397 1014 1409 1049 :
1457 993 1595 1049 Ten-

77 1074 257 1125 damus
287 1075 337 1126 in
370 1091 484 1143 eos,
508 1080 700 1148 inquit.
735 1081 836 1136 Sed
871 1094 987 1138 erat
1020 1086 1073 1139 in
1106 1087 1341 1145 exercitu
1374 1086 1594 1153 quidam

75 1161 400 1222 Caramuses.
433 1170 902 1235 stipendiariorum
933 1175 1248 1243 praefectus,
1303 1179 1440 1245 quos
1469 1170 1597 1231 Ulo-

75 1253 199 1307 lezio
239 1256 448 1332 dicunt,
485 1261 567 1313 vir
596 1262 670 1315 rei
724 1264 972 1320 militaris
1038 1267 1322 1336 insigniter
1370 1268 1591 1337 peritus.

78 1348 117 1398 ls
144 1348 223 1401 Ali
259 1350 430 1406 bassa:
489 1356 815 1425 respondens
835 1375 848 1411 :
868 1358 1127 1428 Exspecta
1152 1361 1428 1426 nonnihil,
1453 1364 1595 1424 ait,o

78 1440 427 1500 hassa,douec
451 1448 721 1501 exercitus
746 1448 831 1502 alii
860 1464 916 1502 se
939 1451 1213 1504 nobiscum
1234 1451 1587 1520 conjungant.

75 1529 197 1581 Fieri
281 1537 487 1603 nequit,
565 1548 621 1591 ut
705 1536 876 1595 hostis
961 1557 992 1596 e
1079 1526 1329 1596 manibus
1396 1549 1596 1599 nostris

72 1621 321 1705 elabatur.
379 1626 459 1677 Ad
492 1644 655 1682 unum
738 1632 1019 1696 duntaxat,
1076 1630 1373 1688 alterumve
1433 1637 1592 1701 diem,

76 1714 304 1777 pralium
333 1715 513 1770 dili'er.
552 1717 723 1772 Etiam
753 1722 1078 1780 Ramasanls
1108 1724 1269 1789 ﬁlius,
1289 1726 1594 1779 Adanorum

73 1802 245 1868 ileglls.
294 1808 445 1861 nobis
476 1810 719 1865 subsidio
750 1813 912 1868 venit.
938 1813 1091 1880 Sine,
1127 1833 1329 1887 quaeso,
1382 1812 1610 1875 nostras

73 1892 134 1941 uti
162 1894 348 1962 copias
387 1898 616 1952 aliorum
650 1904 959 1958 accessione
995 1906 1227 1975 majores
1258 1918 1311 1963 et
1334 1909 1598 1965 ﬁrmiores

1697 726 1786 778 lim
1814 727 2076 795 navigavit
2103 745 2118 782 :
2154 729 2292 783 Cbili
2322 729 2657 797 Beligradum
2687 729 2851 782 venit.
2884 730 3006 797 Ejus
3044 730 3115 781 rei
3148 728 3224 780 fa-

1694 829 1777 867 ma
1797 815 2304 886 Constantinopolim
2330 820 2677 871 adsultannm
2703 819 2987 886 Bajazitet‘n
3008 819 3222 886 perlata,

1695 903 1915 958 Gadium
1947 906 2101 961 urbis
2138 906 2491 975 Sarigresetn,
2522 918 2574 961 et
2631 908 2930 973 Seguanem
2992 909 3223 968 bassam,

1695 993 1896 1062 legatos
1916 996 1978 1049 ad
2007 996 2173 1050 ﬁlium
2198 998 2363 1059 misit,
2394 1014 2621 1066 quorum
2651 999 2960 1052 etconsiliis
2992 1008 3227 1051 uteretur

1694 1084 1936 1149 Selimes,
1962 1095 2016 1140 et
2045 1088 2263 1141 monitis
2295 1090 2669 1143 instrueretur.
2733 1088 2797 1141 Hi
2832 1104 2949 1143 cum
2983 1088 3045 1140 ad
3096 1087 3228 1140 Seli-

1695 1191 1833 1229 mem
1863 1180 2245 1244 pervenissent,
2278 1188 2523 1233 auctores
2541 1181 2589 1232 ei
2613 1178 2844 1241 luerunt,
2885 1179 2958 1232 uti
2991 1193 3141 1233 suam
3175 1179 3226 1229 in

1693 1267 1944 1321 ditionem
1974 1269 2169 1321 rediret
2194 1288 2208 1322 :
2245 1284 2308 1322 ne
2340 1270 2472 1323 forte
2496 1270 2750 1324 fratribus
2774 1272 2933 1324 etiam
3002 1271 3115 1323 suis
3141 1284 3229 1321 oc-

1696 1360 1964 1413 casionem
2000 1360 2279 1426 praeberet,
2317 1361 2620 1415 consimilia
2670 1362 2912 1429 quaedam
2967 1359 3237 1413 tentandi.

1696 1450 1779 1508 Ad
1804 1465 1863 1503 ea
1900 1450 2225 1519 respondens
2251 1450 2476 1507 Selimes
2505 1471 2519 1507 :
2545 1455 2767 1529 Annon
2817 1454 3119 1507 mandatum
3148 1449 3228 1503 di-

1698 1542 1896 1596 vinitus
1929 1552 2027 1606 est,
2059 1544 2252 1615 inquit,
2298 1545 2371 1598 uti
2403 1560 2530 1599 suos
2554 1548 2783 1614 quisque
2806 1555 3049 1614 parentes
3076 1543 3229 1595 tertio

1694 1628 1775 1686 vel
1798 1643 2372 1709 quartoquoqueanno
2403 1636 2630 1688 invisat?
2664 1637 2771 1688 Hac
2800 1636 3044 1702 equidem
3065 1648 3227 1689 causa
3267 1678 3275 1681 _

1696 1737 1888 1785 motus,
1916 1724 2018 1776 iter
2053 1724 2153 1776 hoc
2186 1725 2458 1793 perﬁciam
2488 1744 2500 1788 ;
2534 1735 2585 1779 et
2602 1736 2749 1792 patre
2782 1726 3020 1787 visitato,
3054 1739 3227 1777 meam

1696 1816 1747 1868 in
1775 1815 2026 1868 ditionem
2061 1826 2318 1871 revertar.
2351 1819 2425 1869 Ad
2461 1833 2746 1880 Stltllmam,
2781 1817 3232 1891 abborinstituto

1697 1907 1852 1976 legati
1893 1905 2142 1961 Selimem
2187 1907 2335 1961 nullo
2382 1890 2656 1961 dimovere
2706 1909 2867 1963 modo
2920 1890 3227 1976 potuerunt.

68 1984 372 2041 adiciamus.
404 1989 517 2043 Alis
536 2000 713 2046 autem
738 1994 892 2049 bassa
916 1996 1147 2052 vicissim
1174 2016 1187 2051 :
1218 1999 1371 2065 Quis,
1400 2000 1596 2068 inquit,
1628 1970 1671 2025 Β
1701 1999 1930 2065 Ideoque
1965 1999 2251 2053 redeuntes
2285 2000 2346 2051 ad
2380 1999 2664 2066 Bajazitem‘
2715 1999 2808 2053 ﬁlii
2869 2011 3098 2052 mentem
3169 2014 3231 2052 ac

71 2086 140 2128 rst
171 2077 283 2131 Alis
314 2078 491 2142 hassa,
523 2082 712 2146 quisve
774 2086 986 2139 tandem
1026 2087 1160 2143 alter
1208 2090 1317 2155 ille,
1349 2092 1504 2145 nobis
1544 2102 1601 2146 ut

70 2170 171 2231 ejus
203 2170 277 2221 sit
304 2173 701 2237 exspectandus
732 2168 990 2230 adventus
1030 2176 1052 2228 ?
1100 2176 1360 2244 Nimirum
1407 2180 1517 2233 Alis
1570 2196 1600 2235 θ

73 2267 325 2323 potestate
357 2269 500 2313 totus
529 2263 754 2316 exierat.
788 2261 1016 2333 Ideoque
1050 2268 1197 2322 rabie
1231 2269 1463 2337 quadam
1510 2285 1601 2324 ac-

72 2358 151 2403 tus
186 2349 393 2404 hostem
427 2351 652 2404 invasit:
686 2368 793 2418 quo
849 2354 1072 2420 laetum,
1101 2367 1156 2409 ut
1179 2374 1301 2413 acre
1331 2362 1598 2429 ,prmlinm

73 2440 514 2496 committeretur.
560 2440 633 2494 Eo
661 2445 840 2508 pra-lio
863 2447 1145 2521 Chasanes
1175 2451 1437 2518 Chelifes,
1474 2458 1602 2508 Sra-

71 2530 300 2584 rhoculis
320 2540 488 2599 pater,
511 2536 705 2604 sagitta
730 2539 1059 2604 vulneratus,
1081 2527 1135 2596 et
1174 2546 1332 2612 paulo
1356 2560 1473 2610 post
1506 2564 1598 2608 ex—

72 2622 292 2675 snnctus
311 2622 413 2675 fuit
446 2640 458 2672 :
486 2641 595 2694 quo
620 2637 854 2692 mortuo,
874 2633 1138 2687 tumultus
1155 2644 1316 2702 atque
1346 2639 1601 2706 strepitus

72 2712 246 2779 ingens
282 2716 455 2770 audiri
475 2720 614 2785 cepit
647 2721 697 2772 in
724 2723 914 2775 castris
938 2722 1335 2780 seditiosorum.
1358 2728 1608 2799 Quapro-'

70 2813 179 2871 pter
201 2807 318 2862 Alis
379 2808 559 2873 bassa,
582 2814 851 2866 concitato
880 2806 1186 2871 calcaribus
1219 2836 1377 2887 equo,
1401 2824 1603 2880 medius

73 2896 116 2948 in
136 2898 320 2954 hostes
340 2900 551 2955 delatus
576 2913 624 2956 et
652 2906 718 2957 ab
740 2907 817 2959 eis
842 2908 1056 2962 occisus
1079 2924 1181 2962 est.
1203 2910 1354 2974 Quod
1387 2917 1599 2980 quidem

72 2985 233 3048 ipsius
252 2989 551 3057 conspicati
578 2991 798 3058 milites,
825 3005 977 3063 terga
995 2996 1208 3052 dedere.
1249 3000 1599 3057 Scachoculis

72 3076 163 3131 hac
193 3081 397 3147 potitus
457 3083 699 3147 victoria,
744 3101 932 3162 versus
988 3085 1266 3145 Parthicos
1304 3092 1435 3147 ﬁnes
1501 3096 1603 3148 iter

72 3172 277 3234 direxit,
341 3172 644 3228 Tebrisium
692 3160 1070 3245 profecturus;
1104 3196 1225 3235 cum
1288 3200 1450 3253 prope
1486 3186 1598 3255 jam

1698 2092 2013 2143 sententiam
2046 2091 2181 2156 patri
2236 2090 2626 2143 renuntiarunt.
2684 2089 2736 2143 is
2791 2091 2964 2144 dvnuo
3033 2091 3232 2159 legatos

1700 2181 1829 2234 alios
1858 2179 1922 2233 ad
1946 2166 2197 2251 Selim’cm
2235 2182 2397 2244 misit,
2431 2195 2492 2233 ac
2531 2181 2637 2233 dici
2663 2181 2771 2232 ﬁlio
2794 2182 2976 2248 jussit,
3006 2180 3081 2246 uti
3136 2164 3232 2233 Sc-

1700 2271 1991 2324 tnrndriam
2022 2287 2077 2325 se
2110 2254 2372 2340 reciperet
2409 2288 2420 2323 :
2454 2287 2610 2340 quem
2637 2272 2749 2338 ipse
2764 2266 3123 2336 sangiacatuni
3156 2269 3228 2322 illi

1700 2363 2047 2416 attribuisset.
2090 2363 2312 2431 Negavit
2347 2361 2397 2416 id
2438 2377 2497 2416 se
2546 2363 2813 2419 facturum
2846 2361 3005 2427 ﬁlius,
3057 2362 3249 2416 omni-’

1701 2470 1874 2522 noque
1900 2468 1957 2505 se
1975 2462 2178 2521 patrem
2205 2456 2354 2523 prius
2391 2455 2659 2509 aditurum
2684 2442 2987 2526 respondit,
3007 2454 3232 2523 ejusque

1700 2560 1891 2597 manus
1922 2545 2310 2611 osculaturum,
2346 2554 2504 2614 atque
2534 2545 2607 2598 ita
2629 2543 2818 2599 deinde
2848 2544 3229 2599 discessurum.

1703 2634 2001 2690 Evcncrunt
2023 2638 2132 2709 hinc
2168 2652 2307 2691 anno
2324 2636 2448 2691 917.

1773 2727 2075 2781 Secundum
2120 2729 2205 2781 illa
2242 2730 2473 2796 perrexit
2506 2729 2559 2783 in
2614 2729 2803 2782 itinere
2849 2743 2945 2782 suo
2993 2728 3234 2781 sultanus

1704 2819 1950 2883 Selimes,
1984 2828 2034 2872 et
2071 2818 2506 2888 Hadrianopolim
2556 2820 2728 2890 petiit.
2790 2819 2917 2872 Inde
2963 2834 3082 2873 cum
3128 2832 3233 2869 non

1702 2908 1884 2974 procul
1910 2909 2145 2971 abesset,
2172 2908 2359 2963 relicta
2387 2908 2650 2978 Bajazites
2689 2905 3087 2976 Hadri-anOpoli,
3120 2920 3235 2959 ver-

1702 3013 1791 3050 sus
1820 2997 2343 3065 Constantinopolim
2374 2999 2526 3054 abiit.
2570 2993 2809 3057 Habebat
2836 3005 3009 3051 autem
3050 3011 3232 3050 secum

1702 3104 1888 3143 omnes
1919 3088 2132 3144 Vezires
2164 3108 2313 3157 suos,
2341 3104 2395 3146 et
2428 3094 2587 3161 begos
2621 3091 2916 3156 sangiacos,
2939 3098 2988 3141 et
3020 3089 3232 3142 milites.
3318 3139 3326 3150 ,

1703 3180 1906 3246 Quippe
1934 3182 2198 3234 mandatis
2230 3180 2515 3247 publicatis
2544 3180 2802 3243 ediXerat,
2840 3180 3143 3245 illiset-um
3176 3193 3239 3230 eo

73 3257 325 3315 Parthicis
347 3277 374 3313 a
408 3263 603 3320 ﬁnibus
633 3266 902 3329 abessent,
972 3270 1181 3324 obviam
1230 3274 1309 3328 eis
1340 3290 1601 3330 caravana

1707 3272 2188 3338 proﬁciscerentur.
2224 3273 2337 3336 Qua
2371 3273 2437 3326 de
2476 3287 2634 3325 causa
2663 3282 2966 3325 connnutus
2992 3258 3237 3332 Selium,

76 3354 313 3416 quaedam
335 3356 497 3417 venit,
518 3368 700 3410 set‘um
730 3373 758 3410 e
777 3357 987 3413 Parthia
1014 3362 1209 3415 serit-as
1232 3376 1281 3417 et
1304 3365 1433 3419 alias
1459 3384 1599 3422 mer—

73 3461 154 3500 res
175 3449 394 3502 vellens.
420 3449 545 3502 Eam
571 3464 886 3505 t‘aravattatn
906 3454 1257 3509 Sraclmculis
1282 3460 1524 3524 diripuit,
1552 3469 1605 3523 rt

70 3549 330 3606 quotquot
352 3542 490 3593 hanc
519 3542 912 3594 comitabantur
948 3546 1211 3607 homines,
1238 3548 1463 3601 interliri
1484 3551 1601 3616 jus-
1634 3532 1636 3535 λ

74 3630 137 3681 sit
165 3648 177 3682 :
212 3646 335 3683 cum
364 3633 659 3698 ignoraret,
691 3647 809 3687 esse
837 3648 964 3701 opes
984 3634 1100 3687 illas
1120 3635 1361 3690 lsmaelis
1386 3636 1599 3703 Scacbi,
1636 3686 1639 3689 λ

74 3722 162 3774 hoc
190 3733 275 3777 est
301 3724 440 3791 regis
476 3721 821 3777 Parthorum.
848 3724 947 3780 Ubi
977 3724 1277 3781 Tebrisium
1311 3732 1601 3792 venissent,

72 3812 265 3866 tribuni
301 3813 555 3877 militum,
595 3816 885 3885 ceterique
913 3818 1169 3885 praefecti,
1222 3818 1487 3874 Scachum
1534 3821 1606 3875 ls-

73 3904 277 3957 mailem
341 3904 593 3958 adierunt
629 3925 641 3959 :
671 3916 723 3960 et
780 3907 1046 3983 adpcdes
1096 3910 1264 3978 ipsius
1316 3913 1602 3980 provoluti,

74 3996 324 4048 lmnorcm
354 3997 402 4050 ei
463 4012 560 4065 pro
586 4012 731 4051 more
765 4001 1001 4066 gentium
1029 4001 1264 4067 illarntn,
1289 3988 1607 4059 exhibuere.

73 4085 198 4140 Tum
236 4103 364 4141 vero
405 4086 648 4143 Srachus
672 4088 851 4143 lsmail
881 4108 891 4142 :
917 4091 1049 4156 Quis
1074 4101 1260 4146 auctor
1288 4094 1436 4147 vobis
1481 4095 1604 4163 fuit,

75 4180 262 4245 inquit,
301 4190 359 4233 ut
388 4180 643 4248 adoptivo
672 4180 810 4248 patri
838 4196 957 4235 meo
992 4183 1176 4237 hassas
1206 4194 1259 4237 et
1286 4185 1447 4253 begos
1476 4202 1607 4241 suos

71 4272 409 4333 m‘citleretis,
436 4272 682 4341 ejusque
719 4282 974 4341 praeterea
1033 4276 1276 4330 subditos
1325 4279 1487 4333 rebus
1544 4295 1606 4335 ac

72 4366 417 4418 tacultatibus
452 4365 565 4419 suis
596 4365 1070 4433 spoliaretis?lllis
1129 4369 1615 4443 respondentibus,

70 4457 230 4510 idabs
259 4473 318 4511 se
379 4458 601 4521 factum,
636 4469 694 4512 ut
744 4459 958 4527 ipsimet
1006 4460 1205 4515 lsmaiti
1260 4460 1468 4516 Scacbo
1499 4480 1608 4516 rem

71 4557 264 4605 gratim
296 4547 560 4611 facerent,
602 4559 653 4601 et
700 4550 948 4605 homines
979 4564 1006 4603 a
1040 4563 1181 4605 recta
1230 4555 1330 4606 ﬁde
1383 4554 1605 4619 alienos,

1702 3373 1754 3415 et
1785 3364 2125 3418 c0nsiliarios
2192 3380 2319 3419 suos
2371 3365 2681 3432 appellans:
2733 3364 2975 3426 Nullum,
3042 3364 3236 3431 inquit.

1702 3456 1907 3509 hostem
1939 3457 2196 3510 habemus
2225 3456 2364 3508 inter
2397 3447 2829 3524 Hadrianopolim
2881 3465 2933 3506 et
2976 3454 3239 3507 Constan-

1705 3547 1999 3614 tinopolim.
2025 3547 2131 3599 (Zur
2157 3563 2281 3615 ergo
2300 3556 2372 3599 tot
2400 3561 2667 3611 proceres,
2686 3553 2736 3599 et
2763 3546 2918 3598 talem
2945 3560 3005 3597 ac
3028 3553 3232 3599 tantum

1703 3633 1993 3686 exercitum
2016 3643 2161 3701 pater
2190 3649 2365 3686 secum
2390 3632 2559 3687 ducit?
2588 3631 2733 3687 Haud
2752 3632 2911 3687 dubie
2934 3634 3059 3686 nihil
3091 3633 3233 3687 aliud

1705 3725 1814 3777 haec
1846 3727 2191 3791 portendunt,
2225 3710 2379 3791 quam
2411 3724 2552 3793 quod
2582 3724 2799 3777 fratrem
2829 3739 3029 3786 meum,
3064 3724 3236 3777 sulta-

1706 3832 1832 3868 num
1861 3816 2188 3878 Acbmetem,
2222 3831 2398 3868 rerum
2460 3816 2912 3887 administrationi
2976 3816 3246 3885 prarﬁrere‘

1706 3905 1923 3972 cogitat.
1956 3906 2184 3973 Ideoque
2207 3918 2413 3957 summa
2447 3920 2576 3959 usus
2614 3905 2904 3967 celeritate,
2958 3921 3071 3971 non.
3119 3920 3238 3972 pro-

1706 3997 1789 4048 cul
1820 4011 1848 4047 a
1883 3994 2266 4062 Zorloqiatrem
2302 4003 2581 4048 assecutus
2609 4003 2707 4049 est.
2765 3994 2838 4048 lbi
2896 4004 3007 4047 tum
3068 3994 3240 4061 copiis

1708 4088 1957 4153 utrinque
1984 4086 2449 4147 concurrentibus,
2484 4085 2548 4137 ad
2598 4085 2989 4137 dimicationem
3027 4084 3253 4136 ventum

1709 4178 1834 4232 fuit.
1865 4178 1989 4232 Erat
2019 4179 2067 4233 id
2103 4179 2361 4247 temporis
2398 4176 2663 4231 imbecilla
2718 4176 2981 4245 Bajazitcs
3040 4176 3245 4228 valetu-

1709 4269 1855 4333 dine,
1890 4286 2010 4323 cum
2034 4284 2132 4323 nec
2161 4269 2383 4338 pedibus
2436 4269 2509 4321 uti
2562 4283 2657 4321 nec
2707 4269 2948 4336 equitare
3019 4274 3243 4333 possct:

1709 4376 1878 4429 caque
1906 4364 1970 4413 de
1999 4375 2158 4413 causa
2189 4370 2351 4413 curru
2383 4359 2698 4421 vehebatur,
2725 4357 2808 4411 cui
2866 4354 3040 4408 velum
3071 4357 3243 4407 oblu-

1708 4463 1881 4516 xerat,
1920 4453 2152 4505 numinis
2198 4448 2869 4514 interim,Mahumetisque
2889 4445 3246 4509 suiauxilium

1716 4545 2027 4611 implorans.
2054 4542 2186 4594 Cum
2214 4541 2504 4609 perexiguo
2542 4534 3112 4606 temporisintervallo
3147 4550 3244 4601 pu-

72 4642 348 4697 lmrbaros,
379 4640 843 4700 facinorosos,“
900 4640 1076 4693 medio
1101 4642 1347 4695 tollerent
1377 4687 1390 4707 ,
1424 4660 1605 4696 rursus

1719 4647 1934 4702 gnatum
1972 4644 2111 4688 esset
2164 4635 2337 4686 victus
2396 4628 2644 4689 Selimes,
2669 4627 2816 4681 omni
2878 4628 3127 4679 thesauro
3152 4642 3248 4679 suo

72 4747 157 4784 eos
180 4733 524 4800 compellans
560 4730 799 4786 Scachus
822 4731 978 4802 337
1007 4732 1285 4789 Parthicus
1317 4752 1329 4785 :
1369 4737 1427 4790 Et
1486 4738 1611 4804 quid

72 4826 305 4889 tut-.ieln,
368 4823 616 4891 subjecit,
650 4838 914 4878 caravana
933 4824 1380 4893 culpa-commisit
1410 4828 1460 4879 in
1496 4842 1611 4889 vos,

74 4932 166 4980 qua
204 4914 429 4975 irritati,
463 4923 518 4967 et
552 4915 798 4970 homines
832 4912 1149 4978 Occidistis,
1195 4929 1247 4969 et
1284 4933 1412 4983 opes
1472 4918 1615 4984 ipsas

74 5006 420 5074 diripuistis?
454 5007 530 5059 Ad
555 5022 671 5075 qua
706 5007 778 5060 illi
811 5022 931 5059 cum
966 5010 1099 5060 nihil
1128 5008 1406 5069 haberent,
1466 5010 1608 5076 quod

75 5098 145 5145 sui
176 5097 451 5165 purgandi
483 5111 645 5151 causa
695 5097 746 5150 in
783 5098 1014 5150 medium
1069 5097 1322 5149 allerrcnt
1356 5112 1369 5147 :
1399 5111 1612 5149 omnem

78 5190 208 5241 illam
252 5190 549 5242 colluviem
584 5191 860 5243 hominum
892 5191 961 5241 ita
992 5189 1238 5242 distribui
1271 5189 1511 5242 Scachus
1546 5188 1618 5240 Ιπ-

80 5283 192 5332 wail
221 5281 413 5348 jussit,
446 5290 508 5333 ut
555 5280 750 5350 singuli
822 5282 1138 5335 Parthornm
1204 5296 1453 5349 proceres
1500 5281 1617 5350 ejus

81 5373 330 5426 mandato
362 5371 546 5441 viginti
572 5371 638 5424 ad
688 5387 747 5426 se
817 5375 1164 5441 reciperent:
1210 5381 1438 5426 caeteros
1493 5387 1617 5423 vero

82 5463 381 5526 przefcetos,
450 5473 611 5529 atque
649 5464 894 5517 tribunos
953 5466 1217 5531 ipsorum,
1269 5463 1617 5517 trucidandos

79 5553 310 5609 Corizzis
337 5556 456 5610 suis
484 5553 701 5622 obiecit.
727 5551 878 5617 Quod
903 5569 1031 5608 sane
1065 5543 1185 5607 cuin
1238 5556 1441 5618 absque
1470 5569 1618 5605 mora

84 5646 243 5708 ﬁeret,
317 5645 536 5713 dignam
597 5645 921 5699 facinoribus
994 5644 1245 5698 admissis
1322 5645 1617 5697 mercedem

83 5738 261 5789 tulere.
308 5742 311 5743 ⁷

152 5828 280 5878 Dum
317 5827 433 5879 haec
468 5828 520 5879 in
554 5827 675 5879 Asia
697 5834 1032 5896 gererentur,
1072 5825 1412 5877 Tarabosane
1446 5816 1642 5892 prole?

86 5928 193 5973 Cltls
213 5920 468 5972 Sullanus
506 5916 750 5980 Sclimcs,
775 5919 990 5983 navigio
1012 5915 1176 5970 Colon
1210 5916 1408 5978 appulit
1437 5932 1450 5977 ;
1478 5915 1620 5969 illinc

1719 4731 1918 4791 relicto,
1946 4728 2078 4796 luga:
2107 4742 2163 4780 se
2199 4724 2388 4777 dedit:
2426 4738 2486 4775 ac
2516 4721 2728 4773 tandem
2776 4720 3017 4787 pervenit
3065 4719 3115 4771 in
3173 4718 3249 4770 vi-

1716 4834 1836 4873 Cum
1870 4820 2173 4885 quemdam,
2201 4817 2363 4869 situm
2406 4816 2467 4866 ad
2503 4827 2670 4875 mare,
2705 4812 2847 4879 quod
2880 4809 3097 4877 Nigrum
3152 4824 3247 4861 vo-

1717 4922 1857 4965 rant.
1890 4911 1943 4962 Ei
1984 4911 2097 4961 vico
2124 4924 2315 4962 nomen
2344 4916 2421 4959 est
2452 4905 2642 4972 Midge.
2677 4901 2777 4957 llic
2808 4916 2992 4954 navem
3041 4900 3247 4970 ingrrs-
3293 4906 3295 4909 ’

1718 5018 1829 5060 sus.
1862 5001 2145 5054 trantnisso
2181 5000 2335 5060 mari,
2361 4998 2527 5051 Cufen
2563 5011 2618 5050 se
2655 4980 2899 5047 contulit.
2934 4992 3039 5045 Sed
3065 4994 3249 5045 eadem

1721 5094 1893 5145 hieme
1927 5107 2109 5145 russus
2141 5091 2189 5142 in
2212 5090 2525 5142 Romaniam
2550 5088 2835 5157 navigavit.
2858 5086 3083 5150 Quidam
3109 5087 3247 5136 enim

1719 5199 1965 5254 proceres
1995 5182 2153 5234 anlici
2186 5191 2363 5248 partes
2390 5182 2589 5233 sultuni
2654 5180 2927 5232 Achtnctis
2980 5176 3249 5234 fovebant,

1720 5275 2104 5342 nimirumipsc
2127 5274 2559 5330 Caditescherus,
2596 5280 2647 5323 et
2694 5267 3008 5331 Nisobanzis
3071 5265 3249 5325 bassa,

1718 5368 2009 5423 ctJonnzes
2041 5369 2214 5431 bassa,
2240 5365 2326 5432 qui
2356 5363 2661 5417 Illllllt‘l‘ibUS
2686 5358 2841 5412 etiam
2862 5358 2911 5409 in
2938 5358 3075 5407 hunc
3095 5353 3251 5405 ﬁnem

1722 5459 1941 5524 paratis,
1977 5458 2172 5525 populo
2211 5460 2584 5522 persuaserant
2617 5449 2883 5502 sultanum
2941 5447 3250 5497 Achuietem

1724 5548 1867 5600 brevi
1896 5548 2232 5609 adfuturum,
2259 5554 2310 5596 et
2335 5546 2450 5594 loco
2487 5543 2655 5609 patris
2681 5542 3095 5605 imperaturum.
3159 5534 3253 5589 llic

1722 5649 1896 5692 autem
1934 5647 2155 5689 conatus
2196 5648 2380 5688 eorum
2439 5648 2559 5685 cum
2609 5630 2872 5700 genizaris
2913 5628 3254 5686 inuotuissct,

1656 5736 1660 5740 ‘
1728 5741 1878 5784 nocte
1896 5730 2125 5798 quadam
2163 5728 2214 5781 in
2241 5728 2380 5781 aedes
2409 5728 2644 5795 ipsorum
2675 5725 2961 5781 irruentes,
2995 5716 3252 5783 quidquid

1724 5824 1775 5876 in
1807 5822 1887 5875 eis
1924 5830 2190 5887 repertum
2216 5827 2378 5879 esset,
2442 5818 2792 5884 diripuerunt.
2850 5814 3030 5863 itidem
3098 5823 3255 5858 ποι-ιιι

1727 5912 1990 5966 tiliasanis
2024 5910 2195 5963 bassae
2230 5910 2444 5963 domum
2470 5908 2724 5965 aggressi.
2753 5903 2888 5956 foede
2914 5898 3207 5959 spoliarunt
3240 5911 3253 5949 :
