3970 6348
691 502 792 561 027
1925 519 2273 579 ANNALES
2324 522 2665 583 TURCICI.
3794 537 3876 597 638

690 615 930 695 adeoque
960 602 1277 673 seditionem
1300 622 1603 677 excitavere
1642 628 1948 683 maximam.
1994 632 2156 685 Erant
2184 634 2234 686 id
2266 637 2308 690 Α
2338 634 2402 686 ah
2427 635 2504 688 eis
2538 636 2680 688 dieta
2711 634 2960 702 fuissent,
2993 639 3185 707 exiguo
3248 645 3506 711 temporis
3570 648 3747 714 spatio
3784 651 3874 701 sul-

603 752 609 759 .
692 709 949 773 temporis
990 711 1053 761 ad
1080 712 1263 763 urbem
1299 712 1493 765 sultani
1521 714 1796 772 Acbmetis
1824 720 2091 790 Iegati’qni
2126 723 2242 778 fur-

691 800 785 850 tim
835 814 893 853 se
939 800 1258 861 subducere,
1310 804 1579 872 salutique
1634 820 1747 866 sua:
1792 808 1911 881 fuga
1961 815 2244 869 consulere

688 890 858 943 coacti
888 888 1118 944 fuerunt.
1155 890 1460 947 Secundum
1499 897 1609 950 haec
1641 898 1845 965 legatos
1872 903 1937 956 ad
1966 903 2237 958 sultanum

691 982 945 1034 Selimem
969 983 1166 1037 misere
1189 985 1555 1056 genizari,qui
1578 991 1910 1055 nuntiarent,
1947 994 2009 1045 ad
2053 997 2236 1049 urbem

692 1072 846 1127 modo
876 1076 1083 1155 veniret
1114 1093 1128 1130 :
1156 1093 1213 1131 se
1237 1080 1488 1135 nimirum
1512 1090 1565 1134 et
1586 1083 1910 1140 salutaturos
1938 1087 2106 1155 ipsum
2142 1090 2240 1143 im-

691 1173 1013 1231 peratorem,
1074 1151 1127 1221 et
1179 1170 1458 1239 agnituros
1502 1188 1600 1240 pro
1661 1174 1903 1233 domino.
1951 1181 2236 1238 Achmetes

686 1254 847 1308 etiam
874 1258 1059 1311 eodem
1088 1262 1325 1330 tempore
1387 1265 1603 1332 propius
1638 1266 1704 1319 ad
1755 1269 1939 1322 urbem
1999 1289 2056 1326 se
2103 1291 2236 1328 con-

686 1345 832 1410 tulit,
864 1349 978 1400 suis
1006 1364 1126 1401 cum
1158 1351 1331 1418 copiis
1361 1354 1425 1406 ad
1450 1354 1782 1423 lscodaram,
1801 1374 1831 1413 e
1859 1363 2073 1429 regione
2097 1364 2229 1419 Con-

685 1436 1083 1504 stantinOpolis,
1102 1452 1275 1496 castra
1298 1454 1522 1500 metatus
1541 1467 1555 1503 :
1583 1450 1866 1518 missiSque
1896 1457 2032 1520 patri
2052 1457 2233 1509 multis

684 1542 973 1583 aureorum
1003 1548 1343 1601 nummorum
1370 1538 1623 1599 millibus.
1655 1561 1763 1613 quo
1804 1559 2020 1601 venerat
2042 1549 2233 1603 itinere

684 1618 959 1681 discessit.
990 1622 1230 1693 Cumque
1270 1629 1570 1698 vectigalia,
1625 1636 1844 1699 tributa,
1904 1649 2232 1709 cmtarosque

688 1710 895 1766 fructus
924 1729 985 1766 ac
1019 1724 1309 1783 prbventus
1338 1720 1569 1788 imperii,
1618 1740 1709 1792 per
1773 1728 2069 1783 Auatoliam
2128 1733 2232 1786 sibi

684 1803 1010 1858 vindicasset
1036 1822 1055 1859 :
1078 1807 1339 1862 violenter
1361 1811 1479 1867 illas
1505 1816 1814 1883 provincias
1845 1820 2229 1877 administrare

682 1896 843 1959 cepit.
875 1896 949 1949 Ae
971 1898 1090 1952 licet
1121 1882 1366 1956 saltantis
1394 1904 1553 1957 etiam
1590 1906 1849 1963 Corcutes
1864 1912 2053 1978 oppida
2085 1928 2231 1981 quae-

2349 736 2502 779 tanus
2536 726 2800 792 Baiazites
2835 744 2893 783 re
2922 744 3044 783 cum
3081 732 3263 787 animo
3293 748 3391 787 suo
3449 736 3769 800 deliberata,
3801 754 3872 791 ca-

2345 816 2640 885 puterigit,
2672 828 2725 871 et
2764 816 3003 873 :Rerum
3056 822 3324 890 equidem,
3380 825 3576 894 inquit,
3624 843 3869 883 summam

2345 907 2454 959 lilio
2486 923 2624 971 meo,
2657 911 2873 964 sultano
2910 911 3092 965 Selimi
3131 914 3378 968 traditam
3438 921 3743 975 committo.
3771 921 3867 987 Qua

2347 999 2595 1070 Bajnzitis
2623 1006 2865 1058 oratione
2894 1006 3160 1071 geuizaris
3203 1009 3528 1072 renuntiata,
3593 1027 3715 1067 mox
3751 1028 3869 1066 una-

2342 1092 2513 1148 nimes
2536 1095 2600 1147 ad
2636 1096 2907 1150 sultanum
2960 1097 3191 1153 Selimen
3238 1118 3297 1156 se
3346 1105 3709 1160 contulerunt.
3770 1106 3872 1161 Hae

2340 1193 2516 1238 autem
2551 1196 2697 1253 gesta
2734 1187 2948 1257 luerunt
2980 1207 3125 1246 anno
3157 1193 3289 1247 1518
3315 1193 3462 1261 (Chr.
3500 1196 3678 1265 1512).

2406 1276 2675 1334 Postridie
2706 1280 2952 1336 sultauus
2990 1282 3254 1351 Bajazitcs
3277 1286 3468 1356 cistas,
3501 1290 3699 1357 quibus
3724 1292 3867 1359 impe-

2338 1372 2522 1425 ratorii
2559 1371 2798 1427 thesauri
2826 1375 3267 1442 continebantur,
3302 1380 3518 1434 sultano
3552 1381 3735 1435 Seliini
3778 1383 3868 1435 tilio

2337 1462 2486 1515 misit
2518 1478 2630 1528 :_ae
2680 1464 2904 1530 vezires,
2952 1456 3280 1537 cmte‘rosque
3345 1472 3556 1534 bassas,
3609 1473 3865 1527 dominum

2260 1602 2263 1605 λ
2334 1555 2817 1614 suum,sultanum
2855 1557 3109 1612 Selimem
3165 1562 3315 1618 adire
3366 1563 3555 1633 jussit,
3622 1567 3779 1631 eique
3806 1566 3866 1620 si-

2334 1644 2588 1710 gnificare
2624 1651 2995 1703 tantummodo
3018 1652 3139 1715 sibi,
3196 1654 3331 1719 p'atri
3390 1671 3511 1715 suo,
3571 1657 3865 1718 dilationem

2332 1734 2534 1786 dierum
2578 1735 2645 1789 50
2679 1752 2845 1791 conce
2869 1740 3016 1804 leret,
3047 1744 3242 1811 quibus
3292 1746 3517 1809 exactis,
3547 1745 3864 1801 Dimotucum

2332 1824 2601 1889 abiturus,
2630 1838 2683 1879 et
2740 1830 3002 1900 reliquum
3051 1834 3246 1888 ibidem
3274 1837 3396 1891 vita:
3441 1841 3674 1905 spatium
3714 1853 3866 1898 trant-

2332 1912 2504 1967 iturus
2538 1925 2679 1968 esset
2710 1960 2720 1976 ,
2756 1918 2967 1972 interim
2989 1921 3217 1977 Selimes
3247 1927 3299 1976 in
3328 1925 3557 1991 hospitio
3580 1928 3865 1984 Genibaieo

684 1991 807 2040 dam
841 1988 1098 2046 Anatolize
1130 1992 1230 2046 sibi
1275 1994 1613 2063 subjecisset,
1655 2000 1887 2055 retinere
1944 2012 2118 2057 tamen
2166 2020 2226 2065 ea
2260 1986 2298 2040 Β
2328 2019 2767 2060 commoraretur.
2808 2008 2929 2065 llmc
2952 2027 3074 2066 cum
3104 2014 3177 2066 illi
3220 2015 3435 2068 sultauo
3495 2016 3680 2072 Selimi
3708 2036 3853 2085 expo-

683 2097 789 2134 non
820 2083 1143 2150 potnit,cum
1174 2085 1547 2154 przefeetorum
1582 2076 1779 2145 sultani
1812 2093 2088 2149 Achmetis
2118 2088 2229 2148 ma-

676 2172 825 2238 jores
863 2182 1045 2227 essent
1092 2178 1249 2229 vires.
1279 2176 1462 2244 Itaque
1520 2179 1806 2238 discedens
1871 2200 1931 2237 ex
1983 2186 2047 2239 iis
2097 2187 2228 2244 locis

678 2261 962 2327 ﬂorentes,
1000 2272 1148 2322 trans
1177 2279 1324 2316 mare
1346 2265 1653 2336 Callipolim
1684 2272 1819 2326 abiit
1856 2291 1867 2325 :
1903 2289 1964 2326 ac
2013 2276 2226 2331 duobus

679 2348 942 2404 duntaxat
980 2367 1161 2406 secum
1192 2357 1439 2424 sumptis,
1498 2357 2013 2431 Constantinopolim
2082 2369 2226 2418 navi-

678 2445 845 2508 gavit.
871 2443 946 2497 Eo
976 2460 1096 2497 cum
1138 2450 1485 2515 pervenisset,
1513 2451 1765 2520 exiguum
1797 2455 2061 2521 quoddam
2086 2467 2221 2509 tem-

680 2535 824 2604 plum
853 2535 1124 2605 ingressus
1151 2548 1250 2601 est,
1289 2541 1427 2594 haud
1457 2544 1640 2610 procul
1669 2561 1696 2595 a
1753 2546 2033 2599 domicilio
2064 2550 2220 2617 geni-

680 2642 950 2684 zarorum.
983 2627 1092 2683 Hoc
1119 2630 1203 2684 ubi
1228 2633 1531 2685 nuntiatum
1587 2634 1815 2687 Sullano
1845 2635 2063 2703 Bajaziti
2094 2641 2221 2690 l'nzs-

680 2713 806 2783 set,
838 2721 996 2774 aliam
1046 2724 1094 2775 ei
1153 2725 1368 2778 domum
1415 2724 1467 2778 in
1508 2727 1665 2779 ~urbe
1718 2727 1881 2796 jussit
1936 2735 2219 2800 assignari,

678 2829 864 2877 quam,
893 2826 1135 2871 remotus
1172 2832 1198 2869 a
1233 2816 1531 2872 Genizaris
1575 2818 1920 2874 iultabitaret.
1974 2821 2029 2875 in
2083 2824 2220 2877 hanc

680 2906 847 2979 igitur
879 2906 970 2959 ubi
1008 2911 1438 2978 commigrasset,
1472 2910 1612 2964 bona
1667 2926 1790 2966 cum
1814 2915 1964 2966 venia
2017 2924 2231 2984 patroni

680 2994 812 3049 adiit
846 3012 858 3050 :
900 2996 1123 3066 ejuSque
1163 3014 1377 3053 manum
1404 3002 1770 3065 exosculatus,
1820 3005 1871 3056 in
1924 3004 2217 3073 hospitium

678 3104 835 3143 suum
865 3090 1117 3144 reduetus
1140 3091 1259 3145 fuit.
1294 3090 1521 3151 Zecmen
1548 3092 1598 3146 id
1629 3094 1904 3163 temporis,
1939 3110 2097 3164 quam
2123 3098 2220 3150 mi-

677 3198 859 3235 norem
898 3192 1109 3246 vocant,
1146 3183 1395 3239 sultanus
1429 3185 1656 3243 Selimes
1705 3188 2016 3241 advenerat.
2052 3188 2218 3244 Cum-

678 3290 783 3338 que
848 3275 1065 3341 propius
1135 3275 1652 3346 Constantinopolim
1711 3280 2010 3345 accederet,
2059 3290 2218 3350 atque

2333 2097 2573 2149 suissent
2610 2115 2623 2151 :
2661 2098 2955 2168 Quidquid,
3003 2105 3097 2167 ait,
3166 2108 3301 2173 patri
3364 2118 3418 2161 et
3476 2111 3650 2163 bassis
3710 2111 3863 2166 visum

2331 2184 2490 2241 fuerit
2528 2190 2811 2256 imperare,
2848 2205 3021 2246 ratum
3057 2206 3192 2253 esto.
3241 2196 3348 2252 Res
3398 2200 3543 2252 enim
3596 2201 3769 2255 adhuc
3817 2204 3862 2256 in

2329 2276 2566 2344 ipsorum
2600 2294 2630 2346 p
2652 2291 2860 2334 itestate
2900 2295 3030 2337 sunt
3058 2295 3110 2337 et
3143 2287 3397 2341 arbitrio.
3438 2289 3704 2345 Postridie
3734 2292 3863 2349 illius

2334 2367 2440 2418 diei
2473 2379 2685 2433 patrem
2726 2371 2951 2426 Selimes
2982 2375 3135 2439 adiit,
3160 2376 3325 2444 eique
3360 2365 3573 2433 manum
3605 2383 3862 2438 osculatus

2322 2463 2425 2507 est.
2453 2455 2585 2509 Tum
2622 2474 2982 2530 \'el‘t)S|ll‘getlS
3004 2475 3151 2531 pater
3177 2482 3190 2519 :
3223 2468 3449 2534 Accede,
3481 2470 3573 2535 illi,
3598 2473 3692 2533 ait,
3719 2485 3861 2543 atque

2325 2545 2425 2598 hoc
2456 2546 2576 2600 loco
2607 2549 2733 2604 sede
2768 2568 2781 2615 ;
2812 2568 3132 2608 cumrerum
3192 2556 3469 2627 dominus,
3524 2576 3610 2617 me
3663 2564 3859 2631 quidem

2323 2638 2592 2705 abdicato,
2638 2653 2689 2695 et
2727 2644 3017 2711 imperator
3046 2648 3219 2703 iactus
3258 2651 3354 2706 sis.
3381 2653 3458 2706 Ad
3499 2669 3559 2707 ea
3614 2653 3857 2710 Selimes:

2323 2725 2540 2782 Minime
2575 2747 2719 2797 vero,
2750 2736 2817 2786 uti
2856 2747 3025 2803 pater.
3052 2740 3249 2805 inquit.
3309 2740 3440 2795 Nam
3496 2745 3738 2813 equidem
3770 2748 3855 2800 do-

2329 2819 2484 2881 mini',
2517 2822 2800 2892 patrisque
2852 2829 2953 2896 mei
2980 2826 3216 2885 famulus
3241 2847 3358 2885 sum
3399 2852 3413 2887 :
3491 2850 3589 2889 nec
3646 2838 3859 2905 amplius

2321 2911 2615 2980 quidquam
2645 2915 2798 2981 petii,
2831 2932 2992 2995 quam
3021 2932 3078 2973 ut
3103 2922 3232 2975 mihi
3257 2922 3449 2977 faciem
3502 2936 3642 2978 tuam
3679 2926 3857 2981 intueri

2320 3018 2380 3055 ac
2409 3018 2626 3058 manum
2663 3006 2964 3062 deosculari
2992 3010 3193 3068 liceret.
3226 3013 3279 3067 Id
3304 3030 3425 3068 cum
3458 3017 3853 3085 impetraverim.

2321 3092 2455 3146 bona
2487 3110 2610 3149 cum
2645 3112 2772 3164 pace
2800 3107 2887 3152 tua
2917 3100 3068 3164 mihi,
3100 3101 3301 3157 famulo
3352 3116 3466 3169 tuo,
3528 3122 3666 3160 nunc
3718 3107 3859 3159 abire

2320 3184 2403 3241 fas
2455 3199 2591 3252 esto,
2624 3189 2770 3244 salva
2809 3191 2904 3244 tibi
2938 3194 3604 3251 rerumadministratione
3632 3212 3857 3266 prosper-

2328 3277 2480 3332 rima.
2513 3279 2773 3335 Sultanus
2804 3292 2982 3336 autem
3014 3283 3283 3357 Bajazites
3328 3306 3340 3341 :
3366 3286 3490 3351 Fili,
3521 3289 3613 3351 ait,
3643 3298 3744 3341 toto
3775 3302 3860 3357 pe-

680 3366 890 3417 nhviam
916 3367 962 3421 ei
989 3367 1223 3434 prodiret
1257 3370 1505 3425 sultanus
1555 3372 1814 3426 Corcutes
1848 3371 2028 3439 frater,
2066 3372 2221 3438 equis
2250 3344 2294 3405 ο
2324 3379 2473 3442 ctore
2505 3381 2664 3439 atque
2708 3358 2887 3428 animo
2947 3375 3231 3444 imperium
3281 3377 3378 3432 tibi
3443 3378 3716 3447 resignari.
3760 3376 3856 3431 Sed

676 3456 997 3520 insidnites,
1020 3477 1210 3514 titanas
1268 3462 1366 3515 sibi
1397 3473 1584 3517 mutuo
1611 3475 1990 3533 porrexerunt,
2020 3481 2080 3519 ac
2108 3483 2227 3536 per-

683 3564 926 3611 amanter
952 3553 1044 3606 int:
1066 3568 1090 3606 r
1115 3568 1173 3608 se
1200 3554 1448 3608 collocuti
1486 3565 1633 3609 sunt.
1667 3554 1800 3610 llinc
1819 3556 1999 3612 urbem
2024 3559 2226 3623 ingres-

676 3660 769 3699 sus
798 3644 1041 3708 Selimes,
1071 3648 1121 3699 in
1159 3656 1313 3716 prato
1353 3647 1642 3715 genibaxeo
1664 3650 1891 3701 tentoria
1911 3649 2043 3713 fixit,
2066 3649 2229 3718 333

678 3736 909 3801 Corcute
938 3750 1092 3790 suum
1133 3739 1183 3790 in
1222 3739 1518 3804 hospitium
1578 3742 1855 3797 redeunte.
1905 3741 2039 3795 Tum
2097 3760 2224 3798 vero

677 3833 982 3901 «'Ongregati
1002 3831 1274 3896 Genizari,
1295 3835 1475 3887 decem
1502 3851 1566 3888 ex
1586 3836 1733 3887 ciuni
1759 3852 1973 3888 suorum
2001 3852 2225 3891 numero

676 3922 938 3991 delegere,
988 3940 1125 3993 quos
1154 3927 1218 3981 ad
1254 3926 1442 3981 bassas
1472 3927 1768 3996 ablegatos,
1812 3927 1991 3981 dicere
2042 3929 2224 3994 jusse-

675 4023 803 4072 t‘ttnt
827 4031 839 4068 :
867 4030 1155 4083 agnoscere
1190 4033 1367 4089 sepro
1396 4019 1616 4074 domino
1652 4035 1749 4073 suo
1776 4020 2049 4073 sultanutn
2085 4020 2223 4073 Seli-

677 4111 839 4171 tue'in,
873 4105 1126 4175 Bajazitis
1158 4110 1496 4178 imperatoris
1528 4111 1713 4164 lilium.
1752 4104 2059 4178 anazitem,
2097 4128 2224 4179 pro-

675 4211 792 4266 pter
821 4200 1095 4254 adversam
1121 4200 1499 4263 valetudinem,
1519 4212 1572 4255 et
1590 4202 2006 4256 imbecillitatem
2034 4205 2221 4255 virium

674 4291 911 4361 nnnjam
948 4292 1178 4358 amplius
1207 4293 1270 4343 ad
1299 4292 1432 4347 bella
1481 4294 1712 4358 gerenda
1769 4296 1982 4372 prodire
2045 4309 2220 4361 posse.

672 4384 1036 4449 Quamobrem
1066 4384 1433 4450 signiﬁcarent
1461 4384 1675 4438 sultauo
1704 4383 1919 4453 Bzijaziti
1948 4384 2135 4450 bassa‘,
2167 4394 2224 4437 ut
2280 4438 2283 4439 ν

672 4484 863 4540 sponte
918 4490 1069 4529 suam
1100 4492 1277 4531 rerum
1330 4478 1844 4531 administrationem
1906 4476 2086 4529 Selitni
2167 4477 2223 4528 ti-

676 4568 747 4621 lio
773 4567 1021 4619 traderet.
1049 4565 1100 4619 ιιι
1134 4569 1233 4621 nisi
1264 4568 1431 4631 ﬂeret,
1474 4569 1525 4621 in
1558 4570 1703 4636 ipsos
1725 4582 1780 4622 se
1809 4569 2213 4631 animadversu-

2329 3478 2493 3517 unum
2524 3465 2624 3518 hoc
2654 3467 2897 3529 consulo,
2924 3483 2987 3520 ne
3018 3469 3331 3536 sanguinem
3357 3469 3631 3524 innoxium
3657 3470 3855 3535 fundas,

2328 3571 2426 3608 nec
2462 3555 2730 3608 immerito
2753 3574 3078 3626 quemquam
3128 3560 3368 3613 occidas.
3402 3559 3499 3614 Cui
3538 3561 3695 3646 patris
3730 3575 3855 3613 con-

2328 3644 2450 3697 silio
2513 3660 2634 3698 cum
2685 3647 2911 3702 Selimes
2945 3664 3001 3702 se
3060 3649 3361 3717 pariturum
3418 3644 3757 3718 promisisset,
3803 3653 3855 3705 in

2328 3720 2538 3788 hortum
2569 3754 2768 3792 novum
2801 3739 2911 3793 sive
2946 3739 3284 3807 Genibaxen,
3317 3741 3382 3795 ad
3413 3744 3637 3798 tentoria
3681 3758 3769 3794 sua
3798 3758 3855 3795 se

2327 3828 2550 3893 recepit.
2584 3826 2878 3892 Postridie,
2911 3846 3121 3884 summo
3155 3832 3419 3897 diluculo,
3463 3850 3558 3903 pro
3618 3833 3854 3887 tribunali

2326 3917 2483 3981 Sedit,
2516 3927 2569 3971 et
2601 3919 2849 3974 advocari
2910 3920 3293 3977 Genizarorum
3342 3940 3495 3993 agam
3541 3925 3724 3994 jussit;
3761 3923 3852 3991 qui

2326 4026 2448 4063 mox
2490 4013 2754 4067 universis
2789 4029 2908 4067 cum
2935 4014 3320 4075 Genizarorunt
3358 4017 3531 4086 copiis
3577 4032 3737 4070 coram
3786 4028 3851 4067 eo

2325 4118 2382 4155 se
2410 4103 2577 4157 stetit.
2608 4102 2691 4156 lbi
2724 4115 2835 4158 tum
2875 4107 3207 4174 compellatis
3268 4108 3418 4174 ipsis,
3451 4107 3669 4161 Selimes
3701 4106 3851 4157 inter.

2326 4209 2535 4261 rogare,
2573 4210 2699 4247 num
2730 4210 2788 4249 se
2816 4196 3005 4248 vellent
3057 4197 3332 4251 dominum
3383 4210 3429 4251 et
3494 4199 3846 4266 imperatorem

2328 4288 2675 4355 agnoscere?
2706 4287 2930 4343 Cunctis
2979 4292 3304 4343 unanimiter
3335 4291 3763 4355 acclamantibus,
3795 4288 3845 4341 id

2326 4381 2551 4431 omnino
2582 4397 2640 4433 se
2673 4382 2809 4435 velle
2851 4384 3049 4447 facere,
3081 4397 3202 4437 mox
3252 4383 3445 4437 iterum
3482 4384 3719 4440 -Selimes
3759 4396 3845 4435 eos

2328 4471 2607 4543 appellans
2642 4492 2654 4526 :
2694 4473 2749 4527 Si
2778 4474 2922 4542 quis,
2981 4475 3078 4537 ait,
3137 4475 3275 4529 inter
3321 4490 3418 4529 vos
3451 4475 3649 4544 aliquid
3694 4474 3845 4542 culpa

2326 4565 2681 4625 commiserit,
2716 4582 2782 4617 an
2825 4581 2917 4634 per
2948 4582 3041 4620 vos
3078 4567 3208 4620 mihi
3240 4567 3440 4630 licebit,
3492 4578 3547 4621 ut
3593 4568 3726 4621 illum
3752 4580 3840 4633 pu-

676 4676 769 4714 ms
800 4678 814 4715 ε
841 4670 891 4713 ει
926 4671 1179 4728 ριιειδιθιεοίι
1213 4676 1306 4729 per
1328 4662 1430 4713 vim
1465 4661 1821 4714 collocaturos
1855 4660 2108 4714 Seliment
2168 4665 2219 4715 in
2259 4687 2300 4740 ο
2331 4658 2471 4708 niam
2501 4653 2755 4711 ?Licebit
2788 4674 2936 4722 vero,
2970 4660 3300 4713 succlamant
3330 4674 3541 4715 omnes.
3562 4659 3690 4728 Ergo
3714 4657 3844 4711 dein‘

679 4756 931 4813 thronum
952 4757 1177 4825 regium.
1199 4771 1263 4809 ac
1283 4756 1559 4809 dominum
1599 4766 1651 4807 et
1670 4753 2045 4819 imperatorem
2066 4769 2221 4807 suum

673 4846 1057 4901 declaraturus.
1091 4846 1208 4900 llaec
1230 4862 1352 4900 cum
1377 4845 1559 4900 decem
1608 4845 1679 4898 illi
1716 4844 2089 4909 genizarm-um
2150 4843 2225 4897 le—

678 4939 712 4989 ti
745 4938 916 4990 hnssis
946 4939 1344 5006 exposuissent,
1382 4940 1551 4992 hassze
1583 4953 1704 4995 cum
1731 4937 1794 4989 iis
1857 4937 1987 5004 ipsis
2037 4938 2221 4988 decem

677 5031 806 5083 \iris
840 5032 1110 5084 sultanum
1162 5030 1445 5095 Bajazitem
1504 5030 1769 5082 adierunt.
1833 5027 1880 5081 is
1939 5027 2225 5080 intellectis

674 5138 861 5175 eorum
894 5120 1205 5189 postulatis,
1248 5136 1409 5189 quam
1445 5120 1659 5175 quidem
1690 5119 1779 5173 diu
1811 5127 2085 5187 superstes
2110 5118 2225 5184 ipse

677 5214 837 5277 foret,
881 5213 1477 5283 imperium-senetuini
1539 5212 1863 5281 traditurum
1924 5210 2222 5278 respondit.

676 5304 755 5361 Ad
778 5321 838 5358 ea
866 5320 1153 5372 supremus
1186 5304 1350 5357 vezir.
1388 5302 1692 5372 blustephas
1751 5302 1907 5355 bassa
1937 5318 1950 5353 :
1984 5300 2107 5352 Vale
2132 5300 2228 5367 igi-

678 5414 786 5459 tur,
824 5399 1017 5463 inquit,
1061 5397 1350 5463 imperator
1380 5396 1631 5449 maxime.
1665 5394 1791 5447 Natu
1830 5410 1974 5459 mox,
2006 5393 2093 5445 tibi
2129 5391 2225 5445 abs

681 5500 735 5543 te
765 5489 991 5558 digressi
1025 5488 1306 5550 fuerimus,
1341 5488 1503 5540 vitam
1536 5487 1587 5539 hi
1622 5487 1774 5541 nobis
1804 5484 2223 5539 adiment."l‘um

679 5582 924 5637 sultauus
969 5598 980 5631 :
1017 5580 1293 5647 Siquidem
1321 5580 1428 5646 jam
1456 5592 1552 5633 nos
1578 5578 1805 5646 imperio
1846 5593 1951 5631 ιιοιι
2004 5576 2226 5631 abdica-

676 5675 936 5733 verituus.
964 5672 1056 5738 ait,
1091 5687 1155 5725 au
1188 5672 1421 5725 futurum
1451 5673 1668 5738 putatis,
1724 5671 1795 5724 nti
1829 5687 1927 5724 nos
1974 5686 2003 5724 e
2053 5670 2227 5722 medio

679 5763 915 5817 tollant?
946 5762 1172 5836 Minime
1196 5777 1338 5826 vero,
1373 5743 1667 5831 subjiciunt
1688 5762 1781 5824 illi,
1814 5762 1970 5813 vitam
2001 5759 2229 5827 eripient

682 5854 779 5905 tibi
814 5870 826 5905 :
865 5858 958 5907 sed
988 5854 1198 5923 injectis
1228 5854 1375 5909 uncis
1414 5856 1739 5923 spiculorum
1802 5867 2023 5906 suorum
2082 5849 2212 5903 vesti

688 5954 813 6015 tum,
840 5946 903 6003 de
934 5947 1125 6004 throno
1150 5948 1495 6021 imperatorio
1525 5955 1576 6005 te
1607 5948 1903 6004 detrahat.
1938 5944 2066 6010 Quae
2098 5958 2219 5997 cum

2328 4763 2473 4811 ceps,
2507 4748 2738 4815 subjecit
2775 4746 3026 4814 Selimcs,
3068 4751 3355 4818 imperium
3383 4754 3561 4804 meum
3620 4749 3875 4818 auspici-.v

2327 4837 2441 4890 bor.
2478 4836 2767 4903 Postridie,
2799 4855 2922 4895 cum
2950 4839 3241 4905 illuxisset,
3278 4842 3469 4895 eodem
3528 4842 3579 4896 in
3629 4842 3733 4895 loco
3759 4852 3841 4908 pro

2329 4930 2580 4983 tribunali
2623 4929 2887 4994 consedit,
2920 4931 3190 4985 veziribus
3213 4940 3267 4985 et
3291 4931 3463 4986 bassis
3494 4932 3735 4985 omnibus
3755 4926 3841 4981 huc

2328 5027 2392 5083 ad
2436 5024 2606 5091 ipsum
2639 5024 3109 5085 convenientibus.
3140 5023 3347 5079 lllo‘die
3399 5024 3684 5095 quemdam
3717 5019 3841 5088 geni-

2330 5129 2538 5178 zarum,
2570 5116 2659 5182 qui
2683 5130 2899 5170 auream
2949 5117 3002 5169 in
3055 5119 3255 5197 capite
3287 5116 3527 5186 gestabat
3579 5108 3827 5173 uscuﬁaﬂi.

2327 5211 2440 5261 sive
2475 5208 3101 5277 pileum,comprehcndi
3152 5208 3341 5276 juSsit,
3391 5216 3446 5261 et
3507 5208 3576 5263 ad
3627 5211 3835 5263 arborem

2328 5299 2616 5367 Suspendi:
2646 5303 2876 5369 quodam
2902 5302 3064 5353 etiam
3095 5301 3161 5352 de
3216 5296 3585 5355 Ulol’eziorum
3644 5308 3839 5353 numero

2329 5395 2504 5458 capite
2533 5391 3123 5449 truncato.‘Genizarus
3147 5390 3235 5444 ille
3268 5400 3554 5460 pr0pterea
3579 5385 3836 5459 suspendio

2329 5483 2573 5538 sublatus
2606 5499 2635 5537 c
2675 5481 2993 5544 mediofuit,
3022 5482 3166 5550 quod
3199 5482 3397 5536 sultani
3452 5481 3719 5536 Acbntetis
3768 5490 3831 5529 so-

2329 5589 2420 5634 cer
2452 5583 2622 5634 esset.
2656 5572 2765 5628 Hoc
2818 5572 2975 5627 modo
3031 5588 3151 5627 cum
3202 5572 3304 5627 sibi
3348 5572 3595 5628 sultanus
3645 5570 3835 5625 Selinus

2330 5664 2611 5731 imperium
2641 5664 3034 5727 constituisset,
3062 5662 3321 5716 Corcutes
3344 5676 3636 5719 conscensa
3658 5661 3837 5714 trireme

2329 5755 2640 5818 Manissam,
2687 5756 2945 5810 ditionem
3004 5769 3181 5818 suam,
3240 5753 3473 5821 repetiit.
3520 5750 3633 5806 Non
3681 5748 3832 5805 multis

2330 5846 2521 5901 diebus
2555 5846 2875 5915 interjectis,
2927 5841 3398 5910 Constantinopoli
3444 5843 3712 5899 discedens
3751 5835 3834 5888 liu-

2326 5938 2540 6009 jazites,
2570 5938 2903 5997 Dimotucum
2942 5934 3092 5993 abire
3112 5933 3397 6005 cogitabat.
3426 5937 3561 5994 Eum
3616 5935 3828 5995 sultantti
