3970 6348
121 426 242 492 629

116 646 325 698 (ausa,
355 651 477 689 cum
509 638 814 698 deduceret.
848 644 1113 716 Bajazites
1148 665 1178 705 e
1232 666 1394 706 curru
1427 668 1548 719 cttm
1575 653 1685 708 lilio

116 722 473 793 colloquens,
507 729 573 784 de
597 735 775 789 multis
806 751 927 791 eum
979 742 1141 795 rebus
1199 742 1503 799 admonuit.
1559 745 1685 799 Inde

118 827 324 904 mutuo
360 818 461 871 sibi
493 831 641 886 pater
669 834 831 894 atque
866 829 1008 882 filius
1026 831 1348 886 valedixere.
1383 833 1487 888 Sed
1533 832 1687 904 Baja-

115 902 265 957 zites
295 906 399 961 hoc
429 909 617 965 itinere
643 915 854 972 delatus
882 920 933 972 iit
997 922 1173 975 vicum
1231 907 1541 992 quemdam,
1597 927 1683 979 cui

116 1007 332 1049 nomen
375 996 605 1069 Chapse,
631 1005 795 1059 vitam
825 1023 945 1062 cum
980 1021 1153 1065 morte
1178 1014 1554 1070 commutavit.
1584 1015 1687 1070 Rc—

118 1092 322 1141 vectus
354 1098 530 1144 autem
564 1108 591 1145 a
624 1096 738 1150 suis
770 1097 1324 1170 Constantinopolim,
1381 1107 1435 1159 in
1463 1108 1683 1176 templo,

112 1178 271 1244 quod
309 1180 425 1246 ipse
447 1193 851 1247 construxerat.
891 1193 1145 1246 conditus
1179 1194 1301 1247 fuit.

192 1265 518 1325 Secundum
545 1273 658 1328 lucc
704 1279 977 1344 profectus
1028 1292 1106 1337 est
1157 1284 1402 1340 Sultanus
1460 1286 1685 1344 Selimes

114 1359 403 1417 universis
432 1377 553 1416 eum
581 1368 754 1434 copiis
786 1373 838 1422 in
891 1375 1229 1436 Anatoliam,
1288 1392 1522 1446 cumque
1572 1381 1683 1449 jam

115 1451 471 1514 pervenisset
491 1453 773 1524 Engnrtm,
806 1460 1001 1516 fratrer
1031 1463 1169 1530 ejus,
1195 1467 1441 1523 sultanus
1459 1470 1687 1525 Aclmte-

115 1552 223 1605 tcs,
266 1542 337 1595 ad
373 1545 504 1599 lines
529 1548 791 1604 Arabicos
832 1554 1091 1624 profugit.
1122 1556 1273 1622 Quod
1344 1561 1435 1615 ubi
1460 1563 1687 1618 Selimes

113 1636 449 1701 accepisset,
479 1639 671 1695 itinere
702 1653 929 1711 mutato,
971 1645 1196 1703 Prusam
1234 1651 1395 1723 rediit
1434 1670 1450 1706 :
1504 1655 1687 1721 ibique

115 1724 471 1796 Mustaphatn
509 1730 745 1798 hassam,
777 1751 898 1790 cum
927 1738 1136 1806 aliquot
1198 1740 1425 1796 fratrum
1458 1759 1684 1799 suorum

116 1815 275 1878 filiis,
318 1823 649 1891 strangulari
673 1828 906 1882 curavit.
968 1829 1093 1885 Inde
1144 1831 1433 1888 Manissam
1496 1843 1684 1890 contra

385 518 389 527 .
1385 450 1729 544 ANNALE‘S
1762 455 2095 516 TURCICI.

120 541 370 597 Selimes
413 553 560 643 extra
598 562 824 643 portam
875 551 1471 628 liadrianopolilanam.
1527 541 1689 618 ollicii'
1712 569 1763 627 Α
1787 563 1973 623 Tantis
2002 585 2122 623 cum
2155 569 2327 640 copiis
2377 572 2428 625 itt
2464 570 2732 629 Parthiam
2764 576 3058 643 profectus,
3109 593 3325 631 manum

3225 469 3327 529 60

1787 673 1907 712 cum
1937 658 2149 713 Ismaile
2175 664 2373 717 scacbo
2401 678 2686 720 conserere
2725 669 2976 722 decrevit.
2999 666 3175 723 lsmail
3201 683 3326 722 vero

1786 750 1981 802 sultani
2048 750 2262 807 Selimis
2328 755 2573 810 instituto
2632 758 2867 824 cognito,
2930 772 3054 813 cum
3116 757 3329 812 Parthis

1785 839 1897 892 suis
1950 851 2003 893 et
2054 841 2165 908 ipse
2224 844 2361 897 hosti
2419 847 2630 900 obviam
2692 849 2942 915 prodiit;
2989 864 3052 905 ac
3115 848 3326 903 tandem

1785 932 2089 997 congressis
2150 935 2201 987 in
2263 936 2486 1002 planitie
2543 940 2795 1007 quadam,
2859 956 2976 1008 quae
3035 938 3329 997 Zalderana

1788 1019 2005 1083 dicitur,
2070 1026 2347 1094 utriusque
2399 1029 2565 1095 partis
2621 1032 2969 1091 exercitibus.
3016 1046 3047 1085 a
3095 1030 3332 1085 diluculo

1788 1110 1852 1163 ad
1882 1116 2362 1176 postmeridianum
2398 1134 2568 1187 usque
2600 1129 2808 1190 tempus
2836 1122 3141 1175 dimicatum
3190 1122 3333 1175 inter

1787 1216 1879 1255 eos
1906 1201 2023 1258 fuit.
2064 1203 2290 1259 lsmailis
2321 1208 2501 1261 scachi
2529 1224 2809 1278 supremus
2835 1210 2954 1265 belli
2987 1211 3119 1274 dux,
3174 1211 3331 1266 Usta-

1793 1292 1956 1372 zelvis
2014 1296 2154 1351 lilius
2189 1340 2205 1363 ,
2268 1302 2547 1355 Anatolico
2626 1304 2779 1357 militi
2841 1305 3125 1372 Oppositus
3180 1313 3331 1364 erat:

1789 1380 2063 1440 Romania:
2084 1387 2273 1454 copias
2319 1388 2547 1455 ipsemet
2575 1393 2803 1447 scachus
2860 1392 3041 1447 Ismail
3093 1393 3195 1449 sibi
3244 1395 3337 1447 tle-

1790 1472 2067 1530 bellaudas
2127 1488 2446 1546 sumpserat.
2502 1480 2603 1534 Sed
2663 1483 2923 1536 Anatolize
2987 1483 3336 1554 beglerhegus

1788 1566 1922 1619 adeo
1953 1565 2163 1621 fortiter
2188 1568 2328 1624 hosti
2374 1572 2589 1637 restitit,
2642 1583 2700 1627 ut
2765 1574 2975 1628 tandem
3027 1573 3335 1630 Ustazelves

1787 1657 2142 1711 occideretur.
2182 1660 2259 1713 Ab
2299 1662 2463 1715 altero
2494 1679 2707 1733 quoque
2761 1666 2892 1720 aciei
2940 1666 3103 1720 latere
3128 1683 3333 1736 pugna.

1789 1752 1900 1798 tum
1960 1750 2211 1818 utrinque
2256 1760 2494 1820 strenue,
2532 1754 2702 1808 donec
2734 1758 2798 1809 ad
2847 1766 3148 1812 extremum
3196 1758 3335 1811 Cha-

1791 1852 1949 1892 sanes
1980 1840 2160 1904 bassa,
2216 1840 2491 1897 Romanis:
2541 1845 2908 1916 begierbegus,
2956 1850 3332 1904 occumberet:

116 1910 672 2005 fratrem,‘sultanum
700 1919 1015 1989 Carentem,
1052 1926 1214 1981 movit
1257 1944 1274 1982 ε
1333 1926 1429 1981 sed
1479 1930 1526 1984 is
1585 1931 1683 1985 Te-
1717 1898 1760 1957 Β
1790 1926 2149 1993 Nihilominus
2195 1928 2403 1986 Thures
2455 1935 2563 1987 Alis
2608 1898 2830 2005 ubeguso,
2881 1898 3121 1991 IIaIt-ozii
3172 1940 3335 2001 illius,

114 1999 369 2057 kiensem
409 2004 463 2058 in
500 2009 830 2075 provinciam
860 2013 994 2066 abiit
1032 2031 1048 2070 :
1106 2032 1214 2085 quo
1272 2022 1507 2087 cognito,
1578 2024 1685 2090 pri-

117 2096 680 2166 mntnejanitoribus
716 2103 850 2163 suis.
908 2120 1070 2173 quem
1123 2108 1361 2162 Azemitn
1416 2110 1682 2166 Casanatn

114 2192 290 2253 Agam
318 2192 606 2256 vocabant,
642 2191 860 2248 fratrem
887 2210 916 2248 a
949 2205 1100 2268 tergo
1125 2203 1374 2270 persequi
1402 2202 1589 2270 jussit.
1636 2204 1686 2258 Is

115 2278 374 2333 adhibita
401 2281 682 2353 diligentia
714 2288 967 2354 maxima,
1014 2291 1227 2345 lattdem
1254 2294 1399 2346 illum
1436 2295 1686 2364 in_spccu

115 2375 365 2437 quodam
395 2372 769 2442 deprehendit,
802 2388 853 2432 et
876 2381 1019 2448 cepit
1050 2394 1065 2433 :
1091 2382 1311 2450 jamque
1376 2396 1591 2453 captum
1621 2387 1684 2439 ad

117 2463 315 2534 herum
340 2480 501 2519 suum
523 2466 773 2521 Selimem
810 2471 1317 2537 adducens,obvios
1341 2476 1526 2529 habuit
1553 2494 1687 2531 nun-

117 2557 243 2613 tios.
274 2557 422 2623 apud
473 2558 727 2626 oppidum
778 2559 942 2630 339
979 2560 1201 2632 Egrigos
1232 2546 1250 2620 ξ
1316 2564 1404 2617 ubi
1456 2582 1571 2617 mox
1624 2567 1689 2620 de

119 2646 386 2698 mandato
418 2645 636 2701 Selimis
662 2648 927 2704 Corcutes
948 2652 1342 2719 strangulatus,
1374 2664 1426 2706 et
1457 2656 1691 2707 cadaver

117 2741 231 2807 ejus
264 2741 499 2796 Prusam
540 2752 774 2808 vectum,
807 2745 1003 2800 ibidem
1066 2759 1416 2803 monumento
1444 2748 1544 2802 fuit
1577 2749 1690 2801 ilia-

118 2843 253 2885 tum.

184 2926 329 2978 Cum
396 2933 573 2979 autem
637 2928 884 2984 sultanus
948 2930 1177 2987 Selimes
1237 2932 1397 2987 etiam
1461 2933 1687 2988 alterum

118 3014 351 3069 fratrem
402 3031 581 3081 suum,
646 3005 916 3074 sultanum
967 3021 1299 3086 Aebmetem,
1367 3036 1693 3090 magnopere

118 3118 345 3178 cuperet
374 3108 425 3162 itt
478 3118 796 3178 potestatem
854 3112 1152 3178 redactum,
1210 3121 1327 3167 astu
1364 3114 1689 3181 excogitato,

118 3200 409 3254 hassarum
440 3209 490 3253 et
543 3200 914 3267 genizarorum
956 3203 1173 3260 nomine
1227 3204 1431 3259 litteras
1476 3207 1540 3258 ad
1569 3222 1689 3258 eum
1717 3234 1762 3295 ο

119 3290 387 3358 perscribi
410 3290 596 3358 jussit,
634 3307 861 3356 quarum
893 3293 1191 3349 litterarum
1220 3296 1331 3350 haec
1388 3307 1501 3350 erat
1537 3290 1684 3351 sum-

121 3402 204 3439 tua
234 3406 247 3440 :
280 3387 573 3440 Sullanum
618 3385 869 3442 Seliment
907 3390 1197 3443 crudeliter
1232 3389 1285 3442 in
1318 3391 1556 3443 omnium
1585 3403 1681 3444 δαῖε

59 3498 67 3505 -
118 3482 232 3533 vire
271 3478 465 3531 vitam.
496 3478 569 3531 Ea
598 3478 664 3533 de
716 3494 879 3533 causa
913 3494 971 3533 se
996 3479 1105 3548 jam
1144 3487 1400 3547 pertaesos
1434 3496 1553 3535 esse
1586 3499 1684 3550 pu-

122 3571 365 3654 milionis
426 3571 602 3626 istius.
667 3568 913 3633 Prodiret
950 3572 1107 3628 modo
1158 3572 1466 3633 Achmctes,
1535 3590 1595 3627 ac
1630 3591 1686 3628 se

120 3662 569 3729 conspiciendum
605 3663 883 3731 praeberet,
922 3678 1042 3716 mox
1081 3664 1126 3717 ei
1181 3674 1391 3733 captum
1430 3664 1682 3719 Selimem

121 3756 443 3807 tradituros.
519 3752 645 3805 Data
714 3769 843 3807 vero
904 3753 1003 3807 fuit
1055 3770 1241 3823 opera,
1311 3765 1369 3809 ut
1421 3757 1683 3825 ejusmodi

122 3850 433 3899 litterarum
465 3844 708 3911 exempla
738 3844 806 3898 50
835 3844 913 3896 vel
945 3844 1013 3897 60
1044 3846 1256 3899 sultano
1284 3847 1527 3901 Aclnneti
1566 3848 1685 3900 red-

120 3941 402 3990 derentur.
472 3934 655 4001 Itaque
718 3949 941 3987 numero
1022 3935 1319 3988 litterarum
1385 3938 1681 4006 deceptus,

124 4030 277 4078 fidem
309 4024 393 4077 eis
446 4023 655 4085 habuit,
704 4032 758 4077 et
790 4039 911 4078 cum
984 4026 1152 4079 milite
1212 4026 1515 4082 Caramano
1571 4031 1685 4083 suis

120 4135 146 4165 ε
170 4115 397 4168 latebris
425 4114 475 4166 in
505 4123 749 4182 apertum
786 4116 1003 4183 prodiit.
1041 4118 1317 4186 Quotquot
1353 4128 1507 4173 erant
1562 4135 1683 4174 cum

122 4224 182 4254 rt)
220 4220 495 4272 proceres,
546 4206 685 4259 hanc
725 4204 1106 4275 profectionem
1171 4210 1578 4277 dissuadebam,
1634 4221 1683 4265 et

124 4295 365 4348 futurum
427 4296 643 4350 aiebant
701 4306 757 4350 ut
822 4299 1319 4356 circumveniretur.
1381 4304 1484 4358 Sed
1546 4306 1684 4373 ipse,

124 4385 315 4439 litteris
343 4388 452 4439 illis
474 4388 726 4442 exhibitis
747 4404 809 4443 ac
834 4391 1115 4458 perlectis:
1143 4392 1359 4454 Demus.
1382 4396 1477 4454 ait.
1509 4412 1689 4449 exem-

125 4476 203 4543 pla
232 4474 424 4545 viginti
449 4476 639 4529 harum
671 4478 970 4530 litterarum
1020 4492 1139 4532 esse
1174 4478 1307 4533 falsa
1332 4491 1385 4533 et
1415 4495 1685 4534 commen-

1788 2031 1896 2069 una
1920 2033 2041 2071 cum
2068 2018 2231 2073 fratre
2260 2036 2380 2087 suo,
2410 2031 2513 2077 tam
2541 2026 2733 2079 acriter
2763 2028 2863 2080 huc
2899 2029 3081 2094 prmlio
3108 2044 3164 2082 sc
3210 2044 3335 2096 ges-

1790 2107 1881 2169 sit,
1936 2118 1994 2162 ut
2039 2110 2284 2168 hostibus
2345 2114 2605 2184 disjectis,
2654 2118 2717 2171 ad
2766 2116 2988 2172 lsmailis
3036 2120 3331 2173 scachive-

1788 2198 1972 2251 xillum
2000 2200 2311 2267 primarium
2368 2216 2700 2272 penetraret,
2738 2208 2941 2274 ipsique
2996 2210 3190 2262 scacho
3223 2209 3335 2260 vnl-

1790 2305 1891 2344 nus
1928 2291 2209 2360 inlligeret.
2242 2294 2433 2347 Verum
2462 2312 2490 2348 a
2518 2299 2698 2350 scachi
2749 2299 3066 2359 satellitibus
3110 2310 3331 2369 uterque

1790 2392 2055 2436 mactatus
2081 2385 2295 2440 cecidit.
2324 2385 2435 2440 Sub
2470 2388 2670 2442 exitum
2724 2389 2825 2443 diei
2858 2389 3029 2443 fessus
3068 2392 3177 2458 jam
3213 2407 3333 2442 cum

1791 2474 1904 2526 suis
1928 2474 2219 2541 praeliando
2250 2478 2499 2540 scaclms,
2532 2479 2672 2531 hosti
2702 2481 2884 2541 cessit,
2912 2492 2964 2534 et
2989 2481 3163 2550 fugam
3200 2483 3333 2534 arii-

1792 2565 2205 2631 puitzortlaque
2234 2581 2353 2627 sua.
2388 2583 2507 2620 cum
2571 2570 2823 2637 onmibus
2862 2555 3027 2625 "rebus
3084 2587 3199 2637 qna:
3249 2574 3332 2625 ilia

1792 2654 2229 2719 Cuntincbantur,
2258 2658 2425 2710 hostis
2475 2658 2698 2710 arbitrio
2749 2660 2954 2720 relicta.
3032 2661 3334 2715 Tebtisium

1794 2761 1850 2800 se
1878 2746 2097 2811 recepit.
2130 2744 2312 2813 Itaque
2340 2746 2528 2801 Turcis
2564 2748 2691 2801 orda
2716 2749 2933 2803 schachi
2965 2753 3153 2819 praedae
3212 2750 3333 2812 fuit.

1732 2843 1736 2846 ‘
1794 2836 1883 2902 qui
1913 2838 2071 2888 etiam
2104 2836 2245 2889 itt‘ea
2318 2848 2574 2905 ceperunt
2626 2855 2784 2892 unam
2819 2840 2883 2892 de
2939 2841 3116 2893 scachi
3154 2843 3334 2894 tumi-

1798 2926 1917 2988 bus,
1950 2912 2071 2977 cmn
2130 2938 2337 2980 extera:
2397 2926 2673 2991 mulieres,
2734 2943 2853 2995 quae
2923 2930 3025 2983 illis
3055 2931 3104 2982 in
3145 2933 3338 2985 castris

1796 3012 2026 3079 fuerant,
2059 3017 2260 3085 pedites
2306 3017 2454 3071 cum~
2487 3019 2695 3085 reiiquo
2737 3018 3052 3073 Parthorum
3099 3023 3336 3075 exercitu

1796 3105 2096 3161 Tebt'isium
2126 3109 2400 3163 abiissettt.
2436 3109 2675 3164 Scachus
2698 3121 2897 3170 autem,
2935 3112 3118 3163 relicto
3145 3110 3335 3164 Tebri-

1797 3198 1897 3260 sio,
1927 3213 2045 3250 cum
2083 3213 2196 3263 non
2246 3214 2431 3266 magna
2488 3215 2708 3253 suorum
2742 3215 2905 3259 manu
2956 3198 3247 3254 Su'taniam
3279 3217 3336 3256 se

1792 3288 2036 3343 contulit.
2096 3289 2304 3342 Interea
2351 3290 2653 3344 Tebrisium
2704 3306 3018 3359 progressus
3081 3292 3330 3353 Selimes,

1788 3396 1975 3433 omnes
2024 3381 2171 3434 tubis
2222 3382 2684 3443 artiliccs,omncs
2706 3383 3175 3450 cxitniosopif‘tces
3229 3388 3335 3437 rol-

1787 3473 1980 3536 lectos,
2034 3472 2554 3538 Constantinmiolim
2609 3475 2770 3528 misit.
2814 3474 3057 3542 Cumque
3088 3474 3177 3527 ilia
3217 3474 3332 3529 hie—

1790 3579 1876 3618 Ine
1906 3562 2166 3632 cogilaret
2194 3565 2243 3616 in
2274 3564 2514 3618 hibernis
2561 3565 2625 3617 ad
2677 3563 3010 3633 Carabagum
3072 3566 3322 3620 subsiste-

1790 3672 1870 3717 re,
1903 3672 2011 3709 non
2039 3656 2139 3708 hoc
2168 3671 2288 3708 eum
2344 3655 2732 3709 llllllUIlUMlltS
2786 3655 2963 3709 facere
2995 3659 3132 3723 passi
3189 3659 3335 3711 luere

1790 3747 2046 3817 genizari.
2080 3748 2412 3816 Quapropter
2469 3748 2746 3801 Amasiam
2804 3747 3025 3802 reducto
3077 3749 3332 3811 exercitu,

1790 3838 1986 3891 ibidem
2021 3837 2337 3901 hibernavit,
2384 3843 2485 3892 sub
2521 3838 2729 3891 initium
2756 3838 2956 3891 astatis
3010 3838 3331 3891 Camarlttnn

1789 3932 2082 3998 profectus,
2105 3948 2219 3984 cam
2248 3933 2518 3985 civitatem
2573 3931 2872 3998 occupavit.
2905 3930 3122 3990 Interim
3179 3933 3329 3991 Sina.

1792 4037 1912 4074 nem
1941 4023 2150 4075 bassam
2189 4022 2495 4074 eunuchum
2528 4021 2578 4073 in
2622 4020 3061 4089 Dulgadirensem
3122 4026 3331 4088 pruriu-

1791 4094 2239 4181 ciantablegztvit,
2274 4112 2364 4180 qui
2412 4113 2599 4165 ducem
2652 4112 2771 4180 ejus
2824 4112 3054 4180 regionis
3105 4114 3332 4165 Aladcu-

1791 4206 1892 4259 lem
1926 4205 2064 4259 bello
2094 4206 2386 4257 invaderet.
2419 4204 2465 4257 Is
2489 4202 2826 4270 Dulgadirem
2860 4204 3149 4268 ingressus,
3202 4204 3329 4256 Ala-

1790 4300 1999 4354 deulent
2028 4299 2248 4352 ntiuitne
2279 4300 2615 4350 resistentem
2642 4298 2779 4363 cepit
2815 4306 2867 4347 ct
2892 4296 3063 4362 capite
3113 4304 3328 4349 trum-a-

1791 4395 1885 4453 \Il,
1940 4405 2245 4458 quanquam
2315 4388 2403 4439 alii
2467 4388 2680 4443 tradant
2727 4390 3017 4463 suspendio
3078 4402 3327 4444 necatum

1794 4484 1976 4536 fuisse.
2012 4481 2272 4535 Ditionem
2322 4494 2449 4533 vero
2510 4480 2755 4533 snitauus
2802 4481 3025 4534 Selimes
3072 4483 3153 4534 Ali
3206 4483 3338 4552 bago

125 4567 276 4627 titia;
332 4581 460 4619 num
503 4566 643 4620 ident
693 4566 760 4622 de
808 4568 1015 4622 caeteris
1070 4584 1282 4637 quoque
1341 4568 1676 4639 pronuntiari
1715 4585 1756 4640 ι)
1785 4573 2070 4637 c0uccssit,
2102 4572 2191 4640 qui
2224 4587 2284 4623 rx
2317 4570 2587 4623 Aladeulis
2621 4570 2779 4624 fratre
2806 4584 2961 4629 natus
2990 4585 3124 4627 erat.

124 4657 370 4723 oportet?
402 4657 591 4726 Itaque
646 4672 799 4714 suam
853 4667 1071 4714 secutus
1127 4661 1458 4728 opinionem,
1502 4664 1683 4732 copias

127 4752 173 4802 in
212 4748 439 4802 fratrem
461 4748 638 4802 duxit.
665 4748 800 4803 Cum
833 4750 885 4804 itt
918 4750 1196 4817 planitiem
1234 4755 1568 4821 pervenisset
1614 4755 1681 4807 ad

126 4838 401 4906 Eeapolim
430 4839 785 4904 Caramaniae,
840 4842 909 4893 ab
937 4842 1174 4894 exercitu
1208 4842 1406 4895 sultani
1465 4842 1683 4897 Selimis

129 4932 374 4996 obrutus,
411 4948 601 5001 parum
639 4948 762 4988 cum
818 4932 929 4986 suis
958 4940 1176 4986 strenue
1215 4948 1324 4987 rem
1376 4935 1569 5001 gessit:
1623 4949 1685 4986 ac

132 5025 321 5085 victus,
367 5021 504 5091 fuge
537 5040 597 5077 se
648 5024 828 5087 dedit;
872 5026 921 5076 in
954 5041 1057 5091 qua
1086 5025 1206 5093 fuga
1239 5032 1429 5090 captus
1462 5025 1685 5076 Achme-

132 5126 225 5176 tes,
257 5125 313 5167 et
353 5110 723 5183 strangulatus
752 5115 874 5170 fuit.
908 5115 1168 5171 Exstittcti
1199 5117 1429 5169 cadaver
1461 5117 1681 5169 l'tusam

132 5209 493 5272 ili-portatum,
518 5216 572 5258 et
596 5206 790 5260 ibidem
814 5209 863 5260 itt
894 5217 1241 5263 monumento
1265 5208 1358 5263 fuit
1382 5210 1684 5263 conditum.

135 5295 247 5349 llzec
272 5308 451 5349 autem
495 5297 805 5352 acciderunt
832 5314 970 5351 anno
1008 5300 1110 5354 920
1136 5300 1283 5366 (Chr.
1316 5301 1492 5368 1515).

200 5386 461 5441 Sullanus
482 5404 609 5456 ergo
644 5390 871 5445 Selimes
918 5392 1028 5457 jam
1068 5392 1213 5445 solus
1250 5392 1476 5459 imperio
1538 5404 1684 5445 tran-

136 5478 296 5542 quillo
320 5479 538 5544 patitus,
564 5478 625 5532 ad
659 5477 853 5531 bellum
886 5482 1174 5546 gerendum
1228 5483 1483 5534 adversus
1518 5481 1685 5536 Isma-

140 5570 276 5629 Πρω,
303 5569 559 5622 schacutu
587 5567 931 5632 Parthorum,
959 5583 1015 5623 se
1045 5573 1373 5639 comparavit
1397 5590 1409 5625 :
1461 5580 1513 5625 ct
1559 5588 1687 5627 cur-

140 5660 277 5714 ribus
319 5661 389 5711 ad
418 5662 661 5716 vehenda
695 5671 979 5720 tormenta.
1040 5663 1353 5731 exterisque
1407 5663 1564 5717 rebus
1596 5680 1687 5719 ne-

142 5750 369 5803 t-cssaris
409 5748 723 5815 instructus,
745 5768 933 5806 omnes
962 5766 1092 5807 suos
1139 5755 1406 5806 exercitus
1453 5755 1684 5823 collegit,

144 5840 192 5893 ia
224 5840 422 5912 quibus
447 5853 599 5898 erant
634 5843 911 5900 hominum
975 5842 1040 5899 ad
1073 5843 1460 5915 quadringenta
1495 5845 1682 5903 millia.

1861 4664 1974 4717 lIoc
2013 4672 2258 4731 tempore
2307 4660 2554 4715 Gcnizari
2608 4676 2826 4729 magnas
2867 4663 3095 4714 Amasiae
3152 4664 3336 4717 turbas

1786 4759 2109 4814 excitavere,
2139 4769 2258 4806 cum
2288 4753 2337 4802 in
2393 4751 2530 4804 Piris
2581 4751 2751 4803 bassai
2781 4761 2951 4805 castra
3001 4769 3091 4818 per
3120 4754 3337 4806 sediliu-

1788 4860 1905 4895 nem
1940 4847 2223 4896 irruerent.
2269 4846 2390 4895 Erat
2431 4851 2542 4895 tum
2578 4843 2770 4895 sultani
2819 4843 3032 4895 Seltmis
3062 4847 3332 4897 vezirazc-

1788 4950 1923 4995 mes,
1954 4936 2235 4987 Achmctes
2278 4935 2454 4997 liasa,
2495 4934 2753 5002 Dncagiui
2784 4936 2953 4987 filius:
2990 4953 3145 5004 quem
3199 4938 3335 4991 Seli-

1790 5042 1898 5079 mes
1938 5025 2163 5078 interfici
2224 5026 2407 5092 jussit,
2460 5027 2649 5083 collata
2696 5026 2748 5078 itt
2781 5042 2901 5079 eum
2959 5028 3134 5093 culpa,
3196 5032 3335 5094 qttod

1789 5114 2013 5182 hujusce
2046 5116 2417 5180 genizurorutn
2448 5117 2728 5170 seditionis
2759 5126 2811 5168 et
2864 5118 3111 5173 conscius
3146 5124 3197 5166 ct
3244 5133 3338 5169 au-

1788 5218 1907 5260 ctor
1939 5208 2253 5260 exstitisset.
2308 5206 2441 5265 lIinc
2496 5208 2707 5259 Amasia
2759 5207 3043 5259 discedens
3090 5204 3334 5269 Selimes,

1788 5298 2310 5365 ConstantinOpolim
2342 5298 2505 5351 abiit:
2533 5299 2619 5351 ubi
2639 5313 2890 5366 generum
2917 5296 3094 5358 suum,
3122 5298 3338 5352 lschett—

1788 5388 1968 5443 deretn
2024 5388 2263 5451 bassam,
2294 5404 2397 5441 una
2447 5404 2568 5442 cum
2626 5387 2887 5442 Tazisadc
2940 5389 3333 5454 CadiieSt-heru,

1788 5492 1843 5534 et
1902 5480 2014 5533 Bali
2073 5479 2237 5534 Getne
2292 5480 2537 5547 Seguane
2582 5482 2771 5543 ~bassa,
2824 5481 3088 5548 supplicio
3149 5484 3338 5551 capitis

1788 5571 1999 5633 alIccit;
2058 5570 2202 5640 quod
2247 5571 2393 5639 ipsos
2426 5574 2586 5625 etiam
2623 5574 2824 5625 diceret
2872 5572 3142 5623 Amasiani
3192 5575 3337 5639 grui-

1790 5677 2037 5717 zarorum
2098 5663 2355 5717 tumultus
2411 5674 2658 5718 auctores
2734 5664 2915 5717 fuisse.
2982 5661 3336 5731 COutigerutL:

1790 5756 1902 5810 ha-c
1927 5769 2070 5809 anno
2095 5753 2191 5808 9'21
2228 5756 2373 5812 (Chr.
2402 5758 2584 5825 1514).

1862 5846 2164 5902 Secundum
2194 5848 2303 5903 haec
2330 5849 2568 5905 collectis
2620 5847 2847 5903 Selimes
2872 5846 3120 5902 omnibus
3166 5846 3333 5915 copiis
