3970 6348
621 380 719 440 611

1852 371 2194 431 ANNALES
2223 368 2549 430 'l'UliClCI.

3679 359 3781 425 612

622 472 774 548 clade
804 491 1030 543 allicere.
1064 490 1193 543 Cum
1245 499 1420 543 autem
1453 486 1711 556 proﬂigati
1762 489 1909 554 prius
1961 486 2161 539 aCliri-
2193 495 2231 545 Α
2263 485 2336 537 ris
2374 485 2425 535 in
2476 497 2665 537 omnes
2715 481 3018 552 provincias
3081 493 3204 531 suas
3265 474 3553 545 expeditit.
3595 474 3783 541 quibus

622 589 812 643 stianis
840 587 892 650 in
926 593 1153 651 utroque
1178 600 1343 636 cornu
1378 583 1562 646 Turci,
1596 582 1927 635 Christianos
1981 596 2154 635 armu-

627 694 743 733 rum
790 692 953 731 onere
1006 676 1168 727 nimio
1228 687 1476 743 gravatos
1532 674 2035 733 animadverterent,
2091 671 2157 724 de

627 767 886 822 industria
917 766 1095 834 fugam
1148 765 1499 831 arripientes,
1530 763 1846 829 insequendi
1898 764 2035 813 viain
2081 760 2159 812 eis

627 867 970 924 aperuerunt.
999 855 1206 922 Quippe
1233 852 1521 905 Christiani
1573 868 1629 905 se
1674 867 1816 914 mox,
1872 850 2040 901 instar
2080 847 2159 898 di-

630 947 1073 1014 ltlviict'jltsdatn,
1127 944 1404 997 concitatis
1454 935 1628 1010 equis,
1712 940 1991 993 diffudere.
2054 937 2156 988 Sed

629 1036 809 1096 Turci,
843 1037 929 1103 qui
956 1036 1129 1103 fugam
1165 1035 1414 1097 inierant,
1446 1046 1703 1100 equorum
1733 1045 1895 1083 cursu
1930 1027 1993 1081 ad
2020 1029 2159 1083 latus

630 1126 840 1183 inﬂexo.
893 1126 1169 1190 expeditos
1221 1134 1271 1175 ct
1318 1125 1549 1194 inermes
1598 1121 2021 1175 Christianorum
2059 1118 2159 1169 titi-

632 1222 746 1271 litt-8
772 1218 930 1286 329
957 1218 1287 1278 invaserunt,
1322 1230 1457 1283 quos
1490 1214 1659 1274 nudos
1687 1228 1805 1266 esse
1835 1221 2053 1271 norant,
2109 1220 2160 1263 et

633 1313 682 1361 in
714 1327 803 1361 cos
833 1308 1079 1360 alat-riter
1113 1308 1356 1358 acinaces
1412 1320 1537 1358 suos
1583 1304 1932 1358 strinxerunt.
1972 1299 2029 1353 ld
2080 1298 2159 1353 illi

630 1419 751 1451 cuni
796 1399 903 1451 iii-ri
939 1408 1241 1461 cernerent,
1278 1397 1557 1449 celerrime
1604 1395 1974 1461 cataphractos
2004 1392 2156 1458 equi~

633 1500 711 1541 tes
742 1506 866 1542 suos
899 1492 1063 1540 secuti
1092 1497 1259 1540 Sunt:
1304 1488 1497 1553 quibus
1556 1485 1645 1537 ubi
1698 1485 1802 1550 jam
1861 1499 1967 1535 non
2020 1489 2161 1534 esset

634 1582 918 1646 integrum,
996 1580 1048 1630 in
1097 1577 1299 1629 Turcos
1355 1576 1522 1628 aciem
1584 1574 1757 1627 denuo
1811 1562 2158 1626 convertere":

636 1668 843 1717 ta..detu
887 1666 1082 1715 mutuis
1117 1679 1175 1716 se
1208 1663 1523 1715 vulneribus
1572 1662 1830 1715 coniicere
1855 1668 2158 1730 ceperunt,

637 1756 884 1822 atqtteita
922 1754 1109 1805 solutis
1140 1762 1191 1805 et
1220 1752 1489 1818 dissipatis
1540 1750 1841 1815 ordinibus,
1898 1749 2162 1803 exercitus

2255 590 2444 627 Otitucs
2476 583 2581 637 tam
2616 571 2877 625 Auatolia:
2947 586 3106 638 quam
3141 568 3408 620 llomattim
3436 564 3609 631 coegit
3636 576 3787 616 exer-

2256 665 2415 729 citus,
2451 665 2733 719 conductis
2762 664 2922 717 etiam
2949 661 3116 715 vicies
3153 659 3295 712 mille
3318 656 3603 727 peditibus.
3635 649 3786 706 Geui-

2262 771 2508 807 zarorum
2531 765 2681 808 erant
2707 755 2772 809 ad
2807 754 2989 807 decem
3026 751 3211 804 millia.
3244 748 3605 803 Cetivolziruut
3624 754 3674 797 et
3700 743 3782 795 alii

2260 845 2563 912 comtlttres
2594 846 2663 899 ad
2697 859 2841 906 eum,
2866 844 3059 912 quibus
3090 842 3287 907 alioqui
3322 837 3580 891 militandi
3601 850 3782 889 ncces-

2259 936 2389 987 sitas
2422 950 2523 986 nun
2586 934 2943 988 inrumbeha.
3000 931 3194 984 Bellica
3260 943 3476 998 quoque
3532 928 3783 979 tormenta

2262 1021 2407 1074 fundi
2438 1019 2612 1089 jussit,
2647 1021 2816 1075 instar
2844 1022 3154 1074 draconum.
3188 1016 3265 1071 lta
3295 1032 3417 1085 cum
3484 1016 3626 1066 omni
3684 1026 3785 1065 tor-

2262 1120 2563 1164 mentorum
2595 1119 2876 1179 apparatu,
2909 1110 3175 1179 tantisque
3222 1123 3341 1161 cum
3374 1104 3783 1175 copiislladria-

2260 1202 2435 1270 u0poli
2471 1200 2764 1270 profectus.
2793 1213 2965 1255 castra
3020 1198 3488 1267 Constantinopoli
3519 1196 3742 1249 admovit
3768 1212 3784 1251 :

2258 1292 2619 1360 displosisquc
2649 1294 2959 1351 tormentis.
2994 1307 3201 1353 muros,
3268 1301 3322 1344 et
3365 1291 3557 1358 pinnas
3586 1304 3782 1346 eorum,

2258 1382 2485 1450 disjecit.
2518 1382 2828 1446 Christiani,
2856 1394 3115 1451 quotquot
3141 1381 3258 1435 urbi
3319 1380 3567 1449 praesidio
3621 1386 3781 1437 erant,

2262 1472 2467 1526 fortiter
2493 1472 2565 1525 illi
2585 1474 2798 1540 quidem
2830 1489 2887 1527 se
2920 1474 3274 1526 defendebant
3300 1488 3313 1524 :
3336 1472 3427 1523 sed
3453 1472 3635 1523 urbem
3657 1468 3779 1521 tueri

2261 1574 2447 1617 contra
2479 1564 2583 1616 vim
2618 1557 2967 1616 Muchentetis
3014 1563 3152 1615 haud
3203 1570 3471 1628 poterant.
3528 1558 3586 1611 ls
3632 1560 3783 1620 enim,

2261 1668 2513 1707 concessa
2543 1654 2691 1705 militi
2728 1655 2960 1715 licentia,
2992 1652 3275 1721 diripieudi
3333 1649 3779 1712 Constantinopo-

2264 1728 2377 1803 Iim,
2403 1743 2561 1795 modo
2577 1758 2691 1795 eam
2721 1751 3095 1810 occupassent,
3145 1756 3311 1809 usque
3342 1743 3474 1791 adeo
3501 1736 3780 1788 Turcorutn

636 1846 813 1898 omnis
837 1847 887 1895 in
916 1844 1107 1896 [tedam
1151 1858 1269 1896 sese
1324 1842 1513 1910 fugant
1565 1837 1814 1909 coujecit.
1859 1840 1989 1892 Tutu
2041 1853 2165 1893 vero
2192 1819 2239 1877 Β
2266 1835 2473 1884 animos
2507 1831 2751 1883 accendit
2779 1871 2793 1890 .
2826 1840 2883 1882 ut
2909 1845 3103 1899 magno
3136 1829 3280 1883 illam
3307 1843 3427 1881 cum
3490 1827 3681 1894 impetu
3707 1824 3781 1875 in-

638 1934 816 1994 'l'urci,
840 1950 973 2002 quos
996 1943 1152 1984 antea
1187 1932 1385 1999 fugisse
1408 1930 1662 1995 diximus,
1695 1930 1818 1983 hinc
1863 1929 1984 1983 inde
2029 1944 2160 1982 con-

639 2025 856 2091 globati,
887 2021 1257 2075 Christiauisa
1278 2032 1427 2090 tergo
1461 2004 1525 2073 ad
1558 2020 1728 2088 ipsam
1788 2035 1955 2087 usque
1988 2018 2165 2071 muni-

638 2116 836 2166 tionem
885 2120 1180 2165 castrorum
1236 2110 1603 2164 iohazserunt:
1665 2110 1868 2178 fuitque
1922 2109 2169 2176 deinceps

638 2210 924 2269 pugnatum
970 2203 1226 2267 utrinque
1256 2210 1367 2252 toto
1397 2199 1484 2251 illo
1508 2200 1612 2257 die.
1654 2214 1819 2266 usque
1876 2196 1943 2250 ad
1990 2212 2169 2264 respe-

641 2311 773 2356 rum,
800 2303 852 2345 et
877 2308 905 2345 a
928 2280 1154 2360 vespera
1189 2305 1373 2344 rursus
1401 2290 1462 2342 ad
1493 2289 1785 2342 diluculum
1810 2302 1996 2356 usque.
2040 2288 2168 2341 Jan-

639 2401 733 2437 cus
756 2395 955 2448 autem,
987 2399 1105 2435 cum
1140 2382 1211 2434 ita
1242 2396 1352 2433 rem
1388 2381 1494 2449 geri
1556 2380 1789 2441 videret,
1827 2390 1945 2432 astu
1996 2394 2054 2432 se
2105 2378 2171 2433 ab

641 2474 910 2526 exercitus
932 2472 1215 2525 Christiani
1245 2470 1485 2539 reliquiis
1508 2485 1536 2523 e
1582 2472 1774 2524 castris
1812 2471 2064 2524 subduxit
2118 2479 2172 2524 et

647 2560 895 2629 profugit.
952 2558 1271 2611 Christianis
1324 2559 1389 2609 ad
1453 2571 1751 2611 extremum
1796 2560 1970 2620 victis,
2022 2557 2171 2612 Jauci

648 2650 802 2703 rebus
822 2648 1090 2710 omnibus,
1125 2662 1246 2701 cum
1275 2649 1582 2711 tormentis,
1632 2656 1683 2700 et
1724 2648 1970 2702 universo
2005 2637 2172 2717 lappa-

649 2748 764 2791 ratu
799 2738 988 2790 bellico
1017 2738 1167 2806 pomi
1198 2738 1348 2792 fuere
1379 2738 1575 2791 Turci:
1626 2738 1821 2806 quibus
1888 2740 1951 2791 ad
2007 2739 2172 2793 sulta-

646 2844 773 2881 uum
806 2826 1057 2880 Moralem
1089 2819 1352 2891 adductis,
1379 2844 1514 2881 unus
1543 2828 1688 2881 alteri
1729 2838 1968 2896 porrecta
1989 2845 2171 2896 manu,

647 2927 830 2971 mutuo
851 2926 1017 2972 semet
1041 2932 1300 2986 excepere
1328 2918 1719 2986 gratulabundi,
1751 2927 2024 2989 totmuque
2076 2922 2174 2982 tri.-

644 3012 808 3062 duum
867 3024 931 3062 eo
980 3008 1098 3063 loco
1161 3008 1751 3080 quiescentesaveluti
1829 3008 2171 3067 festivitatem

644 3100 1257 3168 quamdamﬁsiugulari
1315 3115 1434 3153 cum
1492 3100 1761 3155 hilaritate
1816 3103 2240 3195 celebrarunl.c

647 3190 769 3241 lude
790 3190 1031 3242 sultauus
1065 3187 1425 3242 Muchemetes
1456 3199 1579 3242 ante
1620 3200 1822 3258 patrem
1876 3189 2172 3245 Hadriano-

644 3279 804 3345 politu
832 3276 1102 3346 profectus
1120 3287 1218 3330 est.
1250 3276 1422 3331 Gestar.
1462 3293 1585 3330 vero
1634 3279 1851 3332 fuerunt
1872 3281 1952 3334 hae
1985 3297 2069 3335 res
2115 3272 2172 3335 in

664 3370 942 3424 Cosovaua
999 3370 1215 3439 planitie
1238 3385 1377 3424 anno
1403 3370 1505 3424 855
1536 3370 1683 3440 (Chr.
1716 3372 1890 3443 1448).

714 3462 946 3515 Murates
979 3463 1135 3514 etiam
1179 3460 1557 3515 Muchemetem
1594 3463 1756 3516 tilium
1810 3476 2031 3518 secutus
2090 3476 2175 3520 est

650 3551 1105 3617 lladriaquolim,
1168 3552 1349 3619 ibique
1397 3539 1694 3619 tempusad
1731 3554 1945 3622 aliquod
1984 3556 2176 3609 iit-otio

651 3642 799 3701 vixit,
828 3644 895 3690 ita
934 3648 1127 3699 tamen,
1165 3650 1222 3690 ut
1268 3640 1535 3693 Romanize
1565 3642 2177 3711 beglerbeguiucumco-

648 3731 748 3798 piis
774 3730 1059 3795 ablegaret,
1091 3729 1154 3781 ad
1187 3730 1569 3782 exstruendutu
1603 3747 1779 3783 arcem
1836 3733 2119 3800 Gergonim
2159 3751 2172 3786 :

645 3836 749 3889 qua
780 3819 1037 3888 perfecta,
1080 3817 1317 3872 Μαι-διεδ
1369 3819 1419 3870 itt
1470 3820 2055 3885 Anatoliaeuuontana,
2091 3840 2178 3877 ca-

650 3910 859 3977 ptaudte
903 3908 1195 3976 frigidioris
1227 3923 1371 3961 auras
1392 3923 1573 3973 causa,
1629 3924 1687 3963 se
1734 3911 1980 3974 contulit,
2038 3929 2177 3967 anno

648 3999 749 4051 εδδ
780 3999 925 4064 (Chr.
956 3996 1134 4061 ius).
1469 4000 1472 4005 ’

718 4110 757 4161 E
786 4110 1051 4161 montanis
1077 4123 1346 4170 reversus,
1376 4117 1767 4175 expeditionem
1816 4115 1867 4167 iu
1898 4115 2175 4170 Albaniam

608 4204 611 4207 ’
650 4203 903 4267 suscepit,
927 4208 982 4251 ut
1008 4215 1179 4249 arcem
1214 4197 1629 4266 Beligradensem
1658 4216 1959 4271 occuparet.
1980 4206 2086 4259 Sed
2111 4208 2181 4259 ir-

652 4288 883 4339 ritusille
901 4296 1121 4339 conatus
1148 4284 1265 4347 fuit,
1285 4285 1509 4353 ideoque
1549 4287 1703 4340 rediit
1725 4284 2177 4359 Hadrianopolim,
2205 4339 2212 4345 .

652 4389 749 4428 nec
778 4376 1007 4441 amplius
1033 4374 1213 4427 abillo
1259 4382 1499 4442 tempore
1556 4376 1647 4429 ulli
1704 4379 1781 4431 vel
1830 4380 2178 4447 expeditioni,

2262 1924 2539 1983 vaderent,
2571 1932 2961 1990 oppugnarent.
2996 1936 3088 1990 per
3120 1921 3224 1973 vim
3253 1921 3486 1988 denique
3517 1921 3777 1985 caperent.

2263 2014 2419 2067 Potiti
2452 2028 2581 2066 vero
2611 2023 2734 2065 sunt
2761 2014 2892 2066 urbe
2922 2012 3111 2075 Turci,
3167 2012 3255 2065 die
3284 1994 3541 2064 vicesimo
3598 2006 3779 2059 mensis

2264 2093 2576 2157 Rebuiluhia.
2609 2104 2863 2156 Sultanus
2926 2100 3282 2153 Muchemetes
3305 2140 3319 2163 ,
3351 2088 3533 2152 urbem
3586 2107 3774 2164 captam

2267 2194 2558 2262 ingressus,
2582 2194 2705 2246 hinc
2727 2194 2847 2246 inde
2914 2208 3007 2261 per
3055 2207 3169 2245 eam
3206 2188 3567 2258 obequitavit,
3613 2188 3777 2239 obsur-

2266 2297 2488 2351 pesccns
2520 2282 2585 2335 ad
2628 2283 2906 2335 inusiiatas
2935 2280 3277 2335 aediﬁciorum
3305 2281 3525 2331 formas.
3580 2277 3700 2330 Cum
3728 2276 3773 2326 in

2266 2375 2637 2426 Atiuindancm
2671 2374 3027 2441 pervenisset,
3057 2374 3362 2426 colhmnam
3399 2369 3472 2423 ibi
3539 2368 3772 2434 lapideam

2268 2465 2416 2527 vidit,
2447 2466 2528 2518 cui
2562 2465 2752 2532 triplex
2808 2474 2925 2517 erat
2970 2465 3255 2533 impositus
3274 2477 3495 2531 serpens
3563 2460 3774 2513 aheneus

2269 2555 2515 2623 idemque
2553 2555 2961 2623 triceps.*l|lum
3010 2558 3375 2623 conspicatus,
3400 2552 3639 2622 quidnam
3690 2551 3775 2603 hoc

2270 2654 2410 2699 esset
2442 2646 2586 2711 idoli,
2615 2647 2874 2713 quaesivit.
2909 2646 3079 2699 Simul
3117 2645 3168 2698 in
3192 2660 3311 2698 eum
3335 2652 3579 2699 contorta
3608 2654 3769 2706 magna

2273 2736 2320 2788 vi
2358 2736 2502 2789 clava
2538 2736 2730 2800 ferrea,
2770 2752 2927 2809 quam
2964 2737 3317 2805 pusdiganum
3375 2733 3534 2789 Turci
3584 2742 3768 2796 vocant,

2271 2826 2362 2881 uni
2401 2830 2465 2881 de
2492 2828 2662 2881 tribus
2689 2827 2793 2881 illis
2824 2828 3093 2896 capitibus
3112 2827 3434 2896 serpentinis
3467 2825 3661 2879 labrum
3694 2824 3763 2875 iu-

2273 2918 2437 2973 ferius
2476 2919 2808 2975 comminuit.
2851 2921 2967 2986 Quo
2993 2919 3157 2984 facto,
3222 2934 3341 2973 mox
3412 2931 3670 2986 serpentes
3720 2915 3761 2967 in

2275 3010 2405 3064 urbe
2435 3026 2625 3078 magno
2652 3010 2888 3079 conspici
2937 3023 3148 3079 coepere
3199 3023 3442 3063 numero.
3467 3009 3763 3075 Quapropter

2274 3114 2519 3157 auctores
2544 3103 2591 3155 ei
2634 3102 2781 3155 fuere
2806 3102 3044 3169 quidam,
3096 3111 3155 3154 ut
3193 3102 3415 3156 missum
3469 3102 3696 3168 deinceps
3720 3100 3765 3151 il-

2275 3196 2382 3247 lum
2399 3204 2695 3261 serpentem
2716 3191 2915 3246 faceret
2951 3208 2965 3248 :
2994 3193 3211 3260 quando
3244 3208 3338 3259 per
3377 3194 3426 3245 id
3455 3195 3763 3246 simulacrum

2274 3285 2527 3338 effectum
2561 3284 2747 3348 fuerit,
2784 3284 2860 3339 uti
2885 3298 3102 3352 serpens
3137 3284 3191 3336 in
3244 3270 3381 3337 urbe
3437 3286 3608 3339 nullus
3633 3291 3766 3337 esset.

2275 3376 2409 3431 Hinc
2428 3392 2487 3429 ea
2516 3378 2761 3435 columna
2790 3378 2843 3431 in
2893 3377 3209 3431 hodiernum
3272 3378 3443 3432 adhuc
3471 3378 3769 3432 diemdurat.

2275 3467 2339 3520 Et
2368 3483 2673 3538 quanquam
2701 3470 2860 3522 unius
2877 3470 3064 3521 ahenei
3086 3470 3351 3537 serpentis
3384 3470 3625 3522 inferiore
3647 3468 3771 3519 labro

2274 3561 2497 3629 dejecto,
2532 3568 2806 3629 serpentes
2836 3559 2891 3612 in
2921 3560 3105 3613 urbem
3149 3560 3415 3619 venerint,
3475 3566 3652 3617 nocere
3701 3568 3764 3607 ta.

2276 3666 2393 3704 men
2433 3652 2631 3704 nemini
2670 3659 2907 3717 pOSsuut.
2971 3649 3100 3701 Erat
3159 3650 3318 3703 etiam
3378 3664 3585 3705 erectus
3629 3661 3773 3716 equus

2275 3742 2531 3803 aheneus,
2573 3741 2659 3792 cui
2705 3749 2879 3793 statua
2919 3740 3159 3807 quzedam
3212 3744 3478 3809 equestris
3511 3742 3763 3795 insidebat.

2278 3830 2571 3900 Utrumque
2596 3831 2961 3885 Muchemetes
2980 3832 3263 3885 demolitus
3282 3844 3384 3907 est.
3414 3833 3531 3887 er.
3548 3844 3770 3887 urnuu-tn

2276 3928 2375 3989 huc
2408 3933 2584 3977 statua
2614 3925 2749 3990 pesti
2780 3923 3071 3991 praeclusus
3104 3923 3267 3978 fuisse
3318 3925 3517 3983 aditus.
3573 3941 3671 3993 quo
3698 3922 3777 3975 ιιιὶο

2278 4031 2376 4067 nus
2430 4018 2479 4067 in
2540 4014 2721 4067 urbem
2773 4024 3073 4082 penetraret
3101 4029 3164 4067 ac
3218 4014 3270 4067 in
3335 4030 3396 4067 ea
3455 4021 3779 4082 grassaretur.

2344 4105 2614 4175 Occupata
2665 4103 3141 4171 ConstantinOpoli,
3201 4105 3458 4157 Anatolite
3538 4112 3778 4162 montana,

2280 4196 2554 4265 recreandi
2578 4196 2661 4246 sui
2714 4210 2896 4257 causa,
2945 4195 3309 4247 Mucbemctes
3363 4194 3512 4261 petiit
3548 4210 3561 4247 :
3598 4203 3645 4243 et
3678 4187 3779 4241 inde

2280 4302 2524 4340 reversus
2560 4287 2609 4337 in
2636 4286 2913 4351 Albattiam
2936 4287 3121 4351 copias
3174 4283 3370 4336 duxit:
3427 4284 3515 4335 ubi
3564 4280 3777 4346 διυιὶέειι

2282 4379 2332 4430 in
2362 4385 2676 4445 potestatem
2708 4376 2928 4453 redegit,
2955 4390 3095 4427 anno
3129 4374 3229 4426 858
3281 4374 3429 4441 (Chr.
3462 4372 3630 4440 N55).

651 4466 731 4515 vel
757 4464 895 4515 bello
931 4463 1171 4514 interfurit
1200 4480 1214 4514 :
1243 4466 1548 4519 exstinctus
1564 4468 1647 4519 die
1676 4470 1904 4536 quodam
1928 4469 2172 4525 Mercurii
2204 4464 2253 4521 υ
2348 4473 2502 4523 Antio
2532 4470 2797 4536 sequenti,
2855 4464 3055 4521 Novam
3108 4482 3225 4519 cum
3290 4465 3457 4533 copiis
3502 4476 3773 4535 aggressus,

652 4573 737 4621 qui
772 4557 1011 4608 decimus
1040 4564 1155 4607 erat
1218 4558 1415 4608 tucnsis
1462 4557 1816 4621 Mucherenis,
1878 4578 2017 4615 anno
2070 4566 2174 4619 855

653 4648 801 4711 (Chr.
836 4646 1016 4711 1450),
1054 4659 1173 4697 cum
1206 4646 1359 4696 annis
1387 4646 1592 4711 triginta
1649 4662 1809 4698 unum
1841 4648 2173 4715 imperasset.

723 4736 992 4788 Successit
1016 4736 1147 4803 patri
1184 4737 1425 4786 sultanus
1456 4736 1811 4788 Slutliemetes
1841 4736 2049 4791 liliusin
2085 4745 2176 4793 ad-

653 4829 1040 4882 ministratione
1073 4827 1242 4893 regni,
1297 4828 1583 4892 statimque
1635 4829 1842 4880 decimo
1892 4842 2039 4883 Sexto
2091 4836 2176 4889 die

651 4922 774 4971 dit-ti
803 4918 997 4970 mensis
1030 4917 1318 4971 exercitum
1368 4920 1418 4968 in
1474 4917 1841 4971 Caratuaniam
1896 4922 2066 4985 duxit,
2126 4936 2178 4978 ct

654 5013 849 5064 bellum
876 5010 1097 5079 principi
1132 5007 1451 5069 Caratuano,
1512 5008 1759 5061 lbraltiini
1791 5013 1939 5079 licgo,
1980 5016 2174 5071 intulit.

654 5104 751 5155 Sed
786 5118 851 5154 eo
879 5117 982 5153 non
1040 5102 1205 5151 multo
1260 5109 1378 5164 post
1428 5101 1739 5164 composito,
1793 5117 2041 5157 reversus
2096 5120 2176 5160 ρει

656 5190 1108 5255 Hadrianopolim,
1148 5186 1400 5253 atqueibi
1432 5200 1617 5237 noram
1677 5203 1852 5242 arcem
1912 5196 2173 5251 mitificato

654 5281 833 5345 coepit,
860 5279 1056 5331 eodem.
1074 5293 1211 5329 anno
1236 5276 1336 5328 855
1366 5272 1698 5345 (CltrJlSO).

725 5376 875 5425 Auno
897 5372 1135 5438 sequenti
1156 5374 1417 5438 proximo,
1439 5372 1680 5424 videlicet
1698 5372 1796 5428 856
1816 5378 1959 5445 (Chr.
1994 5383 2171 5450 ΗΜ),

658 5483 758 5517 non
803 5464 984 5530 procul
1017 5480 1040 5511 ιι
1076 5461 1556 5528 Constantinopoli,
1592 5463 1943 5533 locoquodatn
1971 5488 1997 5525 a
2030 5485 2175 5543 tergo

655 5560 849 5608 uni-Jun
884 5554 1057 5623 oppidi
1089 5554 1211 5613 sito,
1272 5553 1647 5607 munitisimam
1694 5573 1864 5613 arcem
1912 5566 1975 5616 ad
2033 5583 2175 5618 inure

656 5652 903 5705 condidit.

721 5742 1144 5809 Alisultttohtqus
1164 5738 1300 5790 arcis
1326 5734 1545 5786 il‘t-ililCiO
1596 5744 1841 5795 mandata
1873 5762 1989 5799 cum
2029 5747 2167 5797 littts.

2278 4562 2434 4628 cepit.
2476 4560 2677 4627 Quippe
2708 4558 2993 4611 Christiani
3030 4572 3214 4609 rursus
3244 4556 3342 4608 huc
3396 4560 3544 4624 potitt
3577 4558 3781 4618 [ιιιειιιιιι⁸

2292 4654 2505 4705 Factum
2536 4654 2634 4704 hoc
2668 4669 2809 4706 anno
2843 4654 2943 4706 859
2970 4653 3119 4721 (Chr.
3149 4652 3324 4719 1456).

2350 4746 2648 4797 Secundum
2683 4747 2811 4809 lucc,
2846 4746 2909 4797 ad
2971 4746 3155 4796 Albam
3214 4744 3453 4796 Crtecnm
3514 4740 3780 4793 exercitum

2282 4836 2499 4887 adduxit.
2529 4852 2543 4889 :
2580 4837 2670 4889 sed
2706 4852 2824 4889 cum
2851 4851 2965 4889 eam
2992 4849 3300 4905 expugnare
3316 4846 3421 4884 non
3452 4839 3645 4898 possot,
3672 4828 3781 4881 abs-

2282 4926 2461 4978 cessit.
2499 4927 2657 4979 Periit
2696 4913 2918 4979 ibi‘Dais
2948 4908 3197 4977 Curatzizs
3225 4924 3397 4985 bassa,
3454 4920 3543 4989 qui
3598 4920 3784 4987 uenter-

2284 5018 2396 5084 begi
2428 5034 2644 5073 munere
2713 5018 3051 5087 fungebatur.
3106 5013 3300 5065 Eodem
3351 5029 3488 5067 anno
3511 5014 3610 5067 860
3653 5012 3785 5077 (Chr.

2285 5111 2438 5169 14.36)
2486 5112 2755 5177 conspecti
2808 5119 2933 5161 sunt
2964 5108 3074 5158 duo
3129 5114 3347 5159 cometa:
3413 5120 3594 5161 versus
3627 5108 3786 5158 orien-

2284 5208 2383 5245 tem
2420 5197 2583 5247 solent
2618 5210 2779 5254 unus,
2806 5195 2939 5245 alter
2968 5193 3033 5244 ad
3086 5208 3352 5248 occasum.

2350 5283 2865 5350 Constantinopolim
2890 5295 3162 5342 reversus.
3182 5299 3421 5352 magnam
3444 5285 3779 5339 celebritatem

2283 5374 2908 5431 MuchcmeIesinstituit,
2967 5373 3091 5425 dum
3120 5373 3276 5445 330
3330 5376 3609 5444 Baja'zitetu
3638 5379 3782 5430 lilium

2282 5465 2699 5526 circumcideret,
2734 5480 2872 5517 anno
2901 5465 2992 5518 86l
3070 5467 3215 5533 (Chr.
3272 5468 3449 5539 1457).

2358 5554 2554 5608 Deinde
2584 5563 2768 5608 coacto
2785 5557 3043 5619 esercitu,
3077 5558 3128 5608 in
3160 5557 3391 5611 Aloream
3446 5560 3597 5620 abiit,
3640 5565 3686 5607 et
3710 5566 3784 5605 ur-

2291 5649 2404 5698 bem
2436 5646 2691 5707 Cordum,
2724 5660 2840 5698 cum
2869 5648 3131 5717 Oppidulis
3149 5648 3464 5718 quibusdam
3488 5652 3641 5719 cepit,
3666 5656 3785 5699 anno

2282 5740 2380 5791 eos
2405 5738 2549 5805 (Chr.
2584 5738 2755 5807 MSS).
