3970 6348
193 416 299 482 6'33

1454 407 1794 471 ANNALES
1831 408 2164 472 TURCICI.

3318 416 3424 481 614

265 525 459 580 Postea
497 525 822 582 Semendrite
848 525 1035 595 copias
1087 525 1344 579 admovit.
1371 582 1376 587 ,
1404 523 1513 577 Rex
1576 531 1763 577 autent
1796 524 1849 579 Α
1870 522 2153 579 instructa.
2174 521 2530 593 Posteaquam
2561 524 2665 579 huc
2709 525 3047 595 appulissent
3072 530 3243 598 copia:
3280 528 3423 586 Tur-

191 617 511 672 Boziuensis
536 629 731 686 sponte
762 634 858 672 sua
880 618 1210 674 Semendrim
1244 617 1572 670 deditionem
1601 615 1750 677 fecit,

191 726 339 764 anno
370 711 472 765 863
527 712 675 781 (Chr.
710 711 891 791 1459).

224 859 235 869 ο
266 824 407 880 IIinc
430 839 617 881 rursus
644 825 699 878 in
726 823 962 879 ﬂoream
994 822 1285 892 prolectus,
1318 822 1483 875 multa
1531 820 1755 874 castella

190 929 319 968 cum
356 915 631 985 oppidnlis
663 916 967 983 occupavit.
998 913 1055 969 Id
1087 913 1370 981 temporis,
1415 911 1502 965 die
1521 910 1756 978 quodam

196 1004 445 1072 Veneris,
480 1006 652 1074 primo
682 1006 944 1072 diluculo,
969 1006 1049 1060 sol
1078 1006 1212 1059 adeo
1234 1004 1407 1057 lucem
1436 1017 1591 1056 suam
1616 1003 1754 1054 ami-

190 1097 264 1151 sit
299 1137 315 1162 ,
353 1107 413 1151 ut
441 1099 623 1152 omnia
688 1097 927 1153 tenebris
981 1097 1407 1158 involverentur,
1469 1109 1613 1147 anno
1652 1092 1756 1147 864

191 1191 351 1261 (Chr.
378 1190 565 1260 1460).

262 1302 594 1357 Transmisit
626 1314 804 1358 autem
835 1305 1150 1359 secundum“
1176 1305 1293 1358 haec
1323 1301 1597 1357 universis
1632 1315 1754 1354 cum

191 1395 447 1463 coplisin
490 1397 820 1463 Anatoliam,
859 1395 1197 1465 ulteriusque
1255 1408 1601 1464 progressus,
1655 1393 1754 1445 Ca:

194 1498 524 1549 statuonem,
555 1487 813 1558 Sinopen,
867 1499 921 1543 et
946 1488 1348 1542 Tarabosanem
1392 1486 1640 1539 civitates
1665 1499 1758 1538 oc-

192 1580 413 1648 cupavit
443 1597 458 1636 :
485 1581 710 1649 imperio
739 1596 842 1634 suo
874 1581 1192 1650 regionibus
1226 1580 1333 1634 illis
1364 1582 1620 1633 omnibus
1660 1579 1767 1657 ad-I

189 1671 424 1738 junctis.
454 1669 607 1726 Unde
632 1673 885 1741 deinceps
910 1671 1348 1741 Hadrianopolim
1409 1672 1592 1733 rediit,
1620 1681 1673 1724 et
1702 1671 1755 1723 in

193 1763 307 1814 otio
337 1773 549 1829 tempus
572 1762 639 1816 ad
660 1762 877 1830 aliquod
901 1777 959 1815 se
983 1762 1270 1816 recreavit.
1292 1762 1621 1818 Acciderunt
1646 1761 1759 1815 haec

196 1867 343 1904 anno
370 1852 471 1906 ssi
499 1852 649 1921 (Chr.
706 1853 884 1923 uel).

271 1964 482 2022 Rursus
512 1954 858 2036 espeditione
892 1978 1170 2037 suscepta,
1204 1967 1511 2023 Valachiam
1548 1970 1758 2040 ingres-

198 2073 293 2112 sus
327 2070 430 2124 εει,
460 2071 514 2111 et
544 2057 837 2113 Vaivodam
866 2057 1159 2126 Valachiae,
1185 2060 1272 2115 cui
1306 2076 1499 2114 nomen
1552 2060 1757 2115 Draco-

200 2157 301 2213 !es,
324 2167 519 2223 magno
547 2168 669 2217 cum
697 2152 931 2206 exercitu
955 2151 1171 2205 invasit.
1201 2149 1310 2205 [Ioc
1338 2151 1480 2205 bello
1534 2153 1757 2205 voivoda

198 2244 471 2299 Valachns
500 2244 787 2300 consilium
810 2245 953 2312 cepit
975 2244 1312 2312 Opprituendi
1339 2252 1518 2298 castra
1541 2244 1761 2299 Mucheo

199 2336 362 2392 metis
395 2345 660 2391 nocturno
686 2345 947 2407 tempore,
978 2334 1071 2389 sed
1103 2349 1289 2403 parum
1329 2334 1536 2389 edicere
1564 2337 1764 2406 potuit.

199 2427 435 2496 Ideoque
458 2441 561 2480 non
588 2425 910 2482 succedente
952 2434 1147 2478 conatu
1178 2423 1416 2493 profugit
1479 2427 1533 2479 in
1587 2425 1764 2496 Unga-

198 2519 338 2573 riam
373 2534 389 2571 :
425 2518 514 2571 ubi
546 2532 668 2571 cum
701 2516 754 2570 in
775 2532 963 2571 manus
984 2518 1123 2586 regis
1153 2514 1357 2587 ngari
1410 2515 1763 2587 pervenisset,

197 2609 407 2665 carceri
468 2607 807 2678 mancipatus
868 2606 991 2662 fuit.
1018 2607 1228 2661 Interea
1278 2621 1405 2661 vero
1458 2606 1766 2665 Valachiam

198 2703 304 2757 sibi
346 2702 597 2757 sultanus
628 2694 990 2767 Muéhemetcs
1039 2700 1302 2774 subdidit.
1445 2690 1451 2696 ’

272 2795 419 2849 Misit
443 2804 497 2850 et
527 2794 759 2848 classem
791 2792 846 2845 in
882 2792 1113 2845 insulam
1177 2792 1493 2863 Mitylenen,
1541 2793 1771 2863 ejusque

200 2883 325 2938 belli
361 2898 523 2937 causa
563 2884 724 2937 etiam
756 2883 869 2950 ipse
905 2881 1093 2935 relicta
1144 2880 1401 2938 Valachia
1466 2885 1771 2938 Anatolium

200 2973 361 3028 adiit.
385 2972 655 3039 Occupata
681 2985 807 3025 vero
854 2969 955 3024 l‘utt
984 2971 1160 3025 insula
1194 2971 1445 3043 Mitylene
1477 2989 1621 3029 anno
1672 2973 1775 3029 866

201 3063 357 3131 (Chr.
396 3062 578 3135 ηδε).

1857 615 2005 681 εἰσιν,
2024 615 2320 670 Christiani
2343 630 2507 684 seque
2533 612 2890 687 fortunasque
2913 632 3042 673 suas
3063 621 3271 691 egregie
3292 634 3423 690 pro-

1752 765 1754 767 ,
1847 706 2196 771 pugnabant.
2224 703 2329 761 Sed
2381 721 2503 760 eum
2550 707 2766 761 tandem
2820 709 2959 762 muri
3025 717 3421 766 tormentorum

1859 785 2057 860 impetu
2092 792 2292 862 pulsati
2320 797 2675 859 corruissent,
2739 812 2847 850 non
2892 812 3019 853 arce
3081 806 3315 861 tantum.
3370 807 3429 854 et

1857 882 2091 945 civitate,
2128 898 2220 950 per
2253 886 2357 937 vim
2389 885 2541 953 potiti
2575 884 2729 959 fuere
2775 885 2945 941 Turei
2982 904 2999 942 :
3029 903 3217 942 verum
3251 892 3422 944 etiam

1858 986 2069 1023 omnem
2102 970 2383 1026 ﬁnitimam
2420 975 2691 1045 regionem
2716 976 3076 1031 Muchemetis
3126 979 3416 1048 imperium

1858 1060 2098 1128 accipere
2117 1072 2428 1129 coegerunt,
2454 1078 2598 1117 anno
2628 1063 2731 1118 874
2779 1062 2938 1133 (Chr.
2972 1065 3155 1135 1470).

1927 1150 2122 1220 Egripo
2152 1153 2384 1214 devicta,
2447 1153 2976 1224 Constantinopolim
3036 1173 3093 1210 se
3127 1158 3341 1225 recepit.
3372 1169 3426 1212 rt

1858 1256 2048 1309 aspros
2086 1258 2253 1297 novos
2282 1245 2479 1313 signari
2508 1247 2693 1313 jussit,
2725 1262 2870 1302 anno
2899 1248 3005 1301 875
3051 1247 3205 1319 (Chr.
3238 1250 3421 1320 N71).

1858 1332 1993 1387 Dum
2031 1334 2502 1403 Constantinopoli
2542 1335 3181 1407 llluchemetesquiest-it,
3214 1336 3414 1392 Usum-

1860 1426 2111 1481 cltasanis
2142 1427 2467 1481 Parthorum
2499 1428 2636 1498 regis
2671 1428 2881 1482 militiae
2904 1430 3035 1493 dux,
3077 1432 3161 1484 cui
3222 1446 3419 1484 nomen

1857 1515 2105 1571 Jusufzes
2134 1520 2321 1586 begus,
2353 1534 2477 1572 cum
2496 1510 2745 1575 exercitu,
2771 1535 2828 1574 se
2849 1523 3015 1574 movit
3048 1559 3063 1584 ,
3092 1531 3147 1576 et
3176 1539 3423 1593 magnam

1859 1610 2004 1663 illam
2043 1609 2225 1663 urbem
2255 1610 2522 1665 Armeniae
2548 1611 2806 1666 Tocatam
2832 1613 3136 1682 populatus,
3176 1616 3227 1669 in
3250 1616 3420 1669 Cara-

1859 1702 2093 1753 maniam
2121 1701 2283 1755 venit.
2326 1702 2457 1755 Erat
2487 1704 2535 1756 id
2558 1704 2815 1772 temporis
2850 1705 3427 1775 sultauusMustaphas

1861 1795 1925 1868 iis
1972 1794 2104 1847 locis
2157 1812 2187 1848 a
2241 1805 2389 1863 patre
2453 1795 2782 1853 Muehemete
2820 1798 3129 1866 praefectus.
3155 1799 3207 1855 Is
3258 1801 3424 1855 colle-

1790 1867 1828 1919 Β
1860 1867 1945 1937 eto
1971 1886 2233 1951 exercitu,
2255 1886 2467 1940 Parthis
2491 1888 2708 1941 obvium
2737 1903 2793 1941 se
2817 1889 2985 1953 dedit.
3011 1906 3213 1961 eosque
3262 1893 3425 1956 ludit,

1859 1973 2079 2029 Jusuize
2104 1977 2235 2043 bego
2256 1989 2433 2042 capto,
2452 1986 2506 2031 et
2525 1978 3058 2051 Constantinopolim
3082 1983 3149 2035 ad
3207 1992 3418 2051 patrem

1862 2052 2249 2120 Muchemetem
2274 2069 2437 2122 misso
2470 2089 2484 2124 ς
2513 2068 2656 2139 quod
2675 2069 2890 2139 quidem
2922 2068 3273 2127 evenitanno
3321 2073 3425 2126 877

1862 2156 2009 2226 (Chr.
2037 2160 2217 2226 1475).
3287 2162 3291 2167 ‘

1934 2247 2067 2299 'I‘um
2092 2264 2220 2302 vero
2250 2249 2620 2305 Muchemetes
2649 2251 2716 2306 ad
2744 2265 2894 2306 arma
2927 2267 2986 2307 se
3032 2267 3231 2322 parans
3278 2256 3427 2309 Ana-

1866 2337 2049 2391 toliam
2075 2340 2251 2395 adiit:
2284 2348 2338 2392 et
2371 2342 2641 2396 mandatis
2668 2343 2793 2397 hinc
2822 2343 2947 2397 inde
2988 2344 3196 2405 missis.
3227 2356 3285 2400 ut
3307 2362 3427 2400 om-

1867 2444 1962 2482 nes
1993 2428 2193 2507 tnilttes
2222 2429 2287 2482 ad
2322 2430 2500 2497 ipsum
2531 2430 2585 2485 in
2642 2434 2949 2487 Anatoliam
2982 2447 3042 2487 se
3098 2433 3426 2502 conferrent,

1867 2523 2055 2576 edixit.
2078 2521 2325 2577 Peditum
2356 2526 2421 2577 ad
2464 2525 2651 2594 viginti
2682 2525 2850 2580 millia
2884 2525 2938 2580 In
2967 2528 3134 2582 armis
3172 2542 3293 2584 esse
3315 2530 3431 2599 jus-

1871 2614 1961 2675 sit,
1986 2623 2038 2667 et
2062 2614 2451 2669 Genizarornm
2482 2631 2742 2673 numeros
2760 2617 2826 2671 ad
2852 2618 3039 2673 decem
3058 2611 3230 2689 usque
3265 2623 3429 2676 millia

1872 2709 2161 2777 suppleri:
2216 2724 2336 2762 cum
2423 2708 2632 2763 aulicus
2700 2709 2861 2762 etiam
2914 2706 2923 2735 ⁵
2987 2716 3276 2767 comitatus
3331 2716 3432 2769 de-

1874 2817 1987 2854 cem
2016 2801 2292 2853 hominum
2326 2798 2493 2851 millia
2524 2799 3100 2868 complecteretur.-Ad
3134 2818 3431 2869 summam,

1874 2901 2095 2946 coactus
2127 2894 2175 2945 ei
2200 2893 2303 2944 luit
2339 2891 2635 2956 exercitus,
2660 2893 2748 2961 qui
2769 2907 3055 2948 numerum
3090 2898 3432 2968 septuaginta

1850 2986 1958 3061 (vel
2010 2985 2280 3053 octoginta
2330 2983 2557 3037 millium
2607 2984 2909 3040 excederet.
2965 2984 3100 3041 Cum
3158 2991 3260 3043 hoc
3306 3006 3433 3060 ergo

1848 3066 1851 3067 ν
1879 3080 2047 3135 milite
2064 3094 2252 3134 versus
2272 3077 2547 3131 Parthiam
2572 3076 2872 3147 profectus,
2900 3078 3291 3135 Usumchasani
3316 3082 3429 3151 regi

272 3176 350 3231 Ex
384 3179 630 3233 Anatolia
662 3178 1191 3248 Constantinopolim
1252 3196 1310 3235 se
1368 3180 1619 3243 contulit.
1674 3182 1759 3235 ubi
1790 3184 1834 3241 C
1871 3171 2553 3239 bellumintulit:sumptis
2572 3170 2734 3223 etiam
2757 3169 3007 3225 secumin
3030 3171 3167 3226 hanc
3215 3173 3432 3240 expedi-

198 3270 452 3338 quaedatn
485 3271 706 3325 aediﬁcia
742 3272 952 3326 curavit
1005 3273 1212 3325 exstrui
1244 3289 1259 3325 :
1315 3281 1367 3325 et
1408 3272 1759 3327 Meehmetem

203 3364 445 3425 bassam,
482 3366 714 3415 vezirem
742 3363 1003 3423 suum,in
1056 3361 1293 3417 Moream
1354 3363 1639 3430 ablegavit.
1714 3364 1765 3419 Is

201 3457 419 3525 aliquot
447 3454 643 3508 ibidem
686 3453 939 3523 oppidula
1036 3456 1196 3522 cepit,
1263 3467 1405 3507 anno
1461 3453 1562 3507 867
1612 3452 1762 3524 (Chr.

206 3548 397 3617 uss).
488 3590 499 3599 .
1350 3594 1353 3597 η

285 3640 598 3697 Secundum
652 3640 741 3694 illa
808 3638 1090 3708 productis
1152 3636 1514 3693 Muchemeles
1575 3638 1768 3709 copiis,

204 3733 247 3785 Β
286 3736 464 3787 zinam
492 3733 714 3786 adortus
744 3740 844 3794 est,
874 3739 928 3785 et
980 3745 1195 3785 omnem
1241 3730 1387 3783 illam
1433 3722 1769 3799 regionemin

208 3829 535 3894 potestatem
558 3823 788 3892 redegit,
823 3837 1108 3891 regemque
1146 3833 1360 3890 captum
1398 3822 1615 3876 occidit.
1644 3824 1773 3877 Inde

208 3917 312 3969 sub
330 3914 524 3983 jugum
550 3913 619 3968 ab
639 3928 707 3966 eo
732 3914 901 3967 missa
920 3915 931 3941 ’⁵
945 3912 1046 3966 fuit
1075 3912 1461 3982 Herzegovina,
1492 3928 1615 3967 eum
1676 3915 1776 3968 Co-

207 4007 381 4059 radza
415 4020 430 4058 :
468 4004 667 4074 quibus
698 4004 860 4057 rebus
898 4004 1085 4073 gestis,
1118 4003 1306 4057 itinere
1336 4004 1778 4067 converso,Con-

207 4092 620 4162 stantinopolim
649 4092 878 4161 repetiit,
905 4106 1047 4147 anno
1069 4091 1172 4145 869
1203 4091 1352 4159 (Chr.
1384 4092 1565 4158 1464).

280 4189 471 4240 Annus
486 4193 665 4239 autem
684 4200 917 4254 sequens
947 4184 1050 4238 870
1071 4184 1219 4256 (Chr.
1244 4186 1427 4253 1495),
1452 4196 1679 4242 exactus
1708 4188 1777 4242 ab

179 4293 276 4345 .eo
299 4276 771 4346 Constantinopoli
802 4277 903 4329 fuit
932 4275 985 4330 in
1019 4276 1154 4331 otio.
1224 4275 1327 4330 Sed
1375 4278 1429 4329 in
1493 4278 1777 4331 Albaniam

188 4367 409 4422 deinde
431 4367 726 4436 prolectus,
757 4368 1017 4421 ditionem
1053 4368 1206 4421 ducis
1256 4365 1485 4423 Joannis
1528 4369 1655 4423 istic
1678 4370 1781 4425 im-

210 4459 368 4524 perio
400 4471 502 4510 suo
528 4455 781 4524 subjecit,
810 4457 946 4509 Cum
976 4468 1157 4510 autem
1201 4458 1251 4510 id
1296 4460 1559 4527 temporis
1620 4475 1779 4513 exer-

211 4550 385 4602 citum
430 4548 593 4613 ipsius
659 4551 771 4600 dira
821 4549 1064 4614 quaedam
1126 4551 1243 4604 lues
1295 4552 1603 4615 invasisset,
1662 4552 1776 4621 ipse

211 4638 633 4709 Philippopolim
670 4638 822 4702 adiit,
847 4638 1031 4707 ibique
1057 4653 1115 4691 se
1174 4640 1341 4708 quieti
1404 4642 1574 4708 dedit,
1632 4658 1775 4697 anno

214 4734 315 4786 87I
352 4730 509 4801 (Chr.
542 4728 723 4798 1466).
949 4794 957 4808 )

197 4874 205 4885 ε
288 4822 648 4892 Pbilippopoli
672 4821 977 4887 discedens,
1019 4837 1210 4877 rursus
1238 4825 1291 4877 in
1343 4824 1625 4879 Albaniam
1654 4843 1779 4894 per-

146 4922 147 4925 “
217 4917 381 4981 rexit,
408 4917 775 4985 majoremqne
799 4914 1091 4985 provinciae
1119 4926 1324 4984 partem
1357 4920 1664 4986 occupavit,
1684 4934 1780 4972 an-

218 5025 290 5062 no
325 5008 435 5061 872
484 5008 636 5076 (om.
673 5009 859 5080 1467.)

220 5194 363 5248 ﬁnes
385 5196 667 5260 ingressus
685 5204 785 5257 est,
813 5201 866 5246 et
896 5206 1071 5246 arcem
1089 5191 1477 5245 Giolchisarem
1512 5206 1781 5259 expugna-

222 5289 298 5342 vit
333 5285 516 5341 :unde
548 5293 733 5353 postea
767 5284 1300 5341 Constantinonolim
1332 5298 1619 5348 reversus,
1680 5285 1783 5336 ali-

221 5381 469 5453 quandiu
500 5378 709 5433 bellicis
726 5393 756 5432 a
775 5380 1004 5447 negotiis
1038 5379 1319 5441 abstinuit,
1340 5392 1482 5431 anno
1502 5377 1601 5431 873
1660 5378 1757 5447 (Ch

230 5473 413 5539 I469).

296 5566 413 5621 Non
447 5563 618 5618 multo
643 5575 784 5633 post,
821 5573 879 5619 ut
908 5565 1001 5619 otii
1054 5572 1199 5618 sane
1250 5562 1606 5616 diuturnioris
1668 5574 1786 5616 erat

225 5658 536 5729 impatiens,
569 5655 794 5723 ipsemet
841 5656 1029 5709 itinere
1084 5656 1323 5707 terrestri
1372 5653 1646 5722 prolectus
1705 5664 1788 5707 est

228 5768 420 5808 versus
456 5749 691 5819 Egripou
731 5764 746 5800 :
777 5763 899 5803 cum
943 5747 1300 5802 Machmutcm
1336 5747 1552 5802 bassam
1593 5748 1784 5801 eodem

230 5851 542 5919 ahle‘gasset
567 5858 691 5899 cum
720 5845 910 5915 classe,
930 5844 1217 5902 duodecim
1249 5841 1486 5897 millibus
1506 5841 1787 5897 hominum

1868 3268 2064 3320 tionem
2082 3264 2227 3327 ﬁliis,
2266 3260 2749 3331 sultanoBajazite,
2788 3261 2999 3316 sultano
3039 3260 3338 3332 Mustapba,
3380 3273 3434 3317 et

1864 3360 2076 3413 sultano
2094 3356 2277 3410 Zeme.
2299 3356 2623 3424 Progressus
2640 3362 2816 3407 autem
2835 3367 2955 3407 cum
2975 3338 3091 3407 suis
3120 3355 3174 3407 in
3224 3354 3430 3419 Asiam,

1866 3465 1970 3503 non
1991 3450 2141 3517 plura
2165 3447 2718 3514 duntaxatoccupavit
2767 3444 2958 3514 oppida
2980 3466 3007 3510 ,κ
3042 3459 3226 3499 verum
3268 3445 3429 3499 etiam

1868 3542 2087 3595 sublimi
2117 3541 2274 3594 sitam
2319 3541 2457 3602 loco,
2492 3540 2860 3607 munitamque
2892 3538 3168 3607 insigniter
3230 3553 3432 3604 arcem,

1869 3634 2277 3689 Carachisarem
2331 3633 2493 3702 cepit.
2535 3628 2969 3687 Usumchasanes
2987 3632 3197 3687 obviam
3220 3633 3435 3690 Muelle-

1872 3727 2001 3781 meti
2034 3740 2141 3779 non
2191 3724 2413 3794 prodiit,
2444 3723 2540 3778 sed
2562 3732 2683 3778 astu
2713 3724 2945 3797 quodam
2974 3725 3298 3794 excogitato,
3332 3728 3433 3795 mi.

1874 3819 2020 3871 litem
2052 3832 2210 3871 suum
2242 3815 2370 3868 hinc
2400 3814 2524 3869 inde
2553 3817 2805 3885 partitus,
2852 3817 2909 3869 in
2956 3816 3167 3871 insidiis
3212 3817 3430 3872 locavit.

1876 3909 1941 3962 Et
1966 3910 2092 3977 quia
2145 3906 2373 3975 primam
2425 3904 2594 3958 aciem
2650 3906 2707 3958 in
2758 3905 3029 3959 excercitu
3085 3904 3435 3962 Muchemetis

1876 3997 2155 4052 Romaniae
2223 3995 2609 4065 bcglerbegtts,
2666 3995 2810 4048 Cbas
2861 3992 3121 4059 Murates,
3179 3996 3431 4059 ducebat,

1879 4092 2019 4144 forte
2054 4088 2265 4153 accidit,
2299 4096 2357 4141 ut
2386 4086 2667 4155 inepinato
2720 4086 2983 4155 quasdam
3039 4086 3094 4139 in
3147 4083 3434 4141 Persarum

1879 4184 2064 4252 copias
2095 4182 2377 4245 incideret,
2408 4193 2472 4234 ac
2510 4193 2728 4232 manum
2761 4193 2884 4232 cum
2909 4178 2989 4232 eis
3030 4191 3317 4232 conserere
3342 4193 3435 4239 co-

1882 4284 2117 4343 geretur.
2152 4274 2230 4329 Ibi
2267 4289 2391 4329 cum
2427 4274 2663 4342 majores
2683 4270 3012 4324 Parthorum
3064 4270 3207 4324 vires
3227 4282 3432 4335 essent,

1881 4370 2174 4440 dissipatus
2200 4350 2473 4420 Bouiania;
2499 4365 2677 4425 miles,
2704 4374 2757 4415 et
2790 4364 2907 4431 ipse
2963 4361 3312 4431 beglerhegus
3335 4378 3436 4416 oc-

1884 4465 2033 4519 cisus
2062 4461 2179 4516 fuit.
2214 4459 2423 4513 Interea
2455 4473 2583 4513 vero
2618 4460 2745 4510 dum
2801 4454 2982 4510 I’artiii
3041 4454 3269 4523 primam
3298 4456 3435 4516 haue

1881 4536 2236 4609 Muchcmetis
2262 4553 2436 4608 aciem
2463 4555 2731 4607 caaderent
2767 4570 2781 4606 :
2809 4553 2974 4606 etiam
3017 4550 3144 4618 ipsi,
3205 4548 3438 4602 desertis

1881 4647 2162 4701 ordinibus
2194 4647 2331 4709 suis,
2356 4645 2564 4700 hostem
2586 4646 3101 4715 confusipersecuti,
3133 4650 3343 4701 tandem
3369 4647 3436 4699 ad

1880 4740 2027 4794 illam
2056 4747 2417 4807 pervenerunt
2451 4737 2647 4802 aciem,
2684 4737 2837 4807 cujus
2862 4738 2976 4807 ipse
3019 4738 3263 4792 sultanu-s
3318 4736 3433 4787 hinc

1880 4835 2154 4887 chemetes
2184 4831 2292 4883 dux
2319 4838 2455 4882 erat.
2492 4829 2539 4880 Is
2564 4842 2745 4885 autem
2776 4830 2934 4901 331
2965 4830 3285 4884 Parthorum
3320 4843 3437 4897 per-

1884 4923 2126 4975 turbatos
2155 4921 2503 4985 conspicatus
2535 4918 2772 4982 ordines,
2826 4935 2946 4973 cum
3000 4913 3229 4973 suis‘eos
3274 4917 3437 4969 ador-

1800 5006 1803 5011 ’
1885 5024 1972 5067 tus
2003 5024 2107 5066 est.
2135 5011 2287 5076 Quod
2320 5024 2351 5061 a
2381 5010 2720 5065 Muchemete
2744 5011 2859 5065 ﬁeri
2890 5011 3079 5062 videns
3134 5004 3438 5060 Usutnrha-

290 5099 369 5152 Ex
397 5098 620 5152 Albania
651 5099 926 5167 profectus
961 5101 1013 5155 in
1062 5098 1392 5162 Anatoliam,
1447 5100 1781 5154 Caramania:
1810 5106 1811 5109 “

1883 5121 2063 5169 sanes,
2091 5119 2285 5171 magno
2316 5102 2481 5155 animi
2508 5104 2704 5156 ardore
2727 5102 3054 5164 concitatus,
3087 5109 3142 5153 et
3194 5098 3307 5165 ipse
3340 5113 3437 5151 sua

1885 5216 1938 5268 in
1966 5197 2174 5251 Turcos
2197 5193 2348 5248 duxit
2374 5195 2609 5263 agmina.
2646 5192 2918 5246 Permistis
2965 5193 3216 5258 utrinque
3276 5191 3440 5244 tantis

1884 5280 2234 5352 exercitibus,
2254 5288 2578 5341 acerrimum
2611 5285 2851 5353 praelium
2894 5274 3253 5335 commissum
3289 5282 3389 5333 I'nit
3422 5298 3437 5334 :

1886 5399 2007 5438 cum
2032 5377 2386 5433 Muchemetis
2418 5377 2511 5430 ﬁlii
2542 5377 2655 5431 suis
2710 5388 2832 5427 cum
2895 5372 3071 5442 copiis
3116 5364 3437 5442 gravissime

1889 5475 2115 5529 Parthos
2138 5481 2407 5541 urgerent,
2434 5478 2489 5523 et
2539 5470 2590 5520 in
2650 5467 2818 5519 altero
2875 5480 3043 5519 cornu
3104 5464 3440 5519 Maclnnutes

1889 5571 2068 5631 hassa,
2094 5581 2217 5620 cum
2246 5566 2413 5618 Dante
2438 5564 2616 5623 bassa,
2649 5560 2911 5616 Anatolim
2962 5558 3301 5627 beglerbego,
3331 5565 3440 5609 tor-

1890 5661 2081 5717 mentis
2111 5656 2319 5713 bellicis
2351 5658 2560 5710 hostem
2593 5654 2940 5706 vehementer
2962 5649 3238 5719 attingeret.
3264 5646 3437 5701 Etiam

1897 5755 2319 5812 Usumchasanis
2342 5752 2431 5806 uni
2472 5752 2538 5804 de
2590 5750 2713 5803 ﬁliis
2761 5758 2921 5816 caput
2964 5753 3327 5814 amputatum,
3370 5755 3443 5795 .et

1902 5854 2114 5907 sultano
2147 5846 2465 5902 Muchcmeti
2493 5846 2731 5900 oblatum
2769 5847 2885 5900 fuit.
2913 5844 3046 5897 Cum
3074 5856 3200 5905 ergo
3256 5838 3441 5893 Parthi
