3970 6348
714 396 824 465 619

1943 394 2285 461 ANNALES
2312 396 2653 460 TURL‘ICI.
3791 388 3873 454 i390

720 515 904 577 rebus,
938 510 1143 565 Daudes
1180 518 1524 566 exauctorato
1558 510 1730 566 milite
1782 526 2031 566 reversus
2062 520 2145 565 est
2188 510 2250 563 ad
2282 518 2327 570 Α
2424 508 2691 578 Bajazites
2729 520 2975 577 magnam
3015 521 3205 561 rursus
3237 506 3463 560 militum
3521 521 3737 560 manum
3787 509 3876 560 col-

720 603 986 656 sultanum
1018 600 1330 671 Bajazitem,
1361 601 1453 671 qui
1489 611 1620 657 tunc
1665 602 1718 656 in
1768 604 1984 672 regione
2032 602 2253 657 Visena-

719 691 855 747 hiesi
881 692 1119 759 degebat.

786 780 941 836 Venit
973 780 1026 835 id
1068 780 1322 848 temporis
1361 779 1425 833 ad
1455 778 1737 848 Bajazitem
1790 779 1996 848 legatus
2033 794 2098 832 ex
2142 776 2253 831 Uu-

720 873 889 941 garia,
918 873 1000 925 vir
1022 871 1231 924 eximiae
1266 869 1562 937 dignitatis.
1595 870 1679 922 cui
1718 885 1907 923 nomen
1934 866 2255 943 laehosehi-

721 964 857 1015 eius.
892 961 940 1014 Is
962 960 1025 1013 ad
1058 961 1328 1014 sultannm
1361 960 1645 1021 adductus,
1676 968 1729 1015 et
1780 958 2104 1027 perbenigne
2155 958 2255 1010 fuit

723 1053 958 1105 auditus.
1023 1051 1279 1129 Expedita
1336 1049 1623 1119 legatione.
1686 1058 1886 1103 vestem
1940 1064 1968 1101 a
2022 1048 2255 1117 Bajnzite

723 1144 883 1202 dono.
907 1157 1003 1210 pro
1032 1156 1179 1195 more
1212 1142 1383 1209 gentis
1406 1142 1631 1208 accepit,
1691 1153 1744 1193 et
1770 1141 2067 1203 admoduut
2091 1142 2255 1195 hono-

724 1230 867 1283 rifice
894 1230 1221 1297 benigneque
1250 1227 1503 1282 dimissus
1531 1227 1649 1281 fuit.
1679 1227 1733 1280 ln
1757 1228 1948 1281 itinere
1978 1242 2124 1287 vero,
2147 1242 2253 1294 quo

722 1325 938 1373 domum
974 1320 1242 1373 rediturus
1295 1329 1433 1382 erat,
1496 1334 1616 1373 cum
1640 1319 1749 1388 jam
1775 1318 2100 1372 Semendria:
2124 1318 2255 1371 lines

724 1410 1006 1478 attigisset,
1056 1408 1271 1477 quidam
1332 1422 1496 1476 eques
1532 1407 1813 1470 Turcicus,
1852 1407 1934 1461 vir
1983 1407 2251 1472 militaris,

722 1502 1009 1553 cuinomen
1046 1498 1213 1552 Gases
1246 1496 1573 1565 Mustaphas,
1603 1507 1655 1551 et
1682 1498 1771 1566 qui
1807 1496 2079 1551 forte-tum
2116 1507 2250 1551 tem-

726 1588 869 1656 poris
902 1588 1017 1639 istic
1050 1595 1186 1649 erat,
1226 1601 1364 1654 equo
1392 1600 1712 1650 conscenso,
1764 1587 1993 1654 legatum
2039 1599 2255 1655 aggres-

723 1691 815 1727 sus
842 1684 944 1736 est,
968 1683 1018 1726 et
1044 1672 1263 1725 acinace
1313 1686 1410 1726 suo
1442 1683 1546 1725 tam
1587 1672 1816 1740 graviter
1849 1672 2166 1731 vulneravit,
2199 1679 2255 1723 ut

722 1764 1000 1817 confestim
1028 1763 1097 1816 ibi
1128 1774 1349 1815 mortem
1379 1771 1670 1830 oppeteret.
1701 1762 1757 1814 id
1791 1763 1862 1814 uti
1900 1762 2117 1823 faceret,
2145 1762 2255 1813 haec

725 1870 847 1910 cum
888 1856 1175 1922 impulerat
1222 1862 1407 1917 causa,
1448 1854 1588 1922 quod
1623 1870 1741 1906 cum
1793 1849 2084 1921 aliquando
2112 1852 2255 1921 lega-
2289 1843 2327 1900 Β

726 1956 810 2001 tus
844 1946 929 1999 ille
951 1944 1129 1998 Gasitn
1160 1943 1492 2010 Mustapham
1528 1960 1647 1997 cum
1668 1943 1829 1997 fratre
1863 1943 2131 2012 captivum
2159 1944 2252 1996 de-

725 2036 939 2099 tineri-4,
999 2035 1295 2103 Mustaphae
1330 2031 1545 2088 fratrem
1581 2050 1706 2088 veru
1763 2035 2144 2099 translixisset,
2178 2034 2279 2102 ip-.

724 2143 954 2195 sumque
979 2125 1317 2194 Mustapbam
1350 2127 1629 2192 coegisset,
1662 2134 1718 2178 ut
1742 2127 1841 2179 hoc
1876 2126 2035 2178 modo
2068 2137 2256 2178 trans-

724 2221 887 2272 ﬁxum
914 2231 1044 2269 veru
1108 2214 1325 2267 fratrem
1373 2230 1682 2283 germanum
1731 2221 1979 2268 assaret:
2014 2214 2257 2266 excussis

718 2306 896 2358 eidem
937 2304 1088 2357 Casus
1125 2302 1416 2371 Mustaplue
1478 2304 1691 2371 triginta
1731 2301 1942 2355 duobus
2007 2299 2257 2354 dentibus

724 2394 854 2447 suis.
896 2389 1006 2443 liae
1032 2404 1157 2461 ergo
1191 2389 1256 2442 de
1283 2405 1443 2443 causa
1475 2396 1738 2456 repertum
1789 2388 1857 2441 ibi
1913 2390 2140 2456 legatum
2171 2404 2257 2442 oc-

727 2480 874 2542 cidit,
931 2492 1234 2545 quanquam
1264 2486 1315 2528 et
1364 2476 1475 2544 ipse
1514 2474 1680 2527 Gases
1732 2475 2040 2543 Mustaphas
2072 2477 2254 2529 eodem

719 2572 839 2624 ioco
886 2569 1204 2624 Vulneribus
1261 2568 1537 2622 Confectus
1608 2568 1818 2620 vivendi
1883 2569 2039 2621 tinem
2112 2567 2255 2621 fecit.

724 2659 1045 2717 Acciderunt
1086 2660 1197 2713 hree
1253 2676 1393 2713 anno
1423 2661 1514 2713 89l
1556 2658 1702 2729 (Chr.
1733 2659 1912 2735 H87).

791 2754 1095 2808 Secundum
1125 2752 1238 2807 haec
1290 2750 1562 2819 profectus
1616 2766 1679 2803 ex
1718 2751 1960 2803 Anatolia
2013 2753 2259 2805 sultanus

722 2845 1006 2914 Bajazites,
1038 2842 1554 2909 Constantinopolim
1591 2842 1736 2894 venit
1768 2862 1780 2895 :
1823 2852 1875 2895 et
1916 2842 2097 2895 missis
2134 2843 2259 2895 hinc

722 2930 847 2989 inde
879 2948 972 3002 per
1001 2946 1189 2985 omnes
1223 2931 1524 2998 provincias
1554 2946 1677 2983 suas
1706 2931 1991 2997 mandatis,
2021 2946 2086 2983 ex
2120 2938 2260 2985 Aua-

723 3025 851 3079 tolia
876 3023 1241 3089 Romaniaque
1268 3035 1518 3088 magnum
1556 3020 1726 3091 coegit
1755 3023 2071 3084 exercitum,
2108 3036 2259 3073 eum-

723 3114 1002 3184 que°misit
1032 3127 1218 3166 versus
1248 3112 1497 3164 Arabiam
1534 3126 1547 3165 :
1579 3126 1790 3165 summo
1833 3112 2108 3179 copiarum
2141 3126 2257 3163 om-

722 3206 874 3260 nium
911 3204 1231 3268 imperatore
1290 3199 1585 3267 designato,
1628 3201 1709 3253 Ali
1767 3202 1921 3254 bassa
1981 3198 2254 3253 eunucho.

723 3295 776 3349 Is
804 3292 893 3348 ubi
927 3304 1046 3344 cum
1080 3290 1243 3341 milite
1277 3290 1605 3356 pervenisset
1634 3289 1700 3341 ad
1748 3291 2015 3343 civitatem
2045 3291 2263 3344 Adauo-

725 3394 867 3443 rum,
895 3393 1069 3433 arcem
1098 3376 1243 3430 urbis
1265 3375 1601 3438 instauravit,
1634 3375 1839 3437 reiecit,
1870 3378 2258 3430 communivit:

723 3480 779 3525 et
798 3464 918 3525 aliis
949 3469 1267 3539 quibusdam
1319 3465 1529 3535 oppidis
1584 3466 1779 3534 captis,
1811 3466 2055 3535 praesidia
2089 3468 2260 3536 impo-

726 3561 855 3623 suit,
906 3574 1045 3612 anno
1073 3558 1172 3611 895
1206 3558 1351 3624 (Chr.
1395 3555 1571 3623 1489).

798 3644 1008 3698 Interea
1036 3644 1158 3695 dum
1188 3642 1273 3695 his
1305 3644 1518 3695 arcibus
1546 3643 1872 3709 occupandis
1908 3651 1961 3695 et
1982 3643 2263 3697 exstruen-

728 3736 818 3791 dis
868 3733 1055 3787 intenti
1103 3740 1229 3786 sunt
1282 3730 1579 3798 Bajazitici,
1628 3733 1786 3784 etiam
1815 3746 1877 3783 ex
1914 3732 2076 3785 altera
2117 3742 2263 3798 parte

698 3853 701 3855 >
728 3822 983 3879 sultanini
1013 3822 1351 3890 expeditione
1382 3830 1651 3889 suscepta,
1687 3822 1737 3873 iu
1773 3822 1976 3873 hostem
2036 3820 2260 3889 profecti

728 3925 872 3969 sunt.
901 3914 1209 3983 Cougressis
1237 3912 1579 3990 esercitibus,
1604 3912 1893 3966 vehemens
1914 3913 2260 3965 commissum

726 4005 827 4059 fuit
862 4005 1125 4072 pralium.
1175 4004 1248 4055 Ac
1284 4006 1493 4056 tametsi
1518 4004 1913 4069 sultaninorum
1955 4004 2097 4058 acies
2130 4016 2264 4057 tau-

726 4098 847 4151 dem
870 4094 1056 4150 soluta:
1073 4093 1481 4161 dissiparentur,
1504 4075 1805 4147 nontamen
1834 4112 2025 4163 passus
2048 4105 2128 4150 est
2149 4097 2263 4150 Alis

727 4189 882 4243 bassa
908 4186 1131 4239 militem
1162 4199 1317 4238 suum
1339 4200 1366 4236 a
1401 4194 1547 4249 tergo
1568 4199 1660 4237 eos
1684 4184 1929 4266 persequi
1963 4206 1973 4239 :
2003 4190 2143 4254 quod
2176 4205 2266 4240 ve-

724 4291 953 4340 reretur,
988 4290 1051 4327 ne
1080 4274 1201 4328 belli
1234 4288 1291 4327 se
1319 4280 1653 4327 converteret
1692 4274 1806 4327 alea
1834 4294 1847 4327 :
1875 4276 2135 4345 simulque
2166 4292 2265 4344 pu-

726 4379 881 4431 taret,
920 4368 1049 4425 satis
1088 4380 1143 4418 se
1178 4374 1523 4423 consecutum
1564 4364 1765 4433 gloriae,
1800 4368 1891 4434 qui
1962 4377 2065 4420 tam
2092 4368 2263 4422 felici-

725 4466 809 4511 ter
844 4456 1065 4509 hostiles
1097 4454 1279 4522 cupias
1329 4455 1632 4521 disiecisset
1664 4472 1676 4507 :
1708 4456 2001 4510 cavendum
2033 4458 2262 4527 denique

726 4555 987 4607 censeret,
1024 4556 1089 4595 ne
1120 4541 1201 4594 sui
1238 4541 1403 4593 nimio
1438 4543 1617 4595 labore
1639 4544 2075 4614 defatigarentur.
2106 4546 2258 4601 ideo-

724 4649 829 4702 que
860 4631 1017 4686 motis
1049 4631 1171 4684 hinc
1202 4630 1415 4691 castris,
1446 4630 1662 4684 domum
1719 4632 1942 4687 militem
1987 4649 2146 4686 suum
2180 4651 2261 4691 re-

725 4723 895 4775 duxit.
926 4719 1209 4789 Postquam
1264 4734 1389 4773 vero
1420 4718 1693 4788 Bajazitici
1727 4720 2109 4791 discesserant,
2143 4722 2263 4775 Sul-

728 4811 895 4865 tanini
951 4814 1065 4865 suis
1098 4812 1274 4864 denuo
1346 4812 1605 4878 collectis,
1656 4812 1841 4866 Adaua
1890 4814 2231 4880 Tersumque

726 4890 967 4956 civitates
989 4902 1268 4957 obsidione
1295 4901 1579 4955 cinxerunt
1620 4914 1633 4955 :
1690 4904 1888 4971 quibus
1947 4918 2066 4958 cum
2101 4904 2262 4971 potiri

725 5008 831 5048 non
858 5000 1096 5061 possent,
1131 4993 1313 5059 cupias
1361 4993 1482 5046 inde
1511 5007 1637 5047 suas
1664 4993 2024 5048 abduxerunt.
2062 4995 2258 5049 Verum

728 5097 833 5136 non
868 5077 1034 5135 multo
1063 5089 1202 5150 post,
1232 5088 1617 5133 tormentorum
1642 5081 1932 5135 etaliarum
1962 5098 2141 5137 rerum
2165 5100 2262 5152 ap-

725 5157 911 5241 paratu
950 5173 1216 5235 instructi,
1250 5185 1437 5225 rursus
1478 5171 1649 5224 adorti
1686 5180 1812 5225 sunt
1844 5173 2047 5238 Adana,
2080 5187 2130 5229 et
2171 5192 2259 5230 ex-

726 5256 1009 5331 pugnatam
1038 5262 1185 5316 urbis
1212 5277 1388 5315 arcem
1417 5263 1719 5325 diruerunt,
1752 5272 1911 5331 atque
1941 5266 2011 5319 ita
2042 5258 2257 5321 domum

726 5352 922 5405 reversi
951 5358 1099 5413 sunt,
1136 5366 1275 5404 anno
1306 5351 1408 5404 893
1439 5352 1589 5420 (Chr.
1633 5352 1810 5422 H90).

791 5441 943 5495 Tunc
965 5450 1021 5495 et
1042 5441 1125 5494 die
1151 5444 1382 5507 quodam
1417 5441 1585 5505 Jovis,
1615 5444 1756 5497 circa
1785 5447 2084 5512 meridiem,
2117 5448 2257 5502 Cou-

718 5530 1063 5600 stantinOpoli
1089 5541 1228 5584 terra
1259 5539 1402 5583 mota
1426 5533 1657 5597 tremuit,
1677 5545 1728 5587 et
1750 5538 1915 5590 multa
1941 5548 2261 5593 corruerunt

717 5624 961 5681 nidificia.
1007 5621 1131 5676 Fuit
1191 5630 1243 5676 et
1306 5620 1489 5676 Prusae
1552 5632 1762 5678 tantum
1830 5630 2159 5699 incendium,
2204 5644 2258 5686 ut

720 5716 867 5770 urbis
922 5714 1168 5783 regiones
1216 5711 1285 5767 25
1316 5712 1745 5768 absumerentur.

2354 603 2500 669 legit.
2539 610 2589 655 et
2628 602 2681 653 in
2734 598 3039 653 Anatoliam
3098 597 3415 663 transmisit,
3470 598 3598 650 dato
3637 598 3715 651 eis
3763 598 3874 651 duce

2353 691 2673 745 lscbendere
2701 692 2856 758 bego.
2901 689 3177 745 Michaelis
3223 689 3329 741 lilio
3360 708 3373 741 :
3421 690 3510 742 cui
3544 690 3802 758 prmepit,
3830 700 3873 742 ut

2354 782 2594 836 Aladeuli
2627 782 2929 851 Dulgadiris
2970 782 3090 835 duci
3132 781 3327 834 bellum
3392 779 3638 833 inferret.
3674 779 3733 832 Hi
3776 797 3869 832 (lllli

2353 875 2505 927 ducis
2530 875 2660 926 ﬁnes
2690 872 2915 939 ingressi
2950 871 3197 932 fuissent,
3233 885 3412 923 rerum
3438 882 3671 923 suarum
3703 872 3870 926 sei-mi.

2365 970 2509 1014 tutos
2535 960 2756 1014 omnino
2777 975 2835 1013 se
2853 961 3131 1029 putabant.
3156 961 3232 1012 lbi
3262 970 3373 1011 tum
3400 974 3494 1013 eos
3520 973 3585 1011 ex
3612 959 3869 1025 improviso

2357 1053 2577 1104 adortus
2630 1050 2937 1111 Aladeules.
2991 1051 3202 1105 duobus
3258 1050 3596 1103 lschenderis
3626 1050 3741 1117 begi
3774 1049 3869 1099 filiis

2357 1141 2677 1206 interfectis”,
2710 1142 2881 1210 ipsum
2916 1142 3077 1195 etiam
3110 1139 3482 1194 lscbenderem
3516 1140 3700 1191 vivum
3739 1139 3868 1203 cepit.

2354 1240 2406 1285 et
2428 1232 2700 1286 Alcairum
2732 1232 2945 1285 sullano
2985 1232 3147 1285 misit.
3183 1230 3291 1284 liae
3317 1230 3467 1283 clade
3494 1239 3735 1297 accepta,
3760 1230 3873 1279 nihi-

2356 1320 2593 1374 lominus
2623 1320 2818 1389 insigni
2854 1319 3115 1389 Bajazites
3151 1317 3541 1387 magnificentia
3574 1318 3732 1371 trium
3761 1317 3870 1371 lilia.

2356 1424 2474 1463 rum
2536 1411 2751 1478 nuptias
2802 1410 3150 1463 celebravit:
3200 1425 3431 1478 quarum
3487 1425 3591 1462 una
3623 1410 3744 1461 data
3792 1408 3870 1461 fuit

2356 1512 2491 1550 uxor
2520 1495 2941 1569 Usumchasanis
2976 1498 3106 1563 filio,
3159 1497 3322 1550 altera
3354 1496 3570 1564 Usgulis
3601 1512 3631 1551 e
3670 1497 3772 1549 tilio
3798 1508 3867 1547 ne-

2354 1588 2485 1653 poti,
2508 1587 2662 1641 tertia
2689 1588 2891 1643 Daudis
2919 1590 3088 1644 bassm
3114 1588 3242 1642 filio.
3268 1586 3399 1641 Post
3422 1604 3514 1641 eas
3548 1591 3779 1655 nuptias.
3798 1588 3870 1639 de-

2302 1739 2308 1743 .
2356 1691 2463 1730 nuo
2491 1676 2681 1729 litteris
2711 1676 2835 1729 hinc
2862 1677 2983 1730 inde
3006 1677 3209 1737 missis.
3241 1678 3529 1729 convenire
3566 1676 3759 1728 milites
3783 1674 3873 1740 jus-

2354 1771 2425 1821 sit
2457 1769 2583 1835 :qui
2612 1766 2739 1820 dum
2787 1767 2840 1820 in
2868 1767 2981 1820 dies
3018 1768 3082 1819 ad
3113 1782 3233 1820 eum
3265 1766 3618 1831 conﬂuerent,
3656 1767 3785 1819 forte
3818 1768 3873 1815 ie-

2358 1866 2510 1925 gatus
2540 1859 2609 1911 ab
2664 1858 2964 1911 Alcairensi
2999 1859 3211 1912 sullano
3241 1862 3437 1913 missus
3471 1860 3712 1912 advenit.
3764 1858 3871 1910 Eum

2358 1945 2622 2014 Bajazites
2661 1943 2959 2001 inauditum
2986 1948 3147 2017 jussit
3180 1949 3485 2005 abscedere.

2427 2036 2539 2090 iloc
2567 2046 2810 2104 tempore
2838 2038 3335 2108 Constantinopoli,
3367 2042 3453 2096 die
3482 2044 3713 2109 quodam
3744 2040 3869 2102 solis,

2357 2128 2531 2194 primo
2571 2127 2831 2190 diluculo,
2873 2131 3051 2197 pluere
3103 2132 3243 2198 cepit
3276 2149 3289 2184 :
3327 2145 3619 2200 secutaque
3685 2133 3871 2189 tonitru.

2358 2223 2558 2267 tactum
2588 2215 2653 2268 de
2676 2216 2813 2269 caelo
2841 2219 3095 2286 templum
3126 2219 3287 2290 335
3322 2221 3442 2283 fuit,
3473 2222 3524 2274 in
3566 2218 3676 2291 ouo
3730 2223 3874 2291 pulvis

2356 2304 2745 2358 tormentarius
2790 2321 2980 2376 magna
3018 2324 3137 2363 cum
3198 2310 3326 2365 nitri
3378 2298 3533 2379 copia
3591 2312 3876 2367 reconditus

2354 2400 2490 2445 erat.
2526 2393 2635 2447 llac
2662 2394 2989 2451 inflammata
3039 2401 3283 2463 materia,
3347 2402 3602 2470 templum
3659 2404 3819 2473 ipsum
3855 2418 3876 2453 e

2356 2482 2705 2554 fundamento
2737 2482 3025 2555 disjectum
3061 2488 3183 2551 fuit,
3207 2500 3260 2544 et
3289 2491 3429 2559 ignis
3470 2492 3654 2545 urbem
3719 2510 3878 2562 perva-

2355 2585 2530 2641 gatus,
2568 2590 2673 2628 non
2707 2576 2933 2644 plurima
2964 2579 3219 2635 duntaxat
3245 2580 3487 2645 azdilicia,
3521 2597 3706 2636 verum
3739 2587 3874 2637 etiam

2356 2666 2594 2731 quinque
2632 2666 2908 2720 hominum
2954 2669 3145 2731 millia.
3176 2672 3411 2739 cujusvis
3462 2674 3630 2728 aetatis
3662 2684 3715 2730 et
3741 2690 3875 2729 sexus

2357 2757 2677 2825 absumpsit.

2427 2849 2504 2902 Ab
2527 2851 2689 2903 altera
2714 2864 2865 2919 parte
2899 2854 3157 2907 sultanini
3192 2870 3381 2910 rursus
3407 2858 3747 2925 expeditione
3771 2872 3873 2909 sus-

2356 2947 2530 3005 cepta.
2577 2937 2879 2994 Larendam
2944 2954 3150 3011 captam
3187 2947 3557 3015 direptamque
3606 2948 3875 2999 succende-

2358 3038 2503 3093 runt,
2532 3040 2584 3083 et
2613 3034 2665 3084 in
2712 3033 2921 3087 cineres
2955 3037 3271 3104 redegerunt
3303 3078 3318 3102 ,
3358 3038 3591 3105 aliisque
3648 3049 3877 3106 praeterea

2360 3117 2603 3183 spoliatis
2660 3121 2871 3189 oppidis
2902 3138 2964 3177 ac
3002 3124 3157 3187 vicis,
3192 3124 3411 3177 domum
3466 3126 3693 3180 rediere.
3744 3127 3877 3180 Periit

2368 3206 2562 3260 ibidem
2596 3222 2647 3263 et
2679 3210 2907 3280 Jacupes
2937 3215 3123 3283 begus,
3150 3214 3570 3276 Usumchasanis
3610 3216 3766 3276 fiiius.
3799 3224 3878 3274 Ac-

2364 3298 2613 3352 ciderunt
2636 3311 2810 3355 autem
2844 3303 2957 3357 haec
2984 3320 3125 3358 anno
3154 3305 3277 3362 895.

2436 3386 2700 3457 Bajazites
2724 3390 2869 3445 hisce
2904 3393 2970 3446 de
3008 3373 3167 3448 rebus
3198 3397 3399 3451 certior
3430 3399 3619 3462 factus.
3641 3402 3879 3455 Cous-tan.

2366 3478 2586 3544 tinOpoli
2616 3478 2917 3545 discedens,
2954 3482 3333 3555 Gumulzinam
3369 3488 3523 3555 abiit,
3557 3505 3620 3544 ac
3663 3495 3880 3544 venando

2367 3576 2534 3621 semet
2576 3569 2881 3625 oblectavit.
2929 3572 3247 3627 Gumulzina
3305 3578 3511 3642 relicta,
3564 3578 3802 3649 Ypsalam
3832 3594 3879 3634 se

2367 3660 2614 3723 contulit,
2663 3662 2844 3728 ibique
2882 3666 3065 3727 paucis
3100 3666 3289 3720 diebus
3336 3671 3557 3735 exactis,
3604 3673 3881 3727 Constanti-

2373 3753 2605 3818 normlim
2645 3755 2824 3808 rediit.
2856 3753 3014 3808 Venit
3044 3755 3148 3809 huc
3178 3758 3242 3809 ad
3274 3772 3394 3810 eum
3430 3759 3633 3829 legatus
3656 3764 3783 3817 alter
3810 3764 3881 3815 Al-

2368 3842 2513 3895 cairo
2566 3843 2801 3896 missus:
2862 3860 3019 3911 quem
3069 3844 3471 3912 perhumaniter
3512 3863 3809 3920 exceptum,
3840 3864 3882 3903 et

2368 3932 2715 4000 amplissimis
2754 3936 3011 3989 donatum
3046 3938 3380 4003 muneribus,
3442 3940 3576 3996 bona
3606 3959 3727 3995 eum
3773 3957 3881 4011 pace

2368 4023 2590 4077 dimisit.
2620 4022 2798 4091 Neque
2830 4026 2996 4079 multo
3046 4038 3181 4095 post,
3214 4030 3371 4081 etiam
3406 4032 3521 4097 ipse
3570 4035 3835 4100 quemdam
3858 4047 3880 4083 e

2369 4114 2480 4166 suis
2522 4114 2790 4167 Alcairutn
2857 4117 3138 4182 ablegavit,
3210 4134 3350 4172 anno
3395 4121 3496 4174 896
3529 4123 3676 4189 (Chr.
3728 4121 3879 4187 NQI).

2370 4202 2501 4252 Cum
2533 4203 2574 4253 is
2603 4204 2808 4255 Sullani
2848 4202 3093 4273 Bajazitis
3122 4206 3322 4273 legatus
3352 4206 3622 4263 Alcairum
3650 4212 3879 4272 venisset,

2372 4305 2471 4357 pax
2511 4292 2648 4343 inter
2686 4307 2777 4344 eos
2805 4293 3009 4346 sancita
3044 4293 3140 4345 fuit
3173 4290 3268 4347 εει
3312 4297 3557 4353 sultanus
3589 4299 3882 4352 Alcaireusis

2370 4379 2592 4447 Bajaziti
2625 4380 2845 4435 Tersum
2878 4391 3038 4451 atque
3068 4383 3251 4437 Adaua
3274 4402 3395 4440 cum
3423 4389 3695 4458 Oppidulis
3721 4389 3881 4444 eodem

2370 4473 2757 4537 pertinentibus
2789 4476 3041 4527 restituit.
3212 4478 3219 4481 ““

2437 4561 2548 4615 Hoc
2588 4574 2828 4630 tempore
2864 4578 3077 4620 mortuo
3120 4566 3366 4635 Ungariai
3428 4587 3575 4639 rege,
3631 4586 3881 4627 successor

2364 4652 2481 4718 ejus
2528 4651 2758 4717 legatum
2816 4654 2881 4705 ad
2918 4656 3188 4710 sultanum
3216 4648 3515 4727 Bajuziteni
3543 4666 3705 4717 misit.
3739 4664 3881 4725 llujns

2366 4740 2629 4805 postulata
2657 4754 2777 4793 cum
2814 4743 3092 4809 audiisset,
3130 4762 3311 4814 paceni
3341 4749 3603 4816 Bajazites
3635 4768 3752 4805 cum
3798 4748 3882 4802 Uu-

2363 4844 2494 4898 garo
2525 4832 2668 4883 fecit.
2702 4832 2895 4886 Eodem
2924 4848 3065 4888 anno
3091 4852 3283 4893 ruesus
3307 4846 3494 4893 ex‘orto
3524 4844 3705 4896 Prusae
3727 4846 3882 4893 incen-

2364 4923 2474 4984 dio,
2505 4937 2694 4989 magna
2752 4938 2874 4991 pars
2905 4928 3073 4989 urbis,
3123 4943 3244 4981 cum
3286 4933 3527 4985 tabernis
3557 4945 3880 4986 mercatorum

2366 5014 2637 5080 plurimis,
2671 5018 3043 5083 conﬂagravit.
3079 5018 3222 5074 Misit
3252 5022 3412 5074 etiam
3448 5025 3691 5079 sultanus
3714 5021 3882 5077 Alcairi

2365 5104 2593 5169 legatum
2620 5122 2738 5157 cum
2770 5108 3103 5174 amplissimo
3132 5111 3389 5164 comitatu
3419 5114 3482 5165 ad
3508 5116 3772 5167 sultanum
3796 5114 3879 5164 lia-

2361 5193 2601 5260 jazitem.
2650 5195 2945 5249 Referenda
2985 5213 3112 5251 vero
3147 5210 3272 5253 sunt
3318 5203 3431 5256 haec
3483 5206 3549 5257 ad
3585 5200 3879 5258 anuuin897

2368 5282 2515 5349 (Chr.
2550 5284 2729 5349 1492;.

2438 5369 2740 5423 Secundum
2771 5373 2856 5427 illa
2893 5374 3146 5432 discessit
3174 5378 3641 5450 Constantinopoli
3700 5380 3877 5448 Bajazi-

2371 5468 2471 5521 tes,
2500 5470 2553 5513 et
2580 5460 3014 5545 Hadrianopolim
3052 5470 3349 5537 profectus,
3385 5482 3543 5526 extra
3592 5476 3767 5526 urbem
3810 5483 3880 5523 ca-

2368 5558 2478 5602 stra
2509 5560 2738 5605 metatus
2768 5563 2875 5615 est,
2910 5570 2973 5609 ac
3024 5554 3221 5609 ibidem
3256 5557 3319 5608 ad
3354 5559 3557 5625 aliquot
3582 5561 3695 5612 dies
3729 5555 3876 5611 basil.

2364 5636 2603 5702 Quodam
2653 5655 2778 5693 vero
2832 5643 2917 5697 die
2958 5645 3157 5698 vezires
3219 5660 3347 5699 suos
3378 5650 3666 5715 allocutus,
3712 5648 3879 5701 habere

2364 5743 2422 5780 se
2458 5728 2509 5781 in
2534 5729 2711 5784 animo
2739 5730 2869 5787 dixit
2888 5736 3277 5803 expeditionem
3304 5741 3594 5806 quamdam
3614 5738 3876 5795 difﬁcilem:
