3970 6348
143 440 239 504 ϐἳὶ

1383 426 1722 501 ANNALEs
1745 443 1843 501 TU
1858 440 2081 501 RCICI.

3227 431 3335 496 6'2?

143 548 430 616 gerendum
457 563 577 602 cum
607 544 836 615 Ungaris
862 549 1064 603 bellum
1094 550 1420 620 intelligens.
1448 552 1683 621 Ideoque
1712 552 1758 605 Α
1778 546 1969 613 jussis,
1994 550 2171 602 claves
2209 546 2359 601 urbis
2378 546 2597 625 vsultano
2625 530 2846 612 Bajaziti
2880 557 2975 611 per
3016 534 3112 599 eos
3168 557 3333 599 ontu-

142 639 342 692 coactis
376 640 640 699 universis
672 641 839 709 copiis
862 642 996 706 suis,
1017 640 1399 713 Hadrianopoli
1428 643 1685 709 Sophiam

141 730 414 799 profectus
441 740 543 786 est.
583 730 697 787 Non
749 740 928 788 tamen
987 734 1277 802 Ungarium
1338 735 1540 805 ingredi
1588 734 1689 789 fuit

141 836 325 886 ausus,
358 823 450 877 sed
479 823 738 879 Achmete
767 826 904 893 bego
935 843 1055 880 cum
1091 816 1259 883 milite
1286 820 1568 882 Anatolico
1592 827 1690 881 So~

140 912 277 979 phiae
309 913 465 981 jusso
497 905 814 978 subsistere,
850 901 1084 969 Dandem
1122 918 1335 973 bassam
1376 933 1496 971 cum
1539 928 1688 983 parte

141 1004 419 1073 copiarum
462 1005 745 1074 Usenpiam
779 1008 924 1059 misit
953 1026 965 1060 :
999 1009 1112 1076 ipse
1139 1023 1262 1062 cum
1292 1008 1479 1063 Jochia
1508 1008 1684 1071 bassa,

138 1106 190 1146 ct
220 1110 338 1147 cum
388 1096 555 1150 milite
584 1081 878 1158 Romaniae.
909 1096 1259 1153 Manastirum
1287 1099 1430 1153 abiit
1467 1116 1481 1152 :
1525 1111 1686 1166 atque

140 1188 263 1239 inde
295 1188 347 1239 in
383 1185 687 1252 Albaniam,
731 1170 993 1257 ducisque
1042 1188 1267 1243 Joannis
1324 1192 1594 1259 regionem
1629 1206 1687 1245 se

137 1276 388 1328 contulit.
420 1276 695 1345 Expedivit
722 1289 775 1332 et
823 1263 954 1332 mari
991 1294 1151 1333 naves
1179 1281 1464 1349 quasdam,
1499 1289 1556 1333 ut
1594 1280 1683 1333 Al—

136 1366 400 1419 banorum
436 1366 624 1421 itinera
655 1367 1139 1436 prtecluderentnr.
1175 1368 1297 1425 Haec
1338 1386 1458 1424 cum
1489 1370 1684 1424 Albani

132 1456 639 1525 animadverterent,
660 1459 726 1512 ad
758 1468 963 1513 montes
985 1474 1044 1513 se
1076 1456 1414 1529 receperunt,
1436 1469 1489 1514 et
1522 1461 1575 1514 in
1603 1461 1682 1513 eis

133 1548 207 1600 ita
242 1562 299 1600 se
328 1550 782 1615 communierunt,
850 1561 908 1604 ut
944 1565 1193 1619 magnum
1228 1551 1350 1606 inde
1374 1550 1567 1606 Turcis
1592 1552 1685 1605 dc-

130 1638 447 1693 trimentmn
484 1638 764 1702 inferrent.
815 1641 895 1694 Ad
944 1648 1246 1696 extremum
1283 1652 1457 1697 tamen
1499 1645 1681 1706 Turci,

128 1729 448 1782 conscensis
471 1728 599 1783 locis
626 1731 928 1792 altioribus,
964 1733 1017 1784 in
1048 1748 1141 1786 eos
1171 1733 1441 1788 irruerent
1478 1748 1493 1791 ε
1523 1744 1574 1790 et
1606 1737 1685 1789 vi-

130 1819 208 1871 ris
233 1818 553 1882 interfectis,
588 1821 839 1881 mulieres
867 1834 929 1875 ac
976 1836 1172 1887 pueros
1208 1823 1474 1878 adduxere
1508 1831 1681 1893 capti-

1798 640 1972 693 lerunt
2004 657 2016 693 :
2050 648 2207 705 atque
2236 638 2337 692 hoc
2370 638 2528 691 modo
2548 637 2733 690 urbem
2765 634 2931 702 ipsius
2955 638 3198 703 potestati
3219 653 3336 708 per-

1795 732 2009 794 misere,
2038 745 2180 783 anno
2227 728 2332 783 905
2368 729 2521 797 (Chr.
2557 726 2730 796 M99).

1863 821 2070 885 Potitus
2119 819 2415 881 Inebeehti,
2466 819 2771 886 praesidium
2802 819 2922 874 urbi
2958 828 3126 887 captat
3158 819 3334 888 impn-

1793 910 1897 966 snit
1934 927 1946 962 :
1977 920 2031 964 et
2056 908 2488 978 Hadrianopolim
2528 924 2799 971 reversus,
2837 909 3029 963 ibidem
3081 908 3331 963 hiberna-

1793 1004 1886 1057 vit.
1921 1003 2021 1058 Ubi
2081 1003 2189 1068 jam
2226 1013 2385 1057 testas
2443 1002 2771 1071 appetiisset,
2810 999 3013 1055 coactis
3060 999 3335 1055 Romanius

1792 1096 2157 1163 Anatoliteque
2211 1094 2558 1148 exercitibus.
2604 1096 2783 1145 denuo
2839 1090 3069 1144 Moream
3117 1092 3334 1153 invasit,

1795 1203 1983 1254 magna
2019 1187 2177 1239 etiam
2219 1186 2347 1238 mari
2388 1186 2557 1239 classe
2612 1184 2875 1254 ablegata,
2930 1182 3338 1250 Methonemque

1794 1280 2020 1332 tnilitum
2077 1294 2274 1332 corona
2340 1278 2713 1331 circumdedit.
2766 1278 2866 1343 Qui
2923 1276 3145 1331 erantin
3203 1276 3335 1329 urbe

1791 1354 1949 1436 335
1988 1364 2305 1428 Christiani,
2367 1367 2504 1420 adeo
2542 1382 2597 1420 se
2645 1365 2930 1420 defendere
2978 1376 3215 1431 strenue,
3254 1374 3336 1418 to-

1794 1461 1897 1512 tius
1931 1465 1987 1509 ut
2019 1456 2218 1521 mensis
2250 1457 2443 1523 spatio,
2479 1456 2610 1508 citra
2644 1455 3125 1516 intermissionem,
3166 1457 3336 1508 inter-

1790 1549 1880 1601 diu
1903 1555 2171 1615 noctuque
2205 1547 2757 1615 dimicaretur_,mnris
2787 1547 2915 1614 ipsis
2943 1555 3331 1601 tormentorum

1790 1639 1986 1706 impetu
2021 1637 2281 1705 disjectis.
2314 1636 2508 1691 Videns
2540 1648 2718 1690 autem
2766 1637 3047 1704 Bajazites,
3091 1638 3273 1692 urbem
3304 1653 3333 1689 a

1789 1730 2112 1785 Christianis
2142 1729 2466 1800 propugnari
2501 1738 2853 1795 :(gcommotus
2887 1729 2986 1791 ira,
3023 1730 3135 1782 suis
3183 1744 3331 1795 spem

1790 1822 1938 1875 urbis
1961 1820 2276 1890 diripienda:
2303 1819 2449 1882 fecit,
2478 1820 2739 1887 siquidem
2769 1819 2855 1872 illa
2881 1820 3199 1889 potirentur.
3226 1818 3335 1873 Hac

128 1924 253 1970 vos,
284 1924 607 1979 omnemque
641 1913 910 1981 regionem
944 1914 1086 1967 illam
1125 1915 1354 1972 ﬂarnniis
1380 1926 1679 1973 vastarunt,
1712 1918 1757 1976 Β
1785 1913 1984 1966 sultani
2019 1928 2147 1967 voce
2189 1912 2383 1965 milites
2413 1911 2617 1975 audita,
2671 1910 2903 1979 quodam
2938 1911 3046 1975 die,
3077 1926 3198 1965 cum
3220 1910 3331 1979 jam

128 1998 228 2054 llis
263 2002 423 2055 rebus
454 1990 637 2070 gestis,
689 2001 1043 2058 Manastirum
1100 2006 1367 2077 Bajazites
1406 2009 1586 2072 rediit,
1629 2026 1692 2065 ac

126 2092 324 2144 diebus
352 2091 554 2159 aliquot
577 2091 647 2145 ibi
677 2094 941 2149 substitit.
980 2082 1270 2152 Manastiro
1292 2115 1413 2153 cum
1444 2100 1691 2155 discede-

128 2192 235 2248 ret,
268 2184 484 2236 obvimn
521 2184 711 2241 habuit
742 2186 794 2238 in
823 2187 1015 2242 itinere
1064 2188 1365 2245 Dervisium
1402 2194 1686 2261 quemdam

123 2262 446 2339 Turcicnm,
474 2278 721 2344 gepeneci
752 2279 947 2333 lacinia
999 2289 1217 2335 tectum.
1256 2282 1302 2336 Is
1346 2293 1402 2337 et
1444 2286 1687 2349 auribus,

122 2375 181 2416 et
224 2358 389 2429 collo,
415 2375 467 2418 et
503 2366 740 2422 brachiis
776 2385 1045 2437 appensos
1092 2376 1322 2429 annulos
1373 2375 1574 2431 ferreos
1602 2392 1691 2446 ge'

120 2457 332 2537 stabat,
364 2469 414 2513 et
448 2460 657 2515 illorum
690 2474 889 2521 sectam
918 2467 1296 2535 profitebatur,
1334 2484 1469 2538 quos
1496 2450 1687 2539 Calen-

119 2547 287 2604 dcres
311 2550 468 2605 Turci
502 2563 715 2612 vocant.
742 2553 841 2609 Ubi
873 2558 1093 2625 propius
1128 2561 1189 2612 ad
1224 2562 1493 2614 sultanum
1536 2558 1690 2629 Baja-

134 2641 304 2692 zitem
402 2646 740 2710 accessisset,
810 2644 1082 2702 acinacem
1160 2667 1431 2720 gepeneco
1489 2663 1685 2707 tectum

132 2730 383 2797 strinxit,
410 2733 582 2801 ipsum
617 2735 903 2805 Bajazitetn
942 2740 1247 2796 invasurus.
1282 2743 1413 2796 Cum
1452 2745 1685 2797 timidio-

120 2833 215 2875 res
278 2820 495 2888 quidam
529 2838 558 2876 e
586 2826 795 2880 Zausiis
824 2828 897 2880 illi
940 2829 1005 2882 de
1028 2828 1109 2885 via
1151 2832 1415 2891 cederent.
1456 2834 1683 2886 liberum

117 2914 234 2981 jam
307 2914 511 2968 scilicet
567 2916 630 2969 ad
666 2916 954 2985 Bajazitcm
1010 2920 1240 2975 habebat
1302 2922 1524 2978 aditum.
1580 2924 1682 2976 Sed

121 3002 416 3058 lsehender
452 3004 626 3064 bassa.
663 3008 754 3073 qui
801 3023 1036 3075 praesens
1083 3011 1288 3075 aderat,
1316 3027 1377 3065 ea
1410 3014 1456 3065 vi
1495 3015 1681 3082 pusdi-

120 3095 411 3160 ganumin
444 3097 719 3151 hominem
775 3102 1059 3165 contorsit,
1100 3110 1159 3155 ut
1192 3102 1339 3156 humi
1370 3105 1680 3172 prolabere-

120 3192 232 3236 tur.
279 3183 409 3237 lnde
438 3196 765 3253 prostratum
802 3192 1053 3259 aggressi
1111 3178 1355 3259 quidam,
1414 3195 1483 3247 in.
1512 3195 1676 3249 frusta

118 3274 525 3330 dissecnerunt.
548 3276 785 3333 Tandem
806 3281 1071 3349 Bajazites
1093 3283 1531 3353 Hadrianopolim
1557 3302 1677 3354 per-

120 3366 291 3420 venit.
350 3369 671 3447 Acciderunt
713 3372 823 3425 haec
876 3390 1017 3441 anno
1057 3376 1158 3429 898
1213 3376 1359 3443 (Chr.
1400 3379 1571 3448 H95).

193 3458 427 3523 Quidam
472 3459 523 3513 id
564 3452 817 3531 temporis
857 3467 1161 3529 eunuchus,
1186 3468 1270 3519 cui
1298 3472 1489 3522 nomen
1516 3469 1697 3524 Jacu-r

118 3564 219 3616 pes
255 3550 403 3619 Aga,
429 3556 856 3606 commendatam
884 3555 1001 3607 fidei
1030 3571 1140 3610 suae
1176 3554 1523 3611 Bozinrnsem
1558 3576 1681 3628 pro-

116 3640 365 3695 vinciam
422 3644 852 3700 adn'iinistrabat.
891 3640 989 3699 Hic
1028 3648 1206 3701 missis
1255 3650 1376 3703 hinc
1421 3652 1682 3720 inleprr

121 3728 452 3785 Romaniam
475 3736 850 3800 praeconibus,
875 3739 1198 3807 proclamari
1226 3740 1388 3805 jussit
1419 3761 1431 3795 :
1476 3744 1682 3799 vellcsc

117 3834 253 3873 cum
285 3823 473 3875 suisin
514 3822 799 3893 Ungariam
838 3828 1061 3883 irruere.
1114 3830 1167 3882 Si
1210 3832 1297 3883 cui
1341 3847 1521 3885 secum
1564 3849 1685 3901 pro-

117 3908 297 3961 ticisci
322 3910 549 3973 luberet,
585 3923 645 3964 ut
691 3913 775 3964 illa
830 3916 1183 3983 impressione
1235 3933 1345 3970 rem
1387 3919 1602 3983 faceret,
1640 3920 1683 3972 is

117 3999 198 4050 uti
226 4002 629 4066 quamprimum
657 4001 719 4054 ad
747 4019 803 4054 se
830 4006 1055 4057 veniret.
1093 4004 1203 4057 Hoc
1239 4006 1508 4059 intellecto
1542 4022 1672 4074 prte-

118 4090 312 4151 conio,
355 4087 713 4142 Acanziorum
765 4091 971 4160 aliquot
1015 4094 1178 4145 millia
1236 4110 1293 4148 se
1324 4110 1442 4146 cum
1486 4094 1685 4165 Jacnpe

116 4181 528 4249 conjttnxerunt
564 4198 578 4233 :
619 4182 710 4249 qui
763 4183 923 4236 tantis
944 4194 1135 4237 auctus
1163 4186 1352 4255 copiis,
1385 4185 1683 4255 Ungariam

117 4270 347 4322 invasit.
374 4269 463 4324 Eis
487 4273 723 4325 occurrit
756 4268 1054 4343 Ungaricus
1078 4274 1283 4339 Banus,
1303 4293 1422 4330 cum
1450 4278 1685 4345 quadra-

118 4361 277 4427 ginta
309 4362 546 4416 millibus
581 4363 880 4427 hominum,
917 4381 1218 4435 tnagnaque
1249 4369 1297 4421 vi
1344 4367 1535 4422 Turcis
1593 4371 1683 4423 ob-

118 4452 293 4504 stitit.
350 4451 593 4505 Tandem
636 4452 735 4521 ipsi
770 4454 1149 4510 dissentientes
1195 4459 1334 4513 inter
1364 4473 1421 4513 se
1463 4461 1684 4527 Ungari,

1792 2004 2281 2071 advesperasceret,
2314 2002 2783 2056 vehementissima
2820 2002 3004 2055 urbem
3060 2016 3337 2070 oppugna-

1793 2095 1934 2149 tione
1968 2082 2153 2148 adorti
2179 2100 2437 2163 cepcrunt
2472 2109 2486 2146 :
2522 2104 2818 2159 omnesque
2851 2100 3336 2160 mares,quotquot

1792 2187 2152 2249 adoleverunt,
2184 2186 2517 2248 occiderunt,
2548 2184 2858 2239 mulieribus
2904 2192 2955 2265 et
3006 2184 3187 2250 pueris
3243 2197 3335 2236 ca-

1792 2279 1917 2344 ptis.
1947 2277 2056 2331 Iioc
2077 2277 2235 2331 modo
2261 2278 2471 2332 redacta
2493 2277 2544 2329 in
2571 2284 2885 2345 potestatem
2909 2266 3181 2337 Methone,
3210 2288 3334 2342 pre-

1790 2382 1880 2433 ces
1910 2382 1938 2418 a
1972 2365 2160 2419 Turcis
2193 2367 2244 2419 in
2265 2381 2325 2419 ea
2359 2365 2507 2419 fuere
2537 2374 2830 2433 cmtceptte,
2851 2376 2964 2432 quae.
2994 2364 3079 2423 die
3108 2361 3333 2437 Veneris

1795 2457 1980 2511 haberi
2042 2457 2231 2511 solent.
2275 2456 2399 2510 lnde
2424 2454 2969 2527 Bajazitesﬁorone’n
3002 2457 3184 2523 copias
3228 2454 3330 2507 du-

1792 2549 1890 2610 xit,
1936 2543 2001 2601 ut
2025 2546 2168 2600 illam
2201 2562 2414 2615 quoque
2443 2547 2714 2601 civitatem
2745 2547 3039 2607 obsideret,
3075 2554 3128 2598 et
3174 2538 3353 2597 occu?

1790 2650 1959 2709 paret.
1998 2639 2101 2695 Sed
2125 2641 2296 2710 prima
2330 2641 2509 2694 statim
2552 2646 2731 2705 nocte.
2766 2646 3048 2707 postquam
3085 2633 3333 2689 Methone

1787 2734 2126 2795 discesserat,
2196 2739 2456 2786 venerunt
2501 2732 2553 2783 in
2625 2737 2803 2783 castra
2863 2727 3112 2797 Bajazitis
3158 2725 3332 2779 Coro-

1787 2838 2034 2877 nenses:
2097 2823 2428 2888 oblatisque,
2465 2820 2703 2873 clavibus
2766 2818 2935 2881 urbis,
3000 2816 3327 2872 deditionem

1784 2916 2053 2977 fecerunt,
2087 2930 2228 2968 anno
2250 2914 2351 2967 906
2381 2913 2532 2983 (Chr.
2564 2912 2739 2982 1500).
2821 2923 2832 2933 ‘

1857 3008 1988 3061 Dum
2019 3008 2099 3062 his
2123 3008 2345 3061 urbibus
2372 3006 2743 3075 expugnandis
2772 3008 3011 3062 intentus
3062 3019 3204 3062 esset
3231 3008 3333 3060 Ba-

1781 3100 1993 3168 jazites,
2018 3098 2203 3153 Veneti
2228 3100 2443 3152 auxiliis
2485 3098 2841 3163 Hispanorum
2870 3099 3187 3166 impetratis,
3212 3114 3327 3150 ma-

1786 3204 1886 3255 gna
1928 3190 2097 3245 classe
2119 3188 2403 3258 Mitylenen
2427 3191 2659 3257 aggressi
2682 3190 2909 3251 nuntiet
2934 3198 3324 3249 tormentorum

1788 3280 2097 3332 bellicorum
2129 3280 2199 3339 vi,
2221 3290 2403 3331 muros
2422 3275 2599 3346 oppidi
2629 3277 2694 3332 ad
2713 3278 3029 3346 quingentas
3055 3279 3209 3333 ulnas
3236 3296 3329 3336 us-

1786 3386 1890 3439 que
1918 3377 2342 3436 prostraverunt.
2388 3368 2767 3438 Mitylenenses
2820 3369 2887 3421 ab
2934 3369 3176 3424 hostibus
3226 3374 3327 3426 ob-

1786 3462 1943 3523 sessi,
1972 3460 2495 3529 Constantinopolim
2529 3452 2745 3525 misere,
2784 3463 2875 3532 qui
2934 3478 3087 3535 opem
3143 3479 3326 3530 posce-

1788 3561 1925 3603 rent.
1957 3550 2144 3618 ltaquc
2181 3542 2417 3606 collectis
2449 3553 2639 3605 subito“
2662 3554 2959 3607 classiariis
3006 3556 3197 3620 copiis,
3245 3555 3331 3607 in.

1785 3642 1955 3709 signis
1984 3642 2253 3695 exercitus
2298 3642 2500 3695 navalis
2549 3646 2840 3697 instructus
2886 3644 3003 3699 fuit.
3050 3645 3327 3714 Nnnquan

1786 3741 1911 3784 ante
1944 3735 2042 3785 hoc
2077 3743 2285 3801 tempus
2310 3732 2912 3801 Constantinopolitani,
2940 3736 3019 3788 vel
3051 3752 3128 3803 pet
3152 3740 3327 3794 unias.

1786 3824 1867 3876 vel
1895 3818 2110 3886 milites,
2139 3824 2216 3875 vel
2258 3824 2562 3876 classiarios
2600 3823 2845 3876 conferre
2889 3826 3056 3877 coacti
3097 3825 3326 3878 fuerant.

1789 3912 1888 3965 Sed
1908 3914 2165 3990 dungravi
2194 3923 2319 3966 tunc
2344 3923 2563 3982 urgente
2580 3916 2920 3976 necessitate,
2942 3930 3044 3993 non
3067 3917 3178 3969 hinc
3196 3918 3328 3969 dun-

1787 4011 1928 4054 taxat
1958 4006 2023 4055 ab
2052 4005 2129 4054 eis
2166 4012 2350 4056 exacta
2391 4004 2557 4065 fuere,
2620 4018 2805 4056 verum
2844 4004 3002 4057 etiam
3033 4023 3128 4060 usu
3178 4025 3324 4062 rece-

1789 4102 2049 4160 ptum,.ut
2088 4093 2338 4160 deinceps
2369 4110 2601 4163 quoque,
2654 4095 2812 4147 rebus
2844 4096 2913 4148 ita
2955 4100 3318 4164 poscentibus.

1788 4189 1972 4243 eadem
2002 4190 2067 4239 ab
2120 4190 2248 4255 ipsis
2286 4201 2622 4257 praestentur.
2655 4192 2790 4244 Ante
2827 4206 2985 4260 quam
3025 4194 3208 4266 classis
3239 4196 3323 4247 illa

1787 4272 2290 4349 Constantinopoli"
2329 4281 2562 4349 profecta
2590 4321 2603 4344 ,
2660 4278 2946 4349 Mitylenen
2999 4286 3327 4351 appulisset,

1784 4368 1893 4436 jam
1924 4368 2214 4422 Christiani
2243 4370 2415 4421 decies
2444 4380 2497 4422 et
2521 4371 2685 4422 octies
2717 4370 2968 4437 oppidum
2992 4373 3185 4436 adorti,
3221 4390 3326 4428 non

1789 4467 1967 4511 tamen
2020 4474 2323 4527 expugnare
2369 4470 2671 4526 patuerant.
2712 4461 2913 4529 Itaque,
2946 4480 3065 4519 cum
3119 4467 3325 4522 intelle-

119 4553 278 4610 terga
329 4540 646 4597 dederunt:
703 4555 1001 4612 captusque
1060 4546 1353 4601 Direnzilcs
1405 4548 1579 4602 Banus
1624 4564 1684 4604 ac
1720 4562 1759 4615 ι)
1788 4546 1994 4600 sissent
2043 4544 2261 4610 Veneti,
2312 4549 2495 4602 venire
2552 4550 3013 4620 Constantinopoli
3064 4555 3219 4608 talem
3265 4572 3331 4625 ac
3378 4579 3383 4581 Α

116 4627 365 4681 vinculis
390 4630 739 4695 constrictus,
770 4633 834 4684 ad
864 4632 1132 4685 sultanum
1156 4632 1449 4701 Bajazitem
1481 4637 1679 4691 missus

115 4719 245 4775 fuit.
292 4718 343 4772 Is
388 4722 461 4773 rei
500 4729 605 4772 tam
640 4722 778 4775 bene
820 4720 986 4789 gestai
1012 4725 1199 4776 nuntio
1256 4728 1478 4784 multum
1532 4727 1684 4781 exhi-

114 4813 356 4872 laratus,
381 4812 446 4864 ad
492 4820 701 4884 tempus
727 4812 942 4882 aliquod
958 4796 1431 4885 .Constantinopoli
1454 4818 1679 4884 quievit.

118 4901 441 4955 Evenerunt
474 4913 652 4956 autem
685 4903 797 4957 haec
817 4918 961 4957 anno
987 4904 1088 4957 899
1117 4904 1263 4972 (Chr.
1295 4906 1477 4974 1494).

187 4992 561 5060 Posteaquam
604 4994 882 5061 Bajazites,
922 5010 950 5048 a
1001 4996 1161 5049 rebus
1205 4998 1452 5065 gerendis
1512 4997 1682 5051 absti-

118 5084 331 5144 nendo,
356 5086 491 5137 satis
519 5085 607 5137 diu
636 5102 693 5139 se
724 5096 1021 5141 recreasset
1050 5105 1060 5138 :
1090 5087 1327 5141 collectis
1377 5088 1570 5141 iterum
1597 5105 1685 5140 ro-

119 5176 255 5241 piis,
312 5172 547 5225 lloream
594 5176 891 5244 ingressus,
931 5178 995 5231 ad
1043 5176 1361 5232 lnebcchtint
1434 5182 1683 5245 accessit,

118 5267 293 5319 etiam
318 5261 493 5316 classe
512 5263 799 5331 instructa,
819 5283 978 5337 quam
1004 5270 1191 5322 eodem
1214 5270 1481 5338 appellere
1500 5273 1687 5341 'jussit.

121 5358 219 5411 llis
238 5351 370 5411 cum
392 5352 574 5407 Italica
606 5356 801 5411 classis
825 5360 1174 5425 occurrisset,
1197 5359 1489 5416 commisso
1511 5366 1687 5418 navali

120 5446 347 5517 pralio,
381 5444 597 5496 tandem
634 5444 748 5500 Itali
785 5448 1009 5504 remisso
1032 5452 1295 5519 pugnandi
1333 5452 1544 5518 ardore,
1572 5455 1689 5511 dis-

121 5543 438 5594 cesserunt.
496 5532 679 5602 Itaque
714 5538 955 5593 videntes
987 5540 1307 5606 lnebechtii,
1337 5557 1393 5597 se
1417 5553 1559 5597 terra
1592 5563 1686 5614 pa-

125 5633 284 5691 riter,
332 5637 386 5679 et
411 5626 547 5679 mari
598 5626 868 5695 obsessos,
905 5631 1218 5705 aliquandiu
1248 5633 1462 5701 quidem
1497 5649 1555 5690 se
1594 5638 1691 5691 de-

123 5724 359 5779 fendere
385 5718 645 5771 fortiter:
692 5720 782 5791 sed
838 5722 1234 5793 animadverso,
1279 5723 1411 5775 nihil
1460 5720 1688 5793 amplius

122 5818 244 5879 opis
276 5827 347 5869 ac
398 5804 632 5876 praesidii
699 5805 808 5863 sibi
830 5811 1114 5875 reliquum,
1152 5798 1471 5891 primatibus
1502 5819 1676 5875 carcdi

1785 4646 1986 4690 tantam
2017 4649 2200 4692 contra
2247 4654 2302 4693 se
2353 4641 2576 4695 classem
2629 4657 2643 4694 :
2710 4658 2870 4697 naves
2920 4661 3045 4697 suas
3080 4648 3325 4713 ingreSsi,

1786 4728 2105 4799 discessere.
2137 4728 2711 4797 ConstantinOpolitani
2744 4745 2870 4783 vero
2914 4730 3193 4799 Mitylenen
3235 4718 3330 4787 (ἱεὶς

1788 4797 1900 4881 lati,
1928 4836 2111 4873 muros
2152 4824 2217 4871 ah
2258 4822 2410 4873 hoste
2460 4822 2665 4873 dirutos
2703 4821 3025 4884 refecerunt,
3064 4832 3223 4891 atque
3254 4826 3325 4878 ita

1787 4909 2003 4961 domum
2062 4909 2257 4961 reversi
2317 4916 2461 4961 sunt.
2516 4908 2593 4961 Ad
2638 4918 2933 4962 extremum
2981 4925 3045 4963 eo
3102 4913 3326 4967 redacta-

1788 5000 2005 5051 fuerunt
2070 4997 2387 5051 Venetorum
2447 5014 2573 5061 res,
2627 4999 2701 5050 uti
2742 4999 3051 5052 muneribus
3096 5001 3330 5054 delenito

1792 5089 1987 5143 sultani
2037 5087 2286 5155 Bajazilis
2317 5090 2517 5153 animo,
2559 5084 2743 5159 pacein
2781 5105 2901 5142 cum
2950 5105 3015 5143 eo
3071 5090 3327 5154 facerent,

1787 5158 1929 5229 anno
1972 5174 2084 5228 .907
2115 5174 2265 5241 (Chr.
2294 5175 2471 5238 i50l).
2797 5162 2801 5166 ”
3168 5192 3173 5198 ‘

1865 5267 2129 5335 Bajazites
2159 5283 2189 5321 e
2231 5267 2410 5322 Morca
2444 5270 2965 5341 Constantinopolim
3027 5276 3322 5341 profectus,

1792 5362 1861 5413 ita
1910 5370 2075 5412 totum
2112 5373 2169 5412 se
2193 5346 2339 5412 dedit
2389 5363 2501 5414 otio
2528 5402 2543 5426 ,
2576 5361 2820 5429 pluribus
2873 5371 2930 5416 ιιι
2956 5365 3111 5418 anuis
3162 5382 3323 5435 espe-

1793 5452 2044 5506 ditionem
2071 5450 2227 5517 plane
2254 5452 2453 5503 nullam
2491 5453 2807 5522 susciperet.

1861 5548 2013 5594 Anno
2055 5538 2325 5607 915(Chr.
2350 5540 2649 5609 l509)bora
2672 5544 2907 5597 secunda
2944 5548 3116 5598 noctis
3149 5546 3330 5612 cujnu

1794 5634 1940 5694 dam,
1968 5630 2150 5682 martis
2177 5629 2315 5681 diem
2337 5644 2559 5697 secutae,
2581 5641 2721 5685 terra
2747 5632 3209 5700 Constantinopoli
3236 5650 3329 5697 us—

1794 5742 1898 5794 que
1916 5728 2045 5778 adeo
2076 5724 2274 5775 moveri
2310 5725 2472 5790 cepit,
2515 5733 2572 5778 ut
2596 5735 2769 5779 turres
2788 5725 2989 5793 aliquot
3012 5724 3327 5792 templorum

1796 5818 2145 5889 'l'urcicormn
2219 5816 2957 5885 corruerent,_ipsorumquc
3012 5814 3330 5884 templorum
