3970 6348
752 444 851 508 693

1974 428 2286 490 ΑΝΝΑῘΕξ

2389 427 2673 486 ‘llRCICl.
3819 424 3897 484 £23

753 548 1053 605 testudines
1081 546 1270 615 partim
1313 545 1474 599 rimas
1507 552 1748 611 agerent,
1774 540 1966 606 partim
2001 540 2147 592 humi
2171 539 2286 591 col-
2318 559 2359 611 Α
2390 537 2684 589 Anatoliam
2719 536 2868 604 petiit
2902 553 2915 596 ;
2950 545 3002 590 et
3033 536 3405 607 beglcrltegum
3432 537 3722 603 Anatolio,
3759 536 3897 593 Carae

754 639 1083 693 laberentur.
1108 634 1480 689 {Ediliciorum
1517 647 1643 685 vero
1695 633 2026 698 privatorum
2089 627 2279 680 camini

756 730 868 782 sive
903 726 1217 779 infumibula
1276 724 1477 792 dcjccta
1512 730 1656 783 sunt,
1722 729 1774 772 et
1803 718 2035 788 parietes
2086 717 2280 785 partim

756 819 1101 886 fissi.partim
1140 815 1412 881 prostrati.
1449 811 1631 864 Pinnte
1685 823 1958 863 murorum
2002 807 2150 862 urbis
2217 807 2282 860 ad

756 925 948 965 terram
983 910 1405 978 pra-cipitarunt,
1427 906 1646 973 ipsaque
1671 902 2010 957 mteuia'cum
2043 900 2279 951 turribus

757 1005 869 1058 suis
897 1001 1268 1057 conciderunt.
1309 996 1559 1049 Pluribus
1588 997 1815 1062 denique
1842 991 2106 1059 magnifici
2158 1005 2284 1057 ope-

756 1097 832 1147 ris
855 1093 1089 1146 aedificiis
1119 1086 1374 1157 usquead
1437 1086 1779 1138 formamenta
1823 1081 2044 1141 eversis,
2092 1088 2281 1145 magna

758 1186 1026 1237 hominum
1063 1180 1348 1233 multitudo
1379 1178 1478 1231 sub
1516 1177 1645 1245 ipsis
1667 1174 1926 1227 exstincta
1959 1172 2054 1223 fuit
2078 1170 2279 1222 ruderi-

754 1278 871 1329 bus.
899 1274 1015 1339 Quo
1035 1288 1091 1327 se
1114 1271 1408 1330 conferret,
1445 1275 1596 1320 norat
1622 1280 1795 1343 nemo.
1859 1266 2015 1319 Plebs
2072 1264 2277 1315 urbana

754 1368 865 1421 suis
927 1380 987 1417 ex
1055 1363 1256 1415 aedibus
1320 1360 1596 1425 migrans,
1662 1356 1852 1423 partim
1918 1353 1969 1404 in
2032 1353 2277 1418 plateas,

759 1458 947 1526 partim
1017 1456 1069 1507 in
1126 1467 1281 1505 areas
1333 1448 1548 1509 mdium,
1600 1448 1789 1513 partim
1852 1446 1902 1496 in
1972 1445 2153 1497 hortos
2230 1458 2284 1497 se

764 1546 1049 1615 recipiebat
1099 1559 1111 1594 :
1164 1557 1229 1596 ne
1280 1540 1484 1602 scilicet
1546 1554 1573 1589 a
1633 1532 2007 1589 t-orrueiitibus
2047 1534 2283 1587 :edificiis

763 1639 1206 1707 opprimerentur.
1251 1632 1460 1700 Quippe
1518 1640 1678 1683 totam
1727 1628 1867 1680 illam
1907 1638 2116 1679 noctem
2171 1626 2284 1692 pri-

760 1741 900 1779 mam
949 1734 1090 1777 terra
1130 1732 1357 1777 tremere
1398 1734 1501 1773 non
1546 1717 1717 1771 desiit.
1741 1715 1985 1783 Cumque
2032 1728 2283 1767 somnum

757 1815 928 1871 oculis
955 1830 1112 1868 nemo
1156 1812 1361 1865 videret
1413 1811 1564 1873 suis,
1619 1823 1804 1862 omnes
1838 1848 1852 1873 ,
1909 1817 1960 1859 et
2025 1806 2280 1870 numinis,

760 1903 1177 1961 etMahumetis
1234 1917 1385 1971 opem
1416 1903 1552 1956 votis
1613 1900 1846 1953 assiduis
1905 1897 2279 1966 implorabant.
2315 1879 2354 1931 Β

758 1996 937 2051 Terra:
973 2005 1147 2049 motus
1176 1994 1259 2048 hic
1289 1994 1517 2061 denique
1609 1990 1882 2045 continuis
1930 1989 2281 2057 quadraginta

757 2088 946 2142 diebus
979 2088 1029 2139 in
1059 2087 1218 2140 homs
1237 2084 1474 2152 singulas
1516 2083 1700 2135 sentiri
1732 2081 1923 2143 potuit.
1949 2083 2081 2131 (tum
2105 2088 2282 2131 autem

762 2184 1072 2246 remisisset,
1107 2180 1369 2243 expeditis
1401 2177 1662 2245 Bajazites
1694 2192 1787 2244 per
1814 2174 2116 2227 universam
2147 2173 2284 2225 Ana-

756 2273 936 2326 toliam
972 2268 1391 2335 Rounaniamque
1436 2266 1699 2318 mandatis
1745 2264 1858 2316 suis
1886 2302 1900 2324 ,
1939 2264 2012 2314 uti
2062 2261 2282 2313 sarcho-

758 2377 865 2425 res,
907 2362 1008 2414 hoc
1034 2369 1133 2421 est,
1166 2354 1480 2410 mercenarii
1508 2366 1559 2407 et
1583 2354 1798 2420 Opificcs
1827 2352 2282 2419 Constantinopo-

757 2452 848 2503 lim
886 2449 1246 2507 mitterentur,
1307 2445 1493 2499 edixit.
1539 2443 1925 2497 Confluxerunt
1966 2442 2029 2495 ad
2095 2442 2281 2495 urbem

756 2541 1053 2599 fabrorum,
1082 2547 1185 2589 tam
1208 2535 1691 2595 caemcntariorum,
1731 2548 1888 2601 quam
1914 2531 2282 2598 lignariorum,

756 2628 1115 2696 opificumque
1158 2624 1607 2676 mercenariornm
1659 2621 1720 2674 ad
1752 2620 2023 2687 octoginta
2076 2618 2284 2670 millia:

756 2718 949 2783 quibus
979 2716 1027 2766 id
1063 2715 1242 2766 datum
1283 2713 1506 2776 negotii,
1536 2720 1592 2764 ιιι
1622 2720 1844 2775 accepta
1875 2706 2140 2767 mercede,
2176 2708 2286 2757 col-

758 2810 904 2873 lapsa
967 2806 1116 2859 urhis
1166 2804 1387 2855 a'ditu'ia
1439 2803 1713 2854 reficerent
1756 2816 1816 2853 ac
1902 2800 2283 2851 instaurarent.

764 2896 1055 2953 Prmfectus
1088 2911 1115 2946 a
1143 2889 1375 2960 ltajazite
1428 2895 1527 2946 fuit
1556 2894 1815 2961 operariis
1868 2892 2014 2943 hisce
2057 2888 2287 2942 Jouuzes

758 3005 878 3059 aga,
932 2987 1299 3057 genizarorum
1354 2986 1599 3036 tribunus
1631 2986 1769 3064 :_qni
1810 2992 1862 3035 et
1901 2983 2188 3048 inspector,
2235 2986 2289 3030 et

756 3090 970 3135 (‘XﬂClOl'
1004 3092 1306 3147 operarum.
1332 3090 1537 3129 summa
1556 3089 1675 3127 cum
1729 3082 2006 3139 ροιρειτιιῡ,
2031 3087 2140 3125 SlllS
2164 3087 2285 3123 cum

2387 643 2569 693 gosam
2600 628 2808 682 bassam
2874 629 3094 685 adortus
3120 641 3219 687 est.
3242 633 3489 687 Occurrit
3526 633 3732 688 homini
3765 634 3897 686 ωηο

2382 733 2509 788 gosa
2538 733 2659 775 cum
2678 723 2914 775 exercitu
2948 723 3227 786 Anatoliae.
3251 726 3537 795 statimque
3560 726 3697 779 inito
3723 726 3896 795 praelia.

2384 812 2623 865 seditiosi
2645 814 2813 867 victos
2832 829 2886 867 se
2906 815 3180 878 simulare,
3207 832 3269 871 ac
3288 818 3473 885 pedem
3490 818 3735 871 nonnihil
3759 817 3895 871 refer-

2384 917 2462 955 re.
2484 901 2614 955 Tum
2643 918 2768 956 vero
2789 902 2949 958 Turci
2975 907 3200 961 desertis
3224 908 3503 962 ordinibus
3533 910 3670 969 suis,
3699 908 3895 961 hostium

2391 991 2772 1060 impedimenta
2809 993 3036 1062 diripere
3065 1006 3341 1062 ceperunt.
3364 994 3671 1051 Perduelles
3690 998 3831 1051 vero.
3856 994 3892 1045 in

2387 1090 2622 1149 tempore
2644 1074 2919 1137 conversis
2964 1086 3209 1149 habenis,
3241 1086 3521 1155 Caragosm
3557 1088 3741 1155 ropias
3786 1088 3891 1139 ree—

2384 1171 2578 1225 derunt
2607 1188 2618 1220 :
2646 1173 2925 1240 ipsumque
2972 1185 3179 1243 captum
3212 1178 3273 1235 ad
3299 1178 3631 1241 mctropolim
3665 1177 3892 1229 Anatoliaa

2384 1261 2637 1329 (Iutaigen
2681 1264 3033 1327 adduxerunt.
3074 1277 3125 1320 et
3163 1269 3416 1337 oppidum
3441 1270 3542 1321 sibi
3566 1269 3688 1323 dedi
3734 1275 3883 1336 postu-

2384 1352 2579 1404 larunt.
2615 1353 2664 1404 Id
2686 1367 2803 1405 eum
2835 1358 2901 1409 ab
2925 1358 3204 1425 oppidanis
3237 1361 3520 1425 impetrare
3552 1375 3655 1411 non
3684 1369 3889 1426 possent.

2386 1445 2637 1497 ineorum
2663 1458 2947 1515 conspectu
2980 1438 3300 1518 Caragosam
3336 1451 3545 1503 lmssam
3580 1451 3759 1503 vivum
3793 1451 3887 1517 pato

2385 1536 2723 1590 transfixere.
2750 1537 3051 1593 Secundum
3086 1543 3196 1594 hare,
3242 1540 3512 1608 profectus
3540 1540 3774 1595 Manissa
3800 1555 3892 1589 eum

2387 1625 2661 1694 Saugiacis
2712 1632 3034 1698 quibusdam
3083 1634 3333 1686 sultanus
3387 1634 3669 1703 (Iorcutes,
3731 1630 3893 1685 sultani

2385 1716 2637 1784 Bajazitis
2670 1720 2830 1785 filius,
2886 1723 3064 1790 copias
3091 1722 3141 1774 in
3198 1722 3482 1775 seditiosos
3538 1722 3702 1775 hosce
3753 1722 3893 1773 duxit.

2388 1808 2581 1860 Verum
2614 1824 2785 1865 caesus
2813 1823 2864 1866 et
2888 1813 2994 1881 ipse
3026 1829 3147 1875 cum,
3180 1814 3312 1875 suis,
3346 1813 3431 1865 vix
3465 1812 3588 1878 fuga
3619 1813 3773 1864 saluti
3796 1828 3895 1859 me

2384 1899 2571 1952 suluit.
2599 1899 2731 1953 llinc
2753 1902 2803 1954 in
2836 1904 2947 1957 dies
2978 1906 3150 1958 auctis
3178 1904 3403 1967 viribus,
3437 1902 3741 1957 Anatoliam
3796 1902 3893 1953 Sca-

2384 1990 2625 2046 cboeulis
2654 1994 2959 2048 universam
3014 2011 3191 2065 agerc.
3260 1995 3414 2059 ferre,
3470 1998 3743 2063 multaque
3782 1997 3892 2047 ιηιλ

2384 2084 2735 2136 committere.
2775 2083 2897 2139 Post
2925 2086 3084 2139 etiam
3126 2102 3438 2156 progressus
3475 2090 3722 2151 ulterius,
3773 2085 3894 2137 λιιιι-

2385 2188 2598 2227 ncnsem
2636 2174 2909 2229 ditionem‘
2946 2178 3155 2232 invasit.
3190 2178 3445 2233 Corcutes
3483 2178 3626 2245 fuga.
3665 2194 3759 2232 ceu
3808 2179 3893 2225 dii--

2385 2270 2491 2313 tum
2517 2271 2618 2327 est,
2644 2263 2882 2331 elapsus,
2930 2282 3140 2319 summa
3172 2268 3441 2322 celeritate
3464 2269 3604 2321 datis
3629 2268 3693 2319 ad
3715 2276 3888 2333 patrem

2384 2352 2592 2418 litteris,
2624 2368 2744 2406 eum
2772 2356 2835 2407 de
2871 2370 2929 2409 re
2945 2365 3049 2409 tota
3090 2360 3369 2412 certiorem
3391 2357 3533 2412 fecit.
3553 2356 3802 2425 Bajazites
3818 2370 3893 2407 ex-

2384 2446 2711 2500 canalescens
2736 2448 2994 2502 adversus
3020 2449 3224 2517 vezircs
3251 2464 3398 2511 suos,
3428 2463 3488 2500 ac
3510 2452 3799 2516 prmsern‘m
3820 2449 3896 2497 ait-

2387 2552 2573 2591 versus
2606 2538 2739 2589 Alim
2764 2538 3005 2601 bassam,’
3034 2538 3271 2593 et'ducis
3321 2539 3509 2599 filium,
3538 2539 3677 2607 quod
3711 2536 3830 2590 nihil
3852 2538 3899 2587 de

2387 2628 2486 2679 hoe
2508 2637 2652 2677 mqu
2675 2627 2772 2679 sibi
2800 2628 3191 2693 significassent
3219 2646 3231 2681 :
3259 2645 3376 2681 mox
3404 2630 3542 2681 Alim
3567 2631 3776 2683 bassam
3800 2643 3897 2681 cum

2386 2718 2615 2770 exercitu
2642 2717 2692 2769 in
2723 2719 3017 2771 Anatoliam
3038 2720 3320 2787 proficisci,
3361 2736 3422 2774 ac
3455 2723 3765 2777 seditionem
3787 2723 3900 2773 hanc

2386 2824 2744 2875 compescere,
2771 2804 3157 2877 perduellionis
3216 2816 3526 2870 auctoribus
3563 2817 3752 2881 capitis
3801 2827 3899 2880 sup-

2386 2898 2545 2966 plicio
2565 2898 2825 2969 multatis,
2858 2900 3018 2969 jussit
3051 2920 3064 2966 ;
3093 2903 3232 2971 quod
3263 2904 3363 2956 nisi
3401 2903 3634 2963 fecisset.
3693 2906 3898 2972 impera-

2388 2996 2564 3040 turum
2599 3004 2656 3042 se
2686 2991 2915 3045 minatus
2946 3001 3047 3053 est,
3080 3002 3134 3045 ut
3167 2995 3301 3046 cutis
3324 2995 3371 3046 ei
3417 3004 3526 3047 toto
3554 3007 3777 3064 corpore
3830 3002 3901 3047 de-

2388 3079 2706 3131 traheretur.
2744 3080 3077 3149 Quapropter
3106 3084 3235 3145 Alis,
3266 3084 3502 3139 adhibita
3532 3087 3759 3139 maxima
3793 3088 3893 3137 dili-

756 3165 1591 3237 genizarigessct.Interimipse,
1613 3165 1806 3230 quietis
1822 3163 2087 3231 capienda:
2104 3178 2284 3225 causa,
2318 3193 2361 3253 ο
2393 3171 2585 3235 gentia,
2616 3169 2669 3222 in
2701 3170 2998 3223 Anatoliam
3033 3188 3089 3226 se
3116 3174 3342 3227 contulit
3371 3193 3387 3229 :
3439 3192 3561 3230 cum
3596 3177 3842 3245 Bajazites
3863 3181 3899 3230 ei

760 3267 928 3314 semet
956 3256 1383 3324 HadrianOpolim
1406 3256 1669 3308 contulit.

810 3344 1015 3398 ‘Eratid
1049 3346 1299 3412 temporis
1322 3346 1373 3397 in
1407 3345 1677 3412 provincia
1696 3341 1942 3397 Tekicnsi
1973 3343 2048 3394 vir
2071 3343 2286 3410 quidam

758 3437 1063 3504 primarius,
1098 3436 1181 3487 cui
1220 3434 1410 3487 nomen
1443 3437 1710 3488 Chasanes
1745 3435 1997 3490 Chelifes.
2029 3435 2076 3488 ls
2124 3436 2284 3487 filium

760 3526 1011 3590 habebat,
1044 3525 1132 3591 qui
1186 3522 1529 3576 Scachorulis
1565 3526 1862 3592 appellatus
1912 3525 2026 3584 fuit,
2087 3536 2137 3577 et
2166 3527 2289 3579 totis

756 3627 844 3667 sex
865 3613 945 3665 vel
962 3622 1156 3679 septem
1180 3611 1333 3665 annis
1353 3612 1418 3662 ita
1440 3611 1612 3672 latuit,
1637 3622 1690 3664 nt
1710 3628 1977 3679 nunquam
2002 3616 2252 3680 prodierit
2268 3632 2288 3667 ε

757 3718 860 3769 qua
890 3702 1101 3768 quidem
1134 3702 1198 3754 de
1254 3715 1413 3753 causa
1449 3700 1547 3751 fuit
1581 3700 1793 3755 habitus
1821 3718 1913 3767 pro
1938 3704 2047 3755 viro
2080 3714 2287 3759 sancto.

758 3792 1237 3867 EidenyBajazites
1261 3791 1548 3858 quotannis
1580 3800 1778 3859 septem
1816 3808 2095 3859 asprorum
2131 3796 2285 3847 millia

757 3882 979 3935 suamin
998 3882 1299 3948 speluncam
1332 3884 1535 3935 mittere
1561 3882 1782 3945 Solebat,
1825 3900 1944 3936 eum
1995 3884 2281 3953 ignoraret,

757 3985 875 4021 eum
902 3979 953 4021 et
978 3978 1133 4021 sectae
1161 3970 1396 4033 alterius,
1443 3982 1494 4024 ct
1529 3972 1752 4025 liiselcm
1784 3974 1991 4029 bassam
2023 3992 2160 4030 esse.
2192 3976 2285 4030 llic

755 4074 901 4127 ergo,
941 4074 1047 4126 quo
1077 4069 1309 4124 tempore
1341 4060 1795 4129 Constantinopoli
1819 4076 2032 4117 strenue
2077 4060 2285 4133 labora-

754 4150 906 4204 batur
935 4152 983 4202 in
1019 4150 1147 4203 urbe
1185 4149 1492 4211 reficiunda,
1542 4153 1653 4204 suis
1710 4155 1815 4206 illis
1874 4172 1902 4208 e
1961 4156 2177 4209 latebris
2235 4167 2287 4210 et

754 4243 995 4296 cavernis
1050 4242 1260 4294 tandem
1338 4240 1556 4309 prodiit,
1607 4251 1659 4294 et
1704 4244 1918 4310 adjutus
1952 4261 2109 4313 Opera
2165 4263 2287 4299 suo-

756 4348 873 4385 tum
926 4333 1277 4398 quorumdam
1327 4334 1664 4402 complicum,
1719 4336 1803 4388 die
1862 4337 2088 4403 quodam
2161 4340 2288 4391 solis

757 4424 938 4474 urbem
976 4424 1333 4475 Anzaliensem
1365 4424 1638 4491 ingressus
1659 4436 1739 4479 est
1770 4444 1782 4479 :
1818 4429 1957 4495 quod
1990 4444 2052 4482 eo
2077 4428 2285 4484 facilius

2394 3275 2496 3311 non
2533 3261 2773 3329 exiguam
2806 3272 3006 3328 partem
3047 3265 3203 3337 anlici
3224 3267 3303 3320 sui
3339 3269 3644 3333 comitatus.
3673 3280 3725 3325 et
3778 3270 3900 3341 geni.

2391 3368 2659 3417 zarorum,
2686 3354 3048 3421 adjunxiSSet:
3082 3358 3298 3426 filioque
3357 3370 3613 3428 praeterea
3648 3379 3765 3424 suo,
3816 3363 3902 3416 sul-

2390 3450 2516 3512 tano
2538 3442 2802 3506 Achmeti;
2831 3447 2983 3514 cujus
3016 3449 3241 3503 Amasiae
3286 3451 3437 3505 sedes
3468 3463 3566 3515 rat,
3602 3455 3900 3514 mandasset,

2391 3544 2448 3583 nt
2478 3535 2587 3586 suis
2614 3549 2731 3586 cum
2760 3536 2936 3602 ecpiis
2964 3537 3043 3588 Ali
3079 3539 3249 3593 bassae
3276 3541 3474 3594 auxilio
3504 3544 3729 3596 veniret.
3784 3544 3901 3596 Aeli-

2391 3632 2557 3675 mctes
2600 3623 2813 3703 Amasia
2843 3625 3135 3693 profectus,
3166 3632 3229 3681 ad
3260 3630 3394 3683 Alim
3424 3632 3633 3703 bassam
3657 3636 3901 3689 accessit:

2390 3715 2478 3780 qui
2516 3729 2636 3766 mox
2675 3715 2813 3768 inter
2877 3732 2935 3770 se
2969 3720 3398 3786 congressi,dios
3422 3724 3622 3791 aliquot
3640 3725 3902 3780 reficiundo

2392 3803 2544 3854 militi
2575 3804 2856 3868 dederunt,
2899 3805 3077 3873 deque
3098 3808 3232 3862 bello
3274 3813 3506 3879 gerendo
3531 3818 3899 3869 consultaruut.

2387 3890 2601 3947 Interea
2666 3910 2788 3949 vero
2845 3911 2964 3950 cum
3018 3900 3184 3967 copiis
3238 3901 3291 3953 in
3347 3903 3716 3960 Caramaniam
3775 3908 3903 3960 irruit

2389 3982 2858 4047 Scachoculis,cui
2889 3986 3221 4061 Garamanite
3264 3993 3441 4056 bassa,
3488 4011 3645 4063 quem
3702 3998 3901 4052 Cheidr-

2387 4090 2497 4127 rem
2532 4077 2740 4131 basaam
2770 4081 3048 4140 vocabant,
3075 4092 3125 4133 et
3151 4081 3442 4149 Sangiacus
3470 4087 3686 4152 quidam
3752 4090 3799 4140 in
3830 4102 3899 4137 ca-

2387 4162 2505 4214 dem
2536 4164 2835 4229 provin’cia,
2858 4166 3051 4219 Zindis
3096 4168 3341 4223 Kcmales
3382 4171 3569 4241 hegus,
3596 4176 3798 4229 obviam
3831 4190 3901 4225 τε-

2392 4259 2629 4301 nerunt:
2685 4254 2986 4321 praelioque
3032 4257 3201 4309 Culim
3258 4258 3451 4323 adorti,
3481 4266 3602 4315 non
3644 4264 3899 4317 inferiores

2392 4338 2549 4391 modo
2584 4340 2881 4395 discessere
2912 4360 2927 4397 :
2959 4360 3143 4417 verum
3196 4349 3351 4405 etiam
3381 4351 3612 4419 utrique,
3644 4369 3738 4422 pro
3758 4370 3900 4411 more.

2380 4432 2590 4481 resecta
2628 4430 2779 4485 fuere
2835 4434 3030 4501 capita.
3058 4437 3309 4492 Seditiosi
3373 4439 3568 4497 deinde
3613 4444 3899 4499 Caramanit

755 4519 865 4563 tum
892 4512 1001 4561 fieri
1036 4511 1221 4576 potuit.
1262 4514 1384 4578 quia
1411 4515 1747 4567 commodum
1783 4519 1830 4568 id
1874 4518 2127 4584 temporis
2176 4519 2280 4573 illic
2316 4509 2355 4563 ι)
2389 4519 2589 4580 relicta.
2642 4538 2831 4578 versus
2869 4526 3143 4589 planitiem
3182 4529 3484 4587 Zibucciam
3512 4537 3899 4601 profectisnnt:

756 4602 1135 4655 anniversaria:
1181 4604 1429 4656 nundiuie
1470 4605 1898 4659 celebrabantur.
1957 4608 2139 4675 Itaque
2193 4625 2282 4663 ca-

758 4702 900 4755 ptam
935 4693 1203 4745 civitatetn
1239 4694 1479 4762 diripuit,
1512 4706 1561 4747 et
1593 4697 1809 4749 Gadium
1838 4697 1955 4763 ejus
1985 4700 2036 4751 in
2057 4710 2287 4767 quatuor

762 4781 926 4830 frusta
993 4780 1269 4843 dissecari,
1338 4796 1397 4833 ac
1449 4782 1558 4848 ipsa
1616 4782 1782 4834 frusta
1849 4783 2112 4835 distinctis
2161 4785 2286 4837 locis

759 4868 1007 4933 suspendi
1042 4870 1222 4934 jussit.
1286 4870 1412 4923 lude
1441 4871 1616 4924 missis
1646 4873 1694 4924 in
1757 4874 2059 4939 provincias
2110 4877 2287 4941 proxi-

762 4974 872 5007 tttns
899 4960 1212 5018 quihusdam
1247 4977 1355 5011 sum
1375 4972 1550 5022 sectw,
1571 4978 1889 5027 suarumque
1916 4964 2144 5029 partium
2198 4964 2289 5016 lto-

760 5049 1009 5124 minibus,
1044 5052 1353 5116 pret-lamari
1380 5056 1637 5121 pra-cepit
1696 5054 1973 5108 advenisse
2017 5055 2125 5122 jam
2156 5064 2288 5109 tem-

761 5157 878 5206 pus,
905 5140 1031 5204 ipsis
1054 5152 1432 5208 opportunum,
1458 5146 1643 5193 saltem
1664 5145 1919 5211 correptis
1936 5146 2121 5207 acinis,
2144 5145 2207 5198 ad
2233 5161 2290 5199 se

760 5239 1122 5295 properarent.
1163 5230 1429 5300 Qttntqnot
1464 5232 1622 5298 igitur
1656 5234 1792 5281 illam
1819 5228 2016 5283 sectam
2042 5234 2284 5300 amplec-

760 5319 1024 5377 tebantur,
1051 5329 1100 5370 et
1138 5321 1359 5371 antehae
1386 5336 1499 5370 eam
1527 5330 1732 5371 secreto
1766 5322 2023 5373 duntaxat
2048 5322 2286 5389 proflteri

757 5410 1099 5471 cogebantur,
1122 5413 1182 5461 ad
1204 5413 1339 5460 Imm-
1359 5426 1419 5461 eo
1438 5426 1659 5460 uittnern
1679 5409 2074 5475 confluxerunt,
2097 5422 2152 5465 ut
2172 5428 2290 5474 per-

758 5498 903 5549 brevi
942 5502 1112 5565 Spatio
1142 5501 1419 5567 temporis,
1469 5499 1742 5550 hominum
1784 5508 1845 5551 ad
1888 5501 2071 5554 decem
2128 5502 2289 5553 millia

2393 4614 2535 4677 quod
2567 4628 2684 4665 cum
2720 4617 2801 4667 Ali
2858 4616 3028 4672 bassae
3081 4614 3434 4689 significatum
3470 4625 3679 4692 fuisset,
3709 4644 3904 4696 magno.

2394 4714 2519 4765 pere
2547 4704 2884 4767 perturbatus
2913 4709 3092 4759 animo
3145 4710 3461 4780 :Qnisquis,
3494 4717 3591 4776 ait,
3636 4730 3719 4769 me
3759 4727 3899 4768 amat.

2395 4787 2592 4855 absque
2622 4806 2768 4843 mora
2797 4798 3121 4849 conscendat
3148 4813 3366 4865 equum,
3398 4804 3708 4873 primusque
3726 4809 3903 4861 caneris

2394 4876 2637 4939 exemplo
2675 4879 2917 4943 pnebito.
2949 4884 3258 4937 eorucendit
3310 4901 3506 4952 equum
3544 4904 3558 4941 :
3594 4900 3645 4942 et
3698 4891 3899 4943 τετράρ-

2396 4963 2596 5029 riornm
2631 4964 2681 5015 in
2716 4966 3191 5021 moremfcstiuato
3242 4969 3451 5030 itinere,
3508 4975 3804 5038 perduelles
3854 4976 3896 5022 in

2394 5066 2582 5121 campo
2654 5052 2910 5110 Zibnccio
2950 5060 3161 5111 tandem
3221 5072 3499 5116 assecutus
3540 5064 3901 5119 estusrachu-

2397 5144 2533 5194 rulis
2564 5154 2763 5207 autem,
2784 5146 3189 5200 Osmanicorum
3218 5151 3445 5206 adventu
3464 5157 3699 5221 cognito,
3729 5156 3896 5208 ibidem

2396 5231 2446 5283 in
2484 5232 2700 5298 planitie
2746 5244 2918 5286 castra
2955 5236 3093 5291 vallo
3124 5244 3494 5308 communivit,
3523 5247 3742 5299 camelis
3765 5247 3897 5297 etiam

2394 5321 2446 5371 in
2478 5321 2701 5374 circuitu
2726 5323 3004 5392 dispositis
3042 5346 3054 5381 :
3089 5338 3139 5382 et
3162 5346 3282 5383 cum
3312 5335 3495 5386 animo
3518 5351 3617 5388 suo
3649 5338 3895 5389 constitui

2401 5412 2501 5464 hoc
2530 5414 2643 5465 loco
2672 5414 2853 5469 .‘ilartis
2879 5419 3049 5472 aleam
3116 5424 3367 5490 experiri.
3423 5426 3682 5480 Praeterea
3710 5428 3900 5495 τιιιίιηςέ-

2402 5503 2521 5552 dam
2557 5512 2857 5558 castrorum
2889 5507 2940 5559 in
2973 5509 3124 5573 locis,
3156 5510 3256 5565 hoc
3281 5516 3437 5567 modo
3465 5517 3705 5572 munitis.
3749 5524 3895 5566 turre:

757 5603 934 5640 secum
966 5591 1015 5639 in
1044 5589 1201 5658 336
1229 5591 1675 5663 castrisbaheret.
1709 5589 1974 5644 Pru-terea
2000 5592 2301 5658 complures

757 5678 1039 5732 e'l‘eltiensi
1072 5682 1335 5745 provincia
1356 5695 1472 5732 eum
1492 5680 1603 5743 ipso
1618 5696 1673 5743 se
1692 5683 2098 5749 eonjnnxeruut.
2122 5682 2302 5749 Itaque

762 5768 891 5820 tales
922 5782 979 5821 ac
1008 5768 1302 5835 tantasjam
1339 5778 1654 5821 consecutus
1678 5772 1872 5836 copias.
1895 5772 2066 5823 Antali
2102 5771 2299 5835 relicta,

2404 5591 2656 5645 excitavit
2685 5610 2697 5643 :
2726 5596 2789 5649 de
2807 5597 3007 5664 quibus
3023 5598 3246 5664 suisese
3271 5600 3638 5665 defenderent,
3657 5604 3899 5655 ethosmm

2406 5681 2470 5733 ab
2502 5687 2901 5752 Oppugnatione
2926 5696 3226 5741 castrorum
3256 5705 3521 5748 arcerent.
3560 5692 3719 5743 Erant
3768 5688 3899 5755 igitur

2408 5771 2457 5823 bi
2476 5776 2682 5841 egregie
2707 5776 2769 5826 ad
2792 5776 3027 5843 prmlium
3051 5778 3340 5834 ineundum
3381 5782 3571 5849 parati.
3593 5780 3664 5835 Ex
3686 5780 3898 5831 adchEO.
