3970 6348
75 511 179 569 (2’)

1311 522 1647 584 ANNALES
1685 529 2009 593 TURCICI.

3134 535 3234 598 626

71 621 196 673 licet
223 622 332 672 Alis
358 624 511 677 bassa
550 640 732 677 secum
767 636 819 679 et
847 628 958 696 ipse
992 632 1156 683 multa
1192 632 1356 684 millia
1380 634 1607 687 militum
1643 640 1685 694 Α
1716 637 1768 688 in
1822 636 2421 693 Romaniamabiturus.
2450 643 2627 710 Itaque
2645 640 2773 695 Cofe
2795 640 3089 699 discedens.
3111 641 3235 693 Chi-

69 712 423 775 adduxisset,
476 722 651 769 tamen
701 718 823 785 quia
859 729 995 774 totos
1041 722 1155 776 dies
1199 726 1603 792 quatuordecitu

66 801 165 854 iilo
220 804 410 858 itinere
482 809 771 863 veredariis
803 827 967 880 prope
1014 816 1162 882 paria
1199 812 1424 877 fecerat,
1499 831 1605 869 non

66 893 217 946 viros
247 893 527 959 duntaxat,
560 900 649 952 sed
691 915 862 969 equos
885 902 1043 956 etiam
1087 904 1363 959 laboribus
1389 904 1593 959 exitau-

69 996 186 1035 sros
230 984 480 1040 habebat.
506 987 867 1047 Nihilominus
900 994 1051 1049 hoste
1083 1005 1372 1064 conspecto
1407 1015 1419 1051 :
1467 995 1606 1049 Tett-

67 1075 266 1126 damus
298 1076 348 1127 iu
382 1092 494 1143 eos,
518 1081 709 1148 inquit.
745 1082 846 1136 Sed
881 1094 997 1139 erat
1030 1087 1083 1139 in
1116 1088 1352 1146 exercitu
1384 1088 1604 1154 quidam

65 1162 412 1225 Cararmrses.
443 1171 911 1235 stipendiariorum
943 1176 1258 1243 prtefectus,
1313 1180 1450 1246 quos
1479 1176 1607 1232 Ulo-

68 1253 212 1307 fezio
251 1256 459 1322 dicunt,
496 1262 577 1314 vir
605 1263 679 1316 rei
734 1251 981 1322 militaris
1048 1268 1332 1337 insigniter
1380 1269 1601 1338 peritus.

68 1349 119 1399 is
152 1349 235 1402 Ali
268 1352 439 1406 bassm
499 1357 1137 1429 respondenstExspecta
1162 1362 1438 1427 'uonnibil,
1463 1366 1605 1425 ait,o

70 1440 436 1500 bassa,douec
461 1449 730 1502 exercitus
755 1449 841 1502 alii
870 1466 926 1503 se
949 1452 1223 1505 nobiscum
1244 1452 1596 1521 conjungant.

64 1530 208 1582 Fieri
290 1538 496 1603 nequit,
575 1549 629 1592 ut
714 1540 885 1596 hostis
971 1558 1001 1596 e
1089 1528 1339 1597 manibus
1406 1550 1605 1600 nostris

63 1623 331 1706 elabatur.
390 1626 469 1677 Ad
501 1644 664 1683 unum
748 1632 1029 1696 duntaxat,
1086 1632 1383 1689 alterumve
1443 1637 1602 1702 diem,

68 1714 314 1793 praelium
344 1715 522 1771 ditfer.
561 1718 732 1772 Etiam
762 1722 1087 1782 Bamasanis
1117 1725 1278 1790 ﬁlius,
1298 1727 1603 1781 Adauorum

66 1803 256 1869 begus,
302 1808 455 1861 nobis
485 1810 728 1865 subsidio
759 1814 921 1869 venit.
948 1813 1100 1879 Sine,
1136 1834 1339 1888 quaeso.
1392 1813 1619 1875 nostras

66 1892 136 1941 uti
168 1894 359 1961 copias
397 1898 625 1952 aliorum
659 1905 968 1959 accessione
1005 1907 1237 1975 majores
1267 1919 1320 1963 et
1344 1909 1607 1965 firmiores

61 1985 382 2040 efﬁciamus.
414 1989 526 2044 Alis
545 2001 722 2047 autem
748 1995 902 2049 bassa
925 1997 1157 2053 vicissim
1182 2017 1196 2052 :
1227 1998 1381 2066 Quis,
1410 2000 1606 2069 inquit,
1637 1970 1680 2026 Β

62 2086 141 2129 ρει
176 2077 291 2130 Alis
324 2078 501 2142 bassa,
532 2082 721 2146 qui3ve
784 2086 995 2139 tandem
1035 2088 1169 2142 alter
1219 2090 1327 2156 ille,
1359 2092 1514 2146 nobis
1553 2103 1610 2147 ut

63 2170 176 2232 ejus
212 2169 285 2221 sit
313 2173 709 2238 exspectandus
741 2170 999 2230 adventus
1039 2177 1061 2229 ?
1109 2177 1369 2245 Nimirum
1416 2181 1527 2235 Alis
1579 2197 1609 2236 e

65 2268 334 2325 potestate
366 2270 510 2313 totus
538 2263 762 2316 exierat.
798 2262 1025 2334 Ideoque
1059 2270 1205 2323 rabie
1240 2269 1472 2339 quadam
1519 2286 1610 2325 ac-

65 2358 153 2403 tus
192 2350 403 2404 hostem
438 2352 661 2405 invasit:
696 2368 803 2419 quo
858 2354 1081 2421 factum,
1110 2368 1166 2410 ut
1188 2375 1310 2413 acre
1341 2363 1607 2430 ,prtrlium

66 2440 524 2496 committeretur.
568 2440 641 2494 Eo
670 2446 849 2509 pra-lio
872 2447 1154 2522 .Chasanes
1184 2452 1445 2519 Cbelifes,
1483 2458 1611 2509 Sea-

64 2531 309 2585 rhoculis
330 2540 497 2600 pater,
521 2537 714 2605 sagitta
740 2539 1068 2605 vulneratus,
1090 2554 1144 2597 et
1183 2546 1340 2613 paulo
1365 2560 1481 2611 post
1514 2565 1608 2609 cx-

65 2624 302 2676 stinctus
320 2622 422 2675 fuit
455 2641 467 2673 :
495 2642 604 2694 quo
630 2624 862 2693 mortuo,
882 2634 1147 2687 tumultus
1164 2646 1324 2703 atque
1354 2640 1610 2707 strepitus

66 2714 257 2781 ingens
291 2716 464 2770 audiri
484 2720 624 2785 cepit
656 2721 706 2772 in
734 2724 923 2776 castris
947 2723 1344 2781 seditiosorum.
1367 2729 1618 2799 Quapro-~

64 2814 183 2872 pter
209 2806 328 2862 Alis
388 2808 567 2873 bassa,
591 2813 860 2867 concitato
890 2816 1195 2872 calcaribus
1227 2837 1386 2886 equo,
1410 2825 1611 2879 medios

64 2898 115 2949 in
140 2899 330 2953 hostes
350 2900 559 2956 delatus
584 2913 634 2957 et
662 2905 727 2958 ab
749 2907 826 2960 eis
851 2909 1064 2963 occisus
1088 2925 1189 2963 est.
1212 2911 1363 2975 Quod
1396 2919 1608 2981 quidem

66 2985 242 3050 ipsius
263 2990 560 3057 conspicati
588 2992 806 3059 milites,
834 3004 986 3064 terga
1004 2997 1216 3053 dedere.
1258 3002 1608 3057 Scachoculis

65 3079 165 3132 hac
198 3080 406 3147 potitus
467 3083 707 3147 victoria,
751 3101 941 3161 versus
996 3085 1275 3147 Parthicos
1312 3093 1443 3148 ﬁnes
1510 3096 1612 3149 iter

65 3173 287 3234 direxit,
351 3171 654 3229 Tebrisium
701 3179 1078 3245 profecturus;
1113 3197 1234 3235 cum
1296 3200 1459 3253 prope
1496 3187 1607 3255 jam

1708 727 1796 779 lim
1825 728 2087 796 navigavit
2114 747 2129 783 :
2164 731 2302 784 Chili
2333 731 2667 798 Beligradum
2697 732 2860 784 venit.
2894 732 3016 798 Ejus
3054 731 3125 783 rei
3159 730 3235 782 fa-

1704 830 1787 869 ma
1807 817 2315 887 Constantinopolim
2341 822 2402 873 ad
2418 821 2687 874 sultanum
2712 820 2997 888 Bajazitem
3018 821 3233 888 perlata,

1705 905 1926 959 Gadium
1958 908 2112 962 urbis
2148 908 2501 977 Sarigresem,
2531 919 2584 963 et
2642 910 2939 976 Seguancm
3002 910 3234 969 bassam,

1705 995 1906 1063 legatos
1926 998 1988 1051 ad
2017 997 2183 1052 ﬁlium
2209 1000 2373 1061 misit,
2405 1016 2631 1067 quorum
2660 1001 2970 1054 etconsiliis
3002 1008 3238 1053 uteretur

1704 1085 1946 1150 Selimes,
1971 1097 2026 1141 et
2055 1089 2273 1143 monitis
2305 1092 2679 1144 instrueretur.
2743 1090 2807 1143 ili
2842 1106 2959 1144 rum
2993 1089 3055 1141 ad
3107 1089 3238 1141 Seli-

1706 1193 1843 1231 mem
1873 1182 2255 1245 pervenissent,
2288 1190 2533 1234 auctores
2551 1182 2598 1234 ei
2623 1180 2853 1243 fuerunt,
2894 1181 2968 1233 uti
3000 1195 3152 1235 suam
3185 1181 3237 1231 in

1703 1268 1954 1322 ditionem
1984 1270 2178 1323 rediret
2204 1289 2217 1323 :
2255 1286 2318 1323 ne
2349 1271 2482 1325 forte
2507 1271 2759 1326 fratribus
2783 1273 2943 1325 etiam
3012 1273 3125 1325 suis
3151 1286 3239 1323 oc-

1706 1361 1974 1414 casionem
2010 1362 2289 1428 praeberet,
2327 1363 2629 1416 consimilia
2679 1364 2922 1430 quaedam
2977 1361 3247 1415 tentandi.‘

1706 1450 1789 1510 Ad
1813 1466 1873 1504 ea
1909 1452 2234 1520 respondens
2261 1452 2485 1509 Selimes
2514 1473 2529 1509 :
2554 1489 2562 1497 -
2583 1456 2770 1509 Annon
2826 1456 3130 1508 mandatum
3158 1451 3237 1505 di-

1708 1543 1906 1597 vinitus
1938 1553 2037 1607 est,
2068 1545 2262 1612 inquit,
2308 1546 2381 1599 uti
2410 1561 2539 1600 suos
2564 1528 2793 1615 quisque
2816 1557 3058 1615 parentes
3085 1546 3238 1598 tertio

1704 1630 1786 1687 vei
1807 1645 1995 1701 quarto
2011 1650 2382 1709 quoqueanno
2412 1637 2640 1690 invisat?
2674 1639 2781 1689 Hac
2812 1638 3054 1704 equidem
3075 1650 3237 1691 causa
3278 1679 3284 1683 .

1706 1738 1898 1787 motus,
1926 1724 2027 1777 iter
2062 1725 2163 1777 hoc
2195 1709 2467 1794 perficiam
2497 1745 2510 1790 ;
2544 1736 2595 1781 et
2612 1738 2759 1794 patre
2792 1727 3029 1788 visitato,
3064 1741 3237 1779 meam

1706 1817 1756 1868 in
1785 1815 2036 1869 ditionem
2069 1828 2328 1873 revertar.
2361 1820 2435 1870 Ad
2470 1834 2755 1881 summam,
2790 1819 2975 1872 abbor
2996 1820 3242 1872 instituto

1707 1908 1861 1977 legati
1903 1906 2152 1962 Selimem
2196 1908 2345 1963 nullo
2392 1892 2665 1963 dimovere
2715 1910 2876 1965 modo
2930 1892 3236 1978 potuerunt.

1710 2000 1939 2066 Ideoque
1974 2000 2260 2055 redeuntes
2294 2001 2355 2053 ad
2389 2000 2673 2068 Bajazitem
2724 2001 2817 2055 ﬁlii
2878 2013 3108 2054 mentem
3178 2016 3241 2054 ac

1708 2093 2023 2144 sententiam
2055 2092 2190 2157 patri
2245 2091 2635 2144 renuntiarunt.
2694 2090 2745 2145 Is
2801 2092 2974 2145 dvnuo
3042 2094 3242 2161 legatos

1709 2182 1839 2234 alios
1868 2180 1931 2233 ad
1956 2167 2207 2255 Selim‘em
2245 2183 2407 2246 misit,
2441 2197 2501 2234 ac
2541 2183 2646 2235 dici
2673 2183 2779 2234 ﬁlio
2804 2184 2986 2250 jussit,
3015 2182 3091 2234 ttti
3146 2179 3242 2234 Sc-

1710 2271 2001 2325 mendriam
2031 2289 2087 2326 se
2119 2256 2381 2342 reciperet
2418 2290 2429 2325 :
2463 2289 2619 2342 quem
2646 2273 2758 2341 ipse
2773 2268 3133 2339 sangiacatom
3166 2271 3238 2323 illi

1710 2364 2057 2417 attribuisset.
2099 2364 2321 2433 Negavit
2356 2363 2407 2417 id
2447 2379 2506 2417 se
2555 2364 2823 2418 facturum
2856 2363 3015 2429 lilius,
3067 2364 3253 2417 omnia

1709 2471 1884 2524 noque
1910 2470 1966 2507 se
1985 2463 2188 2523 patrem
2214 2457 2363 2525 prius
2400 2456 2668 2510 aditurum
2700 2456 2997 2529 respondit,
3016 2456 3242 2525 ejusque

1709 2561 1901 2599 manus
1931 2547 2319 2612 osculaturum,
2355 2556 2513 2616 atque
2544 2546 2616 2600 ita
2639 2545 2827 2600 deinde
2856 2546 3238 2601 discessurum.

1712 2636 2011 2691 Evenerunt
2032 2639 2141 2711 haec
2176 2654 2316 2692 anno
2333 2638 2458 2693 917.

1783 2729 2084 2783 Secundum
2129 2731 2214 2783 illa
2251 2732 2482 2801 perrexit
2516 2731 2567 2784 in
2623 2729 2814 2784 itinere
2858 2744 2955 2783 suo
3003 2729 3244 2783 sultanus

1713 2820 1959 2883 Selimes,
1993 2830 2043 2873 et
2080 2819 2515 2889 Hadrianopolim
2565 2821 2736 2891 petiit.
2798 2820 2926 2873 Inde
2972 2835 3092 2874 cum
3138 2834 3243 2871 non

1711 2910 1893 2975 procul
1919 2911 2154 2973 abesset,
2182 2910 2658 2978 relicta'Bajazites
2698 2907 3096 2978 Hadrianopoli,
3130 2922 3245 2961 ver-

1711 3015 1800 3051 sus
1828 2998 2351 3067 Constantinopolim
2384 3001 2536 3056 abiit.
2579 2995 2818 3057 Habebat
2845 3006 3019 3052 autem
3060 3012 3241 3053 secum

1710 3105 1897 3145 omnes
1928 3090 2140 3145 Vezires
2173 3109 2322 3158 suos,
2350 3104 2404 3147 et
2436 3096 2596 3163 begos
2630 3093 2925 3157 sangiacos,
2948 3100 2997 3144 et
3029 3091 3242 3144 milites.
3327 3141 3335 3152 ,

1712 3181 1915 3247 Quippe
1943 3183 2206 3235 mandatis
2238 3182 2523 3248 pubiicatis
2553 3180 2811 3245 ediXerat,
2850 3181 3152 3247 utiserum
3185 3195 3248 3232 co

66 3259 335 3315 Parthicis
357 3276 383 3313 a
416 3262 613 3320 ﬁnibus
642 3267 911 3328 abessent,
981 3271 1190 3325 obviam
1239 3275 1317 3329 eis
1349 3290 1609 3331 caram”:
1636 3288 1679 3349 ρ
1716 3274 2196 3339 proficiscerentur.
2233 3274 2346 3338 Qua
2381 3276 2446 3327 de
2484 3288 2643 3327 causa
2672 3285 2975 3327 commotus
3001 3260 3246 3334 Selimes,

70 3355 321 3418 quaedam
344 3355 506 3418 venit,
528 3368 708 3410 serum
738 3373 767 3410 e
785 3357 996 3414 Parthia
1022 3363 1217 3415 sericas
1241 3376 1289 3418 et
1312 3366 1442 3419 alias
1467 3385 1607 3422 mer-

67 3463 156 3501 ces
178 3449 403 3502 vehens.
429 3448 555 3503 Eam
579 3465 894 3505 raravanam
914 3455 1265 3511 St-acboeulis
1291 3461 1533 3525 diripuit.
1561 3471 1613 3524 rt,

64 3549 338 3609 quotquot
360 3542 499 3594 hanc
527 3542 921 3595 comitabantur
956 3547 1219 3607 homines.
1247 3549 1471 3602 inter-tiri
1492 3552 1610 3618 jus-

66 3632 139 3683 sit
168 3650 181 3684 :
219 3647 343 3684 cum
374 3633 668 3698 ignoraret,
700 3647 817 3687 esse
845 3648 972 3701 Opes
993 3635 1370 3692 illaslsmaelis
1394 3637 1607 3705 Scacbi,

67 3724 165 3776 hoc
196 3734 286 3778 est
310 3724 449 3791 regis
484 3722 829 3778 Parthorum.
857 3725 955 3781 Ubi
985 3725 1285 3782 Tebrisium
1319 3734 1609 3794 venissent,

18 3878 25 3883 ,
66 3814 275 3868 tribuni
310 3815 564 3877 militum,
604 3817 893 3885 canorique
920 3818 1177 3886 praafeCti,
1230 3820 1495 3876 Scachum
1543 3823 1614 3876 ls-

68 3906 288 3958 mailem
350 3905 603 3959 adierunt
637 3926 650 3959 :
680 3916 732 3961 et
789 3907 852 3961 ad
895 3911 1055 3976 pedes
1090 3894 1281 3978 ipsius
1324 3914 1610 3981 provoluti,

68 4000 333 4049 honorem
362 3997 409 4051 ei
472 4013 569 4066 pro
594 4012 740 4051 more
774 4002 1009 4067 gentium
1038 4002 1271 4067 illarum,
1298 3990 1615 4060 exhibuere.

68 4088 203 4142 Tum
245 4103 372 4141 vero
411 4086 655 4143 Srachus
680 4088 859 4144 lsmail
889 4109 900 4143 :
926 4092 1057 4157 Quis
1082 4101 1268 4147 auctor
1296 4096 1443 4148 vobis
1490 4097 1612 4163 fuit,

69 4182 272 4248 inquit,
312 4190 369 4233 ut
396 4180 651 4249 adoptivo
681 4181 819 4249 patri
846 4197 966 4236 meo
1000 4183 1184 4238 bsssas
1214 4195 1267 4238 et
1293 4186 1455 4254 begos
1484 4203 1615 4243 suos

65 4273 417 4335 orcitlerelis,
443 4273 670 4341 ejusque
726 4282 981 4341 praeterea
1041 4276 1285 4329 subditos
1333 4279 1495 4334 rebus
1552 4296 1613 4336 ac

67 4366 423 4419 taruitatibus
459 4365 575 4419 suis
603 4365 1078 4433 spoliaretisHllis
1137 4369 1621 4443 respondentibus,

65 4460 238 4512 idabs
269 4474 327 4511 se
386 4458 609 4521 factum,
644 4470 701 4513 ut
752 4460 967 4527 ipsimet
1014 4461 1213 4515 lsmaili
1269 4462 1476 4517 Scacbo
1507 4481 1615 4517 rem

67 4560 273 4611 gratim
306 4548 568 4612 facerent,
610 4560 661 4601 et
707 4550 957 4605 homines
987 4565 1014 4603 a
1048 4563 1188 4606 recta
1238 4556 1337 4607 fide
1390 4555 1613 4619 alienos,

1711 3374 1763 3417 et
1794 3366 2133 3419 c0nsiliarios
2200 3368 2328 3421 suns
2380 3366 2690 3433 appellans:
2742 3366 2984 3429 Nullum,
3051 3365 3245 3432 inquit.

1711 3457 1916 3511 hostem
1947 3458 2205 3512 habemus
2234 3457 2373 3509 inter
2406 3448 2837 3525 Hadrianopolim
2890 3465 2942 3508 et
2985 3456 3248 3509 Constan—

1714 3549 2007 3615 tinopolim.
2033 3549 2139 3600 (Zur
2166 3564 2290 3617 ergo
2308 3557 2380 3601 tot
2409 3562 2676 3613 proceres,
2695 3554 2745 3600 et
2773 3548 2927 3600 talem
2954 3562 3013 3599 ac
3037 3555 3241 3600 tantum

1663 3634 1667 3638 ’
1711 3634 2001 3687 exercitum
2024 3644 2169 3703 pater
2198 3634 2568 3688 secum‘dueit?
2596 3633 2920 3689 Hauddubie
2943 3636 3067 3687 nihil
3100 3635 3241 3689 aliud

1714 3726 1823 3777 haec
1856 3728 2199 3792 portendunt,
2233 3714 2388 3793 quam
2420 3726 2561 3795 quod
2590 3725 2808 3779 fratrem
2838 3741 3038 3788 meum,
3073 3725 3245 3779 suita-

1714 3833 1840 3869 num
1869 3818 2197 3879 Acbmetem,
2231 3833 2407 3870 rerum
2469 3818 2920 3889 administrationi
2984 3818 3255 3887 praeﬁcere

1714 3906 1930 3973 cogitat.
1964 3907 2193 3974 Ideoque
2215 3920 2422 3959 summa
2456 3921 2585 3960 usus
2623 3907 2913 3969 celeritate,
2966 3923 3080 3975 non,
3128 3923 3246 3974 pro-

1715 3998 1798 4049 cul
1828 4013 1855 4048 a
1891 3994 2275 4063 Zorlo-patrem
2310 4006 2590 4050 assecutus
2618 4005 2715 4051 est.
2773 3995 2847 4050 lbi
2905 4007 3015 4049 tum
3077 3984 3248 4063 copiis

1716 4088 1966 4155 utrinque
1993 4088 2458 4149 concurrentibus,
2493 4086 2556 4139 ad
2607 4086 2998 4140 dimicationem
3036 4094 3261 4138 ventmn'

1716 4180 1840 4233 fuit.
1873 4179 1998 4234 Erat
2027 4181 2075 4234 id
2112 4181 2370 4249 temporis
2407 4178 2673 4233 imbecilla
2726 4178 2989 4247 Bajazites
3049 4178 3253 4243 valetu-

1717 4271 1862 4333 dine,
1898 4287 2018 4325 cum
2042 4286 2140 4325 nec
2170 4271 2392 4340 pedibus
2444 4272 2519 4323 uti
2571 4286 2665 4323 nec
2716 4267 2956 4339 eqttitare
3027 4276 3251 4336 posset:

1716 4378 1885 4431 caque
1914 4366 1978 4414 de
2007 4376 2166 4415 causa
2198 4372 2360 4415 curru
2392 4362 2707 4423 vehebatur,
2733 4359 2817 4413 cui
2874 4358 3049 4411 velum
3080 4359 3250 4409 oblu-

1717 4465 1890 4517 xerat,
1928 4455 2160 4506 numinis
2206 4454 2439 4510 interim,
2463 4451 2877 4517 Mahumetisquc
2897 4447 3253 4509 suiauxiiiurn

1724 4547 2035 4613 implorans.
2062 4544 2194 4595 Cum
2223 4544 2513 4611 perexiguo
2551 4540 2803 4608 temporis
2824 4537 3120 4600 intervallo
3154 4553 3252 4603 pu-

69 4645 357 4699 lmrbaros,
388 4640 741 4700 facinorosos,
786 4642 851 4692 de
908 4640 1083 4693 medio
1108 4642 1355 4696 tollerent
1386 4687 1398 4707 ,
1432 4660 1620 4698 rursus
1653 4631 1695 4683 Ῑ)
1726 4648 1942 4704 gnatum
1980 4645 2119 4690 esset
2172 4637 2345 4688 \‘iCUIS
2404 4630 2653 4693 δειίιηοδι
2678 4630 2825 4684 omni
2887 4630 3135 4681 “leﬁmlro
3160 4644 3257 4682 δυο

69 4750 159 4788 t'OS
185 4733 532 4800 compellans
569 4731 807 4787 Scachus
829 4732 986 4803 337
1015 4732 1293 4789 Parthicus
1325 4753 1337 4786 :
1376 4737 1434 4791 Et
1494 4739 1619 4806 quid

69 4828 316 4889 tio-tem,
376 4824 624 4891 subjecit,
657 4838 922 4878 caravana
940 4824 1387 4893 culpmcommisit
1418 4829 1468 4879 in
1504 4843 1619 4890 vos,

70 4935 170 4986 qua
209 4915 436 4977 irritati,
471 4923 525 4968 et
561 4916 806 4970 homines
839 4917 1133 4979 Ot'CitlisliS,
1203 4930 1255 4971 et
1292 4934 1419 4985 opes
1480 4919 1623 4986 ipsas

71 4996 428 5077 diripuistis?
461 5007 537 5059 Ad
563 5022 680 5075 qua:
714 5008 785 5060 illi
819 5023 939 5060 cum
974 5010 1106 5061 nihil
1136 5009 1414 5070 haberent,
1473 5011 1616 5077 quod

72 5102 146 5149 sui
181 5098 457 5167 purgandi
492 5112 653 5151 causa
701 5098 753 5151 in
790 5098 1022 5151 medium
1077 5098 1330 5151 aﬂerreut
1364 5113 1377 5149 :
1407 5113 1620 5151 omnem

75 5194 214 5244 illam
259 5191 557 5242 colluvith
591 5192 867 5244 hominum
900 5192 968 5243 ita
1000 5190 1246 5243 distribui
1280 5190 1519 5243 Scacbus
1553 5189 1625 5241 1η-

76 5285 197 5336 wail
226 5282 421 5351 jussit,
455 5290 516 5334 ut
563 5282 757 5351 singuli
830 5283 1146 5336 Parthorum
1212 5297 1461 5351 proceres
1508 5283 1625 5351 ejus

78 5376 341 5428 mandato
370 5373 554 5442 viginti
580 5372 645 5426 ad
696 5388 754 5427 se
825 5375 1172 5441 reciperent:
1218 5382 1439 5427 exteros
1501 5389 1625 5425 vero

79 5466 387 5532 praefectos,
457 5473 618 5530 atque
656 5465 902 5517 tribunos
960 5467 1224 5533 ipsorum,
1277 5464 1625 5518 trucidandos

78 5558 320 5611 Carinis
348 5557 464 5610 suis
492 5554 708 5623 objeeit.
734 5553 886 5618 Quod
910 5570 1038 5608 sane
1072 5544 1193 5608 cuin
1246 5556 1449 5619 absque
1478 5570 1626 5606 mora

81 5650 249 5710 lieret,
327 5647 544 5715 dignam
604 5646 929 5700 facinoribus
1001 5645 1253 5699 admissis
1330 5645 1625 5698 mercedem

82 5742 269 5792 tulere.
316 5742 319 5743 7

154 5831 287 5881 Dum
326 5828 440 5879 haec
475 5828 527 5879 in
560 5828 681 5880 Asia
706 5835 1040 5896 gererentur.
1080 5826 1420 5878 Tarabosauc
1454 5814 1650 5892 βψω)

85 5930 196 5975 ctus
219 5922 474 5975 Sullanus
513 5917 759 5979 Selimes,
784 5919 999 5983 uatigio
1019 5916 1184 5971 Cofcn
1216 5917 1415 5978 appulit
1445 5933 1457 5977 ;
1485 5916 1628 5970 illinc

1727 4732 1927 4793 relicto,
1955 4729 2087 4798 fuga:
2115 4744 2172 4783 se
2207 4727 2356 4779 dedit
2385 4745 2397 4779 :
2434 4740 2495 4778 ac
2524 4724 2736 4776 tandem
2786 4722 3025 4789 pervenit
3073 4721 3123 4773 in
3181 4720 3257 4772 vi-

1724 4837 1845 4875 Cum
1878 4822 2183 4887 quemdam,
2210 4820 2372 4871 situm
2414 4818 2477 4868 ad
2511 4829 2678 4878 mare,
2713 4814 2855 4881 quod
2888 4812 3105 4880 Nigrum
3160 4827 3255 4863 vo-

1725 4924 1865 4966 rant.
1897 4913 1951 4964 Ei
1992 4912 2105 4963 vico
2133 4926 2327 4964 nomen
2353 4918 2429 4961 est
2461 4907 2650 4974 Midge.
2685 4903 2784 4958 ilic
2816 4919 3000 4956 navem
3049 4902 3255 4972 ingres-

1726 5020 1837 5061 sus.
1870 5003 2154 5056 tt-amnisso
2189 5002 2342 5064 mari,
2369 5000 2535 5053 Cofen
2572 5012 2626 5052 se
2662 4996 2907 5049 contulit.
2942 4994 3047 5048 Sed
3073 4996 3257 5049 eadem

1729 5096 1901 5147 hieme
1934 5108 2118 5146 ruzsus
2150 5093 2198 5144 iu
2221 5092 2533 5144 liomatriam
2559 5090 2842 5159 navigavit.
2865 5088 3091 5152 Quidam
3117 5089 3255 5138 enim

1727 5200 1973 5255 proceres
2003 5184 2162 5236 atdici
2194 5193 2372 5250 partes
2398 5184 2595 5235 sultani
2662 5182 2935 5233 Achmetis
2987 5179 3256 5236 fovebant,

1728 5281 1977 5332 nimirum
2000 5276 2112 5344 ipse
2135 5275 2566 5332 Cadilescherus.
2603 5282 2654 5325 et
2702 5269 3016 5333 Nisebanzis
3079 5267 3257 5327 bassa,

1726 5369 2017 5425 ctJouuzes
2048 5371 2223 5432 bassa,
2249 5367 2335 5433 qui
2364 5364 2668 5418 mumrribus
2693 5360 2919 5413 etiamin
2945 5360 3083 5409 hunc
3102 5356 3259 5407 {metu

1730 5461 1948 5525 paratis,
1985 5459 2180 5526 populo
2219 5462 2591 5524 persuaserant
2625 5451 2890 5503 sultanum
2949 5449 3257 5500 Achmetetu

1731 5550 1875 5602 brevi
1904 5550 2240 5610 adfuturum,
2268 5556 2318 5598 et
2343 5548 2458 5596 loco
2496 5544 2662 5611 patris
2689 5544 3102 5607 imperaturum.
3167 5536 3260 5590 llic

1730 5650 1904 5693 autem
1942 5648 2164 5691 conatus
2205 5650 2387 5690 eorum
2447 5649 2567 5687 cum
2617 5632 2879 5701 genituris
2920 5630 3261 5688 ittuotuissrl,

1665 5737 1669 5741 ’
1735 5742 1886 5785 nocte
1903 5731 2133 5799 quadam
2172 5730 2223 5782 in
2249 5729 2387 5782 aedes
2417 5730 2652 5796 ipsorqu
2683 5726 2969 5782 irruentes,
3002 5718 3260 5784 quidquid

1732 5825 1783 5878 in
1815 5824 1894 5877 eis
1932 5832 2198 5889 repertum
2224 5828 2385 5881 esset,
2449 5819 2800 5885 diripuerunt.
2857 5816 3038 5886 Itidem
3105 5825 3263 5860 ltOt‘ltt

1735 5914 1997 5967 Chasanis
2032 5905 2203 5965 bassze
2238 5912 2451 5965 domum
2478 5910 2731 5967 aggressi.
2760 5906 2895 5958 foede
2920 5900 3215 5960 spoliarunt
3248 5913 3261 5951 :
