3970 6348
681 498 783 557 027
1274 510 1277 515 ’
1915 520 2263 581 ANNALES
2314 524 2655 586 TURCICI.
3789 543 3881 603 628

679 610 920 693 adeoque
950 598 1266 671 séditionem
1289 621 1592 677 excitavere
1632 627 1938 684 maximam.
1984 632 2146 686 Erant
2173 634 2223 687 id
2255 639 2298 691 A
2327 636 2391 687 ab
2416 637 2493 691 eis
2527 638 2669 691 dicta
2700 637 2950 705 fuissent,
2983 644 3174 711 exiguo
3238 650 3495 716 temporis
3561 653 3741 720 spatio
3774 658 3878 707 sul-

592 747 598 755 .
681 706 939 769 temporis
979 707 1043 759 ad
1070 709 1253 760 urbem
1288 710 1481 764 sultani
1510 713 1785 772 Aehmetis
1813 720 1968 786 legati
1988 724 2080 790 'qui
2116 725 2231 779 fur-

679 796 774 846 tim
824 810 882 849 se
928 797 1246 859 subducere,
1299 802 1568 871 salutique
1624 820 1735 865 suae
1781 807 1900 881 fuga
1949 816 2233 870 consulere

676 886 847 939 coacti
876 885 1107 941 fuerunt.
1144 888 1449 945 Secundum
1488 895 1599 949 haec
1630 897 1834 965 legatos
1861 903 1925 955 ad
1955 904 2226 959 sultauum

680 978 933 1031 Selimen]
959 980 1155 1034 misere
1178 983 1899 1056 genizari,quinuntiarent,
1935 994 1997 1045 ad
2041 997 2224 1050 urbem

679 1069 834 1123 modo
864 1073 1072 1155 veniret
1102 1090 1116 1127 ε
1145 1090 1201 1129 se
1224 1078 1476 1133 nimirum
1500 1088 1553 1133 et
1574 1081 1899 1140 salutaturos
1926 1088 2095 1155 ipsum
2130 1091 2228 1144 im-

679 1169 1001 1227 peratorem,
1060 1148 1115 1218 et
1166 1168 1445 1237 agnituros
1490 1186 1588 1239 pro
1650 1173 1891 1233 domino.
1939 1181 2223 1239 Aclmietes

673 1250 834 1305 etiam
862 1254 1046 1308 eodem
1075 1260 1312 1327 tcnipore
1375 1264 1591 1331 propius
1625 1265 1692 1319 ad
1742 1269 1927 1323 urbem
1986 1288 2043 1326 se
2091 1291 2223 1329 con-

674 1341 819 1405 tulit,
851 1346 965 1398 suis
993 1361 1113 1399 cum
1145 1349 1318 1416 copiis
1348 1352 1413 1405 ad
1439 1353 1768 1423 lscodaram,
1788 1374 1819 1412 e
1846 1363 2060 1429 regione
2084 1365 2216 1419 Con-

672 1432 1070 1502 stantitmpolis,
1089 1450 1262 1494 castra
1284 1452 1542 1502 ructatus:
1570 1449 1853 1518 missisque
1883 1457 2018 1521 patri
2038 1458 2220 1511 multis

671 1538 959 1580 aureorum
990 1544 1330 1599 nummorum
1356 1537 1609 1599 millibus,
1642 1560 1749 1612 quo
1790 1559 2006 1601 venerat
2028 1549 2219 1603 itinere

670 1614 946 1678 discessit.
976 1618 1216 1690 Cumque
1256 1627 1556 1696 vectigalia,
1611 1635 1831 1699 tributa,
1890 1650 2218 1709 cretei-osque

673 1705 880 1763 fructus
909 1726 971 1763 ac
1005 1722 1295 1780 preventus
1324 1718 1555 1786 imperii,
1604 1739 1695 1792 per
1758 1727 2055 1783 Anatoliam
2114 1705 2217 1787 sibi

669 1799 996 1855 vindicasset
1021 1819 1040 1856 :
1064 1804 1324 1861 violenter
1347 1809 1464 1865 illas
1490 1815 1800 1880 provincias
1830 1820 2214 1878 administrare

668 1892 827 1956 cepit.
860 1893 934 1945 Ac
956 1895 1075 1949 licet
1106 1880 1351 1954 sultau’us
1378 1903 1538 1955 etiam
1575 1904 1834 1962 Corcutes
1850 1911 2038 1978 Oppida
2070 1930 2216 1982 quae-

2337 737 2491 781 tanus
2525 728 2788 795 Bajazites
2825 747 2882 787 re
2912 746 3034 786 cum
3070 736 3253 791 animo
3283 753 3380 792 suo
3438 742 3761 805 deliberata,
3793 760 3875 797 ca-

2333 818 2628 887 puterigit,
2661 831 2713 873 et
2752 819 2992 877 :Rerum
3045 827 3313 894 equidem,
3369 830 3566 899 inquit,
3615 849 3872 889 summam

2333 908 2443 961 lilio
2475 925 2613 975 meo,
2647 914 2862 967 sultano
2899 914 3080 969 Selimi
3120 919 3367 973 traditam
3426 927 3734 981 committo.
3760 926 3869 993 Qua

2335 1001 2584 1071 Bajazitis
2611 1008 2853 1061 oratione
2882 1010 3148 1075 geniaaris
3190 1014 3517 1076 renuntiata,
3582 1032 3705 1072 mox
3740 1035 3871 1073 una-

2329 1094 2501 1150 nimes
2524 1098 2588 1149 ad
2624 1099 2895 1153 sultnnum
2948 1100 3179 1158 Selimen
3227 1122 3284 1160 se
3334 1110 3699 1166 contulerunt.
3758 1112 3877 1169 Hac

2327 1194 2504 1239 autem
2538 1198 2685 1255 gesta
2721 1190 2935 1246 fuerunt
2968 1211 3112 1249 anno
3145 1197 3277 1251 1518
3302 1198 3449 1266 (Chr.
3487 1202 3667 1271 1512).

2366 1309 2368 1312 ν
2394 1277 2662 1336 Postridie
2693 1283 2939 1339 sultanus
2977 1286 3241 1355 Bajazites
3264 1290 3455 1361 cistas,
3487 1295 3687 1363 quibus
3714 1298 3870 1366 impe-

2325 1374 2509 1427 ratorii
2545 1373 2784 1429 thesauri
2812 1379 3254 1446 continebantur,
3289 1384 3505 1439 sultano
3539 1386 3723 1440 Selimi
3767 1389 3873 1443 filio

2323 1464 2472 1517 misit
2504 1481 2617 1529 :‘ac
2667 1467 2891 1533 vezires,
2938 1458 3267 1541 cmte'rosque
3332 1477 3542 1540 bassas,
3596 1479 3871 1534 dominum

2248 1604 2251 1607 .
2320 1558 2803 1615 snnm,sultanum
2841 1560 3094 1617 Selimetn
3152 1567 3301 1620 adire
3353 1568 3541 1637 jussit,
3609 1573 3770 1637 eique
3800 1573 3871 1628 si-

2320 1645 2573 1711 gniﬁcare
2610 1655 2981 1707 tantummodo
3004 1656 3125 1720 sibi,
3182 1659 3317 1723 patri
3375 1676 3497 1721 suo,
3557 1663 3873 1724 dilationem

2318 1736 2520 1788 dierum
2563 1738 2630 1792 50
2664 1744 3002 1807 eOnceleret,
3033 1748 3227 1814 quibus
3278 1751 3503 1814 exactis,
3533 1751 3873 1809 Dimotucum

2317 1826 2586 1891 abiturus,
2616 1841 2667 1882 et
2725 1833 2987 1903 reliquum
3036 1838 3231 1892 ibidem
3260 1843 3382 1896 vitae
3426 1846 3659 1910 spatium
3700 1859 3875 1905 trans-

2316 1913 2489 1970 iturus
2522 1928 2663 1971 esset
2695 1942 2705 1977 ς
2742 1921 2951 1975 interim
2974 1925 3202 1981 Selimes
3232 1932 3284 1982 in
3313 1930 3542 1996 hospitio
3564 1933 3874 1992 Genibaieo

668 1987 791 2036 dam
826 1986 1082 2044 Anatolii}:
1114 1990 1214 2044 sibi
1260 1992 1597 2061 subjerisset,
1641 2000 1872 2055 retinuere
1928 2011 2102 2057 tamen
2151 2022 2210 2060 ea
2245 1987 2282 2041 Β
2312 2019 2753 2063 commoraretur.
2793 2011 2914 2068 lla-c
2936 2030 3059 2069 cum
3089 2018 3162 2071 illi
3205 2020 3420 2073 sultano
3480 2022 3664 2077 Selimi
3694 2043 3859 2092 expo-

668 2093 774 2131 non
804 2080 1127 2147 potttit,cum
1158 2083 1531 2151 praefectorum
1566 2075 1763 2145 sultani
1796 2093 2072 2149 Achmelis
2102 2090 2213 2149 ma-

661 2169 809 2235 jm-es
847 2178 1029 2224 essent
1076 2175 1233 2226 vires.
1264 2174 1445 2242 Itaque
1504 2178 1790 2237 discedens
1854 2200 1915 2237 ex
1967 2186 2031 2239 iis
2081 2187 2212 2246 locis

662 2257 945 2323 ﬂorentes,
984 2269 1131 2320 trans
1161 2276 1307 2315 mare
1329 2262 1636 2335 Callipolim
1668 2272 1803 2326 abiit
1839 2291 1851 2325 :
1887 2289 1947 2327 ac
1997 2276 2210 2332 duobus

663 2345 925 2400 duntaxat
964 2364 1144 2404 secum
1176 2354 1422 2422 sumptis,
1481 2356 1997 2431 Constantinopolim
2066 2370 2209 2419 navi-

661 2441 829 2503 gavit.
854 2439 929 2493 Eo
959 2457 1078 2494 cum
1120 2447 1469 2512 pervenisset,
1496 2449 1747 2519 exiguum
1780 2455 2044 2520 quoddam
2069 2468 2204 2510 tem-

663 2531 807 2599 plum
837 2532 1107 2602 ingressus
1133 2546 1232 2599 est,
1271 2538 1411 2592 haud
1440 2544 1621 2609 procul
1653 2560 1679 2595 a
1736 2545 2015 2599 domicilio
2046 2550 2203 2617 geni-

663 2638 933 2680 zarornm.
965 2624 1075 2680 Hoc
1102 2627 1185 2681 ubi
1210 2616 1513 2683 nuntiatum
1569 2633 1798 2687 Sullano
1828 2616 2204 2703 Bajazitil'um-

663 2709 789 2780 set,
821 2718 979 2771 aliam
1029 2720 1077 2773 ei
1135 2722 1350 2775 domum
1397 2722 1451 2777 in
1491 2726 1647 2778 ~urbe
1700 2726 1863 2795 jussit
1918 2735 2201 2801 assignari,

660 2825 846 2872 quam,
875 2822 1117 2868 remotus
1154 2829 1181 2866 a
1215 2814 1514 2870 Genizaris‘
1557 2817 1902 2873 inhabitaret.
1956 2821 2011 2875 ln
2065 2825 2201 2877 hanc

662 2901 829 2975 igitur
861 2903 951 2956 ubi
989 2908 1419 2976 commigrasset,
1454 2908 1593 2963 bona
1649 2926 1772 2965 cum
1796 2915 1945 2966 venia
1999 2924 2213 2986 patrem

662 2990 794 3044 adiit
827 3008 840 3045 :
880 2992 1104 3062 ejusque
1145 3011 1359 3050 manum
1385 3000 1751 3064 exosculatus,
1801 3004 1852 3055 in
1906 3004 2198 3073 hospitium

658 3100 817 3139 suum
846 3086 1098 3141 reductus
1121 3088 1240 3142 fuit.
1275 3087 1502 3150 Zecmen
1528 3091 1579 3144 id
1610 3094 1885 3162 temporis,
1920 3110 2078 3164 quam
2104 3099 2200 3151 mi-

658 3193 840 3231 norem
878 3189 1091 3243 vocant,
1127 3182 1375 3237 sultanus
1410 3183 1637 3241 Selimes
1686 3188 1997 3241 advenerat.
2033 3189 2198 3245 Cum-

658 3286 763 3334 que
829 3272 1045 3338 propius
1116 3272 1633 3344 Constantinopolim
1691 3280 1990 3345 accederet,
2039 3291 2198 3350 atque

2317 2098 2557 2151 suissent
2594 2118 2607 2153 :
2645 2101 2940 2171 Quidquid,
2987 2108 3082 2171 ait,
3150 2113 3286 2177 patri
3349 2122 3403 2166 et
3461 2116 3636 2169 bassis
3695 2118 3871 2174 visum

2316 2185 2477 2242 fuerit
2512 2192 2795 2258 imperare,
2832 2209 3004 2250 ratum
3041 2210 3176 2257 est».
3225 2200 3332 2257 Res
3382 2205 3527 2258 enim
3581 2208 3761 2262 adhuc
3817 2212 3869 2265 in

2312 2277 2549 2345 ipsorum
2583 2297 2613 2348 p
2636 2294 2844 2338 itestate
2883 2299 3013 2341 sunt
3042 2299 3094 2341 et
3127 2291 3381 2346 arbitrio.
3421 2294 3690 2351 Postridie
3720 2299 3870 2358 illius

2317 2369 2423 2419 diei
2456 2381 2669 2435 patrem
2709 2375 2934 2429 Selimes
2965 2379 3118 2444 adiit,
3142 2382 3308 2449 eique
3344 2372 3558 2439 manum
3589 2390 3869 2447 osculatus

2306 2465 2407 2509 est.
2436 2457 2568 2511 Tum
2604 2477 2965 2533 \ernsnrgens
2987 2479 3133 2535 pater
3159 2486 3173 2523 ε
3206 2474 3432 2540 Accede,
3464 2475 3557 2540 fili,
3583 2479 3678 2539 ait,
3706 2492 3867 2550 atque

2307 2546 2408 2599 hoc
2440 2548 2559 2602 loco
2589 2552 2715 2606 sede
2750 2572 2764 2618 ;
2795 2571 3114 2612 cumrerum
3175 2561 3452 2632 dominus,
3506 2582 3593 2623 me
3648 2570 3864 2637 quidem

2306 2640 2575 2707 abdicato,
2620 2655 2671 2698 et
2710 2647 2999 2715 imperator
3028 2652 3200 2707 factus
3240 2656 3336 2711 sis.
3364 2659 3440 2711 Ad
3481 2675 3541 2712 ea
3597 2659 3862 2718 Selimes:

2306 2726 2522 2784 Minime
2557 2750 2701 2798 vero,
2733 2739 2798 2789 mi
2838 2750 3007 2807 pater.
3034 2744 3231 2809 inquit.
3290 2745 3423 2819 Nam
3477 2752 3726 2819 equidem
3765 2756 3860 2808 do-

2311 2821 2466 2882 mini‘,
2499 2825 2781 2895 patrisque
2834 2833 2935 2897 mei
2962 2830 3197 2890 famulus
3222 2852 3340 2890 sunt
3381 2858 3395 2893 :
3472 2855 3572 2894 nec
3632 2845 3862 2912 amplius

2303 2912 2596 2982 quidquam
2626 2917 2779 2984 petii,
2813 2935 2973 2999 quam
3002 2938 3059 2977 ut
3084 2926 3213 2979 mihi
3238 2926 3430 2982 faciem
3483 2941 3626 2984 tuam
3664 2934 3860 2987 intueri

2302 3019 2361 3057 ac
2390 3020 2607 3060 manum
2645 3009 2945 3065 deosculari
2973 3014 3174 3072 liceret.
3207 3018 3260 3071 Id
3285 3035 3406 3073 cum
3438 3022 3855 3091 impetraverim.

2301 3094 2436 3148 bona
2468 3112 2590 3151 cum
2625 3114 2753 3167 pace
2781 3110 2867 3155 tua
2897 3104 3048 3167 mihi,
3080 3105 3281 3163 famqu
3332 3121 3447 3174 tuo,
3508 3128 3652 3167 nunc
3708 3115 3860 3167 abire

2301 3186 2383 3243 fas
2435 3201 2571 3253 esto,
2604 3192 2751 3247 salva
2789 3195 2885 3249 tibi
2918 3199 3586 3257 rerumadministratione
3614 3219 3858 3274 prosper-

2308 3279 2460 3334 rima.
2493 3281 2753 3365 Sultanus
2784 3295 2962 3340 autem
2994 3286 3263 3361 Bajazites
3308 3291 3470 3355 :Fili,
3500 3295 3594 3357 ait,
3625 3305 3737 3348 toto
3770 3312 3860 3365 pe-

660 3362 870 3413 nhviam
897 3364 942 3417 ei
970 3364 1203 3431 prodiret
1236 3367 1485 3423 sultanns
1536 3371 1795 3426 Corcutes
1829 3371 2009 3438 frater,
2046 3373 2201 3439 equis
2230 3346 2274 3406 ο
2303 3381 2452 3426 ctore
2485 3373 2644 3441 atque
2688 3379 2867 3431 animo
2926 3378 3211 3447 imperium
3262 3383 3357 3437 tibi
3422 3385 3705 3453 resignavi.
3754 3385 3855 3441 Sed

656 3452 977 3517 insiduttes.
1001 3474 1190 3511 manus
1248 3460 1346 3513 sibi
1377 3471 1564 3516 mutuo
1592 3475 1969 3533 porrexerunt,
2000 3481 2060 3520 ac
2087 3484 2206 3536 per-

663 3560 905 3607 amanter
931 3550 1023 3603 int:
1046 3566 1070 3603 r
1095 3565 1153 3605 se
1180 3551 1427 3605 collocuti
1466 3564 1613 3608 sunt.
1646 3553 1979 3611 Ilincmbem
2004 3559 2206 3624 ingres-

655 3656 747 3694 sus
777 3640 1020 3704 Selimes,
1050 3644 1101 3696 in
1139 3654 1292 3713 prato
1332 3646 1621 3713 genibaxeo
1644 3650 1869 3701 tentoria
1890 3649 2022 3712 fixit,
2045 3650 2208 3719 333

657 3732 888 3797 florente
917 3748 1071 3787 suum
1112 3736 1162 3788 in
1201 3737 1497 3802 hospitium
1557 3742 1834 3796 redeunte.
1883 3741 2018 3795 Tum
2076 3760 2203 3799 vero

655 3829 960 3897 congregati
980 3828 1252 3894 Genizari,
1272 3833 1453 3885 decem
1481 3849 1544 3887 ex
1565 3835 1711 3886 omni
1737 3852 1951 3888 suorum
1979 3853 2204 3891 numero

654 3917 916 3988 delegere,
966 3936 1103 3990 quos
1132 3924 1196 3977 ad
1232 3923 1421 3979 bassas
1451 3926 1745 3995 ablegatos,
1790 3926 1969 3981 dicere
2019 3930 2203 3995 jusse-

653 4019 781 4068 runt
804 4027 817 4064 :
844 4026 1134 4079 agnoscere
1168 4030 1344 4086 seiprn
1373 4017 1594 4072 domino
1629 4034 1727 4071 suo
1754 4020 2026 4073 sultanum
2063 4022 2200 4074 Seli-

655 4108 816 4167 mem,
851 4102 1103 4172 Bajazitis
1135 4107 1473 4175 imperatoris
1505 4110 1690 4163 filium.
1729 4103 2037 4178 Bajazitem,
2074 4128 2202 4180 pro-

652 4206 769 4261 pter
798 4197 1072 4251 adversam
1099 4198 1476 4261 valetudinem,
1496 4200 1983 4255 etimbccillitatent
2010 4205 2198 4256 virium

651 4287 887 4356 nnnjam
924 4288 1155 4355 amplius
1184 4290 1247 4341 ad
1276 4290 1409 4345 bella
1457 4293 1688 4356 gerenda
1744 4296 1959 4371 prodire
2022 4309 2197 4361 posse.

649 4380 1013 4444 Quamobrem
1042 4381 1409 4447 significarent
1438 4382 1651 4437 sultano
1680 4382 1896 4452 Bzijaziti
1924 4384 2111 4451 bassar,
2144 4394 2201 4438 ut

649 4480 839 4535 sponte
894 4486 1045 4526 suam
1076 4488 1253 4527 rerum
1307 4476 1820 4529 administrationem
1882 4476 2061 4530 Selimi
2142 4477 2199 4528 ti-

652 4563 723 4616 lio
749 4563 997 4616 traderet.
1025 4562 1076 4618 Id
1110 4567 1208 4618 nisi
1240 4566 1407 4629 ﬁeret,
1450 4567 1501 4620 in
1534 4569 1678 4635 ipsos
1702 4582 1756 4621 se
1785 4569 2188 4631 animadversu-

2309 3479 2472 3518 unum
2504 3466 2603 3520 hoc
2633 3470 2876 3533 consulo,
2902 3487 2967 3523 ne
2998 3474 3311 3541 sanguinem
3337 3474 3612 3530 innoxium
3641 3479 3853 3544 fundas,

2308 3573 2405 3610 nec
2442 3556 3058 3630 itumeritnquemquam
3108 3565 3347 3618 occidas.
3381 3564 3479 3619 Cui
3518 3568 3681 3652 patris
3722 3583 3854 3622 con-

2306 3646 2429 3699 silio
2492 3662 2613 3700 cum
2664 3649 2890 3705 Selimes
2923 3668 2981 3705 se
3039 3653 3341 3721 pariturum
3398 3646 3749 3723 prouttisissct,
3798 3661 3852 3714 in

2306 3720 2517 3790 hortum
2548 3756 2747 3795 novum
2780 3742 2889 3796 sive
2925 3742 3263 3811 Genibaxen,
3296 3746 3361 3800 ad
3391 3750 3618 3803 tentoria
3666 3766 3762 3802 sua
3794 3768 3851 3805 se

2304 3829 2529 3895 recepit.
2562 3828 2857 3895 Postridie,
2888 3849 3100 3888 summo
3134 3837 3397 3903 diluculo,
3441 3856 3537 3908 pro
3599 3841 3851 3896 tribunali

2304 3918 2460 3983 strdit,
2494 3928 2547 3972 et
2579 3921 2827 3977 advocari
2888 3924 3271 3981 Genizarorum
3320 3945 3473 3997 agam
3520 3931 3713 4000 jussit;
3752 3932 3846 4000 qui

2303 4028 2425 4065 mox
2467 4014 2731 4070 universis
2767 4032 2885 4070 cum
2913 4017 3297 4075 Genizarorum
3336 4023 3510 4091 copiis
3556 4040 3726 4076 coram
3778 4037 3845 4075 eo

2302 4120 2359 4155 se
2387 4106 2554 4159 stetit.
2585 4104 2669 4159 Ibi
2702 4117 2813 4161 tum
2852 4111 3184 4178 compellatis
3245 4112 3395 4179 ipsis,
3428 4112 3652 4166 Selimes
3687 4114 3846 4166 inter.

2303 4211 2512 4263 rogare,
2550 4212 2676 4248 num
2707 4212 2765 4251 se
2793 4200 2981 4252 vellent
3034 4201 3309 4254 dominum
3359 4215 3406 4256 et
3472 4204 3842 4272 imperatorem

2304 4290 2652 4355 agnoscere?
2682 4290 2906 4346 Cunctis
2955 4296 3281 4348 unanimiter
3311 4297 3748 4362 acclamantibus,
3785 4297 3840 4350 id

2302 4383 2528 4433 omnino
2558 4399 2617 4437 se
2650 4385 2785 4437 velle
2827 4388 3025 4450 facere,
3057 4401 3179 4441 mox
3228 4388 3421 4441 iterum
3483 4390 3698 4445 Selimes
3743 4404 3840 4443 eos

2304 4473 2583 4543 appellans
2618 4494 2630 4528 :
2670 4475 2724 4529 Si
2755 4476 2898 4545 quis,
2957 4478 3054 4542 ait,
3112 4480 3251 4532 inter
3296 4495 3393 4534 vos
3426 4481 3626 4550 aliquid
3672 4482 3840 4551 culpa

2302 4567 2657 4627 commiserit.
2692 4584 2758 4620 an
2800 4584 2893 4637 per
2924 4586 3016 4625 vos
3054 4571 3185 4624 mihi
3214 4572 3415 4636 licebit,
3468 4583 3523 4627 ut
3570 4574 3704 4627 illum
3733 4588 3835 4641 pu-

652 4672 745 4710 ros
777 4674 789 4711 :
816 4666 867 4709 et
902 4668 1154 4724 praeterea
1188 4674 1281 4727 per
1304 4660 1407 4711 vim
1440 4660 1797 4713 collocatut‘os
1830 4660 2083 4715 Selimcm
2143 4665 2194 4716 in
2234 4688 2275 4741 υ
2306 4660 2447 4709 niam
2477 4655 2730 4713 ?Licebit
2764 4677 2911 4727 vero,
2946 4664 3275 4717 succlamant
3305 4679 3517 4720 omnes.
3538 4665 3667 4734 Ergo
3691 4664 3839 4717 dein-

654 4752 907 4807 thronttm
928 4754 1151 4821 regium.
1175 4769 1239 4806 ac
1258 4754 1534 4807 dominum
1575 4752 2020 4818 etimperatorem
2041 4770 2195 4808 suum

649 4842 1032 4898 declaraturus.
1066 4843 1183 4897 Hmc
1205 4860 1327 4897 cum
1352 4844 1535 4898 decem
1584 4844 1654 4897 illi
1691 4845 2063 4908 acuizaromm
2125 4844 2200 4898 le-

653 4936 687 4985 ti
720 4934 890 4987 lmssis
922 4936 1319 5003 exposuissent,
1357 4938 1526 4990 bassa».
1558 4951 1679 4995 cum
1705 4936 1769 4989 iis
1831 4937 1961 5005 ipsis
2012 4939 2195 4989 decem

651 5028 781 5079 \iris
814 5028 1084 5081 sultanum
1135 5027 1419 5093 Bajazitem
1478 5028 1743 5081 adierunt.
1808 5027 1854 5086 ls
1913 5028 2199 5081 intellectis

648 5134 835 5171 eorum
868 5117 1179 5185 postulatis,
1222 5134 1382 5186 quam
1419 5119 1633 5173 quidem
1664 5119 1753 5171 ditt
1784 5128 2059 5188 superstes
2083 5119 2199 5185 ipse

651 5210 811 5273 foret,
855 5211 1151 5279 imperium
1174 5212 1450 5267 senetnini
1512 5210 1837 5281 traditurum
1898 5210 2195 5278 respondit.

649 5300 729 5357 Ad
751 5316 812 5354 ea
840 5317 1126 5368 supremus
1160 5302 1323 5355 vezir.
1361 5300 1665 5371 Mustephas
1726 5302 1881 5355 bassa
1910 5318 1923 5353 :
1957 5300 2080 5353 Vale
2106 5301 2201 5367 igi-

650 5410 759 5455 tur,
798 5396 990 5459 inquit,
1034 5394 1322 5461 imperator
1352 5394 1605 5447 maxime.
1636 5393 1764 5447 Nam
1804 5409 1947 5459 mox,
1979 5394 2066 5445 tibi
2102 5392 2198 5446 abs

655 5496 709 5539 te
738 5486 963 5554 digressi
998 5486 1277 5547 fuerimus,
1313 5487 1475 5539 vitam
1508 5486 1559 5538 hi
1594 5486 1747 5539 nobis
1777 5485 2195 5539 adimeut.‘Tum

651 5578 953 5633 sultauus»:
990 5576 1264 5643 Siquidem
1292 5578 1398 5644 jam
1428 5591 1525 5632 nos
1550 5576 1777 5645 imperio
1818 5592 1923 5630 non
1977 5577 2199 5631 abdica-

649 5672 908 5729 verinms.
936 5669 1028 5735 sit,
1063 5683 1127 5722 an
1159 5670 1392 5723 futurum
1422 5671 1640 5738 putatis,
1696 5670 1767 5722 uti
1801 5687 1899 5724 nos
1947 5686 1975 5724 e
2025 5671 2199 5723 medio

651 5759 887 5812 tollant?
918 5758 1143 5833 Minime
1166 5775 1309 5824 vero,
1343 5743 1638 5829 subjiciunt
1659 5761 1753 5823 illi,
1786 5761 1942 5812 vitam
1973 5759 2200 5827 eripient

654 5850 749 5901 tibi
785 5866 798 5901 :
837 5853 929 5903 sed
960 5851 1169 5919 injectis
1198 5853 1346 5908 uncis
1384 5855 1711 5923 spiculorum
1773 5866 1994 5905 suorum
2053 5851 2184 5902 vesti

658 5949 784 6012 tum,
811 5942 875 5999 de
905 5943 1095 6001 throno
1119 5946 1465 6018 imperatorio
1496 5953 1547 6004 te
1578 5948 1874 6003 dctrahnt.
1909 5944 2037 6009 Qua:
2070 5958 2191 5997 cum

2304 4764 2448 4813 ceps,
2481 4750 2713 4817 subjecit
2750 4750 3001 4818 Selimes,
3044 4756 3330 4823 imperium
3358 4770 3536 4810 meum
3597 4756 3871 4825 auspicari

2301 4838 2415 4891 bur.
2452 4839 2741 4906 Postridie,
2774 4857 2896 4897 cum
2925 4844 3216 4909 illuxisset,
3253 4846 3443 4900 eodem
3502 4848 3553 4902 in
3604 4849 3707 4901 loco
3735 4861 3835 4929 pro

2303 4931 2554 4984 tribunali
2598 4933 2862 4997 consedit,
2895 4936 3164 4989 veziribus
3188 4945 3241 4989 et
3265 4936 3437 4991 bassis
3468 4939 3707 4991 Omnibus
3729 4934 3833 4989 huc

2302 5029 2366 5083 ad
2411 5026 2580 5093 ipsum
2613 5028 3083 5087 convenientibus.
3114 5028 3321 5083 lllo‘die
3373 5030 3657 5100 quemdam
3689 5028 3833 5093 geni-

2304 5132 2512 5179 zarum,
2544 5119 2633 5185 qtti
2657 5134 2873 5175 auream
2904 5120 2975 5177 .in
3029 5124 3229 5201 capite.
3261 5121 3500 5191 gestabat
3553 5116 3817 5183 usculiam,

2300 5212 2413 5262 sive
2449 5210 2665 5278 pileum,
2695 5212 3075 5280 comprehendi
3127 5213 3315 5279 jussit,
3364 5221 3419 5267 et
3480 5214 3549 5269 ad
3600 5216 3825 5269 arborem

2302 5301 2589 5368 suspendi:
2620 5307 2849 5371 quodam
2874 5305 3037 5357 etiam
3068 5306 3134 5356 de
3190 5301 3557 5361 Ulofeziorum
3616 5317 3831 5359 numero

2302 5397 2477 5459 capite
2505 5395 3096 5453 truncato.'Genizarus
3120 5394 3208 5449 ille
3242 5405 3526 5465 propterea
3550 5393 3827 5464 suspendio

2302 5485 2546 5540 Sublatus
2579 5498 2608 5539 e
2647 5484 2965 5547 mediofuit,
2994 5486 3138 5554 quod
3172 5487 3370 5541 sultani
3424 5486 3687 5542 Acbntetis
3737 5495 3821 5533 so.

2301 5590 2392 5635 cer
2424 5586 2593 5635 esset.
2628 5575 2737 5630 Hoc
2790 5576 2947 5631 modo
3003 5592 3125 5631 eum
3175 5576 3277 5645 sibi
3320 5578 3565 5634 sultanus
3614 5574 3827 5630 Selimes

2302 5666 2583 5731 imperium
2612 5668 3006 5731 constituisset,
3034 5666 3293 5720 Corcutes
3316 5681 3605 5723 conscensa
3627 5666 3827 5719 trireme

2301 5756 2611 5820 Manissam,
2658 5758 2916 5813 ditionem
2976 5773 3153 5822 suam,
3212 5758 3444 5827 repetiit.
3489 5755 3602 5811 Non
3649 5755 3823 5809 multis

2302 5847 2492 5902 diebus
2526 5848 2847 5918 inter-jectis,
2898 5845 3368 5915 Constantinopoli
3414 5847 3679 5903 discedens
3718 5840 3825 5893 Ba-

2296 5940 2511 6010 jazitcs,
2541 5940 2873 5999 Dimotucum
2913 5938 3062 5997 abire
3082 5938 3367 6010 cogitabat.
3396 5943 3530 5999 Eum
3584 5940 3819 5999 sultanus
