3970 6348
146 444 258 509 6Ξ9

1393 464 1737 525 ANNALES
1770 469 2104 530 TURCICI.

3233 480 3336 541 60

145 559 379 614 Selimes
422 569 569 656 extra
627 577 832 633 portam
884 566 1479 643 lladrianopolitanam.
1536 553 1698 633 oflieii
1720 577 1982 641 ATantts
2011 599 2131 637 cum
2164 582 2338 653 copiis
2386 585 2436 638 in
2473 582 2741 641 Parthiam
2773 589 3067 656 profectus,
3118 604 3333 644 manum

142 664 336 715 causa,
365 668 486 706 cum
518 654 824 713 deduceret.
857 660 1122 732 Bajazites
1157 680 1187 720 e
1240 681 1403 722 curru
1435 683 1557 731 cum
1583 668 1693 723 lilio

142 740 483 810 colloquens,
517 745 581 800 de
605 750 784 805 multis
815 766 936 807 eum
987 758 1149 810 rebus
1207 756 1511 813 admonuit.
1567 759 1694 813 Inde

144 844 337 885 minue
370 835 471 888 sibi
503 847 650 903 pater
678 850 841 910 atque
875 845 1017 898 lilius
1036 847 1357 902 valedixere.
1392 848 1496 903 Sed
1542 847 1696 919 Baja-

140 920 279 974 zites
308 923 410 978 hoc
438 925 626 981 itinere
653 931 863 988 delatus
892 936 942 988 in
1006 937 1182 991 vicum
1240 922 1550 1007 quemdam,
1606 942 1692 994 cui

141 1025 344 1066 nomen
385 1013 614 1085 Chapse,
640 1021 804 1075 vitam
834 1039 955 1077 cum
990 1037 1162 1081 morte
1187 1030 1563 1085 commutavit.
1593 1029 1696 1085 Re-

142 1110 335 1158 veetus
364 1115 540 1160 autent
574 1125 600 1161 a
633 1112 748 1166 suis
779 1113 1334 1186 Constantinopolim,
1390 1122 1445 1174 in
1472 1123 1692 1190 templo,

137 1196 286 1261 quod
322 1197 435 1263 ipse
456 1209 861 1277 construxerat.
901 1208 1155 1261 conditus
1189 1209 1310 1263 fuit.

218 1283 528 1341 Secundum
556 1290 667 1345 bzec
714 1294 987 1360 profectus
1038 1308 1117 1353 cst
1168 1299 1412 1355 sultanus
1470 1301 1695 1359 Selimes

138 1377 413 1432 universis
442 1394 563 1433 cum
591 1385 763 1451 copiis
796 1389 849 1438 in
902 1391 1238 1451 Anatoliam,
1299 1407 1532 1461 cumque
1581 1395 1693 1464 jatn

138 1468 481 1532 pervenisset
501 1470 783 1540 Engurtm,
817 1476 1011 1532 fratrer
1041 1478 1179 1546 ejus.
1205 1483 1451 1537 sultanus
1469 1485 1698 1539 Acbme-

138 1569 247 1622 tcs,
284 1559 350 1612 ad
384 1562 515 1616 lines
540 1565 801 1621 Arabicos
842 1569 1102 1640 profugit.
1132 1571 1283 1637 Quod
1353 1576 1445 1630 ubi
1470 1578 1697 1633 Sclimes

135 1652 459 1719 accepisset,
490 1656 682 1711 itinere
712 1668 938 1727 mutato,
981 1661 1207 1719 Prusam
1245 1666 1405 1740 rediit
1445 1685 1461 1721 :
1514 1669 1697 1736 ibique

137 1741 481 1813 Mustapham
520 1747 756 1815 bassam,
787 1767 907 1806 cum
938 1754 1147 1822 aliquot
1208 1755 1435 1811 fratrum
1469 1773 1694 1814 suorum

137 1832 293 1895 tiliis.
334 1839 660 1907 strangulari
684 1845 917 1898 curavit.
979 1844 1104 1901 Inde
1155 1846 1444 1904 Manissam
1507 1857 1695 1905 contra

1796 686 1916 726 cum
1946 672 2157 727 lsmailu
2184 677 2381 730 scacho
2410 691 2695 733 conserere
2734 681 2984 734 decrevit.
3008 679 3183 735 lsmail
3210 694 3335 733 vero
3372 716 3375 717 ν

1795 764 1990 816 sultani
2057 763 2270 820 Selimis
2338 768 2583 822 instituto
2641 770 2876 837 cognito.
2939 784 3063 825 cum
3124 768 3338 824 Parthis

1793 853 1906 905 suis
1960 863 2013 907 et
2063 855 2173 922 ipse
2234 857 2370 910 hosti
2428 859 2639 913 obviam
2701 860 2951 927 prodiit;
2998 876 3061 915 ac
3125 860 3336 914 tandem

1794 946 2098 1012 congressis
2159 948 2209 1000 in
2272 948 2496 1015 planitie
2553 953 2805 1019 quadam,
2869 967 2985 1019 qua:
3044 951 3338 1009 Zalderana

1797 1034 2014 1097 dicitur,
2080 1040 2357 1107 utriusque
2408 1042 2574 1108 partis
2630 1044 2978 1102 exercitibus.
3026 1058 3057 1097 a
3104 1042 3341 1096 diluculo

1798 1124 1861 1177 ad
1892 1129 2372 1190 postmeridianum
2408 1147 2578 1200 nsque
2611 1141 2817 1202 tempus
2845 1133 3150 1187 dimicatum
3200 1133 3343 1186 inter

1796 1230 1889 1269 eos
1916 1215 2032 1272 fuit.
2073 1217 2300 1273 lsmailis
2330 1222 2511 1275 scacbi
2538 1237 2819 1291 supremus
2845 1222 2964 1277 belli
2996 1223 3129 1285 dux.
3183 1222 3340 1277 Usta-

1803 1306 1966 1386 zelvis
2024 1310 2164 1365 filius
2199 1353 2215 1376 ,
2278 1315 2558 1368 Auatolico
2635 1316 2790 1370 militi
2852 1317 3134 1384 oppositus
3190 1325 3341 1375 erat:

1799 1394 2073 1454 Romanis:
2093 1401 2283 1468 copias
2328 1402 2557 1469 ipsemet
2585 1405 2813 1459 scachns
2870 1405 3051 1459 lsmail
3104 1405 3205 1461 sibi
3254 1407 3347 1459 de-

1800 1486 2076 1544 bellandas
2137 1500 2455 1560 sumpserat.
2512 1492 2613 1547 Sed
2674 1495 2933 1549 Anatolice
2997 1495 3346 1565 beglerhegus

1798 1580 1932 1633 adeo
1964 1579 2173 1635 fortiter
2198 1582 2338 1639 hosti
2384 1586 2600 1649 restitit,
2653 1595 2711 1639 ut
2775 1586 2985 1641 tandem
3037 1574 3345 1641 Ustazelres

1798 1671 2153 1725 occideretur.
2192 1673 2270 1727 Ab
2309 1675 2474 1728 altero
2504 1692 2718 1746 quoque
2772 1679 2903 1732 aciei
2950 1678 3113 1732 latere
3139 1694 3342 1748 pugna-

1800 1766 1911 1813 tum
1971 1764 2222 1832 utrinque
2267 1772 2504 1832 strenue,
2542 1767 2713 1821 donec
2746 1770 2810 1823 ad
2859 1778 3159 1825 extremum
3206 1770 3346 1823 Cha-

1802 1866 1961 1906 sanes
1992 1854 2171 1917 bassa,
2226 1854 2502 1911 Romaniae
2552 1859 2919 1929 beglerbcgus,
2968 1862 3343 1915 occumberet:

137 1928 683 2018 fratremﬁsultanum
710 1936 1026 2004 Corcutem,
1063 1941 1225 1996 movit
1268 1960 1285 1997 τ
1344 1941 1440 1997 sed
1490 1945 1537 1999 is
1596 1946 1695 1999 Te.
1728 1913 1771 1971 Β
1801 1913 2166 2006 Nihilominus
2206 1942 2415 2000 Tltures
2466 1948 2575 2000 Alis
2619 1913 2841 2018 Ubegnsu,
2881 1913 3132 2003 ibialcozii
3183 1913 3345 2013 Illius,

134 2016 379 2074 ltiensem
420 2021 473 2075 in
511 2026 840 2092 provinciam
872 2028 1005 2082 abiit
1044 2047 1059 2085 :
1116 2048 1225 2100 quo
1283 2037 1519 2102 cognito,
1589 2040 1697 2105 ι)τί-

137 2114 691 2182 mumejanitoribus
726 2120 861 2179 suis.
919 2135 1081 2189 quem
1134 2123 1373 2178 Azemim
1427 2125 1693 2181 Casanam

133 2210 308 2269 Agam
335 2208 617 2272 vocabant,
653 2207 871 2263 fratrem
899 2225 927 2264 a
961 2220 1111 2284 tergo
1136 2218 1385 2284 persequi
1414 2216 1601 2285 jussit.
1648 2219 1697 2273 ls

134 2294 385 2349 adhibita
412 2298 693 2369 diligentia
725 2304 979 2369 maxima,
1025 2307 1238 2361 tandem
1265 2309 1411 2362 illum
1447 2310 1698 2378 in_spccu

134 2392 377 2455 quodam
406 2389 780 2459 deprehendit,
813 2404 865 2448 et
888 2397 1031 2464 cepit
1063 2399 1323 2466 :jamqne
1388 2410 1603 2468 captum
1633 2402 1696 2453 ad

134 2480 332 2551 herum
354 2496 513 2536 suum
535 2482 785 2537 Selimem
822 2487 1329 2553 adducens,obvios
1353 2491 1538 2544 habuit
1564 2509 1699 2545 tntu-

135 2574 264 2629 tios.
293 2573 435 2641 apud
486 2574 739 2642 oppidum
789 2575 954 2646 339
990 2576 1213 2648 Egrigos
1244 2562 1263 2634 ἰ
1328 2578 1416 2632 ubi
1468 2596 1584 2632 ιιιοΧ
1636 2582 1701 2635 de

136 2662 397 2715 mandato
430 2662 648 2717 Selimis
674 2664 939 2720 Corcutes
960 2667 1354 2735 strangulatus,
1387 2678 1438 2721 et
1469 2670 1703 2721 cadaver

134 2757 252 2825 ejus
282 2757 512 2813 Prusam
552 2770 785 2831 vectum,
820 2760 1014 2816 ibidem
1078 2774 1428 2817 monumento
1456 2762 1557 2816 fuit
1589 2764 1703 2815 illa-

134 2860 273 2902 tum.

204 2942 346 2995 Cum
408 2949 586 2996 autem
650 2944 897 3026 sultanus
960 2946 1189 3003 Selimes
1250 2947 1408 3002 etiam
1474 2948 1700 3003 alterum

134 3031 366 3085 fratrem
415 3048 594 3098 suum,
660 3037 929 3090 sultanum
980 3037 1312 3101 Achmetem,
1380 3051 1706 3105 magnopere

134 3134 362 3195 cuperet
386 3125 439 3179 in
491 3134 809 3195 potestatem
867 3127 1165 3194 redactum,
1223 3136 1339 3182 astu
1377 3129 1701 3196 excogitato,

1800 2045 1907 2084 una
1931 2047 2052 2085 cum
2078 2032 2242 2089 fratre
2271 2049 2392 2100 suo,
2421 2045 2523 2090 tam
2552 2039 2744 2092 acriter
2775 2040 2873 2093 bne
2911 2040 3092 2106 praelio
3119 2056 3175 2093 se
3221 2056 3346 2107 ges-

1801 2122 1892 2183 sit.
1948 2132 2005 2176 ut
2051 2124 2296 2181 hostibus
2357 2127 2617 2198 disjectis,
2665 2131 2729 2183 ad
2778 2128 2999 2184 Ismailis
3047 2132 3343 2184 scaebivea

1799 2211 1984 2265 xillum
2011 2214 2322 2280 primarium
2380 2228 2712 2285 penetraret,
2749 2220 2953 2287 ipsique
3007 2221 3201 2273 scacbo
3234 2221 3347 2271 vul-

1802 2319 1903 2358 nus
1939 2305 2220 2373 inlligeret.
2254 2308 2445 2360 Verum
2474 2324 2501 2361 a
2530 2311 2709 2363 seachi
2761 2311 3077 2373 satellitibus
3122 2321 3343 2381 uterque

1802 2406 2067 2449 mactatus
2093 2399 2307 2453 cecidit.
2336 2397 2447 2453 Sub
2481 2400 2682 2454 exitum
2736 2401 2837 2455 dici
2870 2401 3041 2455 fa-ssns
3081 2403 3188 2470 jam
3225 2418 3345 2454 cum

1804 2488 1917 2540 suis
1940 2488 2231 2555 prmliando
2263 2491 2511 2553 scacltns,
2544 2492 2684 2544 hosti
2714 2493 2896 2554 cessit,
2925 2503 2976 2545 et
3001 2493 3175 2561 fugam
3212 2494 3344 2545 πίε-

1805 2578 2217 2644 ρυίιςοτιιτυμιθ
2247 2594 2365 2640 sua.
2401 2595 2520 2633 cum
2583 2582 2835 2650 munibus
2876 2583 3040 2636 rebus
3096 2598 3211 2649 quae
3261 2584 3344 2637 illa

1804 2668 2241 2731 eontinebantur,
2271 2671 2437 2723 hostis
2488 2670 2711 2722 arbitrio
2761 2672 2966 2732 relicta.
3043 2673 3346 2726 'l‘ebrisium

1806 2776 1863 2814 se
1890 2759 2110 2824 recepit.
2144 2756 2325 2826 itaque
2353 2758 2541 2814 Turcis
2576 2760 2703 2814 orda
2729 2761 2946 2815 schachi
2978 2764 3165 2830 praedae
3225 2761 3345 2823 fuit.

1744 2857 1751 2861 '
1806 2849 1896 2916 qui
1926 2852 2083 2902 etiam
2117 2850 2259 2902 in‘ea
2331 2860 2587 2919 ceperunt
2637 2866 2796 2904 unam
2832 2852 2896 2904 de
2952 2852 3129 2905 scacbi
3166 2854 3347 2905 uxmi-

1811 2926 2083 3003 bns,crﬁn
2144 2951 2350 2992 cratera:
2410 2940 2686 3003 mulieres.
2747 2955 2865 3008 qua:
2936 2941 3037 2994 illis
3068 2943 3117 2993 in
3158 2944 3351 2996 castris

1809 3028 2039 3092 fuerant,
2072 3031 2273 3098 pedites
2320 3030 2467 3083 cum~
2500 3031 2709 3098 reiiquo
2750 3031 3065 3085 Parthorum
3112 3034 3349 3086 exercitu

1809 3119 2109 3175 Tebrisium
2140 3123 2413 3176 abiissent.
2449 3122 2688 3176 Scaehus
2711 3133 2910 3182 autem,
2948 3123 3132 3175 relicto
3158 3122 3348 3175 Tubri-

134 3218 423 3271 bassarnm
454 3224 505 3269 et
557 3217 927 3284 genizarorum
968 3218 1186 3275 nomine
1240 3219 1443 3274 litteras
1489 3221 1553 3272 ad
1582 3236 1702 3272 eum
1730 3248 1775 3309 ε
1811 3212 1910 3273 SiO.
1940 3227 2058 3263 cum
2097 3226 2209 3277 μου
2260 3226 2445 3279 magna
2501 3227 2721 3265 suorum
2756 3227 2918 3270 manu
2969 3210 3259 3266 Su'lmiiatil
3292 3228 3349 3267 se

134 3306 400 3375 perscribi
425 3306 610 3375 jussit,
646 3323 874 3372 quarum
905 3309 1204 3364 litterarum
1233 3311 1345 3365 haec
1401 3321 1515 3365 erat
1550 3304 1697 3365 sum-

136 3418 222 3455 tua
251 3422 264 3457 :
297 3404 587 3456 Sullanum
632 3402 882 3458 Selimem
921 3405 1209 3458 crudeliter
1246 3404 1298 3458 in
1331 3405 1569 3457 omnium
1598 3418 1695 3458 sm-

68 3516 79 3523 -
132 3498 249 3550 vire
289 3495 480 3547 vitam.
509 3494 583 3548 Ea
613 3480 691 3549 de
730 3510 893 3549 causa
928 3510 985 3548 se
1009 3496 1119 3564 jam
1157 3503 1414 3562 pertaesos
1448 3510 1567 3549 esse
1599 3513 1699 3564 pu-

135 3588 391 3672 milionis
441 3587 616 3642 istius.
682 3584 927 3649 Prodiret
964 3588 1121 3643 modo
1172 3588 1481 3648 Achmetes.
1548 3604 1609 3642 ac
1643 3605 1700 3642 se

134 3678 583 3747 conspiciendum
619 3680 897 3747 praeberet,
937 3694 1056 3732 mox
1095 3680 1140 3732 ei
1195 3689 1405 3748 captum
1445 3678 1696 3734 Selimcm

134 3772 458 3823 tradituros.
533 3769 660 3822 Data
729 3785 857 3823 vero
918 3768 1017 3823 luit
1070 3784 1255 3839 opera,
1324 3780 1383 3824 ut
1436 3772 1698 3840 ejusmodi

135 3867 449 3916 litterarum
481 3860 723 3927 exetnpla
752 3860 820 3914 50
850 3860 927 3912 vel
960 3859 1027 3913 60
1058 3861 1269 3915 sultano
1298 3862 1542 3915 Achmeti
1581 3862 1699 3915 red-

133 3958 418 4007 derentur.
488 3950 670 4017 Itaque
732 3965 957 4003 numero
1035 3950 1334 4003 litterarum
1400 3953 1696 4020 deceptus,

137 4047 295 4095 ﬁdem
328 4041 408 4093 eis
463 4039 671 4101 habuit.
720 4048 926 4094 etcum
998 4042 1166 4094 milite
1227 4041 1530 4097 Caramano
1586 4045 1700 4097 suis

132 4152 161 4184 c
186 4131 414 4186 latebris
442 4130 492 4183 in
522 4139 765 4199 apertum
800 4132 1018 4199 prodiit.
1056 4132 1333 4201 Quotquot
1368 4143 1522 4187 erant
1577 4149 1699 4187 cum

134 4242 198 4272 ru
237 4236 511 4289 proceres,
563 4222 701 4275 hanc
740 4221 1121 4291 profectionem
1186 4225 1594 4291 dissuadebam,
1650 4234 1699 4279 et

136 4313 384 4364 luiturum
444 4312 660 4366 aiebant
716 4322 772 4365 ut
837 4315 1335 4371 circumveniretur.
1396 4318 1500 4373 Sed
1562 4319 1700 4388 ipse,

135 4403 335 4456 litteris
364 4403 470 4455 illis
491 4404 742 4458 exhibitis
762 4420 824 4458 ac
849 4406 1131 4473 perlectis:
1158 4406 1374 4470 Demus,
1398 4410 1492 4467 ait,
1525 4425 1704 4463 exem-

136 4494 218 4561 pla
250 4490 441 4561 viginti
467 4491 654 4545 harum
687 4493 985 4546 litterarum
1036 4507 1155 4547 esse
1190 4493 1322 4547 falsa
1347 4504 1401 4548 et
1430 4509 1700 4548 connneu-

1806 3302 2049 3357 contulit.
2110 3302 2318 3355 Interea-
2365 3303 2667 3356 Tebrisium
2717 3317 3032 3370 progressus
3094 3303 3344 3364 Selimes.

1802 3410 1989 3448 omnes
2037 3394 2185 3447 urbis
2235 3395 2487 3455 artifices,
2513 3409 2697 3448 omnes
2720 3395 2944 3448 eximios
2972 3395 3188 3461 opifices
3243 3399 3349 3448 rol-

1801 3487 1994 3549 lectos.
2047 3486 2571 3551 Constanlitmpolim
2622 3487 2784 3540 misit.
2828 3486 3071 3554 Cumque
3103 3485 3191 3538 illa
3232 3486 3347 3540 bie-

1803 3593 1889 3632 lnc
1920 3574 2180 3645 cogitaret
2208 3579 2257 3629 in
2288 3577 2528 3631 hibernis
2575 3577 2639 3629 ad
2691 3575 3025 3645 Carabagum
3086 3577 3335 3632 subsiste-

1805 3685 1884 3732 re,
1913 3681 2024 3723 ‘non
2052 3669 2154 3721 hoc
2182 3684 2302 3723 eum
2358 3667 2746 3722 tumultuantes
2800 3666 2977 3721 facere
3010 3670 3147 3735 passi
3203 3669 3349 3722 luere

1804 3761 2060 3831 genizari.
2094 3761 2427 3829 Quapropter
2483 3760 2760 3821 Amasiam
2818 3759 3039 3813 reducto
3092 3760 3347 3821 exercitu,

1804 3852 2000 3905 ibidem
2035 3850 2352 3913 hibernavit,
2398 3856 2499 3905 sub
2536 3851 2743 3903 initium
2771 3850 2971 3902 astatis
3025 3849 3346 3902 Camarbum

1805 3945 2096 4012 profectus,
2119 3961 2233 3997 eam
2263 3946 2532 3998 civitatem
2588 3942 2886 4011 occupavit.
2920 3942 3137 4002 Interim
3194 3945 3344 4003 Sina-

1806 4051 1926 4088 netn
1955 4036 2165 4088 basszuu
2203 4034 2510 4087 eunuchum
2542 4033 2593 4086 in
2637 4033 3076 4101 Dulgadircnsem
3137 4036 3346 4100 provin-

1805 4130 1940 4181 ciam
1969 4125 2253 4194 ablegavit,
2288 4125 2380 4193 qui
2427 4126 2615 4177 ducent
2668 4125 2786 4193 ejus
2840 4125 3070 4191 regionis
3120 4126 3347 4177 Alaaleu-

1806 4221 1907 4273 lem
1940 4220 2079 4272 bello
2109 4219 2410 4274 invaderet.
2434 4217 2480 4271 ls
2505 4214 2842 4283 Dulgadirem
2876 4217 3165 4281 ingressus,
3217 4215 3344 4267 Ala-

1805 4314 2015 4369 dculcm
2044 4312 2263 4365 minime
2294 4313 2630 4364 resistentem
2657 4311 2794 4375 cepit
2830 4318 2882 4360 et
2908 4308 3078 4374 capite
3129 4315 3344 4361 trunca-

1806 4409 1900 4467 \it,
1955 4418 2261 4472 quanquam
2331 4401 2419 4453 alii
2482 4401 2695 4454 tradant
2742 4402 3032 4475 suspendio
3094 4413 3343 4455 necatum

1809 4498 1992 4550 fuisse.
2028 4495 2288 4549 Ditionem
2337 4508 2464 4546 vero
2526 4492 2771 4546 sullauus
2818 4494 3042 4547 Sclimes
3087 4494 3169 4546 Ali
3222 4494 3354 4563 bngo

135 4585 296 4643 tilia;
352 4598 477 4635 num
520 4582 659 4636 idem
710 4582 775 4637 de
823 4584 1031 4638 caneris
1086 4599 1298 4653 quoque
1356 4581 1692 4654 pronuntiari
1730 4599 1772 4654 ι)
1801 4588 2086 4650 concessit,
2118 4586 2207 4653 qui
2240 4600 2300 4637 rx
2333 4583 2603 4636 Aladeulis
2637 4582 2795 4637 fratre
2822 4596 2977 4642 natus
3006 4596 3140 4638 erat.

134 4673 389 4742 oportet?
419 4672 609 4742 Itaque
662 4688 814 4729 suam
868 4682 1088 4730 secutus
1143 4676 1474 4744 opinionem.
1518 4678 1699 4747 copias

136 4769 186 4821 iu
228 4765 457 4818 fratrem
480 4764 655 4818 duxit.
682 4765 816 4819 Cum
850 4766 901 4819 in
934 4766 1213 4833 planitiem
1250 4769 1585 4837 pervenisset
1630 4769 1697 4821 ad

136 4856 417 4924 Neapolim
447 4854 801 4919 Caramaniat,
857 4857 925 4909 ab
954 4857 1192 4909 exercitu
1225 4856 1424 4909 sultani
1481 4856 1700 4911 Selimis

138 4951 392 5013 obrutus,
428 4936 618 5017 parum
656 4964 778 5003 cum
835 4948 945 5001 suis
974 4956 1193 5001 strenue
1232 4964 1341 5003 rem
1392 4950 1586 5017 gessit:
1639 4963 1702 5001 ac

140 5043 339 5102 rictus,
384 5038 522 5107 fuga:
556 5055 614 5093 se
665 5039 844 5102 dedit;
889 5042 938 5092 in
970 5056 1074 5106 qua
1103 5040 1223 5108 fuga
1256 5048 1446 5106 captus
1478 5040 1703 5091 Aclnuc-

140 5146 239 5194 les,
277 5141 331 5184 et
371 5127 741 5201 strangulatus
769 5130 891 5186 fuit.
926 5130 1185 5187 Exstincti
1216 5132 1446 5184 cadaver
1478 5132 1699 5183 l’rusant

140 5228 511 5291 ιιι-νυνιςιιιιιη,
536 5232 590 5275 et
614 5222 807 5275 ibidem
831 5225 880 5276 in
910 5232 1257 5279 monumento
1282 5223 1375 5278 fuit
1399 5224 1701 5277 conditum.

142 5315 263 5367 ihec
291 5324 468 5367 autem
513 5312 823 5368 acciderunt
850 5330 987 5367 anno
1026 5316 1128 5370 9'20
1154 5314 1301 5381 (Chr.
1332 5315 1509 5383 151³5).

212 5404 478 5458 Sultanus
500 5420 627 5471 ergo
663 5405 889 5459 Selimcs
937 5407 1046 5472 jam
1085 5407 1231 5460 solus
1267 5407 1493 5474 imperio
1556 5418 1703 5459 tran-

143 5496 313 5561 quillo
337 5495 556 5561 petitus,
582 5493 644 5548 ad
676 5493 871 5546 bellum
904 5497 1191 5561 gerendum
1247 5497 1501 5549 adversus
1536 5495 1703 5550 Isma-

148 5589 293 5645 ilcm.
319 5586 578 5639 scbacum
605 5582 949 5647 Parthorum,
977 5598 1033 5638 se
1062 5588 1391 5654 comparavit
1416 5604 1427 5639 :
1479 5595 1532 5639 et
1577 5602 1706 5641 cur-

146 5679 294 5731 ribus
335 5678 403 5729 ad
434 5677 681 5731 vehenda
714 5686 997 5735 tormenta.
1058 5677 1371 5746 caeterisqne
1424 5678 1583 5732 rebus
1615 5694 1705 5733 ue-

149 5767 385 5821 tessaris
423 5766 743 5829 instructus,
765 5782 952 5821 omnes
981 5781 1110 5821 suos
1158 5769 1424 5821 exercitus
1472 5769 1704 5837 collegit,

150 5861 201 5914 ie
233 5858 437 5932 quibus
462 5869 617 5913 erant
653 5858 930 5915 hominum
994 5857 1059 5914 ad
1093 5858 1478 5943 quadringenta
1513 5860 1700 5917 millia.

1877 4677 1990 4731 lloc
2029 4686 2275 4745 tempore
2323 4674 2571 4728 Genizari
2624 4688 2842 4742 magnas
2883 4674 3111 4727 Amasia:
3168 4675 3353 4728 turbas

1802 4772 2125 4828 excitavere,
2155 4782 2275 4819 cum
2305 4767 2354 4815 in
2409 4764 2546 4817 Piris
2597 4763 2766 4816 bassa:
2797 4773 2967 4817 castra
3018 4781 3109 4830 per
3137 4767 3353 4817 sedilia-

1805 4874 1922 4909 nem
1956 4861 2239 4915 irruerent.
2285 4859 2406 4909 l'jrat
2448 4865 2559 4908 tum
2594 4856 2786 4907 sultani
2836 4856 3049 4908 Scltmis
3079 4859 3349 4909 veziruzc-

1806 4965 1941 5009 mes,
1971 4951 2252 5001 Aebmetes
2295 4949 2472 5010 basi-a,
2512 4947 2771 5015 Ducagiui
2801 4949 2970 5000 filius:
3007 4965 3162 5016 quem
3216 4950 3352 5002 Seli—

1807 5057 1915 5093 Ines
1954 5038 2180 5091 interfici
2241 5039 2424 5107 jussit,
2478 5040 2666 5095 collata
2713 5038 2918 5092 incum
2976 5041 3151 5105 culpa,
3213 5044 3352 5106 quod

1807 5129 2030 5197 hujusce
2064 5131 2434 5194 genizarorutn
2466 5129 2745 5183 seditionis
2776 5139 2828 5181 et
2881 5130 3128 5184 conscius
3162 5135 3214 5179 ct
3263 5144 3356 5182 au-

1806 5232 1924 5274 ctor
1957 5222 2270 5275 exstitisset.
2324 5219 2458 5280 llinc
2513 5221 2724 5272 Amasia
2776 5220 3060 5271 discedens
3108 5217 3352 5280 Selitncs,

1806 5311 2327 5379 ConstantinOpolim
2359 5312 2523 5364 abiit:
2550 5311 2637 5364 ubi
2656 5326 2907 5379 generum
2934 5310 3112 5369 suum,
3140 5310 3356 5363 lschcn-

1806 5402 1987 5457 dcretn
2042 5401 2281 5465 bassam,
2312 5417 2415 5455 uua
2465 5417 2585 5455 cum
2644 5389 2905 5454 Tazisade
2958 5400 3351 5466 CadiicScberu,

1807 5506 1861 5548 et
1920 5494 2032 5547 Bali
2091 5492 2254 5547 Geme
2310 5493 2554 5561 Segrtane
2599 5495 2789 5556 bassa,
2842 5493 3106 5561 supplicio
3167 5496 3357 5562 capitis

1806 5584 2017 5647 affecit;
2076 5583 2220 5653 quod
2265 5584 2411 5651 ipsos
2444 5588 2604 5638 etiam
2641 5586 2842 5637 diceret
2891 5584 3160 5635 Amasiani
3211 5587 3355 5650 grui-

1808 5691 2056 5733 zarorum
2116 5675 2373 5729 tumultus
2430 5686 2676 5730 auctores
2752 5677 2933 5730 fuisse.
3001 5674 3354 5743 Ceutigerunt

1808 5769 1921 5831 huic
1946 5782 2088 5822 anno
2113 5767 2209 5821 9:21
2247 5769 2391 5826 (Chr.
2421 5770 2602 5839 1514).

1881 5859 2183 5916 Secundum
2214 5861 2321 5917 lucc
2349 5862 2587 5917 collectis
2638 5859 2866 5915 Selimcs
2890 5859 3140 5914 omnibus
3186 5859 3353 5927 cupiis
