3970 6348
634 433 738 493 635

1871 435 2221 494 ANNALES
2262 440 2590 498 TURCICI.

3725 430 3824 491 636

634 542 782 605 fecti,
817 558 939 595 cum
980 556 1086 610 quo
1117 557 1203 595 res
1238 553 1420 597 essent
1448 545 1563 599 loco
1616 556 1918 611 cernerent,
1974 549 2170 603 litteris
2202 571 2248 630 Α
2277 552 2417 603 unde
2466 567 2571 603 non
2608 563 2804 620 magno
2832 565 2897 603 ex
2932 548 3212 603 intervallo
3236 549 3287 601 in
3342 548 3589 601 Rhodum
3648 557 3823 599 trans-

632 644 687 687 et
731 633 832 701 ipsi
870 636 1199 703 perscriptis,
1238 638 1544 704 praefectum
1582 633 1947 705 lspachiornm
1987 641 2052 693 ad
2078 641 2177 694 So-

632 722 918 791 leimanem
958 724 1259 779 ‘Manissam
1305 726 1653 793 ablegarunt,
1701 726 2085 794 signiﬁcantes.
2121 740 2176 782 ut

636 814 837 882 absque
869 830 1015 869 mora
1066 818 1275 870 veniret
1330 819 1644 883 priusquam
1699 818 1765 871 de
1810 821 1978 887 patris
2028 822 2177 874 obitu

630 909 867 975 genizari
905 909 1188 976 castor-ique
1241 911 1414 963 Porta:
1466 910 1685 972 milites,
1724 913 1973 979 quiddam
2018 913 2173 965 inau-

630 996 857 1057 dissent,
890 997 1129 1051 neJcede
1171 998 1429 1066 direptam
1468 999 1654 1052 urbem
1704 1001 1915 1053 excidio
1964 1002 2171 1056 darent.

633 1084 815 1153 Itaque
852 1084 1202 1153 Soleimanes,
1250 1105 1306 1142 re
1346 1097 1453 1143 tota
1506 1092 1718 1159 penitus
1754 1093 1992 1160 cognita,
2040 1108 2176 1147 con-

632 1174 810 1228 festim
843 1190 1010 1231 semet
1053 1181 1287 1234 accinxit
1325 1180 1501 1235 itineri
1542 1200 1555 1234 :
1592 1197 1689 1235 nec.
1721 1183 1824 1237 ulla
1860 1185 1941 1237 vel
1987 1195 2172 1250 noctu,

635 1262 717 1315 vel
767 1266 1001 1321 interdiu
1050 1269 1234 1337 quiete
1290 1272 1626 1339 interposita,
1679 1274 1923 1339 pervenit
1960 1273 2173 1328 lscoda-

628 1367 743 1404 ram
789 1371 814 1406 e
850 1357 1070 1423 regione
1118 1359 1615 1428 Constantinopolis
1671 1363 1849 1415 sitam.
1902 1362 2023 1417 -lioc
2071 1364 2173 1419 luci

625 1439 881 1497 tribunus
920 1447 1298 1513 genizarorum
1333 1448 1398 1501 ad
1424 1450 1598 1517 ipsum
1640 1452 1805 1515 venit,
1832 1468 1939 1521 quo
1980 1455 2173 1508 comite

632 1530 904 1586 triremem
964 1534 1264 1603 ingressus,
1295 1538 1810 1610 Constantinopolim
1860 1542 2167 1611 transjecit,

631 1620 685 1673 in
742 1637 1024 1679 occursum
1090 1628 1479 1695 prodeuntibus
1552 1632 1822 1701 genizaris
1885 1633 2169 1687 universis.

633 1709 673 1762 E
720 1714 923 1770 triremi
967 1733 1090 1771 cum
1155 1720 1555 1783 exscendisset,
1605 1724 1977 1790 genizarorum
2037 1739 2169 1792 aga,

629 1809 1128 1876 suoscompellans
1168 1811 1449 1878 genizaros
1485 1829 1497 1866 :
1534 1813 1629 1866 llic
1674 1816 1925 1869 dominus
1971 1825 2166 1881 vester,

2274 643 2487 711 jicitnr.
2552 642 2736 710 itaque
2789 628 3056 697 militibus.
3086 640 3211 692 hinc
3246 640 3297 692 in
3348 638 3595 690 Rhodum
3649 647 3823 689 trans-

2283 733 2528 799 uat-tatis,
2566 733 2780 786 tandem
2824 740 2876 786 et
2910 735 3025 800 ipse
3058 746 3157 785 suo
3203 746 3324 784 cum
3356 731 3614 783 comitatu
3652 738 3822 780 trans-

2278 835 2464 877 vectus
2505 824 2558 877 in
2600 824 2854 888 insulam,
2901 824 3047 892 gravi
3081 823 3268 876 urbem
3306 822 3591 877 obsidione
3634 821 3820 872 cinxit.

2276 912 2493 967 Obsessi
2524 913 2828 968 Christiani
2874 929 3058 967 muros
3096 916 3291 983 pannis
3333 927 3508 967 cocco
3546 912 3747 972 tinctis,
3774 920 3823 961 rt

2276 1002 2487 1061 sericis.
2523 1011 2577 1055 et
2603 1017 2736 1054 auro
2775 1003 3099 1067 intertextis,
3146 1002 3449 1064 ornabant,
3484 1017 3547 1055 ac
3577 998 3822 1067 plurimis

2278 1092 2329 1144 in
2361 1092 2496 1146 urbe
2525 1093 2666 1146 ludis
2704 1103 2756 1146 et
2792 1093 3144 1161 spectaculis,
3198 1093 3262 1146 ad
3306 1093 3663 1147 oblectandos
3711 1089 3823 1140 aui-

2276 1195 2414 1247 mos,
2465 1183 2779 1236 utebantur.
2822 1182 2957 1237 Cum
2995 1185 3141 1238 serio
3190 1184 3420 1252 denique
3453 1195 3822 1250 Oppugnaren-

2275 1280 2382 1335 tur,
2441 1273 2600 1342 longo
2652 1275 2913 1342 temporis
2965 1274 3139 1342 spatio
3188 1288 3245 1326 se
3272 1272 3634 1327 defendebant
3672 1285 3820 1324 acer-

2274 1362 2409 1415 rime
2430 1404 2445 1427 ,
2485 1363 2629 1430 quod
2657 1364 2841 1417 urbem
2866 1364 2932 1417 ab
2958 1364 3110 1416 hoste
3143 1363 3291 1415 nullo
3320 1363 3479 1416 modo
3508 1362 3626 1429 capi
3662 1376 3819 1429 posse

2273 1454 2376 1506 sibi
2432 1456 2859 1521 persuasissent.
2910 1456 2987 1509 Ac
3042 1454 3368 1519 Soleimanis
3430 1468 3563 1507 sane
3618 1468 3701 1505 res
3756 1465 3817 1503 eo

2274 1544 2481 1597 tandem
2514 1545 2615 1598 loci
2650 1545 2877 1600 redacta:
2916 1546 3148 1611 fuerant,
3185 1555 3242 1599 ut
3290 1559 3524 1615 quanam
3555 1545 3619 1597 ad
3648 1556 3816 1609 expu-

2274 1633 2537 1699 gnandam
2601 1633 2872 1689 civitatem
2936 1636 3019 1689 via
3074 1635 3327 1703 deinceps
3384 1635 3812 1703 progrederetur,

2273 1722 2565 1790 ignoraret.
2604 1723 2742 1788 Quia
2782 1734 2959 1780 tamen
2992 1741 3145 1781 mons
3177 1727 3397 1795 quidam
3439 1725 3582 1778 haud
3630 1724 3814 1792 procul

2270 1816 2336 1868 ab
2404 1819 2534 1870 urbe
2565 1818 2819 1881 distabat,
2870 1835 2931 1871 ex
2966 1834 3031 1873 eo
3085 1831 3280 1874 terram
3334 1818 3460 1888 peti,
3514 1833 3619 1886 qua
3669 1818 3815 1870 urbis

631 1897 722 1949 hic
775 1901 1069 1966 imperator
1098 1912 1200 1964 est,
1235 1904 1331 1955 ait.
1369 1904 1481 1969 Qua
1518 1904 1593 1958 illi
1634 1920 1763 1960 voce
1797 1908 2001 1969 audita,
2047 1923 2170 1961 mox
2204 1905 2248 1964 Β
2278 1904 2433 1958 fossa:
2471 1910 2965 1975 complanarentur,
3006 1894 3195 1964 edixit.
3228 1910 3384 1962 Actis
3414 1916 3669 1976 praeterea
3721 1924 3815 1961 cu-

627 1990 813 2042 ordiue
846 2004 1071 2047 caeteros
1102 1995 1426 2063 antegressi,
1464 1995 1735 2051 sultanum
1765 2011 1921 2050 suum
1968 1996 2032 2049 ad
2074 1998 2181 2052 im-..

614 2088 935 2147 ‘peratorum
995 2083 1241 2138 Saraium
1298 2086 1661 2141 deduxerunt.
1719 2086 1856 2141 Hinc
1912 2086 2170 2154 largiores

629 2186 892 2231 annonas.
940 2184 992 2228 et
1029 2175 1281 2229 donatira
1333 2178 1535 2240 petiere
1567 2194 1581 2229 :
1615 2176 1829 2232 sultano
1869 2176 2171 2230 Soleimane

628 2263 912 2328 postulatis
939 2265 1179 2332 ipsorum
1208 2274 1498 2321 annuente.
1530 2266 1790 2321 Postridie
1838 2269 2008 2336 prima
2055 2268 2172 2322 luce

627 2349 790 2404 funus
817 2349 1030 2408 Selimis
1066 2354 1118 2407 in
1157 2355 1340 2409 urbem
1376 2356 1665 2410 deductum
1701 2356 1819 2421 fuit,
1856 2359 2013 2425 eique
2033 2357 2170 2411 cele-

630 2441 805 2495 brata:
862 2444 914 2495 in
956 2445 1154 2512 templo
1196 2447 1309 2502 sive
1358 2463 1514 2500 zuma
1566 2449 1765 2501 sultani
1816 2448 2169 2503 Mucbcmetis

621 2532 910 2599 exsequiae.
968 2534 1139 2589 Pedes
1175 2547 1297 2590 ante
1333 2548 1621 2605 paternum
1672 2537 1836 2592 funus
1890 2538 2171 2592 incedebat

623 2623 878 2699 sultanus
920 2623 1279 2689 Soleimanes,
1334 2627 1497 2695 idque
1545 2628 1908 2682 comitabatur
1956 2628 2019 2682 ad
2074 2644 2169 2682 zu-

549 2700 554 2706 ’
622 2728 761 2768 mam
822 2715 888 2767 ab
935 2715 1052 2784 ipso
1102 2717 1298 2774 Selime
1345 2718 1639 2782 conditam,
1689 2721 1775 2773 ubi
1824 2729 2169 2774 monumento

621 2816 719 2855 suo
754 2802 857 2855 fuit
891 2804 1096 2877 illatus.
1126 2792 1254 2859 inde
1302 2805 1641 2863 Soleima‘nes
1675 2810 1741 2861 ad
1776 2810 2034 2876 palatium
2086 2824 2167 2862 re-

622 2906 828 2956 versus,
890 2895 941 2947 in
998 2898 1246 2948 thronum
1288 2897 1691 2961 imperatorium
1747 2915 1805 2953 se
1858 2900 2163 2966 collocavit,

623 2991 677 3035 ct
725 2984 871 3052 regni
914 2984 1444 3042 administrationem
1495 2989 1811 3057 auspicatus
1862 3001 1966 3055 est,
2024 3006 2166 3045 anno

620 3074 723 3128 926
751 3074 901 3144 (Chr.
947 3076 1128 3146 1520),
1159 3077 1245 3132 die
1278 3079 1485 3134 decima
1509 3080 1735 3150 septima
1761 3083 1962 3135 mensis
1992 3083 2162 3136 Sche-

622 3168 776 3222 ltalts.
1342 3168 1343 3171 “

692 3258 886 3313 Factus
925 3259 1032 3326 jam
1085 3263 1235 3331 plene
1274 3260 1448 3316 rerum
1476 3264 1758 3319 ‘dominus
1804 3264 2152 3329 Soleimanes,

620 3347 818 3417 elapsis
852 3350 1062 3415 aliquot
1105 3352 1404 3412 mensibus.
1439 3368 1627 3406 omnes
1658 3368 1785 3406 suos
1810 3354 2008 3413 milites
2034 3368 2160 3405 con-

621 3438 806 3492 venire
835 3440 1020 3509 jussit,
1056 3449 1109 3494 et
1160 3455 1282 3494 cum
1327 3442 1406 3495 eis
1443 3458 1629 3496 versus
1683 3444 1871 3497 Albam
1919 3444 2153 3498 Graecam

619 3528 891 3597 profectus
911 3541 1013 3593 est,
1046 3546 1187 3585 anno
1218 3534 1321 3587 99.7
1368 3533 1517 3603 (Chr.
1561 3535 1737 3602 1521).

686 3620 820 3673 Cum
853 3636 1016 3688 prope
1042 3623 1149 3690 jam
1183 3625 1394 3677 abesset
1441 3624 1507 3676 ab
1528 3625 1681 3689 Alba,
1715 3628 1942 3679 vezirem
1979 3643 2155 3691 suum,

616 3712 930 3765 Achmetem
956 3715 1191 3778 bassam,
1214 3729 1336 3767 cum
1361 3714 1635 3770 [tornauiae
1653 3718 1821 3785 cepiis
1841 3721 1903 3771 ad
1924 3718 2157 3787 Burgnr-

618 3804 770 3857 delen
819 3808 895 3859 ire
940 3806 1122 3874 jussit.
1179 3808 1227 3859 ls
1292 3808 1419 3861 illuc
1454 3809 1541 3861 ubi
1576 3813 1826 3872 venisset,
1876 3813 2158 3865 tormentis

621 3895 823 3949 bellicis
858 3897 1052 3951 muenia
1085 3897 1318 3964 disjecit,
1366 3900 1587 3951 militem
1636 3901 1875 3964 immisit,
1917 3910 1970 3953 et
2012 3902 2163 3969 oppi-

622 3976 749 4038 dum
789 3987 950 4054 cepit.
976 3986 1124 4048 Multi
1153 3998 1329 4039 tamen
1366 3988 1418 4040 in
1446 3990 1564 4055 ejus
1596 3992 1989 4058 expugnatione
2023 3992 2161 4045 'l‘ur-

621 4080 666 4133 ci
700 4079 848 4129 fuere
878 4078 1151 4140 trucidati,
1177 4093 1240 4131 ac
1270 4078 1507 4130 vicissim
1540 4080 1825 4131 Aclnnctes
1866 4080 2020 4141 bassa
2054 4082 2163 4133 sul-

623 4181 747 4220 tano
806 4164 1100 4220 Soleimani
1165 4183 1425 4220 caesorum
1481 4168 1915 4221 Christianorum
1965 4169 2158 4237 capita,

622 4276 741 4313 cum
768 4259 1090 4325 quibusdam
1120 4259 1347 4324 captivis
1378 4265 1432 4311 et
1457 4258 1789 4319 vulneratis,
1823 4258 1987 4311 misit.

694 4349 997 4403 Secundum
1056 4338 1142 4402 illa
1190 4349 1353 4402 Pirim
1409 4348 1622 4403 bassam
1654 4349 1951 4416 praecedere
2004 4350 2165 4417 jussit

626 4440 983 4499 Saleimanes,
1026 4442 1117 4506 qui
1177 4440 1322 4492 Alba:
1354 4438 1552 4493 Graeca:
1601 4440 1762 4492 situm
1817 4455 1881 4492 ac
1916 4441 2167 4493 munitio-

630 4547 767 4595 nem,
818 4528 1165 4601 circumfusis
1223 4528 1414 4595 copiis,
1472 4530 1839 4595 specularetur
1888 4546 1899 4581 :

626 4638 728 4689 que
772 4620 934 4672 Pirim
978 4627 1216 4681 sccutns,
1267 4618 1577 4671 universum
1628 4618 1924 4670 exercitum
1980 4621 2169 4671 uiceni-

632 4714 727 4765 bus
767 4709 1029 4771 admovit,
1068 4718 1244 4761 castra
1280 4708 1419 4759 vallo
1452 4708 1701 4772 munivit,
1739 4716 2001 4760 tormenta
2051 4708 2169 4776 jus-

630 4803 700 4854 sit
739 4802 995 4868 expediri,
1036 4814 1221 4852 muros
1255 4813 1471 4851 eversos
1503 4797 1616 4869 solo
1647 4799 1897 4866 aequavit,
1942 4813 2005 4852 ac
2052 4809 2171 4852 tan-

608 4890 751 4943 dem
780 4891 965 4943 Albam
988 4887 1313 4956 expugnavit
1338 4888 1423 4939 die
1459 4888 1715 4941 vicesima
1749 4890 1935 4955 quinta
1969 4889 2169 4941 mensis

636 4983 973 5045 licmazanis,
1032 4994 1171 5031 anno
1230 4978 1329 5030 927
1389 4978 1539 5045 (Chr.
1604 4979 1761 5047 1521)
1816 4993 1921 5047 qua
1969 4982 2171 5051 potitus

633 5071 1159 5138 Constantinopolim
1186 5070 1361 5123 rediit.

705 5170 859 5220 Anno
893 5164 1135 5233 sequenti
1182 5164 1428 5232 proximo
1456 5162 1557 5217 9‘28
1588 5162 1738 5231 (Chr.
1774 5162 1930 5228 i522)
1964 5162 2049 5214 die
2093 5162 2170 5213 vi-

629 5258 828 5311 cesima
877 5256 1077 5309 mensis
1109 5254 1360 5317 liezcbis,
1399 5253 1594 5306 iterum
1630 5251 1965 5304 Soleimancs
2016 5265 2172 5318 cxpe-

635 5350 836 5400 ditione
880 5356 1147 5413 suscepta,
1190 5346 1376 5411 capias
1435 5343 1720 5396 universas
1771 5340 1822 5391 in
1866 5340 2169 5392 Anatoliam

636 5442 964 5501 transduxit,
996 5439 1182 5492 Rhodo
1218 5438 1417 5491 bellum
1443 5436 1710 5489 illaturus.
1743 5434 1858 5487 iam
1896 5446 2020 5488 ante
2046 5451 2173 5487 vero

635 5532 971 5600 illnstapbatn
1020 5530 1231 5582 bassam
1272 5527 1471 5594 insigni
1532 5540 1653 5579 cum
1699 5526 1869 5578 classe
1924 5519 2171 5578 Rhodum

637 5624 887 5689 lliiVigaic
938 5622 1190 5693 iusserat.
1251 5620 1363 5687 ipse
1424 5633 1544 5671 cum
1608 5617 1942 5685 pedestribus
2007 5617 2174 5684 copiis

639 5716 942 5769 Anatolium
979 5715 1274 5781 ingreSsus,
1300 5712 1349 5763 in
1388 5711 1636 5778 oppidum
1666 5709 1935 5777 quoddam
1969 5707 2171 5760 Mente-

644 5804 807 5860 siante
860 5804 1106 5870 ditionis,
1134 5804 1219 5858 cui
1275 5816 1467 5857 nomen
1493 5800 1769 5865 Mermerc,
1809 5814 1863 5854 sc
1894 5799 2123 5853 contulit
2158 5818 2170 5854 :

1954 4531 2164 4584 statim—
2196 4560 2246 4618 Β

2273 1997 2490 2061 niculis,
2528 1998 2743 2054 suﬁ‘ossi
2780 1998 2929 2054 fuere
2978 2001 3152 2063 muri,
3187 2009 3572 2053 tormentorum
3602 2012 3815 2066 quoque

2274 2089 2319 2140 vi
2363 2103 2552 2158 magna
2578 2105 2642 2144 ex
2679 2100 2829 2160 parte
2859 2092 3043 2145 diruti.
3098 2089 3432 2158 Quapropter
3457 2090 3715 2141 exhausto
3746 2090 3814 2137 la-

2273 2178 2497 2235 boribus
2537 2196 2601 2236 ac
2628 2182 2890 2237 molestiis
2928 2181 3361 2235 Christianorum
3394 2181 3661 2249 praesidio,
3694 2195 3813 2232 cum

2264 2269 2457 2342 urbem
2491 2285 2602 2324 non
2636 2272 2806 2326 multo
2834 2283 2954 2339 post
2983 2272 3037 2324 in
3072 2272 3303 2347 hostium
3332 2280 3648 2338 potestatem
3690 2286 3814 2321 ven-

2271 2370 2445 2413 turam
2496 2362 2698 2415 nemini
2745 2363 2969 2415 dubium
3009 2372 3197 2415 esset:
3252 2363 3493 2430 ipsorum
3547 2362 3811 2429 princt‘ps,

2269 2450 2702 2518 quemﬁegalon
2734 2452 2963 2505 Mastora
2995 2454 3279 2509 vocabant.
3317 2453 3562 2507 inducias
3605 2460 3807 2518 pactus,

2272 2541 2481 2592 urbem-
2535 2556 2593 2593 se
2671 2543 2978 2595 dediturum
3050 2541 3395 2609 signiﬁcavit,
3470 2540 3625 2593 modo
3687 2542 3812 2609 ἱρειε

2270 2631 2500 2684 abeumli
2547 2641 2785 2700 potestas
2808 2634 2991 2696 fieret,
3028 2634 3191 2687 salvis
3224 2633 3570 2687 facultatibus
3603 2634 3736 2695 suis,
3762 2641 3809 2685 et

2268 2721 2703 2777 Christianorum
2756 2739 2951 2777 uxores
2984 2736 3145 2793 atque
3198 2725 3351 2779 liberi
3395 2725 3525 2777 nulli
3574 2723 3807 2777 servituti

2268 2815 2728 2882 manciparemur.
2753 2816 2806 2868 in
2849 2830 2941 2867 eas
2977 2816 3320 2869 conditiones
3358 2816 3606 2868 sultanus
3640 2814 3805 2867 Solei-

2269 2920 2452 2958 manes
2489 2908 2693 2971 absque
2722 2922 2872 2959 mora
2908 2909 3203 2960 consensit.
3243 2907 3427 2973 itaque
3453 2921 3577 2959 cum
3606 2904 3806 2975 obsessi

2267 3010 2488 3049 munera
2523 2999 2736 3050 sultano
2774 2999 3043 3063 quadam,
3082 2998 3134 3050 in
3167 2998 3284 3064 ejus
3322 3006 3670 3065 conspectum
3716 2997 3805 3049 ad-

2267 3088 2440 3148 missi,
2503 3090 2851 3151 obtulissent,
2909 3103 3033 3140 cum
3093 3089 3255 3140 rebus
3314 3102 3374 3139 ac
3443 3085 3806 3147 facultatibus.

2270 3193 2388 3229 cum
2421 3178 2602 3230 liberis
2628 3187 2678 3229 el.
2711 3179 2973 3231 uxoribus
3009 3179 3124 3231 suis
3174 3192 3337 3230 naves
3361 3176 3611 3244 ingressi,
3650 3178 3805 3230 Turci

2269 3267 2455 3321 Rhodo
2491 3281 2792 3333 cesserunt,
2845 3279 2914 3323 et
2951 3271 3001 3321 in
3038 3269 3238 3322 Italiam
3273 3270 3609 3338 navigarunt.
3650 3272 3809 3333 Quot-

2264 3370 2393 3430 quot
2422 3373 2573 3415 erant
2610 3362 2661 3415 in
2710 3363 2839 3416 urbe
2881 3360 3075 3430 captivi
3104 3361 3287 3425 Turci,
3337 3362 3569 3415 libertati
3622 3361 3808 3429 pristi-

2264 3469 2345 3505 me
2371 3454 2607 3507 restituti
2650 3455 2819 3509 fuere.
2851 3456 3014 3523 Capta
3041 3469 3166 3506 vero
3194 3454 3295 3505 fuit
3324 3452 3542 3513 Rhodus
3582 3453 3669 3506 die
3704 3454 3807 3507 ier-

2268 3545 2339 3596 tio
2390 3547 2590 3598 mensis
2641 3545 2884 3607 Seﬂ'cris,
2941 3560 3081 3600 anno
3126 3544 3247 3597 9‘29.
3285 3545 3455 3597 Simul
3492 3544 3650 3597 etiam
3685 3558 3803 3595 cum

2268 3634 2457 3687 Rhodo
2508 3636 2666 3689 Turci
2717 3653 2895 3690 arcem
2943 3636 3220 3699 Stancoin,
3252 3645 3305 3689 et
3360 3633 3612 3699 Bedrum,
3649 3635 3834 3687 aliam~

2268 3740 2444 3777 arcem
2491 3725 2541 3778 in
2582 3727 2826 3779 Anatolia
2858 3728 3035 3788 sitam.
3078 3732 3129 3782 in
3158 3734 3485 3796 potestatem
3534 3726 3800 3792 rcdegere,

2271 3813 2602 3870 Soleimanes
2652 3817 2777 3871 inde
2834 3817 3352 3887 Constantinopolim
3406 3831 3655 3871 reversus
3704 3824 3803 3869 est.

2340 3904 2601 3959 Craterum
2635 3923 2738 3976 quo
2801 3916 3037 3977 tempore
3078 3909 3143 3961 ad
3174 3906 3523 3962 obsidendam
3562 3904 3801 3957 llhodum

2270 3994 2537 4060 proficisci
2597 3998 2891 4066 cogitabat,
2952 3993 3237 4050 Ferhatem
3286 3996 3498 4048 bassatn
3556 3995 3805 4046 adversus

2271 4084 2409 4136 Alim
2452 4084 2666 4152 begum,
2698 4085 2887 4140 Scachi
2925 4087 3212 4141 Suarensis
3250 4086 3443 4148 ﬁlium,
3475 4084 3568 4154 qui
3620 4098 3804 4153 peran-

2272 4174 2417 4240 tiquo
2451 4176 2712 4244 majorum
2746 4192 2967 4230 suorum
2996 4180 3115 4246 jure
3143 4176 3550 4246 Dulgadirensis
3577 4176 3806 4243 regionis

2272 4264 2377 4315 dux
2436 4276 2569 4325 erat,
2629 4280 2750 4318 cum
2804 4267 2975 4335 copiis
3006 4268 3289 4339 ablegavit.
3324 4254 3456 4322 Nam
3495 4266 3622 4319 falso
3660 4266 3806 4318 dela-

2272 4365 2356 4436 tus
2408 4357 2452 4408 is
2491 4355 2665 4409 fuerat
2711 4357 2869 4436 343
2915 4358 3053 4425 apud
3105 4359 3376 4415 sullanum
3429 4358 3803 4417 Soleimanem,

2272 4434 2323 4500 et
2357 4449 2639 4501 accedebat
2670 4449 2771 4501 alia
2803 4434 3006 4513 causa,
3040 4449 3183 4518 quod
3213 4448 3517 4504 Osmanida:
3542 4451 3803 4503 nrtniucm

2274 4541 2438 4592 veteri
2489 4548 2675 4592 natum
2713 4539 2918 4592 familia
2953 4556 3053 4593 suo
3080 4541 3130 4592 in
3164 4540 3391 4608 imperio
3423 4542 3642 4592 tolerare
3688 4554 3807 4601 pos-

2274 4641 2421 4683 sunt.
2461 4627 2558 4682 Ubi
2594 4631 2701 4697 jam
2741 4646 2905 4698 prope
2944 4630 3196 4685 Ferbates
3226 4632 3409 4683 aberat
3443 4632 3508 4682 ab
3540 4629 3647 4681 Alis
3693 4631 3804 4695 begi

2273 4720 2495 4781 ditione,
2549 4720 2807 4773 insidioso
2863 4731 2982 4773 astu
3028 4721 3303 4774 hominem
3358 4721 3425 4774 ad
3469 4736 3524 4774 se
3570 4720 3805 4787 pelle-vit.

2272 4808 2480 4878 Quippe
2517 4812 2761 4863 morbum
2802 4812 3082 4874 simulans,
3120 4811 3421 4881 signiﬁcari
3452 4809 3763 4878 bt‘ngtlSSil
3788 4855 3802 4873 ,

2274 4899 2407 4951 velle
2452 4914 2509 4952 se
2549 4906 2928 4951 testamentum
2978 4900 3230 4963 condere,
3286 4909 3446 4969 atque
3482 4900 3652 4967 ipsius
3686 4899 3804 4951 ﬁdei

2272 4990 2565 5042 exercitum
2619 4992 2975 5046 committere.
3013 4991 3126 5057 Qua
3166 4993 3436 5045 voluntate
3462 4990 3699 5045 Ferbatis
3731 4993 3809 5045 in-

2276 5080 2505 5139 tcllccta,
2562 5094 2685 5131 mox
2715 5081 2829 5134 Alis
2865 5082 3053 5150 begus,
3103 5080 3232 5132 nihil
3268 5081 3333 5135 ab
3362 5081 3659 5135 Osmanieis
3717 5097 3806 5150 pe-

2276 5170 2429 5221 t'iruli
2481 5173 2707 5234 veritus,
2749 5172 2945 5238 quibus
3000 5169 3124 5223 inde
3169 5184 3336 5238 usque
3381 5186 3408 5223 a
3441 5174 3602 5240 prima
3650 5183 3807 5223 aetate

2274 5259 2409 5314 ﬁdus
2443 5261 2554 5329 ipse
2580 5259 2773 5321 fuerat,
2809 5274 2930 5313 cum
2961 5270 3188 5328 utroque
3235 5260 3344 5314 ﬁlio
3377 5261 3579 5315 bassam
3622 5259 3797 5311 adiit:

2274 5351 2362 5416 qui
2398 5361 2449 5402 ct
2481 5357 2722 5418 patrem,
2752 5359 2803 5401 et
2840 5350 3001 5410 ﬁlios,
3046 5350 3358 5405 innocentes
3411 5349 3576 5403 occidi
3616 5347 3800 5414 jussit.

2275 5442 2385 5493 Iloc
2442 5440 2678 5492 facinore
2727 5450 2959 5508 patrato,
2993 5440 3250 5496 Ferhatcs
3285 5442 3350 5494 ad
3384 5442 3644 5495 sultanum
3702 5440 3803 5494 Su-

2276 5528 2582 5590 leiniancm,
2636 5528 2882 5583 Rhodum
2922 5532 3283 5590 obsidentem.
3336 5531 3524 5585 Rhodo
3574 5534 3799 5586 necdum

2276 5631 2450 5687 capta,
2482 5636 2729 5675 reversus
2754 5632 2855 5679 est.

2345 5712 2476 5794 Cum
2515 5725 2689 5767 autent
2725 5716 2966 5769 confecto
3002 5716 3137 5767 bello
3169 5713 3396 5779 Rhodio,
3432 5717 3805 5771 Constantino-

2278 5804 2381 5870 poli
2447 5803 2777 5859 Soicimancs
2836 5807 3049 5873 quietus
3105 5804 3355 5873 tit-geret,
3425 5807 3664 5863 Gcnizari
3723 5810 3804 5863 dt:
