3970 6348
185 518 291 583 637

1430 526 1771 588 ANNALES
1800 530 2137 592 TUllClCl.

3254 540 3359 599 6‘39

184 643 447 696 vicesimo
489 644 641 696 tertio
677 646 878 699 mensis
931 645 1155 699 llezebis
1189 646 1505 700 seditionem
1541 661 1724 699 move-
1750 648 1795 701 Α
1823 661 1945 714 pars
1986 655 2279 700 corruerat.
2330 642 2401 700 ss
2447 662 2504 702 re
2539 649 2794 717 perfecta,
2831 650 3021 704 subito
3064 666 3184 707 cum
3237 656 3365 708 nive

181 742 337 797 runt,
375 742 427 785 et
478 732 685 801 Aigasis
740 734 926 799 bassae,
981 736 1325 802 supremique
1379 735 1725 799 thesanrarii.

179 823 561 878 Abdusclamis
591 823 734 878 aedes
760 838 1097 893 expugnatas
1129 825 1486 894 diripuerunt.
1521 826 1725 879 Postri-

180 915 313 979 die,
365 915 452 982 qui
493 914 735 970 Met-curii
779 914 894 969 dies
937 924 1090 975 erat.
1148 926 1304 968 noctu
1352 915 1631 969 lhrahimis
1664 930 1726 968 ac

179 1007 481 1073 Mnstaphm
538 1009 811 1059 bassarum
864 1006 1050 1059 domos
1109 1006 1292 1058 itidem
1362 1005 1598 1058 adhibita
1674 1005 1722 1061 vi

178 1111 465 1163 aperuere:
517 1098 608 1150 sed
665 1113 727 1151 ea
782 1112 927 1150 cum.
961 1080 1358 1159 moderatione,
1416 1097 1612 1151 nullam
1668 1106 1726 1150 ut

179 1187 311 1240 inde
350 1185 580 1254 praedam
608 1185 900 1240 auferrent.
920 1186 1223 1252 Composito
1256 1187 1483 1253 denique
1514 1186 1727 1254 geniza-

178 1290 368 1329 rorum
398 1274 624 1328 tumultu
650 1312 665 1335 .
695 1274 1027 1350 Soleimanes
1058 1278 1109 1328 in
1144 1274 1430 1343 ngariam
1462 1275 1723 1342 proﬁcisci

177 1365 409 1420 statuit:
447 1375 500 1417 et
525 1364 759 1419 collectis
791 1365 1136 1439 quiquaginta
1163 1367 1241 1420 vel
1286 1367 1558 1435 sexaginta
1606 1367 1725 1419 mil-

178 1456 331 1515 libus
387 1466 756 1519 armatorum,
792 1458 1072 1524 _pontibus
1135 1455 1371 1517 Savum,
1430 1456 1675 1508 'Dravnm
1702 1496 1717 1514 .

182 1548 578 1615 Danuliiunque
630 1547 847 1601 (lumina
894 1534 1197 1615 junxitaet
1222 1547 1541 1619 Varadinpm
1578 1545 1721 1600 Perri

175 1654 305 1692 cum
338 1638 456 1692 aliis
489 1639 620 1692 locis
666 1639 888 1693 munitis
937 1639 1256 1707 occupavit,
1305 1637 1503 1691 Budam
1554 1637 1721 1704 ipsam

175 1743 303 1783 cum
338 1728 575 1783 exercitu
611 1718 889 1795 petiturus.
929 1728 998 1781 Ea
1032 1712 1351 1791 Soleimaujs
1382 1729 1717 1797 expeditione

176 1820 421 1886 cognita,
451 1834 509 1872 se
535 1835 745 1888 quoque
777 1836 864 1872 rex
901 1819 1147 1886 ngarus
1177 1822 1241 1873 ad
1269 1813 1463 1874 bellum
1495 1821 1720 1885 paravit;

175 1916 231 1960 et
270 1922 396 1960 cum
444 1907 612 1961 milite
649 1922 766 1973 suo,
809 1908 898 1975 qui
942 1907 1083 1962 ferro
1123 1918 1266 1961 totus
1304 1918 1544 1961 armatus
1570 1918 1717 1973 erat,

175 1996 401 2051 obvium
436 2010 494 2050 se
538 1996 748 2051 sultano
794 1997 1086 2064 Soleimani
1133 1997 1297 2051 dedit.
1346 1996 1439 2051 Die
1487 1998 1719 2066 quodam

176 2084 474 2147 Mercurii,
523 2088 668 2140 circa
734 2075 943 2156 tempus
1000 2088 1203 2153 Ikindi,
1266 2088 1522 2157 urrinque
1571 2097 1721 2142 tanto

174 2184 575 2234 concurrerunt
597 2180 867 2234 exercitus
899 2182 1118 2248 impetu,
1162 2182 1326 2235 multa
1358 2191 1410 2235 ut
1442 2181 1715 2233 hominum

173 2272 347 2325 millia
397 2271 464 2325 ab
513 2283 734 2340 utraque
788 2282 937 2340 parte
980 2288 1116 2327 caesa
1165 2273 1452 2336 caderent,
1506 2273 1720 2341 plurimi

174 2364 610 2416 vulnerarentur.
642 2361 740 2415 Diu
774 2370 1063 2431 pugnatum
1095 2377 1215 2416 cum
1246 2362 1467 2423 fuisset,
1506 2360 1715 2413 tandem

175 2466 359 2507 tamen
394 2452 565 2506 victus
599 2468 691 2507 rex
734 2452 1003 2518 Ungarus,
1035 2453 1195 2507 etiam
1225 2453 1335 2521 ipse
1365 2451 1542 2519 periit.
1573 2450 1721 2503 Actis

172 2556 361 2598 autem
394 2545 447 2596 in
478 2543 661 2619 fugam
692 2543 917 2613 Ungaris
940 2582 955 2606 ,
1003 2542 1162 2597 Turci
1196 2545 1398 2597 hostem
1433 2543 1721 2610 persecuti,

174 2634 641 2709 multaripsorum
689 2636 851 2687 millia
901 2636 1039 2688 inter
1090 2635 1397 2703 fugiendum
1446 2634 1720 2686 contruci«

172 2728 393 2778 darunt.
447 2725 777 2779 Soleimaues
829 2739 884 2778 re
927 2726 1057 2778 bene
1109 2733 1293 2793 gesta,
1344 2724 1544 2778 [ludam
1594 2738 1719 2777 suos

172 2815 366 2879 duxit,
407 2822 459 2867 et
493 2814 622 2868 urbe
661 2814 775 2868 sine
804 2815 1063 2882 sanguine
1098 2814 1299 2883 potitus
1336 2822 1448 2878 est,
1483 2813 1720 2879 cujusvis

175 2922 346 2958 sexus
368 2916 418 2957 et
444 2907 615 2958 :etatis
666 2905 970 2957 hominibus
1002 2905 1056 2957 in
1100 2906 1409 2959 servitutem
1445 2904 1672 2958 redactis
1696 2945 1710 2969 ,

172 3011 322 3052 anno
362 2995 465 3050 9'52
514 2996 641 3049 Chr.
690 2994 891 3062 (1526).
944 2994 1071 3048 Post
1119 3008 1432 3063 oicupatam
1479 2994 1717 3057 Budam,

173 3102 429 3143 reversus
459 3096 541 3140 est
570 3085 1023 3156 Hadrianopolim,
1059 3094 1111 3140 et
1140 3088 1205 3139 ad
1239 3094 1451 3155 tempus
1503 3086 1718 3154 aliquod

172 3193 231 3233 se
258 3177 430 3246 quieti
460 3177 626 3231 dedit.

244 3265 376 3319 Erat
430 3275 555 3318 tunc
612 3264 826 3331 quidam
880 3266 931 3318 in
982 3266 1246 3328 Anatolia,
1312 3266 1404 3335 qui
1460 3264 1720 3319 Calemler

171 3356 388 3423 Zelebis
438 3356 837 3425 appellabamr,
884 3371 951 3411 ex
982 3356 1181 3411 familia
1213 3356 1431 3412 ChaziS'
1456 3356 1714 3412 Bectasis.

168 3449 373 3509 Colunt
400 3457 576 3501 autem
610 3446 768 3517 Turci
799 3447 1015 3502 Chazim
1058 3448 1355 3510 Bectasem,
1403 3464 1499 3501 ceu
1528 3449 1707 3522 divum

170 3540 489 3609 quemdam,
508 3549 669 3609 atque
693 3539 851 3594 etiam
887 3542 1155 3594 invocant.
1182 3539 1278 3593 llic
1309 3554 1434 3607 ergo
1456 3539 1716 3591 Calentlcr

170 3632 386 3691 Zelebis
443 3632 704 3687 seditione
764 3637 939 3696 mota,
996 3647 1114 3684 cum
1178 3646 1281 3683 non
1339 3646 1529 3698 magno
1586 3627 1714 3682 Der-

173 3726 440 3779 visiorum
478 3739 722 3789 numero,
758 3722 1044 3791 Sangiacos
1077 3722 1283 3791 aliquot
1315 3720 1447 3775 fudit
1469 3761 1482 3781 ,
1516 3730 1567 3773 et
1599 3720 1715 3772 uni-

168 3832 386 3873 versam
421 3814 725 3869 Anatoliam
756 3815 817 3868 ad
861 3830 1005 3867 arma
1036 3814 1342 3867 concitavit.
1376 3812 1708 3866 Solcimaues

168 3916 395 3975 accepto
429 3916 604 3960 motus
632 3906 854 3972 hujusce
887 3906 1096 3965 nuntio,
1125 3904 1441 3957 lbrahimem
1477 3904 1711 3965 bassam,

170 3998 367 4066 insigni
410 4012 532 4050 cum
576 3997 836 4060 exercitu,
883 3995 1047 4056 misit,
1102 3994 1178 4046 uti
1224 3993 1565 4047 Calenderctn
1610 3992 1711 4046 Ζέ-

169 4089 330 4143 lebim
393 4088 537 4141 bello
588 4101 914 4155 aggressus,
987 4085 1040 4140 in
1123 4086 1363 4139 ordinem
1417 4083 1702 4150 redigeret.

170 4180 469 4237 lbrahimes
502 4178 849 4235 Calenderem
878 4191 998 4242 cum
1028 4175 1197 4243 cepiis
1225 4182 1524 4236 assecutus,
1576 4189 1707 4242 prac<

167 4272 297 4324 lium
332 4271 481 4324 iniit:
500 4257 935 4339 quoditnicatum
957 4267 1023 4320 ah
1050 4275 1272 4333 utraque
1300 4274 1448 4334 parte
1474 4264 1704 4329 fertiter,

165 4378 228 4417 eo
281 4372 461 4416 tamen
524 4370 761 4425 eventu,
806 4360 1069 4413 Caleuder
1122 4370 1180 4411 ut
1257 4357 1372 4427 ipse
1426 4372 1524 4413 sua
1585 4372 1707 4410 cum

169 4454 406 4507 factione
438 4453 611 4506 vietus
637 4453 999 4519 occumberet.

230 4542 560 4611 Compositis
606 4542 865 4603 Anatolice
913 4541 1120 4603 turbis,
1173 4540 1237 4594 ad
1292 4539 1448 4593 aliam
1505 4552 1563 4591 se
1614 4537 1711 4591 So-

1828 735 1995 802 frigus
2026 736 2159 788 adeo
2190 736 2474 790 vehemens
2497 737 2699 798 incidit,
2728 749 2783 790 ut
2809 738 2857 792 ei
2885 721 3159 792 tolerando
3188 754 3364 807 neque

1828 826 2045 889 milites,
2082 842 2252 895 neque
2279 828 2522 902 jumenta
2544 827 2864 882 sullicercnt.
2891 826 3118 896 l‘deoque
3143 829 3368 882 destitu-

1828 924 1913 968 tus
1955 919 2097 967 omni
2141 930 2233 984 spe
2262 914 2465 971 Vienna
2488 918 2746 980 potiundi.
2775 917 3112 971 obsidionem
3162 918 3368 972 solvere

1825 1015 2042 1060 coactus
2084 1007 2224 1061 fuit:
2269 1006 2851 1075 etConstantinopolim
2894 1022 3143 1062 reversus
3172 1009 3236 1061 ad
3269 1011 3368 1061 ali-

1824 1092 1967 1161 quod
1998 1104 2207 1161 tempus
2242 1109 2270 1147 a
2304 1095 2455 1147 bellis
2480 1094 2754 1148 abstinuit.
2788 1094 2945 1149 Gesta
2981 1111 3111 1150 vero
3148 1095 3365 1150 fuerunt

1825 1184 1937 1236 haec
1969 1198 2108 1235 anno
2154 1184 2257 1237 955
2287 1184 2438 1255 (Chr.
2475 1184 2653 1254 1529).

1896 1275 2027 1327 Dum
2070 1275 2534 1343 Constantinopoli
2584 1276 2802 1344 quietus
2864 1276 3064 1340 hteret,
3126 1274 3367 1330 invitatis

1828 1382 2016 1435 magna
2042 1367 2379 1420 solemnitate
2402 1366 2573 1421 bassis
2601 1365 2851 1419 omnibus
2875 1375 2927 1419 et
2948 1367 3282 1435 proceribus,
3310 1375 3365 1419 et

1824 1469 2126 1512 exterormn
2180 1458 2481 1526 principum
2551 1457 2777 1525 legatis,
2852 1458 3100 1525 omnique
3164 1471 3357 1525 genere

1824 1549 2249 1617 spectaculorum
2281 1547 2333 1602 in
2356 1547 2677 1602 Atmindane
2712 1546 3167 1615 Constantinopoli
3209 1547 3366 1601 exhi-v

1825 1642 1955 1707 bitu,
2016 1641 2150 1694 tilios
2176 1656 2336 1704 suos,
2385 1640 2655 1692 sultanum
2717 1638 3036 1714 Mustapha,
3082 1639 3357 1691 sultanum

1824 1729 2203 1784 Muchemctent
2232 1769 2246 1793 ,
2290 1739 2341 1783 et
2388 1729 2657 1782 sultanum
2716 1727 2968 1781 Solimetu
3041 1726 3358 1781 circumcidi

1824 1818 2072 1883 curavit,
2105 1833 2246 1872 anno
2279 1820 2382 1874 938
2414 1818 2561 1887 (Chr.
2595 1816 2775 1885 1552).

1810 1944 1817 1947 ι
1893 1908 2088 1962 Eodem
2140 1924 2280 1962 anno
2338 1909 2536 1963 mensis
2591 1907 2907 1963 Remasanis
2960 1907 3049 1961 die
3102 1905 3357 1961 vicesimo

1822 2007 2032 2063 octavo,
2058 1998 2517 2068 Constantinopoli
2548 1985 2830 2064 discessit,
2880 1998 3131 2069 Hispano.
3160 1995 3358 2049 bellum

1823 2089 2089 2142 illaturus.
2142 2088 2382 2156 Cumque
2456 2088 2790 2158 pervenisset
2867 2088 2919 2140 in
2985 2085 3359 2148 Alamaniam,

1821 2179 2046 2233 duorum
2080 2178 2338 2232 mensium
2371 2179 2543 2246 spatio
2583 2179 2766 2247 copias
2802 2177 2927 2230 hinc
2973 2177 3089 2229 inde
3123 2176 3360 2228 circum-

1822 2274 2005 2337 duxit,
2040 2272 2178 2326 ferro
2204 2280 2256 2325 et
2290 2271 2395 2341 igni
2423 2278 2611 2324 cuncta
2642 2280 2853 2325 vastans
2883 2278 3039 2334 atque
3070 2266 3346 2334 diripiens.

1820 2367 2012 2419 Nullus
2058 2381 2088 2418 a
2131 2363 2447 2418 Christianis
2492 2363 2767 2434 oppositus
2808 2360 2857 2415 ei
2904 2359 3001 2413 fuit
3048 2358 3352 2419 exercitus,

1822 2472 2087 2526 nusquam
2120 2470 2303 2510 eorum
2336 2463 2634 2523 conspecta:
2665 2454 2835 2515 acies,
2869 2445 2936 2506 ab
2966 2460 3193 2518 utroque
3219 2448 3358 2502 dun.

1823 2556 1967 2601 taxat
1992 2548 2157 2601 latere
2185 2544 2506 2599 Soleimanis
2535 2544 2748 2613 agmina
2778 2542 3099 2610 carpebant,
3130 2554 3192 2593 ac
3220 2537 3360 2591 mul-

1822 2647 1904 2691 tos
1962 2638 2286 2706 interceptos
2339 2636 2420 2689 vel
2473 2634 2829 2695 occidebant,
2893 2631 2972 2686 vel
3022 2629 3361 2684 abducebant

1818 2724 2075 2791 captivos.
2107 2723 2246 2777 Misit
2274 2733 2448 2777 autem
2475 2723 2717 2776 sultanus
2747 2719 3099 2780 Soleimanes,
3131 2717 3353 2769 ductore

1818 2814 2022 2867 Casatte
2057 2814 2307 2876 Vaivoda.
2333 2816 2423 2883 qui
2461 2812 2735 2868 Michaelis
2784 2811 2903 2881 begi
2938 2810 3077 2863 ﬁlius
3109 2817 3254 2868 erat,
3302 2816 3357 2860 et

1824 2904 2075 2969 Vaivoda,
2103 2905 2381 2973 duodecim
2415 2906 2575 2958 millia
2611 2906 2859 2967 militum,
2890 2903 3152 2973 adjuuctis
3181 2902 3351 2955 eidem

1790 2995 2106 3065 Acauziis,
2160 2996 2251 3065 qui
2305 2997 2550 3065 regiones
2599 2996 2715 3049 illas
2746 2992 3247 3049 ulteriusincendiis
3302 3000 3356 3044 et

1819 3088 2019 3156 rapinis
2075 3087 2563 3154 depopularentur,
2626 3097 2784 3154 atque
2841 3086 3038 3139 incolas
3106 3081 3352 3137 servituti

1822 3180 2158 3249 mancipatus
2178 3178 2467 3247 aliigerent.
2492 3176 2641 3242 Quod
2667 3191 2787 3228 cum
2807 3176 2880 3229 illi
2905 3175 3157 3237 facerent,
3175 3174 3352 3242 opima

1822 3271 1973 3338 petiti
2008 3271 2156 3324 fuere
2187 3268 2383 3337 praeda.
2429 3267 2623 3321 Verum
2652 3267 2708 3321 in
2738 3266 2910 3320 reditu
2958 3264 3090 3318 forte
3137 3263 3351 3317 fortuna

1820 3369 1872 3420 in
1903 3365 2327 3422 Christianorum
2360 3354 2592 3419 incidere
2616 3361 2823 3430 copias,
2854 3375 2973 3414 cum
3003 3359 3195 3428 quibus
3226 3356 3351 3413 licet

1822 3457 2081 3511 acerrime
2106 3454 2420 3508 dimicarent
2448 3493 2463 3517 ,
2485 3468 2545 3505 ac
2578 3452 2786 3505 fortiter
2816 3451 2955 3503 hosti
2997 3449 3307 3503 resisterent
3332 3490 3347 3512 ,

1820 3548 2026 3600 tandem
2048 3543 2302 3600 tamenfad
2323 3543 2757 3605 internecionem,
2781 3540 2942 3611 3M
2959 3539 3145 3607 majori
3164 3540 3350 3592 saltem

1816 3654 1877 3691 ex
1910 3648 2232 3706 parte,,cum
2264 3635 2380 3703 ipso
2406 3632 2611 3684 Casane
2675 3628 2927 3696 Vaivoda,
2955 3633 3074 3683 cassi
3102 3630 3353 3698 captique

1819 3730 2052 3783 luerunt.
2085 3729 2147 3783 Et
2180 3732 2394 3799 quando
2418 3730 2525 3799 jam
2559 3731 2729 3783 luems
2788 3724 3105 3795 appetebat,
3150 3730 3353 3774 mutato

1819 3821 2153 3876 Soleimanes
2189 3823 2413 3888 itinere,
2468 3819 2985 3888 Constantinopolim
3033 3814 3210 3869 rediit:
3257 3813 3348 3866 ubi

1812 3928 1934 3968 cum
1967 3913 2029 3965 ad
2064 3922 2270 3979 tempus
2304 3913 2527 3979 aliquod.
2554 3914 2871 3978 quiesceret,
2905 3910 3118 3962 sultano
3148 3905 3345 3959 Musta-

1814 4002 1929 4069 pltze
1955 4001 2059 4051 tilio
2085 3998 2370 4053 Manissatn
2415 4000 2676 4065 attribuit,
2704 4014 2843 4051 anno
2867 3998 2967 4052 958
2992 3996 3137 4065 (Chr.
3168 3993 3345 4063 l532).

1881 4090 2088 4144 Interea
2118 4105 2243 4144 vero
2288 4090 2414 4143 dum
2452 4090 2864 4157 aberatpercgre
2896 4089 3137 4143 sultauus
3167 4087 3337 4141 Solei-

1815 4179 2019 4249 manes,
2042 4184 2100 4239 in
2130 4183 2402 4236 Alamania
2457 4182 2651 4236 bellqu
2689 4196 2897 4251 gerens,
2930 4195 3213 4249 supremus
3256 4178 3348 4232 lli-

1813 4274 1964 4341 spani
1986 4274 2175 4329 classis
2202 4271 2499 4341 praefectus,
2526 4272 2769 4332 Andreas
2790 4269 2968 4328 Doria.
2988 4284 3112 4333 cum
3144 4266 3347 4333 Megale

1813 4362 2044 4417 Mastore
2064 4403 2079 4427 ,
2124 4364 2214 4431 qui
2248 4361 2623 4431 superioribus
2648 4361 2805 4414 anuis
2846 4358 3035 4426 Rhodo
3066 4368 3299 4408 cesserat
3328 4394 3344 4415 ,

1812 4455 2106 4521 corrogatis
2128 4461 2443 4516 catteuorum
2474 4467 2685 4521 quoque
2712 4451 3010 4520 principum
3042 4446 3343 4499 ltalicormn

1817 4541 2053 4606 auxiliis,
2086 4557 2332 4610 magnam
2366 4542 2499 4595 mari
2529 4544 2757 4596 classem
2794 4539 3012 4602 eduxit,
3043 4553 3145 4607 qua
3181 4550 3347 4590 naves

161 4634 423 4695 lcimanes
472 4616 863 4702 expedilionem
905 4634 1142 4702 paravit,
1200 4632 1479 4701 Ungariam
1522 4646 1706 4685 rursus
1738 4652 1781 4704 ο
1811 4632 2198 4702 quinquaginta
2249 4632 2501 4700 majores.
2560 4640 2612 4685 et
2663 4630 3045 4699 quinquaginta
3102 4628 3348 4706 triremes

162 4728 475 4791 invasurus:
511 4725 735 4793 ideoque
766 4726 985 4779 militem
1008 4766 1023 4788 ,
1062 4723 1347 4793 publicatis
1382 4724 1600 4788 edictis,
1633 4722 1699 4775 ad

161 4815 349 4868 Albam
399 4813 639 4867 Graecam
682 4815 970 4870 convenire
1007 4814 1205 4885 jussit,
1246 4829 1353 4877 quo
1398 4812 1611 4881 quidem
1654 4822 1708 4865 et

162 4904 274 4973 ipse
304 4920 364 4958 se
402 4905 667 4958 contulit.
691 4904 889 4959 [ludam
933 4908 1052 4958 inde
1088 4912 1449 4972 perrecturus.
1513 4902 1703 4955 lloe’iu

162 4985 354 5053 itinere
380 4997 507 5051 dum
541 5006 705 5060 esset,
737 4996 929 5051 Erdelii
965 4997 1141 5050 nanus
1170 4995 1232 5052 ad
1264 5011 1381 5048 eum
1412 4993 1575 5057 venit,
1609 4992 1705 5046 de-

161 5090 391 5159 latisque
414 5090 528 5145 suis
569 5088 836 5157 obsequiis
856 5131 868 5152 ,
901 5088 1220 5143 Soleimanis
1248 5087 1469 5154 imperio
1498 5102 1555 5139 se
1582 5086 1708 5140 sub-

162 5184 328 5245 misit,
364 5197 487 5235 cum
520 5191 573 5234 et
605 5196 825 5234 munera
858 5197 1037 5236 secum
1070 5182 1231 5234 ferret
1262 5182 1614 5249 amplissima,
1656 5192 1708 5234 et

163 5290 378 5330 manum
409 5274 529 5342 ejus
558 5274 985 5328 exoscularetur.
1036 5273 1163 5339 Quae
1194 5273 1409 5341 quidem
1457 5286 1543 5325 res
1572 5271 1707 5324 adeo

163 5376 310 5436 grata
366 5363 655 5420 Soleimani
710 5365 938 5426 accidit.
996 5376 1053 5418 ut
1103 5379 1222 5416 cum
1284 5378 1402 5414 mox
1466 5361 1707 5429 Ungarire

165 5474 341 5525 regem
395 5466 622 5511 crearet.
675 5453 982 5509 Secundum
1036 5457 1125 5510 illa
1174 5454 1374 5507 Bmlam
1428 5453 1704 5519 prolectus

162 5560 276 5615 cst,
328 5565 436 5617 qua
487 5556 782 5616 occupata,
827 5544 1087 5600 Viennam
1138 5544 1429 5599 contendit.
1480 5540 1553 5592 Eo
1582 5557 1703 5592 cum

164 5643 517 5708 pervenisset,
549 5639 799 5697 Germani
827 5678 841 5701 ,
887 5638 977 5706 qui
1040 5655 1099 5692 se
1156 5639 1293 5691 intra
1326 5636 1520 5689 mmuia
1552 5642 1700 5685 tene-

166 5733 307 5797 bant,
334 5734 521 5786 urbem
563 5732 973 5788 eommuuiere:
1020 5746 1177 5797 quam
1219 5730 1472 5783 Sullanus
1544 5725 1704 5785 Solei:

166 5838 347 5889 manes
376 5825 660 5879 tormentis
686 5821 891 5877 bellicis
915 5821 977 5874 ad
1008 5822 1189 5891 viginti
1216 5820 1330 5874 dies
1359 5816 1701 5886 oppugnavit,

168 5915 297 5981 actis
330 5913 491 5972 ctiam
521 5915 705 5973 subter
732 5928 913 5969 muros
954 5910 1250 5978 colliculis,
1296 5910 1461 5965 donec
1503 5922 1685 5961 eorum

1809 4723 2241 4776 continebantur.
2271 4719 2338 4774 Et
2367 4730 2517 4775 erant
2550 4721 2601 4774 iu
2634 4721 2717 4774 his
2743 4721 2971 4773 militum
2996 4718 3059 4769 ad
3084 4716 3347 4781 quinqua-

1807 4815 1949 4883 ginta
1980 4813 2164 4865 millia.
2198 4810 2315 4876 Quo
2344 4828 2465 4865 cum
2516 4814 2751 4867 exercitu
2797 4809 3025 4863 Moream
3074 4803 3346 4871 inopinato

1810 4904 1981 4955 adorti
2014 4904 2185 4971 primo
2228 4902 2494 4955 Coronam
2538 4902 2722 4953 urbem
2773 4914 2897 4955 cum
2948 4911 3090 4960 arce,
3149 4893 3345 4947 deinde

1809 4993 2039 5051 insulam
2074 4993 2222 5056 Balu,
2252 5004 2303 5047 ct
2330 4991 2557 5045 Badram
2591 4992 2885 5060 oppidum,
2925 4987 3192 5044 cum'aliis
3222 4986 3342 5056 qui-

1811 5084 2035 5137 busdam
2065 5082 2297 5137 castellis
2324 5090 2625 5151 ceperunt:
2660 5089 2714 5135 et
2768 5082 3023 5133 immissis
3075 5080 3125 5130 iu
3176 5080 3344 5145 ipsam

1809 5172 2078 5241 regionem
2110 5174 2444 5241 pedestribus
2474 5170 2921 5238 equestribusque
2970 5168 3140 5235 capiis
3163 5205 3179 5229 ,
3216 5168 3338 5217 uui-

1810 5280 2018 5318 versant
2047 5263 2350 5332 depopulati
2380 5272 2526 5328 sunt,
2578 5262 2772 5332 ingenti
2825 5254 3347 5320 marium,'femina-

1816 5372 1953 5417 rum,
1986 5369 2380 5424 puerorumque
2410 5353 2749 5408 multitudine
2773 5363 2952 5405 secum
2980 5347 3031 5399 in
3062 5345 3345 5414 captivita-

1812 5460 1917 5502 tem
1949 5449 2198 5501 ahduCta.
2788 5498 2791 5501 η

1880 5538 2258 5605 Superioribus
2294 5535 2449 5588 anuis
2484 5534 2700 5603 quidam
2743 5545 2899 5590 natus
2941 5532 2993 5586 in
3025 5530 3196 5585 insula
3245 5528 3343 5581 lli-

1810 5634 2001 5701 tyh-ne,
2057 5630 2142 5682 cui
2203 5641 2392 5680 nomen
2422 5626 2791 5689 Chairadines,
2834 5622 3345 5699 insigniter-navalis

1808 5722 2008 5775 militia:
2062 5720 2266 5787 peritus
2328 5724 2571 5770 evaserat
2601 5732 2618 5769 :
2654 5731 2716 5771 ac
2766 5718 3040 5786 piraticam
3084 5728 3345 5766 exercens

1810 5811 2077 5867 multoties
2131 5807 2262 5860 mari
2311 5821 2431 5861 cum
2483 5805 2801 5859 Christianis
2854 5803 3181 5859 conﬂixerat.
3244 5799 3343 5855 Ubi

1806 5905 1915 5973 jam
1939 5916 2049 5973 rem
2072 5898 2309 5963 fecisset,
2341 5910 2499 5955 naves
2521 5895 2720 5965 aliquot
2751 5895 3033 5961 instruxit;
3068 5892 3340 5948 adiuncto-
