3970 6348
582 451 688 512 639

1822 460 1861 515 Α
1876 459 2170 518 NNALES
2204 460 2529 553 TIUBCICI.

3658 458 3761 519 ΜΟ

583 580 689 629 quc
731 565 827 614 sibi
877 566 1119 618 smiuiitio
1152 568 1503 634 quorunnlam
1556 554 1892 641 egregiorum
1940 574 2109 626 homi-
2144 581 2185 635 Α
2216 574 2401 644 begus,
2446 575 2637 626 bellum
2673 573 2842 626 intulit
2880 588 3088 640 :eoqu':
3120 575 3455 640 interemit“).
3506 571 3758 624 ἀῖῑίυιινηι

582 646 730 715 rrum,
758 665 815 706 et
848 656 1076 707 neminis
1100 658 1432 711 addietorum
1478 661 1698 727 imperio
1724 703 1738 724 ,
1772 678 1891 715 cum
1931 664 2120 716 iisdem

582 744 636 797 in
663 744 972 800 Barbariam
1004 747 1294 816 profectus,
1328 749 1509 803 urbem
1535 751 1802 806 Cesairem
1825 754 2121 821 occupavit,

561 825 639 887 iac
672 836 787 891 sibi,
808 838 1057 891 retinuit.
1288 897 1293 906 ,

651 925 765 988 Qua
795 926 1008 993 quidem
1045 944 1097 980 re
1128 924 1352 982 feliciter
1380 930 1620 983 conferta
1646 973 1659 993 ,
1694 947 1784 997 per
1819 935 2120 987 universam

580 1013 781 1066 Italiam
816 1032 1004 1069 nomen
1037 1018 1203 1083 ipsius
1237 1020 1529 1076 inclaruit:
1555 1022 1887 1091 inditumqne
1930 1024 2026 1077 fuit
2072 1026 2120 1077 ei

579 1118 872 1171 cognomen
897 1107 963 1159 ab
994 1106 1153 1171 Italis,
1192 1110 1267 1163 uti
1294 1111 1447 1176 vulgo
1478 1110 1798 1165 Barbarossa
1830 1115 2119 1169 diceretur.

578 1191 716 1253 Idem
751 1199 1035 1259 quotannis
1061 1200 1273 1252 sultano
1302 1201 1486 1253 Selimi
1509 1210 1561 1255 et
1582 1202 1864 1257 Soleimuui
1900 1220 2120 1259 munera

576 1286 815 1350 qureilam
854 1289 1176 1345 missitahat.
1227 1290 1465 1356 Quorum
1518 1292 1691 1359 alter,
1747 1294 2118 1363 Soleimanes,

576 1374 672 1447 viri
708 1376 942 1439 virtute,
1001 1396 1286 1448 rerumque
1334 1393 1605 1451 gestarum
1664 1384 1803 1437 fama
1859 1389 2112 1455 cognita,

576 1466 754 1520 missis
783 1467 987 1537 legatis,
1013 1470 1254 1534 invitarit
1276 1472 1543 1527 hominem
1581 1477 1654 1529 uti
1686 1477 1751 1530 ad
1784 1493 1841 1532 se
1889 1480 2114 1533 veniret.

574 1552 927 1613 Cliairadines
952 1557 1146 1613 idoneo
1173 1561 1374 1616 Cesairi
1406 1565 1655 1634 prasidio
1682 1566 1953 1633 imposito,
1977 1578 2116 1622 stre-

579 1655 919 1711 nuorumque
952 1648 1190 1701 virorqu
1219 1688 1234 1712 ,
1282 1660 1334 1704 et
1372 1653 1470 1705 sibi
1508 1654 1959 1708 amicissimorum
1992 1655 2114 1710 fidei

576 1731 789 1787 civitate
816 1728 1048 1801 credita,
1078 1740 1323 1796 triremes
1355 1743 1560 1812 aliquot
1588 1746 1757 1798 milite
1803 1747 2108 1812 complevit,

570 1831 624 1874 et
646 1823 1166 1901 Constantinopolim
1200 1831 1466 1897 profectus
1502 1844 1604 1887 est.
1631 1834 1705 1888 Eo
1723 1852 1844 1888 cum
1873 1837 2110 1904 appulis-

2226 663 2395 731 ipsius
2418 664 2467 715 in
2489 648 2802 731 potestatein
2823 665 3042 732 redegit.
3069 664 3137 717 Ea
3163 679 3215 715 re
3238 663 3450 717 sultano
3467 662 3756 715 Soleimani

2224 755 2492 816 nuntiata,
2522 748 2827 823 supremum
2856 755 3079 807 vezirem
3106 768 3282 817 suum,
3316 754 3609 805 lhahimem
3637 753 3761 806 bas-

2222 860 2358 912 sam,
2380 848 2468 913 qni
2491 846 2629 914 apud
2652 846 2925 900 sultanum
2952 861 3173 901 summa
3200 844 3535 899 auctoritatis
3563 854 3675 898 erat
3702 853 3757 897 et

2222 936 2503 1004 potentias,
2537 951 2700 1004 supra
2730 935 2915 990 bassas
2948 950 3011 989 ac
3044 937 3246 989 vezires
3288 951 3475 989 omnes
3510 946 3755 997 evectus,

2220 1027 2380 1094 idque
2406 1041 2595 1079 nomen
2627 1026 2692 1079 ab
2712 1040 2776 1081 eo
2797 1034 3137 1090 consecutus,
3180 1037 3235 1079 ut
3261 1024 3359 1078 Ser
3385 1025 3547 1078 Aliter
3566 1025 3760 1079 sultaui

2223 1116 2606 1179 nominaretur,
2640 1115 3098 1183 Constantinopoli
3149 1116 3409 1178 ablegavit
3441 1116 3491 1167 in
3555 1119 3761 1168 Anato-

2218 1205 2365 1268 liam,
2392 1217 2442 1259 et
2465 1206 2740 1259 Romaniae
2764 1205 3129 1274 Anatoliaeque
3151 1206 3318 1274 copiis
3351 1204 3608 1273 praefecit:
3638 1220 3757 1256 cum

2218 1297 2411 1364 quibus
2444 1297 2531 1350 ille
2562 1297 2853 1362 Chalepum
2887 1297 3033 1350 adiit.
3071 1308 3124 1349 et
3151 1297 3273 1350 inde
3311 1296 3753 1350 Carachemidam
3798 1340 3801 1343 λ

2220 1386 2469 1453 perrexit.
2506 1384 2618 1439 Huc
2650 1386 2736 1440 ubi
2763 1387 3014 1449 venisset,
3042 1384 3287 1441 Ulmnam
3322 1389 3511 1454 hegum
3554 1389 3758 1454 ιπειηί-

2218 1478 2291 1527 sit
2323 1476 2376 1528 in
2405 1474 2675 1529 Parthiam
2701 1515 2716 1538 ,
2748 1476 2842 1545 qui
2875 1476 2980 1529 dux
3016 1476 3219 1529 itineris
3250 1485 3613 1543 essetratque
3645 1475 3757 1543 ipse

2216 1566 2462 1631 vestigiis
2495 1566 2639 1619 illius
2694 1565 2982 1630 inhaerens,
3013 1582 3042 1619 a
3076 1575 3218 1635 tergo
3241 1574 3458 1621 secutus
3483 1577 3587 1649 est,
3617 1580 3757 1620 anno

2214 1653 2307 1707 9M
2341 1653 2488 1722 (Chr.
2520 1655 2700 1723 1535).

2288 1743 2398 1797 Hoc
2431 1746 2589 1799 modo
2620 1747 2929 1799 continuata
2959 1745 3310 1815 profectione,
3352 1747 3570 1801 nemine
3618 1747 3757 1801 tesi.

2213 1842 2407 1897 stente,
2468 1834 2769 1891 Tehrisium
2827 1837 2900 1908 illi
2944 1849 3319 1906 pervenerunt.
3384 1839 3580 1891 Aberat
3611 1838 3753 1891 enim

572 1922 655 1966 set
680 1952 695 1973 .
757 1929 972 1968 manum
1010 1931 1107 1984 pro
1135 1933 1283 1971 more
1327 1923 1540 1977 sultano
1572 1922 1860 1980 Soleimani
1892 1928 2099 1981 oscula-

2209 1922 2413 1977 Scadus
2443 1926 2491 1978 id
2549 1927 2805 1993 temporis
2864 1925 2932 1979 ab
2978 1926 3066 1979 illa
3096 1928 3393 1995 provincia,
3447 1928 3641 1982 bellum
3673 1932 3754 1981 -in

572 2010 658 2054 tus
712 2010 812 2055 est.
876 2002 1091 2072 Excepit
1132 2006 1421 2075 hominem
1462 2013 1707 2068 sultanus
1763 2030 1894 2071 sane
1948 2033 2104 2083 quam

571 2092 861 2149 honorifice
886 2134 900 2158 ,
948 2098 1345 2168 constitutaque
1391 2095 1589 2179 salario
1627 2106 1952 2175 quadragies
1982 2123 2109 2161 ceu-

567 2177 679 2242 ium
712 2185 932 2238 millium
958 2200 1236 2255 asproruni
1265 2177 1472 2251 annuo,
1527 2192 1908 2263 Beglerbegum
1947 2198 2110 2250 maris

566 2291 873 2342 supremum
910 2270 1126 2342 creavit,
1159 2289 1209 2331 et
1240 2279 1306 2332 ad
1332 2283 1519 2334 reziris
1541 2285 1853 2351 dignitatem
1892 2289 2106 2346 evexit:

568 2369 706 2420 unde
738 2383 929 2422 nomen
959 2370 1005 2421 ei
1033 2369 1238 2435 datam,
1263 2382 1320 2425 ut
1349 2372 1694 2427 Cbairadines
1728 2376 2103 2444 appellaretur.

570 2450 928 2523 Nactus'ergo
961 2461 1114 2526 plena
1147 2477 1268 2514 eum
1307 2472 1565 2529 potestate
1601 2466 1764 2533 maris
1800 2466 2105 2535 imperium,

566 2536 772 2598 rentum
808 2548 1052 2609 triremes
1088 2549 1138 2601 in
1171 2565 1317 2604 mare
1347 2553 1536 2605 deduci
1573 2563 1623 2606 et
1656 2555 1868 2613 instrui,
1909 2557 2107 2610 milite-

563 2653 665 2704 que
713 2638 965 2705 compleri
994 2640 1178 2709 jussit.
1209 2650 1262 2696 et
1294 2659 1412 2696 eum
1447 2644 1513 2697 iis
1539 2645 1771 2699 Moream
1805 2647 1954 2723 adiit.
1986 2647 2099 2712 Qua

562 2744 618 2780 re
661 2727 982 2786 Christianis
1009 2734 1272 2800 nuntiata,
1300 2750 1417 2789 mox
1450 2734 1522 2788 iiii
1555 2728 1902 2806 regionemfet
1928 2753 2105 2803 arces,

561 2832 695 2883 quas
736 2832 1151 2887 occupaverant,
1186 2823 1426 2880 desertas
1452 2826 1733 2896 reliquere,
1764 2829 2106 2884 conscensis—

560 2921 670 2971 que
696 2907 922 2961 navibus
953 2911 1085 2974 suis,
1114 2910 1237 2966 imle
1261 2913 1642 2971 discesserunt.
1673 2920 1717 2970 A
1771 2918 2105 2975 Christiano-

565 3009 678 3046 rum
714 2996 883 3060 abitu,
922 3000 1143 3053 trecenti
1179 3001 1447 3068 Cenizari,
1486 3007 1756 3076 Azapique
1789 3010 2007 3066 totidem
2043 3014 2097 3067 in

557 3100 617 3136 ea
641 3084 796 3139 fuere
828 3088 940 3142 loca
986 3092 1169 3158 missi,
1207 3095 1294 3162 qui
1332 3105 1383 3149 et
1415 3094 1661 3162 Coronae,
1690 3110 1739 3153 et
1769 3101 1976 3169 oppidis
2000 3118 2104 3157 ca-

564 3177 692 3230 teris
726 3179 973 3244 praesidio
1009 3194 1208 3237 essent.
1238 3185 1364 3240 lude
1398 3186 1752 3244 Cbairadines
1785 3190 1944 3246 bassa
1977 3207 2099 3247 cum

559 3264 745 3316 eadem
776 3266 946 3319 classe
978 3269 1028 3319 in
1064 3269 1375 3325 Barbariatn
1416 3276 1707 3343 profectus,
1741 3280 1924 3334 urbem
1961 3284 2100 3336 cele-
2132 3264 2138 3322 Ὗ

562 3353 705 3404 brum
740 3352 1074 3421 Tunisiuam,
1103 3376 1219 3427 quae
1245 3377 1271 3413 a
1314 3364 1511 3418 Mauris
1547 3366 1815 3431 incolitur,
1857 3385 2095 3440 occupa-

560 3454 662 3497 tam
695 3462 793 3499 suo
846 3448 1073 3517 subjecit
1119 3453 1361 3521 imperio,
1396 3470 1537 3510 anno
1566 3458 1675 3512 940-
1694 3460 1842 3529 (Chr.
1877 3462 2051 3530 1554).

469 3538 476 3545 ’
626 3538 819 3591 Eodem
841 3541 940 3594 hoc
956 3550 1191 3611 tempore
1205 3555 1369 3613 captzr
1390 3564 1415 3596 ει
1437 3547 1756 3611 Cbairadine
1773 3555 1926 3606 bassa
1942 3553 2104 3607 Tuni-

504 3648 508 3652 ι
554 3628 880 3696 sis,q:tidam
898 3646 927 3684 e
946 3647 1170 3686 nurnero
1190 3636 1554 3691 Parthicorum
1578 3654 1855 3706 procerum
1878 3643 2102 3700 Ulumas

556 3715 741 3782 begus,
774 3731 801 3768 a
842 3722 1037 3772 scacho
1069 3718 1350 3775 Techmasi
1385 3724 1492 3797 lilio
1516 3728 1694 3779 scachi
1720 3728 1967 3797 lsmailis,
2002 3734 2093 3787 de-

554 3802 713 3871 feclt',
741 3805 863 3860 licet
886 3809 1053 3875 ipsius
1074 3810 1252 3863 scachi
1277 3826 1511 3866 sororem
1540 3816 1754 3892 haberet
1800 3804 2098 3890 conjugem.

554 3894 730 3963 Itaque
770 3893 1026 3967 profugus
1055 3914 1085 3953 e
1118 3899 1882 3974 Parthia,Constantinopolim
1924 3924 2101 3965 acces—

550 3985 618 4038 sit
645 4002 656 4039 :
685 3993 737 4039 et
762 3990 998 4054 prastito
1036 3990 1388 4059 subjectionis
1430 4008 1766 4051 sacramento
1809 4002 2098 4059 Soleimani

464 4059 468 4063 i
550 4090 607 4129 se
654 4088 819 4131 totum
848 4080 1071 4135 addixit.
1104 4082 1177 4137 De
1211 4085 1368 4153 hujus
1426 4088 1521 4141 viri
1584 4091 1808 4145 consilio
1852 4095 2097 4150 sultanus

551 4168 881 4225 Soleiman'es
919 4172 1306 4239 expeditionem
1352 4175 1655 4233 Parthicam
1700 4185 1974 4251 suscipere
2000 4202 2091 4240 co-

522 4276 525 4277 ν
553 4259 774 4323 uitabat,
796 4276 912 4314 eam
942 4272 1237 4330 praetexens
1258 4267 1379 4319 belli
1402 4284 1641 4331 causam,
1668 4274 1807 4340 quod
1831 4274 2092 4339 Seaehus,

549 4350 661 4401 suis
701 4360 821 4404 eum
863 4352 1174 4419 pro’ceribus
1214 4366 1265 4407 et
1304 4357 1531 4412 subditis
1557 4401 1571 4424 ,
1615 4362 1836 4416 minime
1892 4375 2088 4418 rectam
2124 4384 2131 4391 ο

543 4440 814 4509 τνιίςίοηίε
842 4436 1245 4510 amplecteretur
1274 4448 1611 4511 sententiam,
1648 4466 1744 4504 nec
1764 4454 1939 4507 debito
1965 4470 2091 4522 qua-

2211 2011 2521 2068 Chorasaue
2570 2025 2754 2068 contra
2796 2014 2990 2069 Kezien
3048 2019 3259 2071 bassam
3318 2033 3528 2085 gerens,
3586 2023 3675 2086 qui
3702 2020 3755 2073 ei

2210 2102 2567 2157 Chorasanem
2595 2106 2799 2172 eripere
2830 2108 3056 2161 volebat.
3085 2108 3216 2162 Cum
3239 2110 3454 2177 propius
3484 2109 3548 2163 ad
3570 2108 3783 2195 Tebp'r

2209 2193 2346 2246 sium
2388 2195 2759 2257 accessissent,
2785 2200 2968 2251 urbem
3004 2198 3253 2253 invenere
3280 2200 3570 2259 desertam.
3595 2193 3755 2272 355

2207 2291 2259 2333 et
2291 2282 2676 2339 habitatoribus
2710 2301 2949 2350 vacuam.
2983 2273 3303 2344 lbrahimein
3344 2305 3470 2347 vero
3507 2296 3752 2362 praemis-

2206 2386 2323 2424 sum
2358 2358 2421 2427 ad
2455 2377 2845 2441 expeditionem
2882 2379 3036 2442 hanc,
3072 2380 3219 2433 hmo
3251 2380 3350 2433 941
3386 2358 3535 2451 (Chr.
3571 2382 3753 2452 1535).

2208 2454 2425 2514 secutus
2451 2472 2532 2513 est
2576 2463 2795 2530 ipsemet
2838 2465 3184 2533 Soleimaues,
3235 2484 3357 2522 cum
3384 2472 3651 2538 genizaris
3704 2487 3757 2528 et

2206 2548 2325 2601 aliis
2371 2547 2541 2602 Portze
2582 2553 2771 2618 e0piis,
2800 2570 2883 2607 ‘ea
2928 2556 3217 2621 celeritate,
3264 2542 3473 2624 ut'quo
3516 2571 3756 2630 tempore

2207 2635 2503 2707 Tebrisium
2560 2642 2853 2711 lbrahimes
2920 2645 3195 2714 ingressus
3229 2657 3345 2711 est,
3421 2648 3755 2708 Soleimancs

2209 2723 2579 2782 Carahemidae
2646 2734 2812 2799 portis
2878 2734 3200 2798 immineret.
3256 2737 3462 2794 Interea
3524 2746 3754 2801 scachus

2207 2820 2367 2873 etiam
2406 2820 2729 2877 Techmascs
2770 2826 2987 2892 prepius
3052 2827 3115 2880 ad
3148 2826 3450 2886 Tebrisium
3485 2848 3612 2889 suos
3644 2837 3749 2891 ad-

2209 2911 2464 2974 duxerat,
2506 2922 2566 2965 ut
2604 2914 2721 2967 istic
2758 2914 3074 2971 lbrahimem
3147 2921 3364 2982 hassam
3399 2927 3749 2993 opprimeret.

2211 2998 2505 3056 lbrahimes
2562 3004 2729 3057 hostis
2787 3018 2979 3061 conatu
3014 3012 3226 3078 cognito
3265 3059 3280 3082 ,
3338 3016 3540 3088 absque
3601 3033 3751 3072 mora

2208 3090 2561 3148 Soleimanem
2594 3098 2874 3152 certiorem
2905 3102 3151 3160 reddidit;
3180 3106 3268 3172 qui
3298 3107 3585 3173 duplicatis
3612 3126 3765 3177 quos

2212 3183 2749 3252 tidianisitineribus,
2788 3192 3069 3246 celerrime
3102 3195 3399 3263 Tebrisium
3453 3204 3742 3268 advolavit,

2208 3284 2259 3328 et
2279 3291 2399 3329 eum
2419 3277 2683 3335 lbrahime
2703 3298 2759 3336 se
2779 3285 3318 3357 conjunxit.Cumque
3339 3307 3430 3359 per
3447 3295 3751 3362 explorato-

2157 3396 2160 3441 χ
2200 3380 2288 3420 res
2327 3367 2731 3437 intellexissent,
2755 3372 2967 3443 quibus
2993 3380 3040 3431 in
3078 3381 3209 3434 locis
3234 3382 3549 3439 Parthorum
3591 3402 3751 3441 exer-

2201 3459 2338 3514 citus
2366 3462 2599 3531 degeret,
2627 3479 2768 3521 recta
2793 3469 2845 3523 in
2868 3487 2959 3527 eos
2979 3474 3199 3530 duxere.
3223 3476 3358 3531 Tum
3385 3493 3511 3532 vero
3540 3480 3747 3548 Parthi,

2202 3554 2293 3621 qui
2320 3555 2385 3609 de
2425 3555 2741 3614 Soleimanis
2776 3563 3003 3617 adventu
3037 3581 3158 3619 cum
3193 3571 3456 3636 genizaris
3480 3587 3544 3625 ac
3574 3573 3751 3628 Porta

2203 3643 2458 3699 militibus
2492 3649 2697 3702 caeteris
2732 3662 3083 3719 acceperant,
3127 3668 3290 3723 seque
3331 3658 3422 3709 tali
3463 3659 3747 3715 machina-

2202 3748 2318 3786 rum
2350 3736 2661 3791 bellicarum
2697 3744 2991 3809 apparatui,
3040 3748 3310 3812 tantisque
3345 3749 3513 3816 copiis
3539 3750 3746 3820 nequa-

2200 3838 2359 3891 quam
2387 3828 2639 3881 resistere
2654 3845 2812 3897 posse
2837 3844 3133 3896 cernerent.
3156 3837 3455 3893 Sullaniam
3486 3841 3748 3914 profuge-

2201 3922 2343 3964 runt.
2401 3915 2669 3969 Usmanici
2731 3920 2892 3974 nimia
2959 3931 3388 3989 tormentorum,
3451 3945 3685 3989 annona
3721 3977 3736 3996 .

2199 4004 2575 4068 tentoriorum,
2610 4024 2882 4075 curruum,
2914 4023 2967 4066 et
3002 4015 3227 4071 aliarum
3266 4023 3441 4089 magni
3482 4025 3741 4092 ponderis

2198 4108 2373 4146 rerum
2409 4098 2562 4164 copia
2594 4102 2793 4165 gravati
2824 4142 2837 4166 ,
2877 4115 3137 4162 tormenta
3174 4125 3291 4164 cum
3330 4102 3740 4181 impedimentis

2194 4187 2400 4236 ea-teris
2434 4196 2788 4243 trecentorum
2820 4195 3210 4269 genizarorum,
3237 4216 3297 4253 ac
3328 4204 3488 4257 trium
3526 4211 3741 4277 sangia-

2194 4286 2377 4325 eorum
2427 4281 2672 4343 praesidio
2731 4287 2955 4350 munita,
3010 4290 3309 4347 Tebrisium
3387 4301 3737 4365 remiserunt.

2192 4370 2350 4427 atque
2408 4368 2505 4419 hoc
2563 4374 2718 4423 modo
2775 4374 2899 4429 facti
2961 4381 3356 4448 expeditiores,
3426 4387 3735 4455 Parthicum

2191 4453 2411 4506 militem
2470 4460 2723 4514 acritera
2778 4475 2926 4535 tergo
2983 4477 3230 4539 persequi
3298 4492 3505 4544 cepere.
3597 4483 3737 4539 Tum

545 4540 665 4611 tuor
700 4530 1039 4585 Mahumclis
1080 4538 1361 4601 prophetas
1420 4543 1619 4596 tmnore
1659 4557 2086 4614 prosequere-tur.
2121 4567 2163 4622 υ
2199 4554 2324 4596 vero
2350 4545 2531 4615 fugere
2558 4550 2758 4619 Parthi,
2785 4557 3109 4628 fugientibus
3166 4566 3367 4625 instare
3431 4556 3735 4636 Osmanici:

473 4680 477 4685 τ
542 4601 657 4673 liae
688 4620 753 4672 de
785 4635 943 4673 causa
969 4623 1315 4688 dignissimos
1349 4633 1619 4692 censebat,
1657 4634 1853 4701 quibus
1891 4638 2084 4692 bellum

543 4711 848 4775 inferretur,
879 4715 969 4782 qui
1029 4717 1420 4784 Occidi-rentur,
1474 4706 1713 4791 adeoque
1747 4728 1959 4791 penitus
1996 4747 2087 4782 cx-

542 4802 911 4869 sti‘rparentur.
943 4803 1122 4873 Itaque
1168 4805 1496 4866 Sub-imanes
1546 4814 1645 4867 hoc
1675 4816 1812 4868 bello
1845 4818 2084 4885 ιιι-(τρια,

541 4891 913 4961 Sangiacatum
951 4894 1164 4951 Ultimae.
1209 4900 1340 4971 bego
1400 4920 1559 4972 supra
1614 4910 1916 4974 nominato,
1978 4922 2081 4966 nu‘n

538 4978 722 5052 procul
778 4982 1205 5042 a‘Cat‘ahciuida
1240 5033 1253 5051 ,
1324 4998 1607 5049 concessit.
1676 4996 1895 5054 Ulumas
1955 5019 2082 5055 vero

540 5076 959 5147 Constatinopoli
1026 5083 1345 5149 quibusdam
1412 5086 1691 5139 conductis
1750 5092 1960 5158 copiis,
2031 5094 2082 5146 in

539 5166 912 5237 Sangiacatum
947 5187 1054 5226 suze
1085 5176 1341 5229 creditura
1370 5178 1489 5231 ﬁdei
1540 5196 1659 5233 cum
1686 5181 1763 5234 eis
1815 5184 2085 5251 profectus

494 5274 499 5283 '
535 5268 639 5311 est.
686 5258 844 5314 Missa
872 5277 1084 5333 qu0que
1108 5266 1325 5321 fuerunt
1354 5270 1418 5322 ad
1449 5282 1673 5325 (λειω-οε
1698 5273 1841 5327 illius
1871 5279 2083 5342 provint-

534 5348 631 5399 ciae
661 5347 948 5418 Sangiacos
982 5369 1009 5405 a
1039 5358 1252 5409 sultano
1288 5356 1591 5411 Soleimane
1639 5364 1910 5419 mandata.
1962 5368 2078 5433 qui-

540 5439 637 5489 bus
666 5442 1074 5511 praecipiebatur
1103 5458 1156 5499 ut
1200 5447 1402 5502 Ulumze
1453 5451 1607 5517 bego,
1649 5458 1860 5520 quoties
1899 5457 1949 5508 in
1987 5459 2081 5510 ho-

532 5536 668 5600 stem
686 5527 1029 5593 profecturus
1050 5542 1211 5598 esset,
1240 5534 1681 5603 obsequerentur.
1716 5540 1935 5597 Ulumas
1956 5560 2081 5613 ergo

532 5618 805 5669 decretum
830 5617 1330 5689 sibi-Saugiacatum
1365 5626 1658 5695 ingressus,
1690 5634 1927 5688 colleCtis
1958 5636 2076 5703 ejus

529 5707 766 5777 regionis
822 5712 1134 5777 proceribus
1198 5714 1497 5785 Sangiacis,
1573 5721 1806 5790 ipsorum
1854 5725 2070 5792 adjutus

528 5801 767 5871 auxiliis,
810 5801 1152 5861 Cut'distauio
1191 5807 1436 5875 principi,
1494 5812 1578 5866 cui
1627 5830 1816 5868 nomen
1865 5815 2073 5895 Scrcfes

2192 4639 2358 4693 donec
2389 4642 2527 4695 haud
2560 4650 2740 4712 procul
2766 4652 2831 4703 ab
2860 4653 3053 4721 oppido
3081 4654 3387 4715 Hemedaue
3417 4678 3736 4731 perventum

2192 4728 2396 4785 fuisset.
2426 4733 2495 4786 lhi
2524 4753 2643 4788 cum
2690 4740 2900 4806 pluviis,
2931 4755 2983 4797 et
3008 4756 3498 4820 auuonzepeuuria,
3527 4767 3736 4814 tantum

2189 4815 2356 4886 frigus
2381 4820 2696 4877 Usmanieus
2723 4834 3023 4896 oppressit,
3069 4846 3123 4887 ut
3157 4839 3371 4904 plurimi
3406 4851 3510 4894 tam
3540 4861 3737 4905 manus

2186 4924 2344 4975 quam
2381 4914 2539 4979 pedes
2576 4931 2602 4967 a
2641 4918 2834 4987 frigore
2872 4924 3025 4977 laesos
3065 4929 3391 4993 amitterent.
3454 4949 3517 4989 ac
3556 4938 3738 4993 incre—

2185 5002 2364 5063 dibilis
2396 5008 2672 5059 hominum
2705 5051 2718 5074 ,
2755 5013 3230 5089 jumentorumque
3266 5026 3555 5081 multitudo
3593 5012 3757 5087 fatue-

2187 5094 2446 5151 interiret.
2487 5099 2747 5157 Pimterea
2802 5109 3065 5174 centigit,
3132 5122 3188 5163 ut
3238 5116 3288 5167 in
3351 5119 3466 5186 ipso
3526 5136 3733 5180 conatu

2198 5192 2593 5246 transmittendi
2624 5199 2816 5261 amnis,
2849 5204 2940 5268 qui
2971 5201 3143 5259 Decus
3167 5206 3330 5264 Cezid
3356 5227 3598 5279 vocatur,
3637 5219 3738 5273 llu-

2188 5292 2304 5328 men
2338 5279 2465 5332 illud
2501 5285 2651 5350 aquis
2687 5287 2881 5353 pluviis
2926 5293 3210 5350 adauctum
3261 5301 3604 5358 vehementer
3654 5308 3738 5359 in-

2186 5374 2529 5426 tumeseeret.
2578 5376 2803 5445 Ideoque
2848 5381 2953 5435 dici
3002 5401 3105 5440 non
3159 5400 3361 5457 potest,
3416 5404 3547 5459 quot
3606 5397 3735 5452 istic

2186 5458 2442 5527 homines,
2464 5465 2723 5532 jumeuta,
2750 5486 2923 5527 rerum
2952 5478 3175 5531 aliarum
3202 5483 3425 5535 sarcina:
3452 5484 3736 5555 perierint;

2185 5550 2423 5639 adeoque
2452 5556 2516 5607 de
2546 5570 2640 5608 Sua
2678 5561 2901 5625 quilibet
2934 5570 3105 5620 salute
3142 5570 3475 5636 desperabat.
3502 5550 3737 5639 Quando

2185 5635 2346 5705 igitur
2398 5647 2664 5699 exercitus
2762 5651 3040 5707 Parthicus
3100 5673 3361 5725 nusquam
3419 5668 3732 5733 apparebat.

2186 5744 2285 5817 nec
2340 5726 2465 5785 sciri
2519 5747 2749 5802 poterat,
2810 5760 3042 5808 quonam
3094 5762 3149 5799 sc
3204 5754 3493 5821 recepisset
3535 5774 3551 5821 ;
3592 5762 3731 5813 alia-

2182 5800 2280 5884 que
2304 5821 2445 5873 nulla
2480 5800 2623 5892 regio
2650 5826 2911 5895 Bagadatc
2944 5835 3289 5902 propin-ruior
3314 5800 3447 5905 errat,
3474 5800 3597 5914 quia:
3620 5865 3729 5902 tltt-
