3970 6348
249 445 350 510 (iii

1489 410 1856 518 annuas
1889 456 2219 524 TURCICI.

3348 478 3459 541 M3.-

245 599 349 638 nus
371 582 577 638 hiberni
605 580 836 652 frigoris.
865 593 917 638 et
935 584 1053 653 plus
1070 585 1268 640 caloris
1291 586 1545 657 haberet;
1572 590 1624 641 in
1648 589 1777 646 haut

1890 570 2322 646 commigrarent;
2395 578 2472 631 Ad
2535 595 2850 649 summam,
2895 571 3092 656 insigni
3132 645 3134 648 ,
3177 589 3452 658 regionem

242 673 348 728 sibi
389 666 720 730 Soleimanes
759 675 1058 735 ducendum
1099 679 1283 731 statuit
1326 682 1782 737 exercituum-Ubi

241 745 462 834 propius
489 766 553 818 ad
583 765 768 819 urbem
805 754 1140 831 accessisset,
1177 750 1378 838 apertis
1427 762 1611 826 incolae
1667 789 1790 842 por-

244 862 352 921 tis,
385 871 504 910 eam
542 855 862 926 Soleimanis
904 859 1151 926 potestati
1190 851 1504 930 permisere.
1542 862 1827 932 Quapru-.

243 954 362 1014 pter
401 947 707 1015 ingressus,
747 949 986 1003 nonnihil
1022 950 1142 1004 istic
1182 954 1562 1010 serecrearit.
1601 951 1790 1008 Omnis

239 1037 402 1090 etiam
435 1034 650 1106 Bagdati
681 1032 903 1092 finitima
939 1041 1081 1109 regio
1109 1055 1166 1094 se
1215 1042 1536 1096 Soleimanis
1565 1043 1792 1112 imperio

237 1126 513 1182 submisit.
561 1124 676 1193 Quo
724 1126 943 1194 factum,
1010 1139 1066 1183 ut
1121 1125 1604 1200 bcglerbegum'in
1658 1135 1789 1186 urbe

226 1213 630 1283 "constitueret.
670 1213 949 1284 ipsamque
987 1218 1316 1283 provinciam
1357 1220 1409 1271 in
1451 1212 1788 1290 sangiacatns
1820 1263 1824 1266 .

237 1302 560 1368 partiretur.
615 1301 876 1360 Praeterea
926 1303 1180 1374 Bagadati
1205 1307 1437 1362 militare
1482 1301 1786 1376 praesidium

238 1390 522 1459 imposuit.
553 1388 710 1470 eique
739 1394 805 1447 de
840 1397 1121 1448 tormentis
1156 1397 1361 1451 bellicis
1394 1409 1447 1450 et
1478 1400 1597 1452 aliis
1631 1401 1787 1460 rebus

235 1483 581 1543 necessariis.
614 1499 948 1553 annonaeque
977 1488 1125 1554 copia
1166 1490 1456 1555 prospexit:
1497 1505 1791 1560 cumprius
1832 1537 1835 1541 ι

235 1574 426 1626 urbem
467 1575 741 1629 muniisset
763 1615 776 1639 ,
808 1586 861 1627 ct
891 1590 1083 1645 aquam
1120 1593 1149 1628 ι·
1176 1577 1394 1632 ﬂumine
1423 1580 1701 1634 dit-iratam
1736 1583 1787 1634 in

235 1653 414 1717 fossas
452 1666 682 1731 urbanas
715 1668 1046 1724 immisisset.
1081 1667 1192 1722 lloc
1225 1679 1464 1740 tempore
1495 1687 1784 1740 supremus

236 1753 635 1828 Dephterdarus
668 1759 780 1812 sive
836 1759 1104 1812 maximus
1137 1761 1310 1833 aerarii
1351 1761 1668 1829 prtefecuts,
1712 1756 1800 1816 ls-V

231 1836 472 1903 chender
499 1849 730 1915 Zelebis,
759 1851 897 1921 apud
931 1853 1204 1906 sultanum
1242 1853 1603 1932 Soleimanetn
1638 1855 1785 1910 delav

1892 663 2036 721 illam
2067 667 2371 728 universam
2417 671 2626 744 excidio
2685 673 2905 740 afﬂixit,
2955 678 3192 746 direptis
3223 680 3448 736 misero-
3501 702 3503 704 ·

1893 769 2011 808 rum
2077 755 2370 811 incolarum
2433 749 2817 833 facultatibus,
2870 777 2921 820 et
2977 762 3274 838 absumptis
3313 775 3450 825 oni--

1891 846 2049 901 nibus
2102 847 2398 915 'jumentis.
2463 851 2604 906 Post
2641 853 2775 908 hanc
2828 859 3216 919 ras-tationem.
3272 861 3450 917 Solei-

1892 947 2078 992 ma‘nes
2107 941 2400 1014 exercitum
2433 943 2844 1001 Carahemida'm
2885 950 3118 1004 redurit.
3165 952 3226 1012 Et
3263 954 3448 1021 dispo:
3494 981 3496 984 ν

1891 1027 2026 1082 situs
2076 1031 2402 1086 acterelietus
2452 1046 2568 1088 erat
2617 1047 2844 1111 a'tcrgo
2896 1040 3130 1104 dundar,
3187 1052 3242 1093 ut
3281 1040 3442 1096 Turci
3531 1076 3591 1119 οι

1890 1126 2080 1170 vocant
2106 1119 2308 1190 r356
2331 1124 2470 1189 quod
2507 1115 2860 1186 \fereretnrne
2893 1128 2941 1197 in
2969 1130 3081 1196 ipsa
3118 1131 3449 1199 profectione

1890 1202 2116 1262 scachus
2148 1211 2502 1278 impressione
2524 1215 2696 1269 subita
2727 1233 2853 1272 suos
2875 1220 3278 1287 aggrederetur.
3295 1225 3467 1286 Quod

1890 1300 2102 1365 quidem
2136 1301 2206 1355 ita
2239 1320 2458 1370 prorsus
2484 1307 2866 1379 accidit.'Nam
2905 1303 3158 1384 iscachus,
3183 1315 3448 1370 intellecto

1891 1389 2135 1454 discessu
2167 1391 2512 1459 Soleimauis,
2561 1399 2756 1452 selecta
2784 1400 3155 1456 Corizzorum
3202 1406 3442 1475 quinque

1893 1479 2055 1535 millia
2104 1495 2285 1533 secum
2321 1480 2570 1552 su'tiipsit,
2608 1501 2670 1540 ac
2722 1491 3117 1544 veredarit‘irutn
3154 1495 3203 1546 in
3241 1509 3443 1557 morem

1889 1567 2208 1626 Osnianicos
2239 1590 2268 1625 a
2298 1583 2444 1643 tergo
2468 1587 2684 1630 secutus
2711 1588 2792 1631 est
2821 1620 2834 1642 ,
2871 1581 2922 1632 in
2952 1582 3052 1634 hoc
3077 1595 3243 1637 unum
3275 1587 3448 1638 inten‘

1893 1668 1996 1717 tus.
2029 1669 2086 1738 ut
2115 1678 2206 1724 eos
2242 1663 2422 1731 aliquo
2463 1667 2784 1722 detrimento
2814 1671 3062 1726 alliceret.
3124 1673 3442 1729 Tandem'iu

1891 1763 2077 1818 agmen
2107 1752 2236 1806 illud
2260 1755 2566 1810 extremum
2599 1759 2809 1823 incidit,
2840 1764 2980 1829 quod
3015 1764 3225 1818 dundar
3258 1769 3441 1834 appel-

1891 1842 2048 1901 latur.
2080 1845 2156 1897 uti
2188 1844 2458 1903 diximms.
2494 1850 2621 1918 Ejus
2643 1853 2835 1906 ductor
2863 1840 2980 1908 erat
3012 1855 3230 1911 Ulumas
3257 1862 3439 1928 begns.
3493 1899 3513 1917 κ

235 1950 324 1994 tus
347 1941 474 2004 fuit,
525 1943 592 1996 ob
637 1951 892 1996 tractatos
939 1942 1184 2010 nequiter
1239 1943 1520 1998 thesauros
1565 1946 1777 2015 regios:

1891 1932 1974 1984 eui
2000 1943 2190 2000 praster
2208 1937 2444 2005 quinque
2469 1941 2771 2007 sangiacos,
2805 1947 3184 2013 septemdecim
3209 1949 3436 2007 millium

231 2047 392 2100 quem
436 2041 586 2086 extra
639 2035 823 2087 urbem
876 2035 976 2088 hoc
1023 2034 1239 2086 nomine
1297 2035 1551 2104 suspendi
1599 2037 1782 2105 jussit,

233 2110 503 2178 universis
537 2124 876 2178 facultatibus
910 2125 1028 2193 ejus
1069 2125 1196 2178 fisco
1235 2127 1542 2195 applicatis.
1582 2128 1783 2181 Interea

231 2230 395 2277 vero,
453 2215 577 2269 dum
636 2214 969 2270 Soleimanes
1031 2218 1168 2270 intra
1220 2215 1503 2286 Bagadatis
1561 2232 1784 2280 muros,

228 2305 505 2358 exercitus
552 2305 683 2358 foris
720 2308 772 2359 in
811 2307 1055 2361 hibernis
1096 2309 1348 2372 haerebat,
1382 2309 1581 2376 prodiit
1607 2311 1784 2362 denuo

228 2397 462 2470 scachus
493 2395 818 2470 Teclnnases
853 2397 904 2450 in
941 2407 1180 2464 apertum
1214 2399 1328 2452 suis
1361 2414 1483 2452 cum
1506 2400 1698 2467 capiis,
1733 2410 1784 2454 et

227 2468 536 2542 Tebrisium
567 2468 666 2542 iter
696 2489 943 2542 instituit.
979 2488 1106 2542 lude
1133 2505 1254 2544 cum
1282 2496 1454 2561 ipsum
1489 2491 1624 2544 haud
1662 2506 1783 2560 pro-

234 2580 324 2632 cul
367 2579 556 2633 abesse
623 2580 790 2635 relicti
829 2581 894 2633 ad
934 2577 1238 2634 Tehrisium
1281 2580 1513 2646 sangiaei
1545 2591 1595 2632 et
1633 2581 1784 2650 geni-

215 2669 362 2726 ‘zari.
415 2669 480 2722 de
519 2670 716 2736 quibus
759 2684 918 2738 supra
954 2659 1178 2731 dictum,
1235 2669 1591 2736 accepissent,
1643 2671 1775 2738 quid
1804 2720 1815 2732 .

222 2757 493 2826 agendum
523 2759 621 2820 sibi
663 2760 761 2812 hoc
796 2775 925 2813 casu
956 2759 1092 2814 foret
1119 2800 1133 2822 ,
1164 2759 1497 2828 ignorabant.
1527 2759 1660 2825 Quia
1699 2770 1782 2814 ta-

225 2853 354 2902 men
401 2849 911 2911 animadverterent,
943 2860 1064 2902 nec
1113 2850 1178 2903 ad
1229 2850 1601 2912 resistondutn'
1636 2851 1776 2904 hosti

227 2951 336 2991 tam
369 2940 569 3007 potenti
597 2954 654 2992 se
683 2939 922 2992 sufficere
948 2941 1122 2992 nec’in
1154 2948 1396 3006 tempore
1431 2939 1530 2992 sibi
1558 2955 1782 2994 succur-

225 3033 271 3082 ri
308 3045 488 3097 posse,
523 3031 764 3083 sarcinas
799 3044 1014 3093 omnes,
1048 3037 1102 3084 et
1135 3039 1399 3084 tormenta
1435 3031 1624 3093 bellica
1654 3046 1776 3085 cum

224 3122 391 3174 rebus
420 3118 570 3178 adea
597 3121 937 3182 necessariis,
961 3129 1013 3172 et
1036 3120 1291 3175 custodiae
1318 3135 1429 3175 sua)
1453 3118 1776 3185 commissis,

224 3210 806 3277 iliidem'reliquerunt,
844 3225 906 3265 ac
939 3210 1060 3280 luga
1089 3211 1244 3264 saluti
1275 3226 1386 3264 sua":
1416 3215 1763 3266 consuluere.

1890 2031 2231 2079 strennorum
2257 2028 2478 2082 militum
2508 2031 2843 2088 Soleimaues
2868 2037 3207 2093 attribuerat.
3233 2042 3309 2094 Ad
3347 2044 3449 2110 hos

1835 2138 1838 2140 η
1889 2131 2010 2169 cum
2045 2120 2280 2174 scacbu‘s
2347 2123 2651 2180 advolasset
2711 2131 2958 2198 propius,
2997 2147 3116 2187 mox
3152 2136 3202 2187 in
3239 2151 3329 2191 eos
3365 2139 3440 2192 ir-

1889 2209 2023 2269 ruit,
2043 2217 2094 2261 et
2120 2226 2277 2290 manu
2327 2211 2864 2288 conserta/superior
2888 2223 3020 2292 ipse,
3047 2215 3239 2280 Turcis
3265 2234 3438 2294 caesis.

1886 2294 2075 2352 evasit.
2117 2302 2437 2374 lnlerempta
2476 2301 2623 2362 fuere
2685 2311 2982 2368 Turcorum
3033 2318 3095 2370 ad
3157 2307 3437 2376 duodecim

1887 2387 2076 2453 millia,
2109 2389 2510 2462 desideratiquc
2543 2408 2664 2452 tres'
2685 2404 2943 2471 sangiaci.
2976 2403 3212 2470 Quartus
3240 2411 3291 2462 in
3330 2412 3443 2463 ho-

1882 2489 1923 2533 s?
1937 2479 2044 2531 ium
2063 2492 2789 2557 potestatem.vcnit,quintus
2805 2510 2927 2548 cum
2945 2498 3289 2571 U‘luma’bego
3307 2504 3468 2574 fugae
3517 2485 3521 2488 θ

1886 2573 2146 2629 beneficio
2163 2577 2463 2634 discrimini
2487 2597 2656 2639 semet
2687 2589 2906 2656 eripuit.
2931 2590 3171 2648 Scachns
3202 2596 3300 2650 hoc
3331 2573 3436 2652 tam

1887 2663 2116 2720 feliciter
2136 2679 2374 2739 pugnato
2401 2677 2584 2742 pra-lio
2616 2690 2926 2742 contentus,
2963 2677 3092 2752 nihil
3132 2690 3440 2756 periclitan-

1884 2756 2009 2810 dum
2035 2762 2240 2826 putavit
2275 2764 2519 2831 ulterius,
2543 2771 2685 2834 quod
2711 2772 2851 2825 hosti
2872 2775 2944 2826 ὀι
2973 2776 3146 2845 aliqua
3165 2793 3312 2848 parte
3342 2798 3440 2850 par

1883 2850 1995 2914 pari
2019 2851 2241 2907 relatum
2259 2856 2627 2912 arbitraretur:
2654 2861 2890 2933 ideoque
2909 2876 3051 2920 retro
3068 2884 3186 2922 cum
3211 2873 3440 2928 victrici-

1881 2941 1982 2997 bus
1999 2943 2166 3010 copiis
2198 2945 2263 2999 ad
2287 2961 2414 3001 suos
2441 2949 2591 3005 abiit.
2611 2953 2728 3022 Ipse
2749 2953 2960 3026 quoque
2981 2958 3310 3017 Soleimanes’
3327 2967 3434 3034 jam

1881 3035 2235 3093 Carahemida
2285 3042 2647 3112 discesserat,
2674 3047 2964 3119 Chalepum
3021 3065 3226 3122 petens,
3289 3061 3433 3114 unde
3483 3061 3498 3069 ”

1880 3128 2174 3199 digressus,
2233 3132 2318 3188 die
2347 3136 2558 3205 decimo
2586 3151 2779 3208 quarto
2817 3145 3017 3197 mensis
3051 3144 3434 3204 Rezebis'Con-

1883 3221 2282 3290 stantinopolim
2335 3228 2579 3294 appulit,
2613 3245 2756 3288 anno
2782 3233 2885 3286 912
2913 3232 3063 3303 (Chr.
3113 3238 3288 3309 l556).
3327 3292 3331 3296 ,
3387 3279 3391 3282 ~
3469 3285 3478 3291 .

191 3341 195 3345 .
226 3286 472 3363 Sc‘achus
499 3297 795 3352 chrisium
830 3301 1123 3366 ingressus,
1155 3315 1341 3354 omnes
1373 3301 1502 3386 istas
1537 3297 1776 3356 sarcinas
1805 3306 1845 3363 C
1953 3311 2085 3364 Dum
2130 3313 2238 3367 illic
2263 3315 2332 3369 ad
2374 3324 2583 3386 tempus
2624 3322 2836 3392 aliquod
2873 3286 2929 3379 αδ
2959 3327 3113 3385 belli;
3153 3297 3432 3390 absque,“

220 3398 279 3441 ct
313 3382 690 3455 impedimenta
715 3389 866 3442 militi
895 3405 992 3442 suo
1013 3391 1308 3456 diripienda
1342 3383 1628 3445 concessit:
1663 3392 1772 3446 bel-

222 3477 328 3532 lica
356 3493 481 3532 vero
510 3487 768 3533 tormenta
793 3517 809 3542 ,
847 3494 968 3533 cum
1002 3481 1250 3535 universo
1277 3483 1341 3534 ad
1373 3498 1433 3534 ca
1464 3484 1766 3550 pertinente

222 3579 508 3637 apparatu,
541 3568 870 3622 concremari
902 3569 1083 3638 jussit;
1128 3579 1181 3624 et
1221 3572 1481 3640 quidquid
1539 3573 1602 3626 de
1637 3570 1762 3626 rna-

223 3659 406 3714 chinis
442 3640 650 3714 bellicis
685 3660 1116 3728 colliquefa’ctum
1160 3661 1388 3714 ﬂammis
1423 3663 1633 3716 absumi
1669 3679 1774 3716 non

222 3733 490 3819 potuerat,
544 3751 608 3804 ad
662 3751 945 3820 signandos
991 3766 1275 3820 manguros
1315 3753 1632 3807 destinavit.
1672 3753 1773 3807 Ubi

215 3842 334 3909 jam
360 3840 548 3894 durior
583 3842 772 3894 hiemis
803 3851 1102 3910 tempestas
1151 3848 1497 3910 praeterierat,
1537 3843 1769 3911 Bagdate

221 3935 556 3987 Soleimanes
598 3933 763 3987 movit
793 3936 991 3998 eodem
1047 3951 1188 3986 anno
1239 3934 1335 3988 9H
1392 3935 1540 4000 (Chr.
1589 3936 1768 4003 i556),

216 4038 287 4077 ac
307 4025 483 4078 denuo
524 4021 826 4101 Tebris'uim
866 4024 1052 4080 duxit:
1097 4026 1395 4096 umle'cum
1442 4043 1544 4080 non
1573 4042 1772 4095 magno

215 4116 435 4170 abesset
463 4097 763 4183 intervallo,
784 4130 994 4169 rursum
1025 4132 1146 4169 cum
1183 4118 1296 4171 suis
1324 4104 1650 4171 Techmases
1677 4116 1766 4170 fu-

217 4223 301 4275 ge
341 4221 400 4259 se
434 4207 620 4260 dedit:
655 4196 814 4276 atque
841 4206 916 4260 uti
947 4205 1251 4286 facultatem
1297 4206 1380 4274 sui
1408 4209 1768 4278 persequendi

214 4283 528 4356 0smanicis
568 4300 846 4364 adimeret,
889 4313 1040 4354 suam
1082 4283 1304 4368 ipsemet
1366 4300 1636 4370 regionem
1675 4317 1768 4354 va-

215 4392 400 4450 stavit,
435 4403 702 4442 annonam
747 4405 958 4444 omnem
995 4391 1234 4457 corrupit
1281 4393 1594 4454 et-exussit,
1642 4393 1769 4446 sub-

214 4481 362 4535 ditos
385 4493 523 4533 suos
545 4481 743 4546 passim
774 4480 972 4546 abegit.
999 4477 1094 4532 Ubi
1122 4478 1425 4533 chrisium
1455 4480 1614 4535 Turci
1643 4497 1762 4550 per-

206 4570 514 4631 venissent,
546 4568 874 4621 Soleimanes
906 4567 1166 4636 Optimum
1200 4571 1472 4636 queinq'tIe
1501 4580 1723 4631 suorum
1747 4612 1762 4636 ,

211 4669 272 4714 et
329 4658 628 4729 praesertim
685 4657 913 4727 egregiis
963 4641 1252 4712 instructos
1305 4659 1496 4728 equis,
1545 4661 1762 4730 delegit,

212 4754 405 4822 eisque
493 4737 774 4808 mandavit
831 4759 886 4803 ut
944 4764 1154 4803 summa
1212 4751 1293 4804 usi
1350 4751 1626 4807 celeritate
1678 4754 1774 4807 ho-

217 4854 360 4900 stem
395 4843 588 4898 alicubi
620 4851 1052 4912 asseqaiercntur.
1080 4841 1232 4911 Quod
1255 4859 1375 4898 cum
1399 4845 1471 4897 illi
1505 4844 1763 4909 facerent,

211 4913 733 5001 omniaque‘misere
764 4942 966 4988 vastata
997 4934 1393 5000 conspicerent,
1429 4935 1492 4988 ad
1525 4937 1763 4989 animum

211 5028 297 5081 eis
348 5023 566 5083 accidit,
614 5025 725 5076 lieri
771 5031 928 5092 posse
980 5031 1036 5074 ut
1075 5024 1129 5074 in
1183 5024 1395 5076 redacta
1453 5026 1667 5092 penitus
1700 5029 1765 5080 ad

211 5115 562 5170 Solitudinem
615 5113 834 5180 regione
890 5113 1110 5181 aliquod
1175 5113 1303 5181 ipsis
1365 5115 1764 5170 incommodum

210 5210 482 5263 eveniret.
510 5205 740 5275 idecque
755 5209 1029 5263 converso
1079 5209 1269 5262 itinere
1298 5207 1599 5265 chrisium
1649 5214 1766 5282 red-

210 5302 349 5355 iere.
382 5301 513 5354 Cum
550 5300 725 5352 autem
759 5291 1092 5353 Soleimanes
1121 5299 1220 5353 hoc
1247 5301 1406 5354 modo
1431 5301 1679 5357 delusum
1709 5318 1766 5358 se

212 5391 446 5452 videret,
483 5390 785 5442 vehementi
817 5380 1125 5458 connnotus
1150 5389 1249 5452 ira,
1286 5391 1465 5444 scacbi
1498 5389 1763 5446 Techma-

214 5483 290 5536 sis
312 5490 369 5535 et
390 5482 653 5546 maiorum
685 5479 851 5548 ipsius
867 5478 1036 5547 regias
1056 5482 1616 5551 ammoaquepalatia,
1640 5497 1765 5538 cum

177 5574 388 5641 ,ipsius
436 5568 684 5626 'snltaui'
743 5553 959 5637 Jacupis
1037 5571 1284 5635 aedificio,
1379 5573 1521 5641 quod
1606 5574 1766 5630 Hoste

215 5642 426 5719 bebiste
453 5661 670 5729 dicitur,
720 5670 775 5714 et
802 5659 1050 5715 omnibus
1111 5668 1232 5730 cum
1285 5664 1546 5731 paradisis
1600 5666 1762 5731 dirui,

212 5749 432 5819 vastari,
502 5753 733 5808 cremari
797 5749 978 5822 jussit.
1026 5749 1290 5806 Prxterca
1345 5753 1603 5820 plurimos
1663 5757 1763 5810 Te-

212 5830 394 5905 brissii
441 5849 586 5913 cives
639 5844 922 5914 compulit,
982 5848 1040 5894 ut
1095 5841 1217 5896 inde
1239 5841 1761 5914 Constantitmpolim

1877 3404 2128 3471 quiescit,
2165 3397 2528 3477 suspectusgei
2567 3415 2704 3480 Cepit
2756 3432 2874 3474 esse
2909 3420 3224 3477 lbrahimes.
3251 3427 3430 3489 bassa.

1876 3491 2036 3584 cujus
2056 3505 2112 3549 et
2140 3513 2203 3551 ex
2232 3493 2381 3566 parte
2415 3502 2516 3556 fuit
2548 3505 2753 3562 detecta
2780 3511 3023 3576 perﬁdia.
3056 3511 3263 3584 Quippe
3287 3515 3430 3572 fere-

1877 3583 2036 3638 batur
2064 3601 2185 3641 cum
2223 3589 2367 3644 Italis
2401 3607 2616 3664 quoque
2639 3608 2850 3652 secreto
2907 3603 3173 3672 pepigisse
3202 3583 3428 3674 foedus,

1878 3683 1936 3726 ut
1964 3675 2254 3745 imperium
2284 3679 2582 3742 Turcornm
2637 3687 2687 3739 in
2721 3703 2779 3743 se
2809 3693 3145 3748 transferret.
3185 3697 3431 3769 Quapro-

1874 3772 1991 3832 pter
2023 3781 2145 3821 eum
2178 3769 2513 3858 Soleimanes
2542 3777 2626 3858 die
2658 3783 2892 3848 quodam
2923 3771 3196 3853 Mercurii,
3231 3794 3321 3858 qui
3353 3793 3430 3845 vi-

1874 3855 2109 3911 ceSimus
2127 3854 2400 3917 secundus
2419 3853 2619 3922 mensis
2642 3869 2957 3930 Remasanis
2975 3887 3112 3936 erat.
3132 3881 3198 3931 ad
3217 3896 3425 3937 caenam

1871 3940 2114 3999 invitavit
2137 3963 2151 4020 :_
2174 3963 2277 4016 qua
2297 3950 2464 4017 finita,
2484 3968 2605 4008 cum
2630 3958 2696 4010 de
2727 3960 2888 4026 certis
2930 3944 3157 4030 negotiis
3196 3947 3336 4021 inter
3367 3987 3425 4024 se
3516 4032 3518 4035 ι

1857 4035 2143 4124 collocuti,
2165 4038 2275 4105 jam
2299 4044 2538 4097 cubitum
2559 4060 2858 4113 pergerent,
2886 4043 3184 4107 lbrahimes
3207 4072 3424 4129 quoque

1871 4119 2382 4186 suumad'conclave
2408 4134 2646 4198 secessit,
2668 4146 2716 4188 et
2757 4137 2807 4189 in
2845 4139 2983 4196 lecto
3016 4160 3073 4198 se
3099 4119 3420 4216 composuit.
3473 4128 3479 4138 Ι

1869 4217 2077 4287 Quippe
2092 4211 2300 4287 quoties
2318 4223 2381 4274 ad
2403 4221 2755 4280 Soleiinanem
2777 4240 2940 4284 noctu
2958 4211 3352 4304 arcessebatur,
3370 4245 3424 4297 in
3473 4249 3477 4252 .

1869 4308 2039 4371 ipsius
2070 4309 2406 4374 imperatoris
2440 4314 2618 4368 s-araio
2641 4318 2893 4375 cubabat.
2942 4323 3076 4379 Cum
3104 4328 3428 4387 obdormiis.

1868 4399 2213 4468 set,[interfici
2243 4402 2509 4456 hominem
2544 4407 2786 4462 sultanus
2823 4411 3006 4480 jussit,
3029 4425 3429 4491 omnesque-fa-

1847 4492 2090 4546 cultates
2137 4492 2390 4563 ipsi.tt§‘\ct
2410 4511 2559 4566 opes,
2578 4499 2706 4555 fisco
2723 4501 2981 4570 addictas,
3009 4492 3279 4568 thesauris
3309 4501 3424 4575 suis

1801 4616 1841 4669 Β
1874 4581 1926 4635 in
1964 4581 2112 4637 ferri.
2149 4583 2368 4640 Factum
2401 4589 2500 4642 hoc
2542 4588 2639 4642 fuit
2670 4607 2809 4649 anno
2838 4594 2940 4648 942
2971 4597 3351 4669 (abusast-
3404 4585 3411 4593 κ

1946 4672 2184 4729 Diximus
2215 4688 2391 4743 antea,
2420 4679 2796 4736 Chairadinem
2829 4687 3041 4742 bassam
3074 4704 3275 4761 magna
3295 4711 3417 4750 cum

1872 4763 2044 4819 classe
2081 4767 2382 4834 profectum
2421 4770 2470 4822 in
2523 4770 2859 4836 Barbariam,
2914 4769 3131 4832 Mauris
3159 4781 3422 4839 famosam

1872 4855 2055 4908 urbem
2088 4855 2329 4910 Tuuisim
2349 4858 2630 4927 eripuisse,
2650 4876 2712 4914 ac
2733 4860 2928 4936 ibidem
2955 4865 3423 4940 sibi_constituiss=2

1869 4934 2224 5002 domicilium.
2262 4947 2309 5000 ιε
2341 4948 2442 5014 hoc
2486 4959 2724 5018 tempore
2751 4934 2916 5009 naves
2967 4934 3130 5029 atque
3174 4962 3424 5028 triremes

1869 5031 1920 5082 in
1951 5039 2146 5086 terram
2173 5031 2527 5102 subduxerat,
2559 5055 2738 5094 rerum
2767 5043 2979 5100 scilicet
3016 5063 3235 5103 suarum
3264 5051 3425 5119 plane

1867 5136 2114 5188 securus,
2140 5139 2346 5194 suoque
2382 5129 2641 5184 duntaxat
2689 5131 3002 5204 indulgebat
3043 5141 3221 5202 genio.
3254 5131 3419 5196 Prin-
3491 5139 3494 5143 ’

1867 5216 1990 5281 ceps
2023 5213 2236 5268 interim
2278 5217 2522 5280 Maurus.
2553 5207 2638 5274 cui
2674 5223 2821 5290 prius
2863 5239 2927 5276 ea
2977 5237 3235 5294 paruerat
3264 5208 3442 5300 ditio,

1865 5304 2141 5371 profectus
2199 5303 2251 5360 in
2305 5307 2639 5378 Hispaniam,
2678 5327 2834 5382 opem
2882 5312 3102 5383 Hispani
3161 5319 3423 5391 principis

1867 5391 2192 5462 imploravit.
2281 5398 2550 5468 Hispanus
2634 5403 2698 5454 ad
2761 5394 3076 5459 consilium
3169 5400 3464 5469 revocato,

1867 5486 2103 5555 negotio,
2153 5490 2440 5543 verebatur
2491 5507 2772 5566 propterea
2823 5497 2968 5564 quod
3015 5497 3257 5555 Tunisim
3293 5503 3419 5559 Bar-
3467 5557 3469 5560 ι

1866 5577 2100 5649 barossal
2170 5579 2420 5644 ερρὶδευι,
2479 5592 2536 5634 ιιι
2598 5583 2847 5654 llispanis
2909 5588 3050 5642 idem
3132 5593 3422 5659 aliquando

1867 5672 2121 5736 damnum
2171 5667 2416 5723 inferret.
2470 5673 2908 5744 Facileputabat
2938 5678 3107 5745 ignem
3150 5684 3419 5749 exsdngui

1865 5764 2042 5830 poSse,
2068 5761 2110 5814 si
2149 5762 2297 5828 prius
2347 5766 2798 5835 supprimerelnr,
2841 5783 3000 5836 quam
3052 5769 3209 5824 latins
3234 5788 3420 5830 crum-

1869 5862 2032 5920 perct.
2078 5849 2260 5920 anue
2320 5852 2385 5904 de
2416 5868 2577 5909 «ausa
2627 5856 2766 5909 datis
2817 5857 2882 5910 ad
2938 5858 3150 5914 ltalicos
3209 5863 3415 5929 princi—
