3970 6348
634 370 738 437 6ι3

1887 358 2235 423 ANNALES
2273 350 2607 419 TURCTCI.

3636 348 3639 349 ⁷
3709 346 3793 412 iiii

639 504 733 558 pes
772 488 982 553 litteris,
1007 487 1083 541 u'ti
1130 486 1370 542 subsidio
1396 485 1517 540 'sibi
1568 476 1827 545 venirent,
1858 480 2030 550 petiit.
2067 455 2176 531 Μελ.
2205 483 2258 542 Α
2284 485 2573 530 exercitum
2608 474 2658 526 in
2710 469 2942 524 Albanos
2975 466 3274 538 perduelles
3325 465 3574 527 immisit,
3609 466 3692 534 qui
3724 481 3792 558 res

640 578 758 647 guis
832 592 957 645 ergo
993 575 1230 629 collectis
1276 575 1463 642 c0piis,
1504 584 1556 628 et
1611 572 1807 641 insigni
1860 571 2030 623 classe
2080 584 2172 645 pa-

641 678 777 728 rata.
809 669 978 721 eidem
1012 666 1275 719 Andream
1316 665 1527 719 boriam
1569 677 1817 731 suprema
1868 676 1990 715 eum
2028 668 2172 727 pote-

643 770 778 814 state
817 758 1077 827 praefecit,
1112 768 1273 824 atque
1321 760 1392 808 ita
1425 755 1739 809 Tunisiuam
1781 753 2169 820 expeditionem

644 843 896 903 instituit.
918 848 1267 903 Chairadincs
1293 863 1347 899 re
1362 830 1653 914 comperta,
1679 843 1869 917 Raisos
1897 857 2021 895 suos
2042 856 2175 893 eon-

643 941 873 1001 voravit,
912 938 1098 1004 eisque
1135 936 1538 999 deliberandum
1583 933 1858 1001 proposuit
1900 933 2026 999 quid
2074 931 2177 984 hoc

642 1027 1066 1081 Christianorum
1119 1037 1263 1079 motu
1309 1012 1616 1079 faciundum
1653 1031 1951 1078 censerent.
1976 1021 2052 1073 Illi
2096 1033 2179 1073 re-

618 1119 903 1178 spondere
946 1117 1172 1171 classem
1225 1118 1354 1168 mari
1400 1117 1550 1184 prius
1588 1115 1959 1169 instruendam
2017 1124 2175 1181 quam

640 1206 927 1260 Christiani
954 1223 1021 1268 se
1044 1207 1433 1274 coniungerent
1486 1206 1814 1272 omninoque
1847 1205 2178 1273 pra-pediun—

643 1301 761 1363 dos,
787 1316 851 1351 ne
886 1299 1170 1352 convenire
1199 1306 1432 1363 possent.
1463 1299 1538 1350 Ad
1582 1311 1641 1350 ea
1672 1298 1908 1351 vicissim
1956 1296 2179 1350 Chaira-

645 1390 796 1441 dines
818 1389 971 1441 bassa
1005 1405 1019 1440 :
1056 1388 1110 1439 Si
1150 1387 1503 1454 tulipandum,
1543 1389 1740 1455 inquit,
1773 1402 1947 1440 meum
1990 1388 2179 1439 tlnntzu

649 1489 735 1529 xat
760 1480 968 1531 excelso
993 1477 1220 1545 quodam
1253 1478 1303 1529 in
1337 1478 1454 1531 loco
1482 1493 1644 1545 super
1681 1478 1887 1531 hastam
1919 1478 2184 1539 dclivero,

644 1585 673 1621 a
718 1568 1037 1623 Christiazis
1063 1579 1119 1621 ut
1179 1560 1414 1635 conspici
1479 1570 1650 1637 possit
1725 1568 2008 1622 formidine
2064 1584 2178 1621 cor-

649 1662 808 1727 repti,
856 1662 919 1711 ad
975 1662 1177 1726 aliquot
1237 1659 1401 1712 millia
1442 1669 1581 1712 retro
1653 1658 1898 1728 fugient:
1974 1668 2178 1711 tantum

647 1750 796 1801 abest
849 1759 903 1801 ut
955 1749 1145 1801 bellum
1199 1748 1353 1800 nobis
1426 1748 1621 1801 illaturi
1694 1749 1820 1817 sint.
1880 1747 1986 1801 Hac
2056 1763 2180 1813 ergo

2272 580 2456 620 eorum
2481 573 2718 634 agerent,
2751 562 2969 627 ferrent,
3000 575 3082 621 ac.
3104 560 3305 613 liberos
3337 566 3389 612 et
3423 570 3622 610 uxores
3649 556 3793 608 servi-

2275 664 2375 716 tuti
2400 661 2789 727 manciparent,
2829 659 2952 713 licet
2974 657 3059 727 hic
3080 665 3304 711 conatus
3322 669 3509 733 eorum
3535 654 3586 706 in
3610 654 3792 705 irritum

2276 755 2503 806 cadi-ret.
2536 752 2793 805 Praeterea
2822 750 3092 803 Romanis:
3125 746 3523 815 beglerbegum,
3558 743 3796 803 cumlﬂo-

2281 843 2471 897 mania:
2505 843 2693 909 copiis,
2724 841 2777 893 in
2806 840 3053 909 Apuliam
3089 849 3238 891 trans
3295 850 3442 888 mare
3479 832 3626 887 misit
3660 850 3674 885 :
3717 832 3793 899 qui

2276 950 2337 988 ea
2372 935 2422 985 in
2456 933 2675 1000 regione
2700 932 2942 996 quaedam
2975 926 3227 997 Oppidula
3252 925 3545 992 cumpagis
3568 923 3789 989 diripuit.

2245 1023 2248 1025 Α
2276 1023 2407 1077 Cum
2440 1025 2671 1091 denique
2704 1023 2926 1077 Turcica
2960 1021 3151 1075 classis
3191 1019 3478 1088 Corcyram
3522 1025 3706 1086 praeter
3736 1015 3793 1067 le-

2278 1126 2445 1182 geret.
2472 1129 2534 1166 ex
2566 1113 2885 1181 Curcyrcnsi
2916 1111 3162 1180 praesidio
3186 1108 3482 1173 ‘CltriStiani
3514 1107 3683 1159 navim
3710 1120 3791 1156 an-

2281 1206 2579 1265 nonariam,
2613 1220 2729 1271 qure
2762 1205 2989 1259 classem
3042 1203 3388 1271 sequebatur,
3436 1199 3643 1253 bellicis
3681 1197 3794 1265 peti-

2278 1306 2385 1348 tam
2422 1296 2685 1347 machinis
2713 1296 3037 1348 demersere.
3072 1293 3408 1347 Soleimanes
3440 1288 3792 1341 animadversa

2281 1385 2599 1441 Venetorum
2638 1385 2859 1453 perﬁdia
2915 1400 3075 1454 quam
3124 1400 3187 1438 ex
3234 1383 3352 1436 aliis
3390 1380 3549 1434 etiam
3607 1377 3794 1433 indiciis

2280 1479 2491 1533 abunde
2547 1485 2929 1543 perspexerat;
2987 1489 3091 1528 non
3146 1488 3337 1543 parum
3390 1470 3791 1526 excandesceus.

2279 1569 2586 1623 Chairadiui
2619 1568 2879 1636 Lutsique
2902 1566 3073 1620 bassis
3105 1562 3360 1633 praecepit
3390 1561 3465 1614 uti
3507 1576 3627 1613 cum
3646 1560 3793 1611 classe

2278 1661 2562 1731 Corcyram
2588 1660 2813 1714 insulam
2848 1648 3110 1727 peterent,
3140 1654 3393 1724 oppidnla
3417 1668 3541 1705 cn-n
3576 1652 3698 1702 vicis
3715 1647 3792 1699 de-

2284 1750 2677 1819 prtedarentur,
2706 1750 3061 1817 hominesque
3109 1747 3350 1815 captivos
3383 1759 3567 1797 secum
3598 1740 3795 1793 abduce-

646 1839 931 1893 securitate
981 1839 1171 1905 snique
1209 1839 1529 1892 confidentia
1559 1850 1805 1901 caecatus,
1865 1854 2075 1891 onmem
2113 1854 2173 1890 ex
2210 1836 2247 1887 Β
2280 1850 2415 1894 rent.
2458 1840 2509 1891 Id
2544 1841 2616 1892 illi
2646 1854 2768 1892 cum
2802 1839 3077 1899 fecissent,
3103 1836 3315 1904 navigia
3357 1829 3793 1900 mancipiisChri-

649 1928 825 1980 animo
856 1929 1259 1981 sollicitudinem
1283 1941 1335 1980 et
1362 1943 1540 1981 curam
1568 1929 1835 1998 deposuit.
1861 1928 2055 1981 Verum
2076 1944 2180 1979 non

649 2021 813 2077 multo
846 2030 964 2088 post
989 2020 1226 2073 Tunisim
1256 2028 1553 2092 prrepotens
1574 2020 2014 2074 Christianorum
2045 2019 2180 2073 clas-

647 2108 722 2160 sis
755 2109 975 2174 appulit.
1014 2107 1083 2158 Ea
1112 2122 1230 2158 cum
1256 2108 1748 2173 istucaccessisset,
1786 2098 2181 2163 occurrifhdsti

648 2198 997 2249 Chairadiues
1028 2205 1175 2247 extra
1202 2198 1383 2249 urbem
1418 2200 1529 2251 suis
1576 2214 1698 2251 cum
1729 2201 1923 2268 copiis,
1976 2199 2183 2251 tametsi

648 2290 735 2343 vix
772 2306 956 2342 novem
996 2294 1245 2345 decemve
1286 2293 1507 2344 militum
1540 2291 1854 2343 idoneorum
1898 2280 2065 2343 millia
2101 2306 2185 2345 se-

648 2394 771 2434 cum
805 2381 1071 2434 educeret.
1102 2384 1619 2436 AdChristianorum
1645 2383 1811 2435 aciem
1847 2397 2182 2450 progreSSus,

650 2469 892 2522 animose
918 2485 1037 2522 cum
1061 2472 1139 2523 eis
1170 2471 1516 2537 conflixit..Et
1546 2488 1849 2539 quanquam
1877 2474 2065 2540 ingens
2097 2473 2185 2523 ho-

652 2560 853 2612 minum
888 2561 1171 2613 multitudo
1213 2563 1262 2612 in
1297 2561 1722 2614 Christianorum
1753 2572 1891 2613 esset
1922 2561 2183 2625 exercitu,

655 2652 792 2703 fama
842 2663 1014 2703 tamen
1048 2652 1380 2718 perhibetur,
1419 2653 1578 2704 multa
1604 2653 2029 2705 Christianorum
2062 2655 2184 2705 mil-

654 2740 726 2792 lia
756 2750 863 2792 tum
897 2755 1028 2792 caesa
1063 2740 1245 2804 fuisse,
1300 2757 1420 2793 cum
1469 2756 1532 2794 ex
1578 2744 1797 2797 adversa
1846 2744 2187 2798 Chairadinis

656 2840 807 2897 parte
842 2830 946 2883 duo
970 2832 1224 2883 duntaxat
1248 2832 1519 2885 hominum
1544 2835 1708 2888 millia
1734 2837 2184 2903 desiderarentur.

654 2918 785 2976 Cum
807 2934 983 2976 autem
1020 2924 1367 2979 Cbairadines
1385 2927 1536 2978 hoste
1555 2942 1611 2980 se
1636 2927 1834 2981 videret
1857 2927 2185 2989 inferiorem,

656 3031 911 3068 conversa
940 3032 1157 3068 suorum
1184 3018 1313 3077 acie,
1338 3017 1399 3068 ad
1425 3018 1608 3071 urbem
1643 3032 1697 3069 se
1724 3019 1938 3084 recepit.
1969 3017 2044 3071 Eo“
2068 3034 2186 3071 cum

655 3116 876 3158 ventum
917 3106 1120 3165 luisSet,
1173 3107 1440 3167 occlusam
1484 3106 1703 3173 reperit,
1735 3116 1787 3158 et
1822 3107 1872 3159 in
1921 3109 2187 3161 moenibus

656 3194 793 3246 elata
822 3195 1247 3246 Christianorum
1302 3196 1493 3247 vexilla
1524 3198 1822 3262 conspexit.
1859 3197 2068 3266 Quippe
2096 3214 2185 3251 ca-

660 3286 922 3353 ptivorum
951 3284 1380 3338 Christianorum
1411 3286 1613 3354 aliquot
1635 3288 1687 3338 in
1720 3290 1849 3339 urbe
1902 3290 2065 3339 millia
2104 3303 2187 3339 re-

657 3375 904 3443 liquerat,
932 3375 1252 3444 quiquidem
1279 3376 1501 3435 interea.
1532 3377 1655 3430 dum
1692 3385 1840 3428 extra
1873 3393 2054 3430 muros
2076 3379 2188 3445 ipse

658 3482 779 3520 eum
826 3462 1083 3521 cxercitu’
1113 3466 1543 3519 Christianorum
1598 3468 1949 3533 pra-liaretur,
1988 3467 2193 3536 perfra-

660 3558 759 3609 ctis
814 3550 1140 3617 carceribus,
1174 3565 1226 3607 et
1282 3557 1507 3622 arreptis
1558 3558 1741 3619 armis,
1800 3566 1978 3624 portas
2048 3558 2193 3612 urbis

659 3648 985 3707 clauserant,
1038 3656 1089 3698 et
1130 3646 1183 3697 in
1219 3646 1484 3698 mmnibus
1533 3646 1724 3699 vexilla
1761 3645 2190 3698 Christianorum

662 3745 964 3793 erexerant.
990 3736 1044 3787 1d
1091 3751 1214 3787 vero
1254 3750 1372 3788 cum
1409 3736 1715 3801 accidisset,
1747 3737 1915 3804 major
1946 3752 2069 3803 pars
2099 3739 2198 3789 mi-

666 3826 816 3877 litum
849 3824 1189 3877 Chairadinis
1236 3838 1394 3885 caesa,
1455 3834 1757 3892 cunctaque
1814 3826 2020 3893 navigia
2074 3842 2194 3880 cum

668 3913 931 3967 machinis
962 3921 1012 3965 et
1048 3922 1302 3980 apparatu
1335 3911 1528 3966 bellico
1552 3914 1770 3967 fuerunt
1794 3915 2008 3967 amissa.
2043 3916 2199 3969 Chai-

667 4004 882 4057 radines
906 4016 1027 4053 cum
1074 4002 1294 4067 reliquis
1320 4018 1549 4056 suorum
1583 4012 1798 4072 propter
1825 4007 2009 4057 urbem
2046 4006 2199 4060 aufu-

667 4095 762 4164 git,
790 4099 839 4145 et
865 4092 917 4143 in
948 4090 1264 4143 solitudines
1305 4105 1361 4144 se
1394 4107 1515 4144 cum
1570 4094 1649 4145 eis
1680 4093 1886 4145 abdidit
1922 4110 1936 4143 :
1968 4110 2195 4160 quorum

667 4198 855 4252 magna
890 4196 1014 4250 pars
1039 4180 1196 4243 fame,
1227 4180 1338 4243 siti,
1371 4190 1425 4234 et
1484 4191 1617 4233 testu
1667 4183 1842 4247 periit.
1874 4183 1987 4249 Ipse
2023 4185 2201 4238 varias

664 4282 915 4343 expertus
939 4286 1227 4334 aerumnas,
1262 4271 1475 4323 tandem
1504 4272 1568 4322 ad
1601 4271 1784 4322 urbem
1818 4285 1967 4323 suam
2023 4271 2204 4324 Cesai-

666 4381 776 4417 rem
814 4363 986 4416 evasit
1021 4380 1034 4415 :
1067 4363 1207 4415 unde
1260 4377 1383 4415 cum
1421 4362 1609 4415 decem
1634 4371 1686 4415 et
1724 4370 1844 4415 octo
1894 4362 2201 4417 triremibus

2287 1930 2500 1991 stianis,
2530 1930 2770 1996 cujusvis
2806 1930 2976 1981 aetatis
2997 1939 3047 1981 et
3079 1943 3262 1990 sexus,
3291 1932 3583 1980 onerarunt
3616 1940 3628 1973 :
3661 1930 3794 1986 atque

2286 2021 2357 2073 ita
2379 2020 2894 2089 Constantinopolim
2938 2021 3160 2073 rediere.
3190 2020 3313 2082 Quo-
3356 2017 3538 2079 delati,
3567 2013 3793 2067 Christia-

2292 2129 2357 2165 na
2415 2114 2676 2180 mancipia
2717 2127 2875 2178 supra
2893 2110 3139 2180 oppidum
3174 2109 3433 2169 Galatam,
3473 2121 3538 2157 eo
3568 2105 3698 2165 loco,
3719 2100 3791 2169 qui

2283 2203 2519 2257 Besictas
2551 2204 2706 2271 vulgo
2738 2202 2938 2255 dicitur
2998 2202 3061 2254 ad
3098 2210 3296 2254 terram
3322 2211 3617 2263 exposuere
3642 2234 3655 2245 .
3684 2192 3794 2244 mis.

2284 2294 2465 2361 sisque
2518 2293 3035 2360 Constantinopolim
3085 2289 3444 2359 praeconibus.
3503 2281 3792 2351 proclamari

2279 2382 2576 2451 jusserunt.
2605 2390 2658 2434 ut
2689 2383 2733 2435 si
2767 2383 2887 2451 quis
2914 2381 3177 2449 mancipia
3210 2380 3538 2435 Christiana,
3570 2375 3790 2428 feminas.

2286 2490 2478 2535 mares,
2501 2473 2750 2541 juvenes,
2778 2462 2942 2546 senes
2971 2471 3198 2525 mercari
3223 2472 3402 2531 vellet,
3435 2467 3499 2519 ad
3527 2467 3790 2520 indicatum

2286 2568 2444 2617 modo
2492 2564 2663 2617 locum
2700 2564 2925 2625 veniret,
2967 2562 3162 2616 ibidem
3204 2558 3517 2627 huiusmodi
3560 2553 3792 2621 mancipia

2286 2654 2583 2723 perexigua.
2596 2665 3004 2722 comparaturus
3025 2654 3216 2723 pretio.
3243 2651 3394 2716 Quod
3416 2650 3629 2718 quidem
3654 2651 3716 2701 ita
3738 2644 3794 2698 fa-

2286 2758 2427 2798 ctum
2465 2745 2583 2808 fuit,
2616 2755 2721 2798 tam
2777 2746 2861 2797 vili
2904 2746 3075 2813 pretio
3131 2745 3345 2797 miseris
3389 2743 3496 2797 illis
3528 2740 3805 2795 distraetis.‘

2289 2836 2362 2886 uti
2394 2836 2636 2904 plerique
2668 2835 2876 2888 duobus
2926 2837 3167 2888 tribusve
3215 2833 3503 2887 sultaniuis
3548 2830 3795 2883 vanirent.

2290 2927 2390 2978 hac
2415 2928 2525 2994 ipsa
2551 2926 2771 2992 pecunia
2802 2927 2959 2993 regiis
2985 2917 3252 2978 thesauris
3278 2924 3443 2975 illata.
3470 2920 3794 2985 Posteaquam

2291 3020 2508 3072 domum
2568 3018 2709 3069 itura
2766 3018 2958 3070 classis
3004 3017 3345 3078 discesserat,
3381 3014 3539 3066 etiam
3576 3011 3792 3065 sullanus

2293 3108 2625 3162 Soleimanes
2672 3108 2829 3159 molis
2864 3102 3056 3160 castris
3089 3106 3190 3158 iter
3220 3095 3547 3176 ingressus,'
3572 3105 3651 3155 die
3680 3112 3795 3152 nono

2292 3201 2488 3252 mensis
2534 3200 2700 3259 illius,
2735 3200 2823 3265 qui
2862 3196 3127 3269 Zemaziel
3182 3197 3345 3250 Achir
3379 3195 3569 3248 Turcis
3604 3193 3791 3248 dicitur,

2291 3287 2807 3354 Constantinopolim
2824 3302 3069 3340 reversus
3086 3294 3186 3350 est,
3201 3301 3341 3339 anno
3357 3286 3457 3338 944
3476 3286 3618 3351 (Chr.
3640 3280 3793 3342 1538).

2360 3380 2492 3430 Cum
2544 3378 2664 3430 istic
2699 3377 3007 3444 aliquandiu
3045 3376 3307 3437 haesisset,
3339 3377 3504 3427 armis
3547 3376 3596 3424 iu
3631 3371 3797 3425 Molda-

2292 3484 2418 3522 vum
2453 3469 2737 3537 expeditis,
2780 3468 3059 3519 undecimo
3101 3466 3186 3518 die
3221 3466 3424 3518 mensis
3464 3464 3655 3517 Seferis
3678 3462 3795 3514 Con-

2295 3562 2637 3629 stantinopoli
2669 3573 2939 3628 egressus,
2967 3557 3282 3610 Moldaviam
3309 3571 3500 3609 versus
3530 3552 3792 3608 contendit.

2296 3651 2391 3705 Ubi
2420 3651 2483 3703 ad
2512 3650 2844 3717 oppidulum,
2888 3648 3029 3716 quod
3064 3646 3364 3700 lshacluam
3395 3654 3605 3707 vocant,
3637 3658 3796 3713 perve-

2304 3743 2491 3806 nisset,
2531 3741 2849 3794 transmisso
2902 3739 3162 3802 Danubio,
3192 3737 3502 3790 Moldaviam
3560 3737 3797 3801 ingresuts

2296 3841 2397 3886 est.
2426 3834 2498 3885 lbi
2538 3842 2646 3885 tum
2672 3832 2791 3901 fuga
2821 3831 2918 3885 sibi
2951 3830 3235 3885 consulere
3271 3830 3498 3883 Vaivoda
3536 3829 3793 3891 Moldavus.

2299 3938 2395 3978 nec
2426 3938 2651 3991 usquam
2695 3925 2745 3976 in
2782 3933 3022 3991 apertum
3068 3921 3282 3989 prodire
3314 3938 3327 3974 :
3365 3920 3550 3973 incola:
3579 3933 3693 3973 vero
3724 3931 3795 3967 re-

2298 4016 2468 4083 gionis
2500 4016 2710 4069 sultano
2759 4030 2815 4068 se
2870 4014 3090 4077 dedere,
3131 4012 3220 4081 qui
3256 4012 3454 4065 limites
3508 4008 3697 4079 imperii
3727 4004 3793 4060 sui

2298 4107 2361 4159 ad
2396 4120 2605 4158 amnem
2638 4119 2806 4172 usque
2834 4104 3077 4155 Berutem
3112 4099 3413 4168 prolatavit.

2338 4198 2494 4259 ,Erat
2530 4198 2579 4247 in
2615 4197 2833 4247 adversa
2864 4194 2973 4259 ripa
3014 4191 3277 4259 quoddam
3315 4190 3639 4256 oppidulum,
3670 4182 3791 4254 quod

2304 4282 2551 4352 Sangiaci
2582 4282 2855 4334 domicilio
2882 4280 3011 4333 satis
3038 4287 3179 4332 esset
3203 4278 3471 4331 idoneum.
3496 4278 3793 4343 Quapropter

2301 4388 2363 4427 eo
2392 4373 2507 4427 loco
2544 4371 2864 4440 Sangiacum
2905 4368 3208 4421 constituit.
3240 4366 3573 4435 Sequebatur
3598 4364 3642 4417 id
3676 4371 3790 4415 tent-

664 4437 1182 4515 ConstantinOpolim
1222 4448 1491 4515 profectus
1519 4459 1619 4512 est,
1646 4465 1983 4517 quacumque
2016 4453 2189 4504 tende-

2313 4463 2461 4533 poris
2491 4437 2706 4514 Portant
2734 4459 2929 4514 sultani
2958 4448 3274 4511 Soleimanis
3325 4458 3538 4525 quidam
3574 4465 3715 4508 natus
3741 4466 3791 4503 ex

670 4551 772 4601 ret,
804 4541 1065 4592 damnum
1094 4537 1416 4590 Christianis
1446 4532 1705 4592 inferens.
1736 4541 2060 4594 Acciderunt
2095 4540 2207 4595 haec

668 4642 810 4681 anno
832 4627 936 4681 943
960 4625 1103 4693 (Chr.
1132 4625 1308 4691 £537).

740 4716 955 4769 Solebat
984 4719 1084 4769 hoc
1116 4723 1355 4783 tempore
1386 4714 1851 4784 Constantinopoli
1875 4714 2204 4770 Soleimanes

674 4806 982 4872 plerumque
1005 4805 1215 4873 degere.
1252 4805 1445 4860 Verum
1478 4808 1575 4859 ista
1602 4822 1721 4860 cum
1749 4809 2047 4867 evenirent,
2069 4806 2205 4859 forte

674 4898 991 4962 migraverat
1021 4880 1482 4966 Hadrianopolim,
1504 4910 1558 4952 ut
1580 4901 1701 4952 istic
1734 4899 2063 4952 hibernaret.
2091 4898 2201 4951 Sub

674 4989 873 5041 aestatis
913 4976 1122 5040 initium
1149 5003 1399 5042 reversus
1423 4990 1968 5058 Constantinopolim,
2003 4991 2066 5043 ad
2096 4989 2205 5043 bel-

678 5080 785 5135 lum
838 5092 893 5132 se
928 5078 1084 5149 347
1121 5078 1347 5145 paravit,
1379 5088 1429 5130 et
1459 5077 1835 5132 Chairadinem
1893 5080 2208 5148 Lutsimque

674 5170 857 5223 bassas
888 5185 1075 5236 magna
1128 5186 1246 5222 cum
1294 5170 1466 5221 classe
1501 5169 1725 5232 dimisit,
1771 5170 1860 5236 qui
1920 5170 2052 5235 tuari
2094 5184 2203 5222 rem

674 5270 958 5329 gert-rent:
1008 5262 1123 5327 ipse
1178 5260 1639 5327 ConstantinOpoli
1699 5262 1993 5329 digressus,
2042 5262 2205 5314 Alba~

679 5350 820 5401 niam
849 5350 1328 5417 petiit.,Avelonam
1353 5365 1473 5402 cum
1501 5352 1844 5417 pervenisset,
1869 5356 2026 5406 etiam
2051 5352 2208 5405 Chai-

680 5439 964 5494 radiueset
995 5436 1172 5490 Lutsis
1201 5439 1384 5490 eodem
1416 5452 1534 5490 cum
1560 5441 1729 5494 classe
1761 5443 2083 5503 triremium,
2105 5455 2205 5493 caa-

677 5532 938 5592 terisque'
965 5542 1084 5580 cum
1125 5527 1376 5594 navigiis,
1407 5530 1743 5597 appulerunt.
1781 5532 2115 5586 Soleimanes
2151 5530 2203 5581 in

674 5602 795 5669 lora
819 5627 1097 5670 montuosa
1126 5617 1420 5684 profectus,
1443 5619 1631 5671 ibidem
1656 5637 1775 5673 cum
1814 5622 1984 5674 Porta:
2018 5619 2202 5670 militi-

677 5711 777 5764 bus
804 5718 853 5761 et
912 5712 1162 5762 comitatu
1210 5710 1403 5761 castris
1467 5709 1657 5762 locum
1694 5713 1874 5778 cepit:
1938 5710 2201 5783 reliqumn

2311 4554 2513 4606 familia
2546 4551 2908 4605 Vaivodarum
2938 4548 3230 4607 Moldavize,
3263 4550 3346 4602 cui
3379 4558 3433 4603 et
3455 4562 3663 4601 annonec
3690 4558 3797 4611 pra“-

2306 4642 2587 4693 bebantur.
2627 4638 2777 4691 Hunc
2829 4638 3162 4692 Soleirnanes
3218 4638 3493 4691 Holdavite
3544 4632 3794 4686 Vaivodam

2304 4729 2561 4799 prrefecit.
2590 4726 2738 4791 Quod
2776 4728 2917 4793 prior
2949 4727 3034 4777 ille
3070 4727 3302 4779 Vaivoda
3357 4742 3477 4780 cum
3509 4723 3795 4778 rescivissel.

2306 4827 2514 4885 portam
2544 4823 2921 4883 prwptitentem
2952 4814 3174 4881 ipsemet
3202 4812 3351 4875 adiit,
3388 4822 3443 4867 et
3477 4829 3502 4866 a
3529 4811 3796 4865 Soleimane

2308 4906 2573 4974 postulata
2617 4906 3002 4972 impetrataque
3030 4904 3220 4971 gratia,
3276 4905 3550 4958 restitutus
3593 4904 3639 4955 in
3688 4901 3794 4952 intc-

2306 5015 2456 5067 gt‘um
2492 4997 2613 5051 fuit.
2667 4992 2995 5049 Soleimanes
3029 5008 3057 5046 e
3100 4992 3359 5048 Moldavia
3415 5003 3689 5067 revertens,
3716 4987 3797 5039 lla-

2308 5088 2661 5155 drianopolim
2696 5101 2753 5139 se
2804 5083 3070 5136 contulit:
3127 5085 3214 5137 ubi
3266 5095 3452 5140 exacta
3491 5085 3671 5143 hieme,
3716 5082 3796 5131 su't

2260 5224 2267 5231 .
2306 5178 2447 5231 veris
2478 5177 2687 5229 initium
2734 5174 3256 5241 Constantinopolim
3308 5174 3461 5238 abiit,
3494 5184 3544 5227 ct
3576 5168 3721 5240 quieti
3749 5182 3795 5219 sc

2307 5269 2469 5331 dedit,
2518 5282 2658 5320 anno
2686 5266 2789 5321 945
2824 5265 2969 5332 (Chr.
3001 5263 3175 5330 l539).

2382 5354 2683 5407 Secundum
2739 5352 2824 5404 illa
2877 5353 3049 5404 denuo
3074 5366 3193 5405 cum
3250 5352 3423 5405 classe
3464 5347 3793 5405 Chairadinem

2308 5442 2441 5495 mari
2472 5442 2753 5511 ablegavit.
2795 5441 3045 5503 lsqautent
3075 5442 3285 5510 egregie
3314 5442 3622 5500 instructus,
3647 5446 3694 5489 ut
3720 5435 3793 5486 ho-

2308 5538 2439 5583 stem
2470 5546 2647 5596 suum,
2707 5532 2972 5584 Andream
3027 5529 3265 5595 Doriam,
3290 5539 3551 5597 quaereret
3584 5546 3596 5581 :
3626 5528 3795 5589 absque

2310 5620 2418 5671 ullo
2450 5622 2821 5689 impedimento
2847 5622 3137 5690 penetravit
3163 5622 3212 5672 in
3246 5620 3471 5681 Italiam,
3505 5620 3667 5686 ibique
3691 5628 3795 5665 nou-

2310 5711 2449 5763 nulla
2482 5727 2599 5766 cum
2659 5715 2785 5770 vicis
2818 5712 3064 5782 oppidula
3111 5709 3483 5778 depopulatus,
3519 5712 3664 5763 etiam
3699 5715 3794 5763 ωιι·
