3970 6348
222 424 325 490 645

1460 424 1800 493 ANNALES
1823 427 2149 488 TURCICI.

3307 418 3410 482 646

222 552 357 590 nera
386 538 677 607 majoribua
701 554 729 593 a
758 540 1065 595 civitatibus
1089 539 1318 609 accepit.
1350 539 1482 593 Cum
1522 542 1610 595 ditt
1647 541 1769 594 hinc
1799 541 1844 596 Α
1896 538 1899 539 ⁷
1942 535 2245 589 Secundum
2295 535 2405 586 inec
2440 546 2652 586 rursnm
2686 546 2875 601 magna
2913 548 3034 585 cum
3078 532 3248 587 classe
3279 513 3410 586 inis-

221 627 350 682 inde
385 629 709 694 oberrasset,
734 632 1008 701 inopinato
1024 632 1288 686 Andream
1312 632 1523 685 Doriam
1548 632 1765 700 rrperit,

150 735 155 743 ·
220 726 279 771 et.
328 730 551 774 strenue
596 737 715 775 cum
747 737 809 776 eo
852 723 1167 793 confligens,
1190 737 1353 775 naves
1398 722 1617 775 hostiles
1669 722 1768 774 ali-

222 819 353 874 quot
406 810 716 870 submersit.
776 822 831 864 et
874 814 1116 866 triremes
1182 813 1387 879 aliquot
1420 812 1573 878 cepit.
1610 810 1768 862 Doria

221 899 440 952 tandem
486 901 624 954 hosti
666 884 1019 970 sc‘imparem
1053 901 1506 963 animadvertens,
1533 918 1655 955 curn
1683 916 1767 955 re-

220 988 408 1056 liqniis
438 1006 549 1043 sua:
578 990 773 1044 classis
804 991 1031 1062 aufugit.
1063 991 1127 1044 Et
1149 993 1269 1059 quia
1297 1003 1423 1045 tunc
1454 992 1624 1044 hiems
1668 992 1767 1043 im-

218 1077 479 1143 minebat,
509 1080 675 1133 versis
699 1080 1045 1135 Chairadincs
1087 1082 1219 1135 velis
1248 1082 1766 1150 Constantinopolim

216 1168 399 1231 rediit,
430 1184 571 1223 anno
593 1170 694 1225 945
720 1172 867 1242 (Chr.
908 1174 1083 1242 1539).

292 1259 387 1312 Die
413 1259 583 1324 Jovis.
642 1266 734 1330 qui
772 1264 1014 1318 decimus
1066 1264 1282 1333 quintus
1338 1265 1537 1318 mensis
1571 1260 1773 1318 Sefei'is

216 1359 361 1411 erat,
396 1352 498 1405 sub
561 1368 860 1422 vesperam,
921 1358 1227 1410 incendium
1281 1339 1766 1425 Constantinopoli,

217 1454 329 1491 non
357 1442 539 1506 procul
579 1444 645 1496 ab
691 1444 905 1497 illorum
963 1462 1199 1509 carcere,
1239 1449 1329 1515 qui
1369 1447 1653 1500 criminum
1693 1448 1768 1501 rei

218 1530 629 1595 custodiuntur,
655 1534 708 1587 in
745 1549 927 1587 eorum
963 1536 1198 1590 tabernis
1220 1549 1465 1590 exortum
1501 1538 1599 1591 fuit
1630 1556 1642 1601 ;
1676 1538 1765 1607 qui

219 1619 421 1683 picem,
446 1622 695 1684 resinam,
731 1624 1039 1691 amngiam,
1068 1626 1305 1693 aliasque
1344 1643 1427 1679 res
1458 1628 1592 1681 tales
1639 1643 1770 1679 ven-

218 1716 379 1761 dunt.
408 1710 504 1763 Hic
545 1712 682 1780 ignis
715 1730 776 1766 ex
812 1716 1056 1772 indicatis
1086 1716 1319 1769 tabernis
1360 1717 1411 1769 in
1443 1718 1611 1784 ipsam
1656 1726 1768 1769 tur-

218 1798 349 1861 riui,
384 1801 496 1854 sive
532 1816 799 1856 carcerem
847 1805 1183 1875 pragdictnm,
1228 1808 1401 1858 evasit
1438 1822 1452 1858 :
1492 1807 1581 1873 qui
1615 1808 1767 1859 clau-

218 1906 318 1944 sus
340 1906 461 1944 cum
493 1904 656 1965 esset,
703 1895 949 1948 homines
990 1897 1040 1947 in
1073 1911 1137 1948 eo
1166 1897 1483 1964 septingenti
1539 1886 1782 1981 flammis,

218 1983 404 2035 exusti
452 1983 744 2051 pet-ierunt.
802 1984 873 2037 Ex
915 1986 1124 2039 eo-loco
1163 1987 1441 2040 dilatatum
1477 1989 1527 2040 in
1582 1989 1767 2041 urbem

223 2074 557 2140 incendium,
600 2092 629 2129 a
670 2077 873 2132 dextris
897 2089 949 2131 et
974 2078 1211 2133 sinistris
1242 2081 1423 2148 vagari
1477 2079 1636 2147 cepit.
1689 2079 1767 2133 Ad

221 2158 641 2230 publicanorum
686 2182 954 2221 carcerem
1001 2184 1123 2221 cum
1191 2169 1540 2241 pervenisset,
1585 2156 1768 2237 aperto

220 2256 461 2310 carceris
487 2258 646 2323 ostio,
692 2257 899 2311 dimissi
944 2257 1093 2311 fuere
1143 2258 1429 2325 publicani.
1462 2258 1578 2322 Quo
1602 2258 1763 2322 facto,

222 2342 392 2397 turris
424 2344 691 2410 ipsa,sive
720 2360 930 2406 carcer,
964 2346 1143 2398 itidem
1178 2344 1549 2413 cooﬂagravit.
1583 2346 1766 2401 Latius

221 2432 354 2486 inde
382 2434 598 2501 serpsit.
629 2448 799 2501 usque
829 2434 913 2491 ad,
939 2444 1144 2502 portam
1180 2438 1349 2500 urbis,
1381 2451 1541 2505 quam
1570 2435 1767 2506 Ligna—

218 2525 362 2577 riam
392 2534 606 2588 vocant,
632 2525 733 2577 ubi‘
761 2528 996 2579 tabernae
1025 2538 1149 2581 sunt
1181 2525 1455 2581 fabrorum
1515 2528 1767 2582 ferrario-

218 2629 369 2677 rum.
400 2613 466 2667 lis
494 2615 546 2666 in
583 2615 714 2668 locis
742 2617 922 2669 omnia
950 2616 1179 2671 flammis
1208 2619 1489 2686 absumpta
1528 2618 1762 2674 fuerunt.

216 2701 357 2759 Inde
386 2718 444 2758 se
471 2706 732 2758 convertit
753 2706 840 2760 hic
879 2705 1017 2775 ignis
1059 2710 1122 2760 ad
1154 2708 1297 2762 aedes
1322 2707 1467 2761 Baiis
1504 2708 1654 2778 Agae,
1674 2710 1766 2777 qui

216 2797 478 2850 tribunus
509 2796 635 2849 olim
690 2795 1068 2863 genizarorum
1110 2798 1305 2863 fuerat,
1362 2807 1579 2868 totaque
1624 2802 1769 2855 istaec

221 2886 541 2954 deflagravit
570 2888 737 2951 regio.
772 2889 958 2943 Postea
997 2888 1231 2956 perrexit
1265 2889 1328 2941 ad
1359 2877 1646 2942 Caravante
1683 2904 1767 2943 sa-

216 2978 423 3038 rainm,
452 2978 592 3031 unde
615 2978 862 3031 tabernas
893 2993 1075 3031 eorum
1112 2979 1327 3037 imasit,
1359 2979 1448 3045 qui
1480 2988 1634 3030 torno
1668 2994 1767 3031 cae-

217 3062 363 3125 !ant,
398 3078 623 3130 quarum
647 3064 830 3119 ordine
854 3066 1019 3119 series
1045 3080 1233 3132 magna
1257 3067 1598 3131 conspicitur.
1635 3065 1768 3122 Hinc

219 3153 288 3207 ad
321 3168 440 3206 eam
494 3155 668 3222 erupit
714 3170 915 3219 aream,
942 3171 1059 3224 quae
1089 3154 1309 3209 Tachtal
1358 3156 1483 3210 Cala
1519 3157 1712 3223 dicitur
1748 3175 1762 3211 :

218 3246 373 3298 unde
403 3260 593 3299 rursus
620 3245 680 3298 ad
709 3244 886 3299 fabros
915 3248 1153 3310 aerarios,
1187 3247 1253 3300 ab
1282 3248 1366 3302 his
1401 3249 1463 3301 ad
1498 3250 1765 3303 vitriarios

217 3336 545 3405 petietrarit,
597 3336 755 3388 etiam
818 3336 907 3389 illa
974 3338 1199 3404 regione
1246 3338 1494 3393 incendio
1536 3357 1767 3408 prorsus

216 3424 509 3487 exhausta,
530 3439 649 3492 qua:
673 3426 872 3493 pictmn
901 3426 1146 3481 balneum
1171 3429 1358 3481 ambit.
1390 3428 1621 3499 Longius
1646 3432 1767 3484 inde

218 3534 591 3587 progressum,
630 3519 695 3573 ad
725 3519 1032 3575 Judazorum
1068 3523 1311 3591 pervenit
1364 3525 1523 3589 aedes,
1566 3526 1762 3578 ibidem

217 3610 464 3662 maximo
484 3625 605 3663 cum
629 3612 950 3665 detrimento
972 3621 1271 3681 grassatum
1296 3622 1594 3679 propterea,
1623 3616 1762 3681 quod

215 3700 511 3753 admodum
577 3700 681 3754 illae
726 3701 828 3755 sibi
878 3704 1140 3769 contigua:
1190 3703 1317 3755 sint.
1364 3702 1497 3755 Hinc
1565 3718 1763 3771 Sparsae

216 3789 445 3843 fuerunt
470 3780 695 3843 ﬂammae
729 3805 899 3858 usque
931 3790 994 3844 ad
1036 3800 1240 3859 portam
1269 3791 1368 3845 fori
1398 3792 1560 3862 348
1590 3796 1763 3862 pisca-

190 3881 309 3945 _rii,
373 3888 426 3933 et
472 3880 731 3948 quidquid
782 3880 1130 3941 aediﬁciorum
1171 3890 1287 3934 erat
1327 3882 1463 3935 inter
1510 3885 1670 3947 hanc,
1712 3898 1764 3940 et

209 3969 528 4023 Judworum
561 3980 791 4038 portam,
816 3984 1034 4039 prorsus
1052 3971 1119 4024 ab
1144 3976 1264 4040 igne
1279 3970 1511 4027 deletum
1538 3975 1761 4029 fuit.‘Ad

209 4074 512 4122 summam,
547 4060 926 4127 prepemodum
949 4055 1533 4117 universmludaeorum
1562 4063 1762 4120 domus

210 4149 375 4204 fuere
421 4160 795 4205 concrematte.
862 4150 994 4205 Nam
1048 4153 1231 4206 aestivo
1262 4162 1502 4221 tempore
1534 4155 1762 4222 contigit

208 4244 321 4296 hoc
359 4241 826 4307 incendium,cum
867 4243 1055 4310 ingens
1091 4252 1232 4296 esset
1265 4243 1763 4298 siccitas.Arbores

205 4332 380 4385 etiam
418 4331 611 4384 virides
638 4332 803 4386 instar
820 4332 1087 4399 sulphuris
1138 4346 1339 4384 arsere.
1367 4328 1557 4383 Nullus
1583 4332 1763 4384 incen-

204 4425 281 4477 dii
314 4421 679 4491 restinguendi
710 4423 903 4474 modus
939 4422 1167 4474 inveniri
1196 4431 1424 4489 poterat.
1476 4420 1618 4475 Nihil
1676 4437 1762 4474 ar-

1868 643 1961 682 sus
2008 626 2107 679 fuit
2135 624 2500 685 Chairadines.
2523 635 2579 677 ut
2603 639 2778 676 arcem
2805 623 3029 685 Novam,
3052 638 3213 691 quam
3247 624 3403 675 Chri-

1866 717 2025 785 stiani
2083 724 2502 784 occupaverant,
2549 721 2889 780 recuperaret
2928 729 2941 765 :
2979 717 3407 779 imperatumque

1868 807 2143 875 Sangiacis
2166 807 2415 860 omnibus
2440 806 2554 872 ejus
2580 802 2886 873 provinciae,
2924 814 2980 856 ut
3012 804 3277 856 universis
3294 804 3407 855 suis

1868 914 1986 953 cum
2022 882 2289 966 copiis,et
2313 907 2571 965 apparatu
2612 896 2824 957 bellico,
2856 895 2921 947 ad
2961 909 3074 945 eam
3103 909 3158 945 se
3193 893 3408 945 confer-

1869 990 2358 1043 rentobsidionem.
2400 984 2500 1039 Ubi
2529 985 2716 1039 classis
2753 985 3072 1053 appulisset,
3123 1000 3152 1036 e
3181 984 3407 1036 navibus

1870 1079 1922 1130 in
1957 1088 2147 1129 terram
2187 1077 2441 1147 expositae
2516 1076 2665 1128 fuere
2699 1075 2965 1127 machinae
3015 1073 3399 1131 tormentariaz.

1869 1166 2191 1236 propiusque
2215 1166 2431 1219 militari
2482 1148 2632 1219 more
2660 1165 2897 1219 deductae
2924 1164 2992 1219 ad
3025 1164 3224 1218 castelli
3282 1179 3402 1215 mu-

1869 1273 1981 1318 ros,
2033 1264 2086 1309 et
2113 1265 2218 1310 tam
2271 1258 2357 1309 diu
2389 1257 2658 1325 displosa,
2697 1257 2868 1310 donec
2902 1258 3223 1309 mtcniorum
3280 1270 3429 1323 pars,

1872 1349 2087 1417 disiecta
2112 1355 2407 1411 corrueret,
2440 1363 2502 1400 ac.
2530 1362 2624 1414 per
2653 1348 3004 1416 ipsasruinas
3046 1348 3198 1401 miles
3220 1347 3283 1398 ad
3312 1360 3407 1397 ex-

1868 1446 2205 1507 pugnandam
2246 1454 2424 1493 arcem
2448 1439 2848 1493 immitteretur.
2882 1438 3047 1491 Erant
3076 1441 3125 1491 in
3147 1435 3405 1506 praesidio

1871 1529 2075 1582 castelli
2111 1529 2305 1581 milites
2334 1526 2621 1580 Christiani
2646 1529 2864 1582 virtutis
2918 1529 3150 1589 eximite,
3176 1527 3266 1594 qui
3297 1535 3404 1578 tam

1871 1619 2078 1672 fortiter
2108 1620 2242 1672 hosti
2273 1619 2625 1695 resistebant”
2652 1628 2714 1673 ut
2761 1619 2827 1672 ab
2858 1629 3081 1684 utraque
3106 1628 3254 1685 parte
3285 1618 3405 1684 plu-

1870 1709 1989 1761 rimi
2017 1712 2282 1763 cadercnt.
2318 1710 2393 1760 Ad
2424 1717 2720 1762 extremum
2768 1719 2944 1761 tamen
2983 1709 3284 1760 animorum
3312 1723 3404 1759 ar-

1873 1797 2000 1849 dore
2043 1799 2282 1859 remisso,
2306 1798 2700 1852 succubuerunt
2734 1816 2747 1863 ;
2782 1807 2837 1852 et
2869 1798 3065 1852 occisis
3120 1812 3405 1866 propemo-

1869 1886 1993 1938 dum
2066 1882 2353 1944 universis.
2423 1890 2703 1958 captisque
2756 1882 3171 1956 superstitibus,
3238 1888 3406 1940 evasit

1869 1992 2045 2030 nemo.
2081 1976 2226 2030 Nova
2252 1987 2482 2044 recepta,
2508 1978 2767 2046 quidquid
2812 1988 2925 2030 erat
2964 1979 3102 2031 inter
3158 1979 3404 2044 captivos

1868 2068 2038 2118 aetatis
2065 2078 2283 2132 vegetat,
2311 2068 2615 2119 (iantnatum
2668 2067 2766 2141 fuit
2794 2068 2858 2119 ad
2911 2069 3182 2119 triremes.
3217 2067 3401 2120 itidem

1868 2165 2074 2223 reperta
2103 2155 2154 2208 in
2189 2170 2311 2209 arce
2364 2156 2631 2223 mancipia
2672 2156 2919 2219 Turcica,
2975 2157 3241 2208 vindicata
3279 2166 3404 2209 sunt

1867 2248 1919 2301 in
1950 2248 2269 2302 libertatem.
2302 2249 2395 2303 llis
2439 2249 2599 2304 rebus
2635 2249 2821 2317 gestis,
2852 2260 2902 2303 et
2928 2252 3070 2304 arcis
3106 2251 3398 2312 mamilrus,

1867 2352 1968 2417 qua
1997 2338 2171 2391 diruta
2197 2338 2428 2399 fuerant,
2456 2339 2669 2393 refectis
2688 2384 2701 2405 ,
2729 2340 3257 2396 Cbairadinesilline
3279 2357 3399 2395 cum

1866 2429 2037 2483 classe
2067 2431 2354 2498 digressus,
2385 2432 2587 2499 aliquot
2629 2433 2838 2501 navrgia
2889 2434 3157 2487 mercibus
3207 2435 3402 2488 onusta

1866 2520 2183 2586 Christianis
2229 2522 2448 2583 ademit.
2505 2530 2557 2575 et
2612 2524 2880 2591 oppidulis
2919 2525 3237 2593 quibusdam
3293 2542 3403 2578 ma-

1868 2612 2061 2667 ritimis
2096 2612 2327 2666 ﬂammis
2368 2630 2430 2667 ac
2458 2615 2601 2667 ferro
2634 2615 2856 2678 coaetis,
2900 2615 3401 2669 utincolumitatem

1868 2718 2017 2756 suam
2038 2705 2261 2773 pecunia
2288 2706 2627 2767 redimerent,
2662 2694 3187 2774 Constantinopolim
3222 2706 3401 2771 rediit,

1867 2807 2006 2845 anno
2032 2794 2132 2847 946
2160 2795 2309 2862 (Chr.
2346 2795 2522 2864 1540).

1937 2881 2189 2961 Sultanps
2220 2892 2394 2938 autem
2442 2885 2778 2941 Soleimaucs
2810 2888 2896 2941 die
2936 2891 3172 2943 secundo
3204 2892 3406 2947 mensis

1868 2971 2162 3029 Seltaban‘s
2193 2975 2654 3045 Constantinopoli
2690 2981 2983 3047 profectus,
3039 2981 3407 3051 Hadrianopo-

1866 3063 1958 3116 lim
1991 3067 2234 3131 accessit,
2273 3078 2326 3120 et
2371 3068 2563 3122 ibidem
2621 3071 2903 3125 hibernum
2937 3082 3146 3141 tempus
3178 3076 3355 3140 exegit
3390 3089 3405 3127 :

1866 3168 1973 3222 quo
1990 3155 2233 3217 durante,
2252 3165 2493 3209 exortum
2518 3158 2818 3212 incendium
2846 3158 2897 3211 in
2921 3161 3098 3213 saraio
3124 3176 3280 3223 novo,
3300 3176 3411 3229 quo

1869 3245 2136 3297 conclusa:
2163 3246 2358 3299 sultani
2387 3261 2599 3309 uxores,
2622 3242 2797 3309 liberi,
2827 3250 3014 3314 puella:
3047 3250 3280 3316 virgines
3312 3252 3406 3304 ha-
3445 3276 3452 3285 ι

1867 3333 2035 3387 bitare
2060 3337 2252 3398 solent,
2289 3346 2455 3390 totum
2509 3338 2637 3390 illud
2696 3326 2981 3392 aedificium
3042 3356 3161 3393 cum
3225 3344 3404 3409 magni

1867 3426 2020 3492 pretii
2056 3426 2214 3479 rebus
2279 3427 2505 3479 exussit.
2556 3427 2981 3481 Rursustamen
3020 3430 3159 3483 haud
3210 3447 3405 3501 magno

1868 3516 2123 3581 temporis
2144 3517 2321 3583 spatio
2352 3516 2686 3581 splendidius
2709 3526 2792 3569 est
2826 3514 3210 3584 instauratum,
3241 3536 3403 3589 quam
3458 3558 3467 3565 ο

1867 3602 2041 3657 fuerat
2087 3607 2253 3670 prius.
2307 3606 2431 3659 inde
2492 3608 2826 3663 Soleimanes
2887 3610 3408 3681 Constantinopolim

1864 3695 1947 3748 die
1976 3696 2200 3762 septimo
2237 3699 2434 3766 meqsis
2465 3699 2711 3754 Silchizis
2757 3715 3030 3767 reversus,
3089 3704 3294 3758 ibidem
3338 3698 3435 3759 add

1863 3787 2074 3854 aliquod
2117 3796 2326 3856 tempus
2358 3792 2531 3861 itaesit,
2576 3788 2717 3845 anno
2744 3792 2845 3846 947
2881 3784 3029 3859 (Chr.
3068 3795 3244 3860 i5“).

1933 3876 2292 3955 Exposuimus
2343 3897 2502 3949 supra
2565 3883 2925 3938 Soleimanem
2980 3888 3257 3952 complura
3310 3902 3405 3955 per

1864 3952 2149 4035 Un'gariam
2180 3972 2397 4037 Oppida,
2432 3987 2553 4024 cum
2594 3974 2705 4038 ipsa
2752 3977 2899 4039 regni
2948 3978 3226 4041 metropoli
3263 3977 3405 4031 Buda

1863 4057 2107 4124 cepisse:
2136 4068 2447 4125 motumque
2475 4061 2734 4144 singulaqi
2789 4065 3017 4131 quadam
3068 4068 3259 4134 gratia,
3303 4068 3406 4121 Ba-

1867 4160 1994 4198 num
2029 4144 2224 4198 Erdelii
2251 4161 2463 4199 creaSse
2512 4163 2680 4214 regem
2743 4147 2987 4219 Ungarire
3018 4167 3033 4206 :
3064 4168 3182 4205 cum
3213 4154 3275 4207 ad
3302 4146 3409 4207 ali-

1862 4246 1993 4303 quot
2024 4250 2193 4289 annos
2227 4236 2313 4289 ille
2333 4251 2506 4305 regno
2535 4239 2686 4305 plena
2713 4254 2835 4292 cum
2868 4250 3132 4308 potestate
3164 4243 3409 4310 pmfuis-

1863 4335 1962 4390 set,
1992 4326 2157 4379 filium
2189 4327 2422 4382 moriens
2456 4312 2984 4397 reliquit'hteredem,
3021 4331 3110 4397 qui
3146 4346 3236 4396 per
3282 4340 3407 4385 atta-

1865 4431 1968 4475 tem
2003 4422 2445 4481 administrandae
2486 4423 2796 4491 reipublica:
2833 4438 2937 4475 non
2982 4432 3094 4476 erat
3140 4424 3403 4477 idoneus:

204 4512 411 4565 borum
433 4508 1322 4576 rcsectarumdejectio,nihiiaqua
1343 4509 1584 4577 juvabat.
1609 4508 1759 4565 Unde
1786 4516 1839 4575 D
1865 4528 2030 4593 eaque
2060 4514 2125 4567 de
2155 4528 2312 4568 causa
2364 4501 2533 4568 mater
2562 4515 2712 4583 pueri
2770 4515 3219 4583 gubernationem
3252 4514 3317 4567 ad
3350 4529 3409 4569 se

202 4603 442 4663 factum,
488 4608 542 4651 ut
574 4607 684 4651 tota
712 4608 867 4651 nocte
890 4600 1130 4651 duraret.
1161 4598 1331 4652 Erant
1359 4600 1630 4653 distributi
1666 4616 1761 4669 per

199 4706 406 4746 omnes
436 4689 585 4743 urbis
620 4689 870 4758 regiones
923 4688 1185 4757 genizari,
1236 4689 1327 4757 qui
1385 4687 1630 4743 flammas
1662 4706 1759 4745 ex-

198 4783 551 4847 stinguerent
588 4796 604 4832 :
640 4777 733 4833 sed
767 4778 1035 4833 incassum
1055 4778 1389 4831 laborabant.
1429 4779 1636 4832 Etenim
1670 4796 1764 4848 po-

198 4873 405 4928 stridie
432 4873 577 4927 illius
599 4871 723 4935 dici,
742 4887 771 4925 a
800 4873 972 4940 primo
1001 4871 1237 4924 diluculo
1281 4887 1449 4939 usque
1479 4872 1545 4925 ad
1575 4888 1787 4940 vespec~

199 4980 352 5025 ram,
380 4962 455 5014 ita
484 4963 867 5025 desaevierunt,
897 4970 953 5015 ut
980 4963 1142 5014 etiam
1180 4962 1398 5013 maximi
1432 4962 1587 5029 pretii
1622 4978 1762 5014 mer-

196 5069 295 5109 ces
330 5061 427 5106 aut
454 5052 893 5116 absumerentur,
919 5061 1011 5105 aut
1038 5045 1638 5117 direptionibus‘essent
1663 5067 1758 5105 ex-

198 5142 428 5212 positae.
459 5138 663 5208 Quippe
682 5142 876 5208 quibus
907 5141 959 5195 in
988 5142 1121 5195 locis
1151 5140 1298 5195 urbis
1322 5152 1623 5210 grassatum
1660 5143 1760 5197 fuit

201 5229 553 5294 incendium,
584 5230 653 5295 (in
691 5232 757 5286 iis
798 5232 987 5301 majori
1024 5247 1085 5287 ex
1111 5240 1261 5301 parte
1290 5241 1669 5299 mercatorum,
1709 5246 1761 5290 et

196 5323 447 5378 aliorum
491 5318 726 5373 tabernae
752 5314 1097 5400 consistunt;
1143 5322 1366 5391 ideoque
1422 5324 1597 5391 potior
1637 5340 1761 5393 pars

197 5413 365 5469 urbis
394 5410 447 5462 in
481 5408 690 5464 cineres
709 5409 861 5476 abiit,
898 5426 1020 5465 cum
1053 5412 1191 5467 idem
1217 5414 1483 5468 accideret
1508 5416 1759 5471 omnibus

195 5501 477 5566 adificiis,
528 5513 645 5569 quae
676 5508 826 5554 extra
870 5516 1054 5557 muros
1103 5504 1253 5558 urbis
1286 5519 1313 5557 a
1375 5504 1491 5558 foro
1524 5506 1759 5573 piscario

196 5597 305 5650 sita
348 5600 482 5647 sunt
505 5590 559 5643 in
611 5586 799 5645 littore'
831 5592 1021 5648 maris.
1057 5592 1255 5669 Eodem
1312 5603 1550 5663 tempore
1592 5597 1757 5663 pestis

196 5689 376 5742 etiam
416 5682 471 5736 in
514 5680 647 5736 urbe
674 5683 1044 5751 grassabatur,
1086 5692 1376 5765 utrumque
1407 5683 1497 5739 Dei
1529 5688 1757 5757 contigit

198 5785 365 5858 nutu,
392 5784 536 5827 anno
559 5768 662 5827 946
691 5768 840 5835 (Chr.
887 5769 1065 5841 1540).

1870 4607 2167 4660 transtulit.
2202 4606 2313 4660 Hoc
2346 4607 2667 4676 permoleste
2700 4604 2898 4670 ferens,
2934 4605 3151 4674 Quidam
3175 4621 3238 4659 ex
3286 4610 3407 4674 pro-

1869 4701 2079 4754 ceribus
2108 4699 2363 4767 Ungaris,
2394 4698 2579 4753 Petrus
2606 4698 2884 4763 Perenius,
2905 4700 3019 4753 suis
3041 4699 3105 4752 ad
3130 4713 3245 4751 eam
3275 4698 3408 4753 mis-

1869 4791 1945 4844 sis
1984 4789 2308 4848 hominibus.
2343 4789 2454 4841 haec
2485 4787 2779 4857 signilicari
2826 4787 3026 4880 jussit:
3078 4801 3196 4840 esse
3236 4787 3403 4855 ipsam

1869 4876 2082 4931 feminei
2132 4889 2313 4940 sexus,
2345 4883 2399 4927 et
2429 4874 2690 4928 institutis
2739 4874 3003 4943 majorum
3037 4875 3256 4927 minime
3289 4891 3409 4943 per-
3458 4898 3465 4905 -

1867 4966 2026 5027 mitti,
2058 4973 2112 5016 ut
2139 4964 2199 5016 .in
2226 4960 2462 5032 Ungaria
2491 4965 2682 5017 mulier
2707 4965 2850 5034 regia
2874 4980 2993 5017 cum
3027 4973 3291 5032 potestate
3311 4968 3399 5018 sit.

1818 5124 1822 5129 '
1868 5056 2223 5121 Quamobrem
2258 5055 2601 5124 metropolim
2638 5057 2787 5124 regni
2819 5055 3023 5119 Budam
3057 5054 3277 5109 Perenio
3307 5055 3403 5110 deo

1868 5150 2035 5203 deret.
2067 5146 2179 5202 Nisi
2208 5146 2427 5213 faceret,
2458 5158 2744 5223 venturum
2774 5163 2896 5202 cum
2934 5149 3195 5211 exercitu,
3224 5157 3278 5202 et
3310 5165 3402 5202 ur-

1869 5240 1987 5293 hem
2023 5239 2070 5291 vi
2102 5250 2514 5308 occupaturum.
2563 5240 2747 5293 Mulier
2776 5239 2964 5306 legatis
2995 5240 3289 5306 respondit,
3320 5254 3408 5292 ur-

1867 5332 1985 5384 bem
2012 5329 2214 5382 Budam
2249 5342 2353 5383 non
2378 5344 2530 5383 suam
2558 5344 2698 5390 esse,
2721 5329 2811 5382 sed
2837 5328 3035 5393 sultani
3060 5329 3364 5383 Osmanidzc
3395 5350 3407 5383 :

1867 5407 2034 5486 aquo
2060 5418 2103 5471 si
2141 5418 2399 5471 Perenius
2431 5432 2547 5471 eam
2604 5427 2888 5489 repeteret,
2958 5434 3022 5472 ac
3068 5419 3403 5487 impetraret,

1867 5510 2089 5564 omnino
2113 5522 2171 5560 se
2201 5498 2523 5561 deditionem
2573 5507 2858 5562 facturam.
2889 5508 2986 5562 Ubi
3024 5509 3283 5564 Perenius
3314 5513 3411 5560 hoc

1870 5605 1937 5673 ab
1976 5616 2035 5653 ea
2074 5592 2389 5667 responsum
2426 5600 2653 5663 tulisset,
2684 5617 2802 5652 cum
2834 5600 2991 5669 Bmis
3015 5611 3066 5652 et
3094 5602 3412 5668 proceribus

1869 5684 2077 5740 caeteris
2138 5685 2191 5737 in
2238 5686 2559 5753 colloquium
2615 5688 2857 5747 veniens;
2917 5701 3127 5755 summo
3162 5686 3411 5739 dedecori

1858 5775 2147 5833 ‘universis-
2166 5777 2534 5831 dominatum.
2558 5777 2705 5832 illum
2733 5766 3049 5847 muliebrem
3102 5794 3221 5835 esse
3253 5777 3411 5839 dixit.
