3970 6348
639 382 739 452 ΕΗ

1882 398 2216 487 Αδκιιῑες
2253 394 2587 464 τυιιαῖιιι.

3734 396 3822 458 6i?E

642 501 896 557 Procercs
923 504 1158 558 hominis
1193 506 1435 587 oratione
1465 504 1956 575 permeti,libenter
1989 512 2039 562 in
2062 526 2178 563 eam
2215 538 2253 592 Α
2287 513 2345 573 ti,
2381 519 2430 564 et
2462 511 2673 564 sultano
2719 496 2901 563 Selimi
2929 510 3156 563 ditioncs
3200 508 3446 561 attribuit
3483 526 3493 557 :
3533 506 3607 559 illi
3646 506 3821 559 dianu-

641 596 959 671 ttenteutiam
990 584 1396 671 perlibusibattt,
1426 609 1483 652 ut
1501 603 1877 654 removendam
1898 603 1964 654 ali
1996 603 2176 654 admi-

647 667 962 753 nistratione
983 667 1236 741 feminam
1282 697 1630 743 statuerent:
1680 703 1776 745 nec
1835 692 1967 759 ipsis
1998 691 2183 745 adver—

644 774 888 829 santibus
941 775 1235 845 episc0pis,
1289 780 1384 847 qui
1438 780 1680 834 dicerent
1724 781 1825 836 hoc
1870 784 2029 834 modo
2068 797 2180 835 rem

646 858 916 928 Ungaram
965 864 1017 915 in
1062 874 1334 931 posterum
1389 868 1593 922 melius
1626 869 1949 923 habituram.
2001 868 2185 939 Itaque

646 967 897 1020 proceres
931 966 1117 1007 mutuo
1166 956 1306 1024 inter
1338 972 1395 1011 se
1437 957 1636 1012 foedere
1667 961 1921 1031 devincti,
1962 958 2183 1030 magnas

648 1057 871 1112 coegere
902 1047 1105 1114 copias,
1137 1057 1190 1101 et
1211 1048 1407 1119 insigni
1428 1066 1546 1105 cum
1576 1062 1832 1119 apparatu
1867 1053 2182 1115 bellicorum

646 1143 1038 1193 tormentorum
1084 1128 1149 1194 ad
1195 1143 1396 1196 Budam
1444 1155 1810 1201 accesserunt.
1838 1145 1914 1199 Ea
1950 1157 2008 1201 re
2057 1158 2229 1223 cony

649 1242 852 1298 Specta,
889 1220 1107 1300 repente
1166 1235 1363 1287 mulier
1410 1235 1657 1305 exiguam
1697 1237 1929 1291 militum
1966 1250 2184 1292 manum

647 1321 867 1389 colligit,
892 1332 951 1375 et.
983 1324 1083 1375 hoc
1120 1324 1304 1377 urbem
1337 1326 1589 1393 praesidio
1614 1328 1824 1379 munit:
1856 1343 1976 1398 cum
2016 1327 2188 1381 Solei-
2244 1330 2245 1333 “

636 1425 861 1462 manem
886 1428 1101 1479 qttnque
1132 1415 1197 1466 de
1232 1413 1392 1467 rebus
1425 1414 1679 1469 omnibus
1706 1416 1992 1470 certiorem
2025 1414 2186 1470 fecis-

582 1570 587 1573 _
649 1499 752 1553 Set.
784 1501 829 1554 Is
862 1503 922 1553 ad
965 1503 1184 1569 hujusce
1218 1515 1396 1558 motus
1421 1505 1643 1568 famam,
1667 1506 1947 1560 confestim
1970 1507 2187 1560 Muchc—

653 1603 846 1646 nictent
903 1595 1111 1649 bassam
1158 1612 1276 1655 cum
1310 1605 1458 1663 parte
1491 1598 1887 1666 genizarorum,
1926 1606 1982 1651 et
2017 1597 2187 1666 copiis

654 1681 926 1737 Romanis:
951 1686 1229 1753 praemisit,
1262 1686 1377 1753 ipse
1419 1687 1789 1742 dieviccsimo
1823 1689 2007 1756 quinto
2041 1702 2184 1742 men.

652 1774 727 1826 sis
761 1773 959 1840 Scferiﬁ
993 1776 1453 1844 Constantinopoli
1479 1778 1771 1846 digressus,
1818 1778 2020 1837 Budam
2066 1792 2189 1832 ver-

2284 616 2423 663 sam,
2482 602 2610 653 huic
2674 600 3071 656 Caramaniam.
3139 598 3359 652 Factum
3419 599 3520 651 hoc
3543 614 3685 650 anno
3736 597 3823 649 :li'l

2286 687 2434 754 (Chr.
2478 688 2654 757 I543).
3060 705 3067 710 '
3204 738 3207 739 ν

2281 798 2291 809 ·
2353 778 2686 835 Soleimanes
2715 782 2849 836 satis
2883 781 2985 836 sibi
3026 780 3116 834 diu
3173 778 3643 844 Constantinopoli
3707 780 3820 828 sith-

2284 873 2488 926 stitissr.
2514 872 2686 934 visus,
2741 872 2804 925 ad
2840 872 2998 925 aliam
3064 871 3361 946 separavit
3414 869 3817 935 expeditionem.

2284 963 2459 1017 denuo
2486 962 2777 1017 invasurus
2809 961 3119 1032 Ungariam.
3149 961 3329 1029 Itaque
3360 956 3817 1023 Constantinopali

2283 1052 2587 1117 discedens,
2618 1051 3050 1121 Hadrianopolim
3114 1053 3165 1105 in
3198 1050 3425 1103 hiberna
3472 1063 3535 1103 se
3587 1046 3817 1099 contulit.

2285 1142 2413 1197 Inde
2447 1158 2639 1212 magno
2679 1158 2803 1214 cum
2859 1138 3145 1212 apparatu.
3202 1150 3255 1194 et
3318 1140 3592 1195 universis
3644 1139 3819 1201 cepiis,

2287 1231 2560 1301 profectus
2586 1242 2669 1288 est
2713 1233 2798 1288 die
2852 1235 3053 1289 mensis
3105 1222 3445 1287 Mucherenis
3506 1245 3719 1287 oetavo.
3768 1230 3816 1283 In

2286 1312 2576 1393 Ungariam
2610 1338 2733 1379 cum
2789 1326 3143 1393 pervenisset,
3196 1339 3344 1387 arces
3416 1322 3559 1375 Petri
3626 1321 3820 1376 Perenii

2288 1415 2519 1480 primum
2569 1414 2811 1475 adortus.
2844 1412 3106 1483 Valpeum‘
3168 1413 3432 1471 ma‘chinis
3457 1420 3511 1467 et
3574 1412 3820 1487 militibus

2287 1502 2535 1566 admotis,
2571 1504 2890 1572 expugnavit
2912 1514 2965 1558 et
2998 1505 3159 1571 cepit.
3192 1503 3316 1557 Inde
3366 1501 3587 1556 I‘estum
3618 1517 3817 1569 aggres-

2289 1609 2410 1667 sus,
2438 1594 2622 1647 itidem
2678 1596 2978 1660 occupavit.
3033 1593 3187 1648 Pesto
3241 1594 3546 1655 discedens,
3608 1593 3817 1645 ulterius

2274 1683 2617 1752 ,perrexithct
2650 1683 2980 1752 Strigouium
3011 1684 3251 1747 obsedit;
3295 1684 3382 1737 ubi
3408 1683 3533 1736 licet
3559 1682 3814 1750 prasidi-a-

2293 1775 2354 1826 rii
2388 1775 2582 1828 milites
2606 1777 2820 1844 egregie
2850 1791 2908 1830 se
2946 1775 3317 1840 defenderent,
3371 1762 3584 1827 tandem
3657 1782 3819 1824 tamen

654 1880 747 1917 sus
796 1881 916 1919 Cum
984 1866 1157 1920 Porta:
1199 1870 1480 1931 comitatu,
1526 1880 1599 1923 et.
1626 1870 1858 1936 reliquis
1904 1856 2187 1937 genizaris,
2218 1856 2264 1915 Β
2293 1862 2628 1919 Soleimancs
2654 1880 2719 1918 eo
2761 1868 2962 1934 potitus
2992 1875 3095 1919 est.
3138 1866 3273 1920 Hinc
3298 1865 3594 1919 exercitum
3633 1864 3696 1915 ad
3742 1863 3822 1913 ΑΙ-

656 1952 1043 2008 Muchcmctem
1077 1956 1289 2011 bassam
1322 1960 1581 2012 continuo
1613 1966 1833 2013 secutus
1875 1968 1973 2013 est.
2019 1956 2188 2028 Urge-

658 2048 745 2100 bat
771 2047 981 2104 interim
1018 2049 1274 2105 Perenius
1298 2050 1446 2102 urbis
1489 2049 1844 2108 obsidionem.
1875 2050 1967 2103 sed
2008 2064 2071 2103 ea
2097 2035 2197 2117 po?

656 2140 744 2194 tiri
770 2154 873 2193 non
900 2140 1092 2207 potuit.
1135 2139 1233 2193 Ubi
1254 2136 1617 2203 MuChemetes
1646 2140 1941 2194 exercitum
1974 2139 2191 2209 propius

654 2229 719 2283 ad
748 2232 931 2281 urbem
956 2229 1213 2291 duxisset,
1261 2216 1584 2298 magnopere
1630 2228 1950 2283 Soleimanis
1995 2230 2193 2289 adven-

658 2330 767 2373 tum
807 2321 1164 2373 desiderabat.
1198 2319 1404 2387 Quippe
1434 2329 1541 2372 tam
1598 2310 1899 2374 numerosa:
1930 2319 2193 2373 Christia-

658 2426 848 2487 norum
885 2420 1038 2463 erant
1070 2411 1255 2477 copiae,
1290 2400 1537 2479 magnam
1596 2418 1651 2462 ut
1680 2411 2005 2464 Muchemeti
2033 2392 2216 2481 δήθ’

660 2500 997 2554 formidinem
1047 2500 1372 2554 incuterent.
1415 2499 1555 2564 Quin
1596 2501 1757 2553 etiam
1815 2509 1997 2567 spreto
2027 2503 2193 2570 ipsius

657 2592 909 2653 adventu,
942 2606 1007 2645 ne
1032 2590 1194 2643 latum
1237 2591 1454 2657 quidem
1500 2598 1731 2660 unguem
1768 2605 1800 2663 e
1847 2591 2040 2644 castris
2080 2606 2196 2645 ces-

664 2696 806 2743 sere,
849 2682 939 2734 scd
974 2679 1168 2734 inania
1191 2680 1476 2734 tormentis
1507 2688 1811 2741 concutere,
1838 2689 1997 2747 atque
2023 2679 2194 2747 ipsam

617 2772 843 2824 'ttrb;-tn
895 2784 1202 2838 oppugnare
1258 2781 1629 2839 perrexerunt.
1689 2769 1762 2825 Ea
1790 2785 1916 2824 vero
1974 2784 2095 2823 cum
2142 2770 2194 2823 in

663 2862 998 2934 Ungarorum
1054 2870 1365 2929 petcstatcm
1416 2861 1635 2930 jamjam
1680 2873 1903 2917 ventura
1931 2871 2107 2929 esset,
2141 2863 2194 2916 in

659 2961 898 3020 tempore
922 2951 1251 3005 Suleimaucs
1273 2964 1373 3004 suo
1396 2965 1518 3005 cum
1545 2952 1823 3016 comitatu,
1847 2962 1899 3005 et
1920 2951 2197 3018 Geuizaris

659 3053 716 3098 et
744 3044 982 3097 exercitu
1031 3041 1289 3096 Anatolius
1324 3039 1712 3109 profectionem
1758 3043 1828 3094 ita
1887 3044 2197 3118 maturavit,

665 3136 943 3211 utitinere
981 3134 1125 3188 bidui
1156 3135 1415 3187 duntaxat
1443 3148 1470 3185 a
1495 3131 1845 3199 Mucltemetis
1884 3140 1936 3188 et
1965 3134 2195 3188 hostium
2225 3171 2266 3227 α

664 3226 857 3279 castris
894 3225 1123 3278 abesset.
1161 3224 1216 3295 Id
1256 3226 1343 3278 ubi
1392 3223 1652 3296 Perenius
1684 3226 1920 3291 rescivit,
1952 3240 2197 3280 commo-

675 3316 796 3367 dam
832 3323 1018 3365 nactus
1050 3312 1409 3376 occasionem,
1430 3302 1613 3367 furtim
1653 3330 1683 3368 e
1712 3315 1904 3369 castris
1932 3330 1991 3369 se
2024 3303 2197 3383 prori-

675 3406 815 3474 puit,
836 3401 1137 3473 etaufugit.
1161 3402 1273 3457 Non
1306 3406 1447 3457 enim
1476 3403 1719 3458 futurum
1754 3414 1983 3474 putarat,
2003 3406 2200 3474 ut,ipse

667 3496 918 3550 sultanus
949 3496 1013 3549 ad
1045 3494 1347 3550 solvendam
1387 3495 1535 3549 urbis
1564 3487 1903 3549 obsidionem
1966 3498 2196 3550 veniret.
2225 3518 2234 3526 -

645 3586 859 3661 .llilites
882 3585 1101 3653 Ungari,
1134 3587 1345 3655 cognita
1378 3583 1595 3639 Perenii
1623 3585 1961 3639 clandestina
2000 3573 2202 3639 disces-

669 3677 837 3735 sione,
867 3690 994 3729 suos
1026 3685 1075 3728 et
1101 3675 1210 3742 ipsi
1237 3668 1592 3729 deseruerunt
1617 3676 1851 3738 ordines,
1887 3693 2049 3745 seque
2080 3694 2198 3731 mox

667 3767 735 3823 ad
764 3766 1048 3820 iucundam
1086 3764 1265 3833 fugam
1283 3773 1565 3834 pararunt.
1594 3766 1650 3818 Id
1681 3771 1987 3834 conspicata
2011 3769 2203 3822 mulier

668 3876 765 3925 ca,
787 3873 945 3927 quam
969 3857 1223 3921 diximus,
1256 3870 1319 3910 ex
1356 3855 1501 3909 urbis
1528 3856 1844 3909 sublimiore
1875 3856 2010 3918 loco,
2036 3860 2203 3912 misso

673 3954 856 4006 nuntio
877 3952 1257 4005 Muchemctem
1282 3949 1494 4003 bassam
1519 3948 1802 4015 increpuit,
1827 3963 1926 4003 cur
1948 3950 2097 4003 hoste
2124 3950 2204 4002 fu-

672 4042 845 4109 giente
880 4040 1196 4107 quiesceret.
1240 4038 1621 4101 Muchemetes,
1653 4040 1743 4105 qui
1795 4037 2066 4093 Romaniae
2094 4047 2202 4107 tum

677 4130 1023 4199 beglerbegus
1064 4135 1199 4191 erat,
1252 4127 1337 4181 his
1382 4127 1602 4191 auditis,
1633 4142 1757 4180 mox
1798 4128 1850 4179 in
1872 4123 2206 4199 Christianos

677 4234 832 4273 suum
864 4218 1129 4286 promovit
1161 4217 1483 4277 exercitum.
1513 4216 1665 4281 Quod
1696 4216 1771 4268 illi
1804 4214 2205 4277 fieri.videntes,

679 4310 957 4376 hostisque
982 4308 1194 4362 conatui
1222 4309 1407 4363 leviter
1429 4308 1714 4362 admodum
1748 4310 2127 4377 repugnantes,
2156 4307 2207 4359 in

680 4397 859 4466 fugam
923 4412 1048 4451 sese
1097 4398 1699 4465 conjecere._Quidam,
1740 4414 1898 4453 naves
1960 4398 2205 4466 ingressi,

2291 1941 2411 2006 bam
2443 1955 2667 2024 regalem
2698 1956 2941 2019 adduxit,
2981 1973 3084 2024 qua
3141 1959 3192 2010 in
3223 1954 3359 2011 urbe
3384 1970 3537 2025 reges
3596 1953 3821 2022 Ungam-

2291 2058 2409 2095 rum
2436 2043 2649 2111 sepeliri
2671 2055 3089 2107 consueverant.-
3113 2045 3245 2099 Huic
3260 2046 3634 2101 cummilitem
3662 2044 3819 2096 Solii-

2291 2146 2475 2187 manes
2528 2134 2877 2201 admovisset,
2941 2137 3288 2209 praesidiariis
3362 2137 3551 2190 urbem
3615 2145 3819 2190 strenue

2290 2224 2769 2293 propugnantibus,
2804 2227 2989 2294 ingens
3025 2227 3273 2297 utrinque
3324 2230 3495 2282 caedes
3528 2229 3669 2282 edita
3697 2229 3821 2278 fuit:

2290 2315 2383 2369 scd
2426 2315 2774 2369 nihilominus
2796 2316 2863 2369 ad
2893 2327 3190 2371 extremum
3255 2317 3579 2372 Soleiinanis
3636 2317 3689 2369 in
3735 2331 3823 2383 pc-

2292 2414 2534 2461 testatcm
2583 2408 2744 2462 venit.
2786 2409 2833 2462 Is
2892 2420 3017 2463 vero
3074 2418 3279 2479 postea.
3345 2424 3507 2479 quam
3564 2408 3825 2480 occupatis

2291 2500 2614 2563 civitatibus,
2645 2502 2881 2563 arcibus,
2913 2504 3145 2571 oppidis,
3174 2503 3424 2571 prmsidia
3442 2502 3820 2557 Genizaromm

2291 2599 2344 2644 et
2375 2590 2599 2643 aliorum
2637 2590 3302 2661 militum,imposuisset:
3339 2593 3531 2648 itinere
3568 2606 3819 2646 converso

2294 2678 2449 2732 rediit
2473 2676 3015 2748 Constantinopolim,
3051 2690 3102 2735 et
3134 2681 3221 2734 die
3246 2681 3311 2733 I7
3362 2680 3567 2735 mensis
3597 2679 3825 2733 Schaba-

2294 2769 2376 2822 uis
2434 2771 2617 2823 urbem
2650 2766 2924 2836 ingressus
2958 2778 3060 2832 est,
3088 2785 3229 2825 anno
3258 2770 3363 2825 950
3388 2770 3615 2839 (Christ.
3658 2767 3821 2835 ιδιι).

2298 2852 2634 2913 ’.Ροειιυίᾶίθ
2671 2876 2831 2929 quam
2892 2863 3212 2941 advenisset,
3271 2861 3489 2914 allatum
3554 2861 3655 2943 fuit
3699 2860 3821 2913 Con-

2297 2950 2700 3020 stantinopolim
2732 2952 2962 3006 cadaver
2984 2953 3097 3016 filii,
3162 2953 3363 3007 sultani
3428 2949 3774 3007 Muchemetis
3805 2966 3818 3002 ε

2297 3043 2437 3109 quod
2473 3044 2703 3120 peractis
2757 3028 3031 3112 exsequiis
3067 3042 3207 3095 haud
3242 3044 3438 3111 procul
3500 3042 3570 3097 ab
3622 3042 3828 3110 antiquo

2299 3128 2569 3184 domicilio
2607 3132 3005 3201 genizarornm,
3055 3142 3406 3186 monumento
3460 3130 3565 3187 fuit
3609 3134 3825 3187 illatum.

2299 3222 2534 3276 Mortem
2563 3222 2652 3275 lilii
2687 3220 3020 3275 Soleimanes
3049 3231 3200 3291 pater
3234 3224 3425 3278 acerbe
3456 3225 3617 3279 luxit.
3679 3226 3825 3279 Ideo-

2297 3331 2402 3385 que
2425 3331 2667 3383 magnam
2716 3317 2959 3371 ciborum
3016 3316 3227 3385 copiam
3283 3333 3442 3387 coqui
3493 3321 3717 3378 curavit.
3782 3327 3829 3371 et

2298 3407 2511 3473 epulum
2540 3406 2762 3460 funebre
2793 3407 3094 3474 quibusvis.
3127 3416 3232 3461 tam
3271 3410 3620 3479 pauperibus,
3679 3426 3825 3478 quam

2286 3497 2586 3565 'Opttlentis,
2619 3498 2809 3549 anima:
2831 3498 2922 3550 lilii
2948 3513 3132 3560 causa,
3160 3500 3405 3568 praebuit.
3437 3499 3601 3553 Multa
3630 3516 3827 3568 quoque

2302 3586 2561 3653 mancipia
2595 3600 2756 3639 sexus
2818 3588 3120 3655 utriusque,
3172 3603 3269 3641 suo
3319 3582 3593 3657 redempta
3646 3592 3825 3657 pretio.

2301 3676 2545 3729 libertate
2577 3675 2811 3728 donavit.
2844 3673 3106 3728 Praeterea
3134 3683 3536 3731 ttionun’tcutuin
3590 3681 3693 3731 filio
3722 3695 3827 3730 ma-

2303 3767 2552 3833 gnificum
2582 3765 2865 3820 exstruxit.
2896 3766 3219 3822 Acciderunt
3243 3769 3354 3823 haec
3390 3784 3531 3825 anno
3566 3770 3665 3826 950
3685 3771 3827 3839 (Chr.

2305 3856 2482 3923 tstt).
3041 3850 3057 3867 '

2374 3948 2706 4003 Soleimanes
2737 3949 3032 4005 secundum
3065 3950 3150 4005 illa
3185 3940 3667 4022 constantinopoll'
3704 3963 3830 4005 teut-

2303 4052 2403 4107 pus
2438 4038 2500 4089 ad
2535 4039 2747 4106 aliquozl
2782 4043 2997 4104 mansit,
3030 4056 3128 4094 nec
3159 4044 3232 4095 rei
3272 4044 3573 4111 quidquam
3639 4054 3831 4096 memo-

2306 4125 2491 4178 rabilis
2512 4134 2595 4176 est
2620 4125 2882 4177 .moléitus.
2915 4124 3117 4178 Interea
3149 4140 3400 4181 mortuus
3430 4138 3514 4182 est
3537 4129 3623 4183 dic
3655 4129 3833 4193 quinto

2307 4216 2505 4267 mensis
2528 4210 2915 4268 Zcmasieflula:
2957 4216 3037 4268 vir
3072 4231 3251 4270 rerum
3280 4227 3515 4272 strenua:
3576 4228 3832 4288 gestarum

2309 4300 2475 4368 gloria
2514 4300 2868 4362 clarissimus,
2938 4302 3294 4359 Chalradines
3341 4305 3545 4362 bassa:
3605 4308 3831 4375 sepultus

2272 4430 2275 4431 ν
2311 4391 2527 4454 inloco,
2563 4393 2652 4460 qui
2695 4389 2931 4445 Besictas
2964 4390 3281 4463 appellatur.
3316 4396 3557 4468 Contigit
3584 4400 3683 4453 hoc
3704 4413 3834 4451 anno
3900 4424 3901 4429 η

669 4494 967 4541 evaserunt
1003 4502 1015 4537 :
1050 4485 1138 4537 alii
1179 4494 1347 4539 seruet
1369 4485 1421 4538 in
1456 4487 1757 4541 Danubium
1788 4487 2209 4554 praecipitantes,
2245 4487 2287 4542 D
2316 4482 2587 4543 953(Chr.
2645 4483 2823 4551 {517).

680 4575 835 4645 aquis
872 4575 1048 4628 obruti
1103 4575 1338 4643 periere,
1368 4575 1578 4628 caneris
1643 4583 1736 4629 aut
1784 4578 1957 4637 etesis,
2005 4586 2096 4630 aut
2128 4591 2217 4629 ca-

682 4668 811 4737 ptis.
846 4667 965 4736 Ipso
999 4666 1283 4720 conflictus
1329 4675 1597 4719 momento
1655 4665 1990 4718 Soleitnanes
2049 4666 2209 4718 etiam

682 4747 804 4812 cum
841 4759 956 4813 suis
993 4756 1227 4811 advenit.
1263 4755 1494 4826 Direptis
1533 4755 1962 4809 Christianorum
1999 4757 2215 4820 castris,

688 4849 965 4902 machinas
1016 4848 1254 4908 bellicas,
1298 4857 1351 4901 et
1394 4848 1748 4916 pertinentem
1789 4848 1851 4899 ad
1880 4862 1972 4903 eas
1996 4862 2216 4915 appara-

690 4950 826 5002 tum,
862 4940 913 4991 in
954 4941 1134 4991 urbem
1179 4937 1399 4990 convehi
1420 4938 1602 5003 jussit.
1641 4938 1777 4991 Hinc
1800 4937 1959 4992 Budze
2012 4940 2218 5007 begler-

2387 4574 2521 4626 llinc
2547 4574 2694 4628 arma
2723 4572 3059 4631 Soleimanes
3088 4578 3279 4632 iterum
3308 4582 3566 4648 expediit,
3624 4583 3674 4636 in
3726 4582 3834 4635 Par-

2324 4666 2485 4719 thiam
2516 4666 2772 4718 ducturus
2801 4658 3130 4731 exercitum;
3182 4668 3326 4736 quod
3380 4672 3594 4736 quidem
3653 4673 3834 4726 bellum

2325 4754 2471 4807 hanc
2490 4768 2703 4807 causam
2745 4754 2948 4808 habuit.
2989 4754 3111 4810 Erat
3135 4758 3331 4811 scacho
3348 4757 3632 4813 Techmasi
3659 4762 3830 4818 frater.

2318 4844 2400 4896 eui
2434 4859 2622 4897 nomen
2661 4843 2882 4899 Ercases
2926 4844 3135 4909 Imirsa,
3169 4845 3409 4901 Sirvanz
3439 4864 3693 4917 supremo
3726 4863 3833 4900 cum

2322 4936 2545 5002 imperio
2577 4935 2853 5003 princeps.
2882 4936 2981 4989 Hic
3004 4946 3179 4989 certas
3204 4937 3273 4989 ob
3302 4952 3495 4995 causas
3528 4940 3595 4992 ab
3624 4940 3835 4993 amie'tia

691 5031 884 5098 beguiu
930 5030 1043 5083 sive
1075 5030 1286 5083 bassam
1343 5030 1644 5090 constituit,
1695 5037 1749 5083 et
1781 5030 1976 5083 milites
2023 5029 2218 5083 ibidem
2301 5010 2525 5087 ’fratris,
2558 5026 2735 5078 scachi
2765 5026 3100 5091 Techmasis,
3153 5027 3467 5091 discedens;
3499 5040 3560 5083 ut
3587 5046 3722 5099 aegre
3770 5030 3833 5080 fa-

691 5119 945 5174 Turcicos
975 5121 1026 5171 in
1061 5119 1307 5188 praesidio
1336 5118 1618 5171 collocavit
1653 5135 1668 5170 :
1695 5120 1963 5187 assignata
1991 5121 2221 5182 mulieri,

691 5212 913 5280 ejusque
946 5210 1075 5274 filio,
1102 5210 1296 5263 Erdelii
1333 5208 1569 5277 regione,
1597 5222 1755 5276 quam
1775 5212 1923 5276 pueri
1954 5219 2107 5278 pater
2129 5224 2225 5261 an-

693 5303 839 5368 tiquo
876 5301 993 5369 jure
1042 5302 1301 5366 majorum
1337 5301 1695 5368 possederat:
1737 5309 1898 5368 atque
1937 5301 2064 5354 illuc
2114 5314 2226 5351 nta-

696 5397 853 5447 trem,
889 5383 1008 5442 cum
1044 5392 1170 5454 ﬁlio,
1204 5406 1322 5443 mox
1369 5390 1654 5461 ablegavit.
1693 5389 1835 5448 Inde.
1877 5406 1978 5458 qua
2009 5397 2228 5443 venerat

696 5480 806 5538 via,
837 5494 1105 5548 regressus
1147 5480 1498 5544 Soleimanes,
1542 5482 1630 5535 die
1677 5483 1877 5535 mensis
1928 5480 2227 5535 Schabauis

698 5585 891 5621 octavo
939 5569 1458 5638 Constantinopolim
1528 5572 1705 5632 rediit,
1749 5585 1889 5623 anno
1928 5571 2028 5625 948
2076 5571 2225 5637 (Chr.

703 5660 879 5723 1532).
1762 5714 1767 5721 .

771 5754 874 5806 Illic
909 5754 1029 5804 duz-u
1066 5753 1246 5815 haeret,
1286 5752 1404 5803 filiis
1434 5742 1656 5813 duobus,
1695 5753 1903 5803 sultano
1939 5752 2229 5805 Siucbemco

2322 5129 2465 5171 ceret
2502 5116 2677 5177 fratri,
2712 5117 2774 5169 ad
2836 5116 3107 5169 sultanum
3171 5117 3527 5174 Soleimanem
3599 5121 3836 5190 profugit,

2322 5209 2542 5275 ejusque
2577 5222 2633 5259 se
2675 5207 2791 5259 fidei
2818 5208 3080 5276 permisit.
3108 5209 3427 5281 Hoeautem
3464 5212 3566 5265 iter
3598 5214 3675 5266 sic
3703 5214 3838 5265 insli-

2326 5296 2446 5356 tuit,
2470 5303 2523 5346 ut
2552 5308 2644 5362 per
2676 5296 2943 5362 regionem
2993 5296 3381 5352 Circassorum‘
3402 5300 3577 5368 longis
3627 5304 3841 5365 atnbagt-

2326 5386 2424 5439 bus
2450 5382 2615 5438 Cofen
2649 5391 2874 5451 peteret,
2915 5385 3066 5440 unde
3122 5388 3643 5461 Constantitmpdlim
3690 5404 3838 5458 appu-

2328 5473 2693 5541 lit.Perquam
2759 5480 2944 5542 gratus
3000 5477 3214 5532 sultano
3267 5479 3560 5534 Soleimani
3608 5478 3840 5547 principis

2330 5565 2489 5630 hujus
2515 5566 2773 5617 adventus
2794 5565 3006 5619 accidit.
3030 5564 3260 5637 Ideoque
3281 5580 3477 5638 magno
3502 5584 3565 5623 cu
3580 5586 3627 5621 m
3659 5572 3841 5621 honore

2328 5665 2628 5721 exceptum,
2683 5655 2991 5709 muneribus
3023 5650 3671 5726 donavit'ampliuimis.
3718 5658 3837 5720 Quill

2331 5746 2490 5800 etiam
2523 5745 2689 5819 ipsius
2716 5758 2877 5799 causa
2927 5750 3254 5816 numerosis,
3288 5749 3368 5803 vel
3392 5748 3642 5802 omnibus
3688 5749 3839 5814 potius
