3970 6348
700 418 795 479 651

1893 418 2205 478 JUANNIS
2244 419 2695 479 LEUA‘CLAVII

3782 424 3876 486 632

703 548 815 588 tum
850 532 1074 599 l'erenii,
1107 532 1343 601 Agriani.
1381 532 1624 602 lingat-ias
1682 535 2054 603 municipimn_
2095 550 2201 604 quo

2337 547 2663 605 (tunpra’tct
2727 539 3367 593 Usumnidarnmmutent
3422 539 3709 592 Soli-iuraui
3762 543 3871 604 ιιιιὶ·

699 625 868 678 ΕΗςιηι
891 625 1043 692 vulgo
1062 634 1272 688 rorant,
1296 624 1377 677 sui
1401 626 1536 692 juris
1565 625 1790 679 fecerat:
1809 636 1862 678 et
1884 626 2225 680 illustrissini

695 717 913 768 (lunatis
938 717 1229 769 Salmensis
1261 715 1459 769 Nicolai
1479 732 1637 786 opera
1656 719 1992 787 Zubragium,
2009 717 2223 782 Lex-am,

693 805 979 875 Zythnam,
1023 807 1305 859 Mur-anum
1330 818 1676 876 expugnarat.
1702 807 1809 862 Nec
1857 810 2025 863 multo
2081 819 2219 877 post.

690 897 928 963 ejusdem
963 896 1395 964 regismandato,
1453 896 1775 953 Zolnoccum
1833 898 1993 967 352
2034 897 2225 953 Turcis

689 987 975 1056 Agrienses
1004 987 1326 1054 eripuerant.
1352 985 1459 1040 llas
1489 987 1559 1041 ob
1596 1003 1789 1045 causas
1823 990 2064 1043 irritatus
2121 989 2223 1043 So-

687 1070 963 1138 lieitnanes,
998 1072 1386 1128 Temesuarum
1410 1090 1503 1143 per
1534 1089 1665 1129 suos
1693 1076 1923 1140 obsedit,
1972 1088 2023 1133 et
2066 1077 2219 1131 dedi—

688 1166 831 1217 tione
866 1164 1025 1232 cepit,
1050 1164 1332 1218 interfecto
1370 1179 1463 1232 per
1496 1164 1673 1218 scelus
1704 1164 1908 1219 violata:
1939 1165 2057 1219 fidei
2098 1165 2221 1220 Steo

690 1258 863 1324 phano
886 1255 1171 1317 Losoneio.
1201 1256 1345 1310 illius
1388 1257 1488 1310 luci
1550 1268 1981 1326 propugnatore;
2009 1257 2219 1326 Lipam,

686 1347 1031 1407 tiolitnosnm,
1058 1342 1430 1410 Cliianadiam,
1461 1359 1583 1399 cum
1613 1345 1733 1399 aliis
1773 1345 2012 1399 castellis
2059 1359 2217 1398 occn.

683 1435 824 1501 pavit
850 1451 866 1500 ;
890 1433 1168 1487 Erasmutn
1203 1430 1831 1498 Te’felum,Ferdinandi
1860 1434 2075 1499 ducem,
2095 1449 2216 1487 cum
2262 1475 2267 1480 .

679 1524 873 1579 Sfortia
901 1523 1222 1588 Palavicino,
1248 1536 1297 1579 et
1346 1526 1646 1592 Augustino
1701 1524 2060 1590 Sbardellato,
2119 1525 2221 1579 Va-

679 1617 847 1672 ciensi
901 1617 1130 1685 prrsute
1186 1617 1251 1671 ad
1291 1616 1583 1683 Palastum,
1611 1617 1725 1673 Alis
1765 1620 1930 1673 bassa:
1961 1619 2221 1672 Budensis

678 1708 859 1769 ductu,
896 1708 1128 1760 cecidit:
1161 1723 1331 1776 eaque
1366 1708 1562 1775 potitus
1615 1709 1858 1769 victoria,
1918 1708 2216 1778 Dregeltum

680 1810 880 1856 arcem,
912 1794 1267 1857 Giarmatum,
1308 1794 1589 1855 Zezenum,
1622 1796 1830 1864 aliaque
1874 1796 1987 1849 loca
2044 1799 2215 1851 \‘iCitta

2330 629 2457 681 time
2487 628 2776 697 nupsisset,
2807 633 2872 683 de
2904 630 3131 684 filiorum
3170 631 3222 683 in
3282 630 3503 698 imperio
3540 634 3877 686 successione

2326 715 2579 774 sollicita.
2629 706 2902 771 Rustemis
2923 721 3102 787 generi
3132 720 3621 783 criminationibus,
3644 732 3692 773 et
3731 737 3871 773 rene-

2324 805 2819 874 ficiisqnibusdam,
2851 810 2916 860 ab
2960 808 3181 863 Hebraea
3230 809 3396 877 striga
3441 810 3871 870 subministrata,

2325 894 2647 961 fascinatum
2682 897 2880 951 sultani
2935 900 3192 963 animum,
3240 915 3268 952 a
3323 901 3599 969 Mustapha
3659 916 3872 969 prorsus

2325 985 2670 1040 abalienarat.
2711 985 2946 1041 Fuerant
2976 998 3031 1042 et
3075 993 3247 1043 bassaa
3285 989 3568 1057 cujusdam
3608 976 3743 1057 p-itri
3790 1005 3867 1042 et.

2327 1076 2508 1143 hibin
2552 1077 2763 1140 litterte,
2795 1079 2990 1145 quibus
3012 1080 3078 1134 ad
3107 1080 3419 1135 Rusteirem
3449 1083 3672 1150 scriptis
3707 1082 3867 1134 mnti-

2326 1168 2571 1231 uebatnr,
2607 1170 2671 1221 de
2694 1171 3046 1224 matrimonio
3076 1172 3216 1225 inter
3241 1170 3601 1239 Mustapham,
3629 1182 3684 1226 et
3712 1172 3865 1226 tiliam

2323 1257 2497 1309 seaclii
2547 1256 2831 1314 Persarum
2893 1260 3226 1326 Techmasis,
3279 1276 3514 1333 quocum
3578 1260 3865 1317 Soleimani

2322 1346 2565 1414 pluribus
2618 1351 2686 1402 ab
2719 1352 2879 1404 annis
2930 1352 3128 1407 bellum
3175 1362 3312 1416 erat,
3367 1353 3610 1408 tractari.
3657 1354 3867 1408 liriticc

2322 1440 2712 1507 suspiciosum,
2744 1458 2808 1495 ex
2842 1442 2960 1497 aliis
2983 1459 3197 1513 quoque
3224 1444 3610 1509 delationibus,
3634 1446 3864 1498 auinnnu

2320 1532 2484 1599 patris
2511 1547 2575 1586 ea
2598 1548 2683 1588 res
2715 1533 3064 1602 perturbare:
3090 1534 3233 1605 quod
3262 1544 3559 1596 vereretur,
3582 1551 3649 1590 ne
3680 1535 3867 1589 Hosta-

2320 1622 2453 1689 phas
2483 1621 2796 1677 Techmasis
2829 1624 3049 1694 adjutus
3088 1626 3337 1693 auxiliis,
3388 1618 3629 1696 imperio'
3664 1635 3847 1695 patren

2319 1726 2610 1768 excuteret.
2637 1704 2821 1783 Itaque
2849 1716 3052 1771 missus
3075 1718 3341 1773 fuitanno
3366 1716 3471 1773 958
3526 1716 3681 1787 (Chr.
3736 1719 3864 1772 155i

2322 1813 2373 1854 et
2408 1804 2562 1871 1555)
2618 1821 2737 1857 cum
2767 1808 3005 1860 exercitu
3041 1806 3321 1862 Rustenies
3337 1808 3487 1861 vczir
3518 1801 3863 1873 arentes,5itb

679 1889 780 1939 sub
800 1888 982 1954 jugum
1016 1885 1179 1940 misit.
1241 1885 1368 1939 Tam
1400 1901 1652 1955 prospero
1701 1903 1880 1941 rerum
1951 1902 2207 1942 successu
2245 1885 2284 1938 Β
2315 1906 2575 1963 praetequ
2605 1896 2823 1964 quidem
2849 1897 2973 1951 belli
2997 1898 3213 1952 Parthis
3237 1898 3526 1962 inferendi,
3553 1900 3646 1953 sed
3678 1916 3861 1967 reapse

678 1979 846 2029 elatus
870 1975 980 2027 Alis
1016 1974 1168 2027 Lassa
1193 1973 1477 2043 Budensis,
1509 1989 1664 2041 quem
1690 1975 1903 2037 Caram,
1946 1976 2062 2029 sive
2115 1972 2209 2025 Ni-

677 2084 827 2139 grum
853 2070 985 2122 Alim
1015 2069 1293 2129 vocabant,
1318 2068 1570 2135 adjuncto
1596 2067 1697 2121 sibi
1733 2066 1984 2120 Achmete
2009 2065 2200 2118 Roma-

676 2160 776 2211 nia-
804 2158 1134 2228 beglcrbcgo,
1168 2167 1222 2210 et
1244 2156 1486 2220 Casanm,
1511 2157 1735 2225 aliisque
1758 2156 2001 2224 pluribus
2038 2154 2210 2223 begis,

675 2249 996 2303 Zolnoccum
1030 2249 1271 2304 adoritur
1306 2263 1528 2317 :eoque,
1554 2247 1896 2317 praesidiariis
1922 2248 2005 2302 die
2033 2246 2209 2315 68η)-

678 2342 896 2395 tenibris
924 2343 1062 2394 ultro
1092 2341 1419 2405 cedentibus,
1452 2348 1509 2394 ut
1538 2340 1770 2407 Agriani,
1811 2354 1929 2407 quae
1955 2338 2207 2393 momenti

680 2433 896 2500 majoris
919 2441 1055 2495 erat.
1075 2433 1333 2487 adversus
1390 2433 1595 2487 hostem
1647 2428 2015 2491 defenderent,
2068 2429 2209 2497 poti—

600 2592 604 2596 Δ
678 2536 781 2577 tur.
812 2523 935 2577 lude
964 2524 1225 2594 promotis
1259 2522 1325 2576 ad
1364 2523 1573 2592 Agriani
1601 2522 1819 2585 castris,
1852 2534 2067 2574 summo
2086 2519 2208 2589 qui-

673 2627 792 2669 dem
822 2617 966 2669 illam
1001 2618 1198 2684 impetu
1228 2614 1608 2685 aggrediuntur
1638 2624 1689 2665 et
1723 2620 2054 2681 oppugnant.
2109 2610 2205 2663 sed

676 2709 827 2762 irrito
860 2718 1080 2770 conatu,
1106 2716 1158 2761 et
1186 2722 1373 2775 magno
1403 2720 1525 2761 cum
1568 2707 1847 2759 bassarum
1900 2703 2159 2757 dedecore
2189 2718 2201 2753 :

672 2800 814 2868 quod
847 2797 1075 2852 feliciter
1101 2814 1129 2850 a
1155 2797 1441 2866 Stephanis
1471 2795 1688 2850 Dobone
1717 2793 1989 2858 Ruscano,
2029 2792 2205 2847 Μιξῑὶ-

671 2891 707 2944 lt
740 2892 813 2955 io,
844 2888 1073 2954 Zoltaio,
1104 2886 1367 2960 Gregorio
1434 2889 1619 2950 Diaco,
1676 2885 1884 2938 Joanne
1938 2884 2204 2953 Figedaeo.

672 2994 831 3049 atque
860 2981 979 3036 otiis
1004 2981 1231 3035 fortibus
1256 2982 1386 3035 viris
1418 2978 1814 3035 defenderetur.
1870 2977 2031 3032 Gesta
2084 2977 2202 3031 fue-

668 3083 793 3129 runt
820 3074 929 3128 haec
953 3089 1094 3128 anno
1126 3073 1498 3127 Maliuiuetano
1521 3071 1624 3127 958
1642 3069 1809 3138 ~(Cltl‘.
1838 3068 2024 3136 1552).⁴

737 3165 946 3220 Dietqu
971 3165 1128 3234 paulo
1144 3174 1291 3229 ante,
1317 3164 1499 3218 Galliae
1516 3178 1688 3235 regem
1707 3162 2017 3224 Henrieutn,
2040 3162 2205 3213 misso

666 3259 859 3325 legato,
892 3257 1163 3311 sultauum
1202 3255 1563 3308 Soleimanem
1616 3253 1880 3307 adversus
1948 3252 2203 3305 Karnlum

663 3353 1075 3419 Augustum,”
1107 3347 1223 3415 lege
1283 3344 1450 3397 mutui
1525 3341 1765 3405 foederis,
1813 3342 1969 3410 cujus
2021 3352 2206 3394 auctor

662 3437 982 3493 Franciscos
1019 3447 1163 3505 pater
1222 3434 1525 3497 exstiterat,
1588 3431 1861 3499 incitasse.
1924 3429 2203 3482 Permotus

664 3529 731 3580 ab
766 3531 1125 3579 Aramontano
1168 3524 1514 3587 Soleimanes,
1544 3525 1635 3591 qui
1689 3522 1752 3574 ad
1786 3521 2027 3576 Persicos
2072 3521 2203 3573 tinea

642 3617 946 3685 postulatis
975 3616 1091 3683 ejus
1122 3614 1328 3677 adnuit,
1360 3628 1482 3665 mox
1505 3612 1733 3666 classem
1757 3612 1997 3679 expediri
2028 3610 2201 3676 jubet,

658 3724 776 3778 qua-
804 3706 1018 3761 Gallicis
1041 3708 1222 3775 juncta
1248 3703 1438 3771 copiis,
1478 3699 1659 3755 Karuli
1717 3701 1947 3753 ditioues
2000 3699 2203 3750 mariti-

660 3818 774 3854 mas
818 3784 1135 3854 infestaret.
1159 3797 1313 3861 Quod
1338 3794 1556 3863 quidem
1592 3808 1661 3847 es
1694 3800 1817 3843 voto
1849 3789 2142 3859 praestitum
2174 3804 2201 3840 a

656 3892 777 3944 tidis
810 3891 993 3948 sociis.
1027 3888 1450 3955 gravissimaque
1495 3881 1860 3950 Neapolitanis
1913 3888 1969 3933 et
2008 3878 2204 3933 Siculis

654 3981 925 4036 littoribus
974 3979 1113 4029 illata
1149 3978 1359 4028 damna.
1406 3973 1622 4038 Corsica
1673 3985 1906 4039 quoque,
1949 3968 2202 4023 Genuen-

654 4073 793 4125 simn
846 4070 1040 4129 insula,
1069 4074 1222 4133 capta
1243 4064 1391 4126 fuit;
1428 4073 1481 4116 et
1528 4063 1715 4116 incola:
1760 4074 1883 4115 cum
1937 4059 2206 4127 praesidia-

655 4162 751 4215 riis
780 4166 971 4228 partim
1027 4156 1174 4219 caesi,
1225 4153 1415 4222 partim
1470 4152 1757 4205 crudeliter
1810 4150 2023 4213 habiti;
2058 4148 2199 4217 quod

654 4252 869 4319 quidem
899 4248 1091 4302 accidit
1130 4261 1272 4300 anno
1299 4240 1399 4297 959
1430 4242 1577 4312 (Chr.
1609 4238 1785 4306 1552).
1809 4238 1916 4292 Nec
1958 4238 2201 4291 restituta

656 4341 1028 4395 Genuensibus
1062 4336 1283 4389 Corsica
1336 4335 1484 4402 prius
1525 4330 1644 4395 fuit,
1693 4343 1853 4398 quant
1915 4341 2013 4394 pax
2067 4328 2204 4381 inter

658 4433 958 4499 Philippum
1034 4439 1089 4481 ct
1126 4422 1726 4491 llenricuthiispanim
1773 4418 2065 4487 Gallia-que
2120 4434 2202 4471 re-

2311 2001 2432 2038 cum
2470 1989 2690 2040 secretis
2720 1988 2917 2041 sultani
2968 1990 3251 2052 mandatis,
3277 1998 3333 2042 ut
3389 2004 3714 2059 quocunque
3753 2007 3862 2045 mo-

2311 2076 2378 2127 do
2409 2076 2739 2145 Mustapbam
2768 2092 2796 2131 e
2828 2078 3009 2132 medio
3028 2078 3258 2133 tolleret.
3292 2077 3578 2133 Bustemes
3608 2083 3657 2133 in
3683 2082 3859 2133 Asiam

2311 2164 2600 2231 profectus,
2629 2164 2991 2221 Soleinianem
3024 2167 3228 2236 trepide
3267 2168 3552 2222 certiorem
3586 2169 3741 2233 facit,
3775 2186 3859 2239 per

2309 2256 2632 2310 calumniam
2659 2266 2860 2320 tamen,
2885 2258 2937 2309 iu
2990 2272 3183 2327 magno
3226 2250 3353 2311 'rem
3404 2260 3613 2312 versati
3672 2262 3860 2314 discri-

2311 2346 2454 2398 mine
2487 2362 2499 2398 :
2539 2346 2846 2413 genizaros.
2869 2355 3204 2416 caeterosque
3228 2348 3428 2403 milites
3468 2350 3541 2402 ita
3574 2349 3861 2419 Mnstaplre

2310 2436 2546 2499 studere,
2574 2437 2640 2490 de.
2662 2438 2831 2505 patris
2859 2447 2919 2490 nt
2952 2447 3129 2491 actum
3159 2438 3384 2507 imperio
3413 2439 3680 2494 videatur.
3734 2440 3861 2494 Nul-

2310 2526 2420 2579 lum
2452 2526 2593 2579 aliud
2619 2541 2899 2595 superesse
2930 2528 3251 2591 remedium,
3316 2543 3477 2595 quam
3538 2539 3595 2581 ut
3636 2530 3860 2598 ipsesiiet

2310 2619 2361 2671 in
2398 2616 2608 2687 Syriam
2646 2615 2939 2671 advolaret.
2968 2617 3215 2672 Territus
3245 2620 3347 2672 hoc
3375 2621 3564 2673 nuntio
3602 2621 3861 2677 Soteima-

2311 2724 2426 2767 nes.
2461 2709 2640 2761 subito
2663 2708 2957 2774 Clialepum
2991 2723 3111 2761 cum
3138 2709 3377 2763 exercitu
3414 2722 3685 2780 properat,
3706 2729 3856 2781 quasi

2306 2801 2520 2871 Parthis
2545 2800 2744 2853 bellum
2776 2798 3014 2852 facturus
3046 2807 3208 2852 esset.
3241 2800 3551 2855 Arcessitur
3578 2817 3670 2871 per
3718 2805 3858 2857 litte-

2307 2874 2578 2951 rasfllius,
2607 2888 2682 2940 uti
2721 2886 3014 2956 Chalepum
3060 2887 3123 2941 ad
3168 2876 3380 2956 patrem
3432 2891 3549 2943 sine
3605 2906 3755 2943 mora
3804 2908 3860 2943 se

2305 2978 2593 3032 ciinlcrret.‘
2657 2978 2968 3045 .‘ttustaplias
2999 3017 3015 3041 ,
3069 2979 3194 3032 licet
3248 2978 3315 3032 de
3367 2982 3607 3047 paternis
3650 2981 3860 3037 insidiis

2308 3068 2628 3133 inaudisset,
2666 3068 3008 3136 monitusque
3037 3077 3252 3122 secreto
3285 3068 3476 3123 fuisset
3507 3070 3574 3123 ah
3605 3071 3860 3127 Achatae

2308 3158 2489 3220 bassa,
2520 3156 2711 3209 salutis
2741 3165 2799 3209 ut
2830 3171 2939 3210 sua:
2964 3157 3226 3210 rationem
3251 3157 3473 3212 haberet
3506 3176 3521 3209 :
3554 3160 3857 3215 innocentia

2315 3256 2497 3298 tamen
2530 3261 2625 3298 sua
2658 3247 2850 3309 fretus,
2869 3248 3037 3314 patris
3089 3246 3315 3316 imperio
3373 3260 3545 3317 paret.
3592 3251 3647 3304 In
3678 3263 3854 3305 castra

2302 3351 2424 3389 eum
2452 3335 2708 3397 venisset,
2737 3339 2801 3388 ad
2832 3337 3126 3389 tentorium
3160 3348 3437 3404 paternum
3467 3351 3613 3393 recta
3642 3343 3814 3410 pergit
3838 3359 3853 3393 :

2305 3426 2393 3480 ubi
2420 3433 2572 3494 patre
2597 3425 2764 3479 mutis
2794 3426 3002 3494 aliquot
3024 3427 3285 3495 robustis,
3316 3444 3454 3498 quos
3512 3433 3708 3487 sultani
3756 3430 3857 3487 Os-

2302 3514 2547 3584 manigae,
2579 3513 2743 3568 veluti
2765 3514 2853 3569 hic
2886 3515 3050 3569 etiam
3107 3503 3345 3573 murales
3398 3518 3488 3582 lll,
3547 3521 3601 3575 in
3649 3522 3856 3577 deliciis

2303 3604 2503 3658 habere
2541 3604 2738 3666 solent,
2797 3605 3081 3659 minaciter
3144 3606 3429 3671 innuente.
3466 3613 3852 3677 prosternitur,

2301 3691 2607 3758 injectoque
2630 3705 2797 3745 nervo
2851 3692 3239 3760 strangulatur.
3292 3693 3417 3749 Inde
3468 3696 3707 3769 Ziangir,
3758 3705 3850 3768 qui

2302 3781 2559 3849 gibbosus
2584 3790 2719 3845 erat,
2746 3783 3109 3855 minimusque
3133 3795 3260 3841 natu
3304 3787 3625 3848 Soleimanis
3682 3795 3851 3859 filius,

2301 3885 2330 3922 a
2361 3879 2512 3939 patre
2542 3872 2698 3940 quasi
2740 3887 2837 3940 per
2866 3874 3052 3929 ludum
3074 3889 3137 3930 ac
3157 3877 3365 3946 jocum,
3409 3878 3702 3951 lustaphe
3738 3885 3850 3939 fra-

2303 3962 2390 4024 tri,
2422 3977 2583 4030 quem
2604 3975 2852 4017 necatum
2888 3964 3191 4035 ignbrabat,
3222 3969 3435 4023 obviam
3456 3974 3671 4040 prodire
3697 3977 3848 4038 jube-

2303 4062 2413 4108 tur.
2457 4053 2506 4108 Is
2547 4055 2635 4109 ubi
2670 4056 2890 4124 propius
2930 4057 2995 4110 ad
3027 4057 3324 4113 fraternum
3369 4064 3603 4117 cadaver
3663 4081 3850 4120 acrea-

2301 4145 2481 4206 sisset.
2505 4148 2752 4213 quamvis
2777 4157 3123 4201 consternato
3162 4165 3283 4203 uiox
3318 4152 3622 4223 interempti
3652 4156 3849 4210 fratris

2300 4238 2446 4303 equi.
2476 4235 2760 4304 mancipia,
2783 4241 3031 4297 tentoria.
3059 4241 3315 4303 thesauri,
3350 4254 3664 4298 ornamenta
3686 4259 3849 4303 cate-

2301 4340 2380 4389 ra,
2409 4340 2526 4377 cum
2560 4325 2850 4379 Atnasiana
2885 4329 3176 4394 provincia.
3208 4332 3457 4384 mandato
3480 4336 3648 4401 patris
3680 4336 3846 4393 06er-

2301 4425 2506 4482 rentur,
2541 4424 2717 4470 tamen
2760 4418 2841 4470 liis
2874 4419 3129 4472 omnibus
3151 4422 3367 4488 spretis,
3422 4432 3477 4475 et
3523 4425 3845 4495 exprobrata

659 4537 771 4587 ges,
835 4532 974 4571 anno
1013 4526 1130 4585 post
1160 4525 1312 4570 sexto
1342 4512 1615 4566 coivisset.
1661 4510 1865 4578 Quippe
1887 4524 1989 4562 non
2031 4511 2199 4564 multo
2231 4523 2275 4578 ι)
2304 4508 2437 4575 patri
2470 4507 2649 4560 verbis
2683 4507 3052 4562 acerbissimis
3076 4518 3180 4563 tam
3234 4512 3399 4579 impio
3441 4516 3663 4584 diroque
3714 4520 3850 4572 faci-

661 4623 775 4679 ρυδι
806 4603 1098 4658 confectam
1129 4606 1264 4655 banc
1314 4614 1520 4670 pacem,
1578 4598 1861 4651 infeliciter
1923 4605 2189 4655 exstincto

662 4715 826 4771 patre,
857 4697 1169 4752 l’raneiscus
1193 4696 1256 4761 ll,
1290 4692 1502 4747 llenrici
1535 4691 1579 4745 ll
1632 4690 1689 4742 F.
1747 4707 1831 4744 ex.
1869 4692 2019 4760 pacis
2070 4707 2187 4745 eam

662 4794 863 4857 legibus
914 4787 1215 4856 t‘ciptlblicu:
1240 4782 1503 4838 Cenuensi
1540 4779 1788 4835 reddidit.

734 4884 854 4935 Erat
881 4881 1093 4935 sultano
1148 4873 1436 4927 Soleiiuani
1489 4872 1628 4924 [ilius
1679 4871 2030 4939 Mustaphas,‘
2063 4884 2189 4926 natu

662 4976 944 5035 iunximus,
984 4987 1048 5023 ex
1096 4964 1408 5020 tuulicrcula
1445 4964 1711 5027 Cit-cassa,
1766 4963 1971 5017 servilis
2010 4965 2193 5017 condi-

663 5072 819 5123 tionis
847 5088 858 5120 :
882 5065 961 5119 cui
985 5075 1133 5130 pater
1162 5058 1312 5110 initio
1336 5054 1680 5121 Magnesiam,
1708 5056 1828 5108 inde
1850 5056 2187 5110 Amasianant

662 5159 983 5230 ltt‘OViitCiutll
1007 5155 1245 5213 dederat,
1280 5148 1367 5199 ubi
1391 5162 1507 5198 cunt
1546 5156 1714 5198 matre
1749 5147 1968 5213 degeret
2003 5162 2015 5197 :
2044 5144 2189 5197 deui-

660 5268 760 5319 que
793 5246 1194 5303 Caraliemidam
1226 5236 1632 5305 Mesopotamiae,
1676 5237 1915 5289 Persicos
1957 5235 2020 5287 ad
2059 5235 2189 5287 lines

663 5346 840 5402 sitam,
875 5336 1191 5403 assignant.
1224 5328 1574 5383 Erantcidem
1605 5341 1656 5381 et
1691 5327 1778 5380 alii
1825 5326 2002 5387 liberi,
2054 5339 2190 5390 quos

664 5446 728 5481 ex
764 5428 959 5479 femina
990 5422 1173 5473 for-nnc
1207 5419 1387 5486 (veluti
1424 5419 1632 5485 quidem
1669 5417 1998 5485 perhibetur)
2055 5414 2189 5464 libe-

662 5521 809 5583 ralis,
848 5516 1057 5565 natione
1096 5509 1280 5568 Bos-sa,
1306 5510 1415 5561 sive
1446 5508 1736 5566 Roxolana,
1760 5509 2049 5559 sustulerat
2083 5520 2191 5556 tna-

664 5626 747 5664 res
777 5616 1025 5676 quatuor,
1080 5600 1458 5663 Muctiemetes,
1512 5592 1755 5663 Se'limes,
1806 5597 2087 5662 Bajazites,
2142 5604 2193 5646 et

662 5700 872 5768 Ziangir
902 5716 913 5749 :
946 5697 1099 5749 unica
1123 5693 1331 5747 fentella
1362 5691 1665 5752 Chatueria,
1695 5707 1854 5759 quam
1882 5688 1968 5741 alii
1998 5688 2190 5739 Cante-

663 5808 782 5845 natn
817 5799 1020 5841 \OCuttt.
1071 5790 1338 5839 Itrmnmis
1372 5786 1559 5835 w-ziris
1616 5802 1767 5835 uxor.
1820 5781 1940 5834 llxc
1999 5778 2187 5841 ltossa,

2298 4616 2446 4662 nere,
2473 4608 2652 4655 statim
2677 4604 2792 4656 suis
2821 4604 3074 4657 manibus
3097 4605 3149 4657 in
3180 4606 3386 4659 viscera
3426 4610 3708 4677 pugionem
3731 4611 3845 4661 adi-

2296 4690 2392 4755 git,
2420 4698 2473 4743 et
2494 4690 2741 4743 cadaveri
2777 4691 2961 4745 fratris
3030 4692 3368 4757 incumbens,
3420 4700 3674 4766 exspirat.
3738 4699 3848 4750 Nec

2299 4782 2468 4832 multo
2505 4790 2645 4846 post,
2672 4781 2913 4848 ejusdem
2968 4780 3151 4835 Bassa:
3206 4784 3361 4836 malis
3420 4788 3627 4841 artibus
3680 4790 3844 4841 etiam

2299 4872 2456 4923 unico
2481 4870 2769 4934 Mustaphae
2791 4870 2905 4923 [ilio
2936 4870 3149 4935 Murali,
3182 4876 3270 4939 qui
3298 4873 3478 4927 Prusae
3532 4879 3667 4944 apud
3730 4896 3846 4931 inr-

2297 4973 2428 5014 trem
2460 4961 2812 5023 educabatur,
2840 4973 3001 5027 opera
3046 4961 3331 5017 lbraliimis
3386 4969 3619 5020 eunuchi
3673 4969 3849 5022 lassa:

2297 5050 2493 5115 injecto
2524 5063 2686 5101 nervo
2704 5058 2888 5115 guttur
2919 5048 3340 5118 eliditur,ipsius
3378 5054 3462 5107 ari
3494 5055 3679 5118 jUSMIZ
3714 5072 3845 5110 cum

2295 5140 2343 5191 ei
2373 5138 2693 5205 periculum.
2725 5139 2880 5207 353
2914 5139 3053 5206 quod
3085 5157 3113 5192 a
3177 5152 3367 5210 iii-pote
3425 5155 3605 5213 posset
3660 5148 3836 5200 inuri-

2298 5245 2441 5290 nere,
2468 5228 2619 5294 cujus
2650 5238 2853 5296 patrem
2894 5230 3127 5298 genizari
3178 5242 3454 5302 tantopere
3524 5237 3840 5298 coluissent,

2298 5332 2569 5383 nunquam
2605 5316 2693 5370 illa
2744 5317 2883 5370 furia
2935 5319 3206 5374 desineret
3267 5326 3334 5375 ob
3396 5326 3582 5379 ociilos
3622 5342 3844 5394 ponere.

2296 5408 2644 5477 Contigerunt
2673 5409 2784 5461 hanc
2822 5425 2960 5463 anno
2990 5410 3090 5464 959
3126 5411 3277 5481 (Chr.
3313 5414 3491 5482 1553).

2368 5495 2494 5553 Post
2522 5499 2750 5553 solutam
2783 5514 2922 5553 anno
2948 5504 3243 5569 superiore,
3278 5522 3473 5575 magno
3504 5523 3626 5562 eum
3659 5510 3841 5562 detri-

2298 5602 2478 5647 mento
2509 5603 2561 5645 et
2586 5592 2877 5661 ignominia
2915 5592 3235 5663 Turcorum,
3275 5599 3609 5655 obsidionem
3636 5602 3840 5672 Agrim,

2298 5699 2441 5738 nunc
2468 5688 2679 5738 tandem
2715 5682 3236 5755 Constantinopolim
3267 5706 3294 5743 a
3327 5689 3664 5746 Ferdinando
3714 5708 3844 5763 rege

2297 5776 2455 5847 legati
2516 5779 2819 5838 mittuntur,
2878 5777 3143 5835 Antonius
3215 5778 3519 5848 Verantius,
3559 5785 3843 5851 episcopus
