3970 6348
123 430 237 495 65'!

1261 443 1638 505 SUPPLEM.
1684 443 1956 503 ᾹΝΝΑΙ..
1988 442 2292 505 TURCIC.

3229 449 3334 511 δδι

128 566 443 635 Agriensis,
493 580 547 625 et
601 571 927 630 Francken.
1000 574 1037 627 Ζ
1080 575 1147 640 is,
1198 576 1574 631 (ζλεεονίωηίει
1633 577 1684 629 in
1719 566 1761 624 Α
1791 562 1948 623 rique
1974 575 2165 614 omnes
2198 559 2521 629 .lhjazitem
2564 560 2707 615 lrnnc
2767 559 2964 633 Selime
2997 573 3123 617 natu
3180 567 3349 636 majo-

126 661 373 728 l'ugaria
424 663 701 733 superiore
762 668 1201 738 prmieetuuqui
1241 670 1302 723 de
1362 684 1495 739 pace
1562 684 1686 724 cum

122 750 359 805 snitano
414 755 815 811 constituenda-
856 759 982 813 dum
1025 759 1295 822 laborant,
1347 770 1515 815 torum
1548 759 1677 816 Corr-

119 842 494 914 atanlimrpoli
526 846 805 902 biennium
831 849 1063 905 haerent.

201 952 282 1009 De
310 953 500 1013 Gallia
529 959 695 1028 regis,
725 968 780 1015 et
813 960 1138 1017 Soleimanis
1165 964 1381 1020 Afmdere
1433 966 1693 1032 diximus,

123 1046 217 1099 cui
256 1048 513 1103 sultanus
542 1060 601 1102 ιιι
661 1052 1031 1112 satisfaceret.
1074 1056 1279 1125 aliquot
1336 1058 1494 1110 armis
1540 1059 1697 1127 (hisce

122 1138 366 1191 classem
389 1138 656 1209 ablegavit
703 1141 768 1195 ad
820 1136 1184 1197 infestandum
1228 1161 1376 1200 ruare
1431 1145 1691 1201 Tuscum.

119 1224 201 1279 Ea
248 1228 423 1295 prius,
454 1245 618 1299 quam
678 1230 896 1299 longius
959 1250 1101 1287 nunc
1146 1237 1599 1305 progrederetur,
1641 1224 1693 1295 et

114 1328 252 1368 cum
276 1315 556 1373 Gallorum
587 1333 646 1373 se
696 1321 871 1375 classe
919 1324 1311 1395 coniungeret:
1353 1326 1691 1384 Marinianus

121 1405 402 1471 Marclrio,
460 1410 709 1464 Karnliui
773 1412 1060 1481 pra-fectus
1116 1416 1410 1481 exercitus,
1475 1429 1690 1486 portmn

118 1494 403 1562 Herculis,
428 1513 586 1566 quem
618 1500 754 1555 Galli
789 1503 1066 1566 tenebant,
1099 1505 1323 1569 invadit,
1378 1522 1689 1578 arcemque,

118 1576 487 1657 praesidiariis
509 1594 867 1658 obtruncatis,
905 1610 1163 1668 occupat.
1200 1600 1510 1656 Scerruduru
1577 1576 1690 1659 haec

116 1678 291 1733 Turci
322 1679 666 1737 Plumbinum
699 1685 981 1741 obsidione
1016 1689 1260 1759 cingunt.
1328 1703 1380 1746 et
1410 1709 1517 1747 non
1570 1696 1690 1749 sine

116 1793 131 1822 ι
153 1774 280 1827 lade
314 1774 525 1843 reiecti,
560 1776 744 1831 Elbam
777 1777 1035 1846 insulam,
1072 1792 1267 1835 conatu
1299 1784 1484 1840 itidem
1510 1786 1686 1852 irrito,

121 1874 359 1921 tentant.
386 1868 713 1924 Acciderunt
742 1870 857 1926 hac
885 1887 1030 1928 anno
1066 1874 1162 1929 96l
1212 1876 1363 1947 (Chr.
1430 1879 1614 1951 1555).

196 1980 403 2034 Eodem
432 1997 595 2049 anno,
622 1982 749 2037 dum
791 1985 944 2041 missi
982 1988 1051 2041 de
1086 2004 1216 2057 pace
1269 1991 1428 2062 legati
1463 1996 1690 2048 necdum

119 2072 448 2134 rediissem,
468 2073 626 2128 bassa
647 2073 936 2142 Budensis,
954 2080 1046 2146 qui
1073 2078 1305 2149 Tnigon,
1327 2083 1545 2137 nomine
1568 2098 1689 2138 cum

113 2163 343 2217 ciconia
360 2167 656 2231 communi,
677 2169 1006 2235 vocabatur,
1025 2171 1199 2239 Capos
1222 2171 1534 2238 Vbivarum,
1557 2190 1690 2244 prae-

115 2255 367 2308 sidiariis
387 2257 451 2307 ad
469 2256 797 2311 deditionem
837 2262 1163 2329 compulsis,
1207 2263 1371 2331 cepit.
1406 2263 1591 2321 Eidem
1634 2276 1689 2323 et

116 2345 375 2409 Baboza,
401 2349 627 2401 necdum
648 2350 849 2417 aliquid
878 2351 947 2403 alr
978 2351 1133 2405 hoste
1159 2367 1409 2423 perpessa
1448 2359 1686 2426 gravius,

114 2438 225 2493 ﬁde
240 2440 462 2493 militari
482 2440 712 2506 deserta,
741 2456 800 2495 se
812 2442 1034 2496 dedidit.
1052 2442 1403 2501 Cousimilem
1423 2449 1485 2515 de
1501 2447 1687 2519 Zigeto

113 2532 223 2587 sibi
249 2547 568 2586 successum
598 2533 972 2602 pollicebatur,
1004 2536 1095 2589 sed
1129 2552 1248 2588 errrrr
1271 2538 1481 2593 fortiter
1506 2542 1556 2593 iu
1584 2534 1685 2596 lio-

115 2634 262 2677 stem
300 2624 618 2692 prasidiarii
657 2640 714 2679 se
744 2636 1015 2695 gererent,
1053 2630 1250 2697 suique
1280 2642 1582 2699 mouerent,
1619 2649 1685 2689 ne

112 2722 329 2768 temere
352 2723 608 2768 tentatanr
635 2717 971 2771 obsidionem
995 2717 1205 2787 solvere
1231 2730 1477 2783 coactus,
1510 2725 1682 2778 sulta-

113 2820 249 2859 uum
304 2804 624 2865 oﬂenderet.
684 2807 751 2860 ab
780 2809 1023 2863 instituto
1081 2812 1348 2866 discessit.
1402 2811 1525 2869 llrcc
1589 2832 1684 2884 per

109 2912 447 2954 autumnum
503 2900 647 2955 illius
680 2903 833 2964 armi,
869 2915 1030 2963 querrr
1064 2903 1324 2968 diximus,
1364 2908 1503 2976 apud
1564 2908 1681 2963 Unv

107 3006 277 3060 garos
310 2990 463 3045 fuere
490 3002 661 3061 gesta.

180 3104 446 3161 Proximo
474 3107 751 3176 sequentis
808 3109 933 3163 anni
963 3111 1068 3165 962
1125 3112 1279 3181 (Chr.
1324 3113 1478 3185 1556)
1532 3130 1675 3180 vere,

108 3196 457 3253 Soleinranes
492 3199 629 3253 Alim
662 3201 879 3256 bassam
920 3220 1041 3259 cum
1067 3207 1239 3273 copiis
1269 3207 1322 3260 iu
1382 3206 1670 3278 Un’gari‘am

105 3288 281 3353 misit,
309 3290 400 3356 qui
432 3288 673 3358 Zigetmu
698 3292 983 3348 obsidione
1018 3307 1305 3364 premeret,
1360 3313 1422 3354 ac
1479 3300 1556 3354 in'
1570 3316 1669 3371 po-

104 3389 362 3434 testatem
418 3381 702 3451 redigeret.
755 3382 897 3438 Nihil
934 3401 1038 3439 non
1087 3388 1175 3441 ille
1228 3387 1373 3454 fecit,
1435 3398 1495 3444 ut
1558 3393 1663 3445 Voti

104 3487 341 3541 eumpos
404 3473 577 3537 fieret,
614 3476 679 3529 ad
738 3477 953 3531 tertium
1018 3495 1188 3548 usque
1226 3496 1465 3535 merrserrr
1493 3485 1669 3537 centi-

102 3571 273 3616 nnata
310 3564 751 3633 oppugnatione:
780 3567 872 3620 sed
903 3567 1231 3630 Christianis
1283 3585 1497 3625 o'rrnem
1558 3574 1665 3629 vim

101 3658 389 3723 hostilem,
429 3674 619 3728 magna
661 3674 783 3712 cum
819 3668 1001 3728 strage
1029 3660 1359 3729 Tureornru,
1401 3666 1667 3737 intrepide

101 3743 530 3816 repellentibus,
563 3750 780 3818 inlecta
806 3766 863 3805 re
921 3753 1147 3807 militem
1209 3771 1333 3809 eum
1401 3760 1669 3817 machinis

101 3840 321 3895 bellicis
359 3842 619 3912 inglorius
642 3842 1077 3900 a'bduxiLTurci
1136 3848 1307 3917 prius,
1361 3866 1523 3918 quain
1576 3851 1666 3907 Zi-

98 3930 209 3999 gt-li
273 3930 561 3985 obsidione
619 3933 791 3987 soluta
848 3950 908 3989 se
962 3938 1285 4004 reciperent,
1370 3938 1661 4005 Babozam,

97 4032 355 4075 sanctum
378 4020 689 4088 Martiuum,
720 4023 1088 4094 Geresgalum.
1131 4026 1374 4090 Sallium,
1403 4029 1461 4083 S.
1519 4031 1664 4086 Lau-

98 4118 369 4182 rentium,
396 4128 450 4172 et
480 4118 902 4180 Calamanciaur,
931 4120 1127 4188 partim
1163 4120 1396 4176 ﬂammis
1452 4124 1663 4194 injectis

97 4211 486 4281 absumpsere,
518 4212 713 4280 partim
743 4212 857 4266 solo
879 4224 1183 4282 aequarunt.

170 4322 489 4379 Secundum
525 4322 659 4388 hare,
686 4339 830 4379 anno
869 4323 970 4381 966
994 4326 1142 4394 (Chr.
1209 4328 1342 4381 1558
1394 4336 1445 4382 et
1480 4331 1656 4399 1539),

100 4416 339 4469 Selimes
368 4413 743 4483 Bajazitesque
773 4415 983 4481 fratres,
1031 4417 1352 4473 Soleiruarris
1408 4419 1514 4474 FF.
1572 4440 1661 4475 su-

98 4510 334 4576 perstite
366 4515 541 4573 patre,
562 4506 705 4560 inter
740 4522 800 4562 se
826 4509 892 4563 de
921 4513 1148 4578 irrrperio
1209 4514 1659 4583 successioneque

1799 665 1935 716 rem,
1964 650 2105 719 quod
2135 651 2388 719 equidem
2414 666 2517 705 non
2557 664 2702 708 recte
2752 653 2864 707 fieri
2906 665 3053 724 puto.
3110 654 3241 710 Nam
3278 643 3351 713 ’iu

1798 743 2216 797 circumcisione
2249 744 2479 797 liliorurrr
2527 737 2869 807 Sirioimarris,
2908 748 3154 803 videlicet
3205 750 3352 804 llius-

1799 834 1991 901 taplrze,
2024 831 2379 888 Muclrenrctis
2413 835 2526 904 (qui
2552 836 2734 891 multis
2768 846 2893 891 ante
2938 848 3140 908 patrem
3192 843 3353 897 armis

1798 923 2123 979 diemsunm
2160 924 2432 990 obierunt)
2488 936 2541 981 et
2600 926 2834 993 Selirrris,
2903 930 3045 985 nulla
3098 933 3353 1002 Bajazitis

1798 1016 1961 1079 huius
2004 1017 2053 1067 in
2090 1012 2335 1071 Turcieis
2388 1018 2634 1073 mentio:
2664 1034 2781 1087 (prae
2839 1021 3057 1091 quidem
3114 1025 3352 1078 circum-

1798 1107 1934 1162 cisio
1968 1107 2233 1162 eelelrr-ata
2269 1107 2369 1163 frrit
2418 1126 2561 1164 anno
2588 1109 2966 1169 Malrumctauo
3001 1116 3104 1169 938
3135 1106 3347 1189 [1559].

1798 1198 2063 1253 Pra~terea
2083 1215 2205 1253 cum
2235 1199 2573 1258 Suleimanes
2605 1219 2746 1259 anno
2771 1198 2875 1260 949
2903 1204 3109 1279 [l545],
3140 1210 3349 1279 Magne-

1796 1290 1931 1356 siam
1997 1289 2343 1357 Muchemeti,
2405 1292 2785 1349 Caramauiam
2848 1296 3032 1354 Selinri
3091 1303 3346 1368 traderet,

1797 1368 1939 1436 nulla
1967 1397 2181 1438 rursum
2225 1373 2477 1454 Rajazitis
2509 1389 2733 1443 mentio.
2761 1389 2836 1444 De
2870 1407 2977 1460 quo
3005 1407 3133 1448 sane
3162 1394 3344 1465 liquet,

1794 1472 2085 1542 Bajzrzitem
2125 1475 2268 1530 hunc
2291 1476 2487 1530 Scliure
2518 1487 2648 1532 natu
2686 1483 2950 1537 minorem
2984 1484 3173 1540 fuisse.

1862 1567 2001 1620 Ante
2028 1582 2134 1621 uorr
2177 1568 2373 1622 multos
2418 1584 2587 1624 annos
2641 1570 2901 1641 Tripolim
2934 1576 3181 1645 Aphricze
3235 1578 3347 1634 Me-

1794 1657 2081 1714 litensibus
2113 1671 2352 1729 ereptam
2395 1661 2563 1717 fuisse
2584 1663 2842 1730 diximus,
2870 1676 2922 1722 et
2955 1682 2984 1720 a
3040 1669 3349 1727 Soleimarre

1791 1752 2160 1821 sarrgjacatum
2222 1752 2613 1825 Tripolitanum
2685 1758 2904 1828 Draguti
2973 1776 3340 1824 concessum,

1790 1843 1945 1913 cujus
1968 1860 2129 1913 opera
2173 1847 2515 1916 potissinrurrr
2548 1851 2598 1904 in
2660 1860 2975 1920 potestatenr
3018 1864 3256 1910 venerat.
3293 1856 3343 1909 is
3415 1867 3418 1870 ‘

1708 1916 1766 1991 ,Β
1793 1934 1907 1990 suis
1936 1934 2135 1990 finibus
2167 1938 2307 1993 haud
2343 1951 2649 2005 contentus,
2688 1959 2793 1999 non
2850 1946 3011 2002 nrodo
3050 1947 3346 2004 Carvenuze

1792 2040 1971 2096 regem
2006 2026 2277 2093 Maurum,
2310 2028 2464 2098 cujus
2492 2047 2655 2100 supra
2721 2041 3089 2104 meminimus,
3138 2042 3343 2112 majore

1790 2116 2126 2186 principatus
2144 2118 2227 2172 sui
2262 2130 2416 2189 parte
2439 2124 2689 2192 spoliavit
2719 2143 2736 2182 :
2769 2120 2951 2183 verum
2990 2131 3153 2185 etiarn
3220 2149 3345 2202 pro-

1789 2221 2009 2276 gressus
2036 2208 2281 2274 ulterius,
2306 2204 2577 2285 corruptis
2621 2216 2932 2274 Maurorum
2973 2221 3191 2287 auiuris,
3245 2226 3338 2292 qui

1788 2297 2118 2356 Gerbcnsem
2182 2303 2416 2358 insulam
2488 2307 2812 2374 incolebant,
2842 2311 2993 2381 _olim
3031 2313 3111 2384 (ut
3158 2316 3340 2384 opinio

1790 2391 2078 2445 nrultoruur
2110 2396 2214 2463 est)
2263 2411 2292 2449 a
2352 2395 2683 2469 Lotoplragis
2726 2410 3002 2474 tantopere
3056 2408 3341 2465 celebrata

1789 2482 2162 2549 irrlrahitatam,
2182 2501 2247 2541 eo
2273 2503 2382 2541 rem
2413 2499 2533 2543 astu
2567 2506 2755 2560 gerere
2782 2498 2975 2564 potuit,
3008 2508 3068 2552 ut
3113 2502 3337 2555 scecln-s

1786 2579 1900 2633 sive
1961 2580 2176 2648 regulus
2265 2582 2453 2638 irrsnlrc
2527 2590 2881 2653 So'cmranes,
2938 2594 3338 2647 sub‘amicitire

1785 2682 2044 2739 praetr-stu
2076 2672 2338 2743 Tripolim
2363 2677 2760 2734 deduceretur:
2817 2683 2904 2735 ubi
2932 2684 3059 2737 dum
3107 2686 3334 2741 ltarreret

1784 2763 2118 2832 imprudens,
2146 2765 2537 2825 interveniente
2582 2771 2883 2838 proditione
2944 2773 3205 2847 Dragutes
3243 2780 3331 2834 in-

1782 2857 1951 2909 5ulam
1990 2858 2290 2926 occupavit.
2326 2858 2509 2929 Neque
2544 2862 2726 2919 rrrultls
2786 2866 2985 2938 elapsis
3009 2870 3200 2928 diebus
3228 2872 3330 2930 So-

1780 2948 2065 3011 lciruaneur
2127 2950 2374 3005 sceclrem
2436 2957 2731 3023 suspendio
2790 2963 3021 3028 necarit,
3070 2974 3121 3019 et
3175 2965 3329 3021 alteri

1779 3039 1950 3100 scclri,
1983 3056 2075 3094 sex
2105 3059 2393 3099 aureorum
2444 3046 2610 3109 millia
2667 3051 2855 3105 tributi
2902 3057 3067 3108 annui
3112 3060 3330 3115 nomine

1778 3129 2035 3196 prrlicito,
2110 3149 2217 3203 .per
2263 3136 2603 3190 traditionem
2657 3140 2833 3193 vexilli
2884 3144 3089 3207 viridis,
3136 3147 3327 3201 insulae

1780 3219 2084 3275 dominium
2115 3227 2383 3293 permisit.
2413 3227 2636 3281 Eratrin
2668 3244 2881 3285 omnem
2932 3232 3175 3289 intentus
3236 3254 3326 3293 oc-

1779 3315 2049 3367 cisionem
2078 3333 2302 3386 magnus
2330 3320 2586 3388 magister
2613 3322 2904 3379 llelrtensis
2929 3366 2943 3387 ,
2995 3337 3053 3380 ιη
3094 3327 3326 3398 Tripolis

1776 3402 2089 3467 aliquandiu
2121 3413 2762 3482 recuper-aretur.~Itaque
2826 3418 2966 3471 facta
3016 3420 3154 3473 inter
3200 3421 3320 3475 His-

1777 3508 1972 3559 ρειιιιιιιι
1996 3495 2316 3567 Gallumque
2339 3516 2488 3569 pace,
2512 3508 2657 3572 quod
2697 3504 2914 3574 Hispani
2951 3512 3092 3577 regis
3121 3515 3266 3567 auxil
3294 3533 3323 3566 (ι

1773 3588 1881 3637 voti
1918 3602 1976 3640 se
2021 3599 2322 3656 compotem
2368 3592 2483 3647 fore
2513 3606 2771 3664 speraret,
2819 3601 2971 3668 cujus
3032 3604 3321 3672 plurimum

1774 3677 2080 3745 interesset,
2128 3693 2334 3738 mature
2376 3685 2530 3741 nidos
2583 3687 2705 3743 illos
2765 3694 3082 3760 piratarum,
3137 3699 3323 3751 Turcis

1771 3769 1979 3837 ejectis.
2021 3772 2072 3824 iu
2111 3783 2427 3840 potestatem
2459 3779 2628 3847 redigi
2656 3783 2888 3842 amultis
2942 3785 3061 3840 duci
3100 3787 3321 3843 Medius:

1769 3862 1881 3914 Ccli
1912 3866 2209 3919 rationibus
2240 3870 2496 3934 ostendit,
2526 3886 2683 3939 posse
2709 3890 2814 3929 niu
2854 3892 3045 3943 magno
3100 3884 3317 3948 negotio

1770 3952 2028 4020 Tripolim
2064 3961 2381 4024 expugnari,
2421 3962 2727 4026 prmsidium
2785 3964 2837 4018 in
2890 3982 2952 4020 eo
2988 3969 3313 4039 quingento-

1771 4058 1887 4097 rum
1925 4047 2186 4100 duntaxat
2206 4049 2501 4105 Tureorum
2528 4068 2644 4106 esse
2674 4070 2687 4105 :
2752 4055 3047 4113 Carvcnnaa
3100 4077 3317 4131 quoque

1766 4152 1966 4205 I'rgcm.
2002 4140 2221 4210 Draguti
2253 4160 2315 4198 ae
2347 4142 2542 4200 Turcis
2579 4148 3017 4211 infestissimum,
3070 4154 3134 4207 ad
3182 4157 3314 4224 jun-

1766 4230 2293 4297 gcrrdarrrarmorurn
2342 4239 2651 4292 societatem
2701 4241 2837 4294 haud
2887 4242 3172 4298 difﬁculter
3229 4264 3292 4302 ac

1765 4336 2045 4375 tessnrunr
2072 4343 2086 4386 ;
2116 4327 2270 4391 cuius
2295 4342 2456 4395 opera
2500 4339 2645 4381 tanto
2697 4329 2859 4400 354
2894 4331 3069 4385 futura
3128 4336 3197 4389 sit
3230 4341 3309 4392 eis

1766 4413 1947 4464 utilior
1978 4425 2141 4481 atqrre
2162 4417 2397 4481 tidelior‘,
2431 4429 2633 4487 quanto
2662 4426 2878 4487 gravius
2910 4424 2996 4477 ille
3025 4442 3177 4480 suam
3204 4431 3304 4483 Sllrl

1764 4504 2031 4570 regionem
2059 4518 2296 4573 ereptam
2320 4509 2517 4577 doleat,
2554 4521 2605 4565 ct
2653 4514 2852 4569 certius
2912 4517 3012 4570 sibi
3068 4521 3307 4589 polliceri

94 4601 450 4663 dimicarunt,
486 4600 767 4669 victusque
790 4600 1055 4667 Bajazites
1094 4618 1123 4655 e
1170 4602 1488 4657 Caramauia
1532 4623 1653 4659 crrrrr

1782 4595 1952 4657 mssit,
1984 4596 2246 4662 futurunr,
2281 4612 2337 4654 ut
2386 4603 2587 4672 Tripoli
2618 4607 2808 4661 Turcis
2869 4620 3095 4676 extorta,
3157 4631 3305 4669 suam

97 4691 305 4756 “20,000
336 4705 695 4758 armatorum,
726 4700 781 4746 et
811 4700 1045 4763 quatuor
1097 4697 1238 4758 ﬁliis,
1294 4698 1359 4750 ad
1392 4700 1647 4751 scaclrum

96 4783 381 4839 Persicum
442 4785 791 4842 Teclrmasern
860 4786 1117 4858 profugit.
1181 4788 1391 4845 Veritus
1475 4803 1653 4845 autem

98 4886 253 4943 pater
301 4874 663 4941 Soleinranes,
702 4880 793 4947 qui
833 4879 1049 4934 Selirnis
1099 4891 1278 4951 partes
1308 4881 1536 4945 foverat.
1592 4900 1655 4937 ne

96 4968 417 5021 'l'cchmasis
448 4968 650 5021 auxilio
684 4970 765 5022 vel
792 4970 953 5037 filius,
986 4974 1065 5026 vel
1096 4974 1364 5027 exstincto
1398 4975 1505 5027 lilio
1561 4993 1653 5028 rre-

96 5073 272 5129 pntes,
311 5075 399 5113 res
433 5074 602 5114 novas
649 5063 1004 5118 molirentur:
1068 5068 1275 5132 magnis
1311 5067 1647 5130 pollicitatio-

100 5152 259 5205 nibus
297 5149 603 5216 impetravit
654 5165 687 5204 a
738 5151 1059 5216 Teclrmase,
1104 5158 1292 5210 rrrortis
1356 5167 1412 5209 ut
1462 5173 1621 5223 gener

96 5240 241 5309 genti
273 5236 694 5291 Osmanidarum
725 5241 978 5297 familiari
1012 5245 1077 5298 de
1107 5246 1283 5299 medio
1313 5245 1649 5300 tollerentur.

98 5332 169 5385 Ne
200 5346 313 5399 qua
354 5339 533 5384 tamen
564 5310 1117 5399 fraus‘iuterveuirct.
1178 5340 1376 5393 missus
1430 5339 1529 5392 fuit
1587 5341 1649 5394 ad

101 5422 417 5474 interiorem
474 5418 654 5474 Persa:
713 5424 913 5490 regiam
951 5427 1265 5483 Casmirrum
1330 5428 1651 5485 Soleimauis

99 5511 431 5578 Zeselruiger
456 5510 558 5579 (sic
586 5524 1022 5581 pregustatorenr
1062 5518 1222 5574 Turci
1264 5522 1501 5589 vocant),
1564 5524 1647 5576 cui

97 5601 366 5670 Bajazites
394 5616 520 5654 eum
555 5602 681 5657 ﬁliis
724 5613 883 5661 notus
915 5618 1049 5663 erat.
1094 5611 1220 5685 ‘lloc
1254 5621 1514 5680 praesente
1560 5628 1650 5681 pa-

102 5708 175 5747 ter
197 5710 325 5747 cum
355 5693 500 5755 ﬁliis,
533 5692 774 5748 adhibito
816 5712 1001 5763 nervo,
1036 5702 1331 5757 suﬂ'ocattts
1364 5702 1483 5765 fuit,
1509 5708 1649 5761 etab

98 5783 283 5837 eodem
324 5771 642 5835 necatorum
670 5783 924 5838 cadavera
982 5787 1282 5847 Sebastiani
1343 5784 1644 5859 deportata,

100 5892 298 5947 proque
333 5890 483 5930 more
507 5878 873 5934 monumentis
896 5880 1064 5936 illata.
1106 5882 1333 5937 Faciunt
1361 5898 1480 5937 vero
1539 5886 1644 5947 ple‘

1759 4700 1807 4739 et
1844 4688 1954 4756 ipse
1984 4691 2244 4747 ditionem
2298 4697 2537 4766 recipiat.
2599 4698 2868 4769 Hispanus
2911 4706 3055 4759 lrisce
3115 4724 3304 4778 prope-

1763 4785 1978 4837 modum
2055 4798 2215 4839 certae
2280 4788 2517 4843 victoriae
2600 4807 2871 4861 permotus
2937 4804 3308 4867 argumentis,

1759 4876 1984 4927 classem
2012 4877 2226 4939 instrui,
2266 4878 2540 4949 militeque
2564 4885 2824 4951 compleri
2852 4886 3024 4951 jubet,
3059 4907 3130 4953 ac
3158 4908 3307 4944 surn—

1759 4982 1855 5018 tnae
1896 4982 2218 5040 rerumcum
2259 4969 2483 5037 imperio
2511 4971 2874 5031 Medinensem
2915 4980 3153 5046 pralicit.
3210 4982 3305 5035 ίιίυ

1761 5058 1929 5109 liciter
1975 5073 2301 5112 snt-cessura
2361 5062 2682 5137 videbantur
2720 5068 2922 5131 omnia,
2984 5071 3027 5122 si
3094 5082 3307 5127 uiatore

1759 5149 2013 5220 Tripolim
2047 5168 2168 5204 cum
2203 5153 2372 5207 milite
2399 5155 2588 5211 classis
2637 5160 2949 5225 appulisset.
3015 5162 3114 5215 Sed
3175 5179 3302 5229 pro-

1755 5244 1983 5297 fectione
2012 5245 2185 5298 varias
2206 5246 2274 5298 0b
2318 5262 2528 5308 causas.
2587 5260 2637 5301 ct
2680 5251 2971 5315 praesertim
3024 5256 3193 5309 ventis
3241 5274 3301 5311 ac

1756 5336 2165 5405 tempestatibus
2253 5338 2527 5400 adversis,
2606 5340 2906 5408 impedita,
2998 5344 3298 5415 Dragutes,

1756 5428 2024 5481 irrtcllecm
2091 5427 2521 5483 Christianorum
2623 5432 2913 5499 instituto,
2986 5440 3297 5504 prscsltllltllt

1756 5519 2145 5590 Tripolitanum
2210 5522 2423 5576 duobus
2491 5524 2640 5578 aruit
2690 5524 2988 5581 Turcorum
3040 5531 3296 5586 millibus.

1753 5610 1938 5678 Itaque
1962 5611 2255 5666 Christiani
2287 5628 2403 5680 spe,
2439 5612 2491 5665 in
2527 5615 2629 5666 hoc
2653 5615 2866 5681 quidem
2893 5624 3153 5693 tempore,
3181 5621 3297 5673 Tri-

1753 5704 1890 5771 polis
1912 5705 2279 5772 cxpugnarrda:
2316 5706 2527 5773 dejecti,
2590 5705 2921 5760 Gerbeusem
2950 5744 2963 5768 ,
3001 5724 3159 5774 quam
3219 5714 3297 5764 di-

1754 5798 1949 5858 xittrns,
1978 5797 2205 5849 insulam
2244 5812 2384 5851 recra
2434 5809 2636 5867 petunt,
2700 5814 2795 5850 nec
2850 5814 3039 5864 magno
3084 5810 3295 5868 negotio

1750 5891 1999 5944 sccrlrcm
2038 5890 2349 5945 Maurorum
2411 5893 2647 5955 adigunt.
2708 5899 2763 5942 ut
2816 5891 3009 5945 tradito
3050 5896 3287 5951 egstcllu.
