4032 6344
707 440 820 526 035

1911 446 2225 511 JOANNIS
2268 434 2713 531 LEUNCLAVII

3802 421 3906 485 656

725 570 985 639 deinceps
1012 570 1248 637 Hispano
1283 581 1342 620 se
1373 566 1483 636 regi
1514 566 1836 633 par-iturum,
1890 556 1941 613 et
1983 558 2272 628 quotannis
2306 564 2343 617 Α
2378 554 2593 633 utrique
2626 549 2761 619 parti
2817 557 2977 619 grata!
3008 547 3291 603 uuraruut‘
3330 532 3569 612 quaudiu
3609 539 3901 593 Ferdiuau-

724 672 804 718 tot
858 676 1145 715 aureorum
1213 658 1376 711 millia
1442 654 1632 708 tributi
1681 655 1897 707 nomine
1937 650 2259 712 soluturum,

724 765 855 826 quot
883 754 1077 808 Turcis
1111 750 1343 821 pendere
1379 746 1767 809 consuevisset,
1802 744 1941 798 datis
1984 741 2265 809 subsigna-

729 846 904 915 lisque
950 841 1293 915 syngraphis,
1369 838 1735 906 stipularetur.
1784 833 1902 901 Hos
1955 831 2160 885 inutilis
2211 839 2264 883 et

728 935 935 991 ruinosi
985 933 1191 989 castelli
1244 928 1360 985 loco
1401 944 1498 983 arx
1560 940 1764 996 magna:
1824 920 2135 996 capacitatis
2178 935 2267 973 ex-

729 1008 1050 1089 structafet
1084 1020 1337 1091 opinione
1388 1016 1679 1071 multorum
1732 1009 2182 1080 inexpugnabilis,
2221 1007 2267 1062 si

728 1116 884 1186 plene
912 1112 1117 1184 perlici,
1146 1111 1416 1176 rebusque
1458 1103 1779 1159 necessariis
1807 1116 1871 1155 ex
1914 1116 2014 1156 usu
2072 1095 2267 1152 muniri

732 1206 1015 1274 potuisset.
1040 1201 1164 1257 Arci
1202 1188 1393 1255 nomen
1439 1193 1689 1252 inditum,
1720 1200 1779 1245 ut
1827 1189 2270 1259 Phllippalcaaer,

733 1299 789 1352 in
819 1302 1079 1351 honercm
1118 1291 1545 1355 memoriamque
1597 1286 1737 1355 regis
1788 1281 2031 1351 Hispani,
2065 1280 2273 1355 dicere-
2344 1324 2347 1327 ,

735 1397 846 1443 tur.
873 1387 1111 1441 Monitus
1148 1364 1412 1437 interima
1454 1378 1684 1446 Dragute
1726 1375 1792 1430 de
1840 1350 2271 1429 Christianorum
2336 1398 2339 1399 ν

734 1485 975 1538 conatu,
1031 1488 1093 1527 ac
1135 1469 1550 1541 progressibus,
1604 1467 1848 1538 snttantts
1914 1461 2270 1523 Soleimanes,

737 1584 947 1625 summa
972 1565 1242 1621 celeritate
1275 1563 1505 1617 classem
1568 1558 1764 1628 parari,
1813 1555 2099 1623 multisque
2154 1551 2275 1607 mil-

735 1660 878 1712 libus
928 1655 1353 1727 gcnizarorump
1384 1651 1743 1720 spachiorutu,
1789 1647 2120 1714 aliorumque
2170 1642 2275 1697 mi-
2358 1676 2361 1677 ν

738 1749 892 1802 litum
943 1742 1196 1813 compleri
1220 1750 1274 1795 et
1340 1738 1578 1808 expediri
1634 1735 1869 1790 mandat.
1914 1733 2007 1786 fici
2056 1744 2278 1785 summa:

740 1836 928 1891 Pialim
978 1834 1191 1909 bassatn
1280 1844 1401 1883 cum
1462 1834 1726 1898 potestate
1780 1822 2278 1894 prmﬁcitﬁelassis

742 1923 998 1978 ducendae
1046 1912 1231 1974 curam
1274 1917 1611 1991 ’Mustaphte,
1676 1929 1836 1985 quem
1889 1913 2122 1973 Caram,
2171 1914 2283 1966 sive

745 1998 965 2085 Nigrum
1019 2011 1384 2089 appellabant,
1441 2007 1751 2065 committit.
1786 2006 1915 2075 Ejus
1967 2006 2042 2059 rei
2096 2005 2282 2059 nuntio

746 2106 977 2177 diversis
1004 2106 1071 2159 ex
1098 2103 1229 2157 locis
1259 2110 1502 2170 accepto,
1531 2113 1653 2152 mox
1684 2095 1838 2151 Joan.
1888 2094 2131 2148 Andreas
2184 2091 2285 2146 Do-

744 2199 847 2260 ria,
878 2209 1085 2267 magna;
1112 2195 1190 2247 vir
1212 2192 1283 2247 ob
1313 2190 1640 2259 singularem
1674 2188 1751 2241 rei
1786 2186 2033 2240 militaris
2081 2200 2142 2239 ac
2193 2199 2288 2237 ua-

749 2294 883 2347 valis
909 2306 1066 2359 usum
1096 2285 1459 2349 auctoritatis,
1483 2298 1607 2338 cum
1660 2281 1778 2335 aliis
1815 2277 2147 2350 quibusdam
2174 2294 2288 2334 mo-

750 2398 897 2445 uere,
931 2380 1158 2442 hortari,
1190 2391 1382 2447 urgere
1406 2374 1801 2437 Medineusem,
1836 2381 1893 2427 ut
1928 2372 2121 2426 idoneo
2139 2385 2289 2425 nova:

751 2476 862 2528 arei
894 2467 1143 2542 praesidio
1196 2466 1473 2536 imposito,
1533 2478 1655 2518 cum
1715 2462 1910 2526 classe,
1961 2460 2289 2529 reliquisque

751 2565 944 2632 copiis,
977 2560 1125 2631 prius
1154 2558 1280 2613 inde
1303 2555 1700 2617 discederetur,
1728 2566 1889 2619 quam
1913 2550 2095 2611 Turci,
2129 2549 2290 2602 rebus

739 2654 821 2713 ,ah
848 2650 1097 2706 omnibus
1151 2644 1422 2708 instructi,
1459 2641 1804 2697 multitudine
1847 2636 2172 2708 superiores,
2229 2651 2292 2691 ac

752 2748 998 2795 recentes
1028 2735 1372 2791 advenissent
1398 2748 1417 2797 ;
1442 2732 1697 2801 ipsosque
1728 2744 1826 2784 nec
1847 2742 2069 2782 numero
2115 2740 2289 2795 pares,

752 2828 1027 2886 etviribua
1055 2814 1364 2886 exhatistos,
1406 2820 1511 2876 vel'
1548 2820 1756 2873 invitos.
1805 2818 1870 2871 ad
1924 2814 2291 2871 dimicandum

753 2904 1029 2988 cogerent,
1074 2915 1157 2969 vel
1206 2926 1439 2983 pugnam
1497 2910 1857 2965 detrectantes
1903 2907 1969 2960 ad
2024 2914 2294 2960 extremas

758 3023 939 3064 rerum
978 3002 1320 3060 diﬂlcultates
1348 3000 1654 3069 adigerent.
1675 2997 1780 3052 Sed
1812 2996 1941 3050 nihil
1976 2996 2115 3065 apud
2179 3009 2296 3063 per-

756 3101 1013 3158 tinacem.
1041 3104 1091 3150 et
1122 3095 1189 3148 ab
1210 3091 1331 3147 aliis
1358 3094 1679 3160 praeceptum
1707 3086 2031 3141 Medineusis
2059 3086 2294 3138 animum

762 3196 905 3242 recte
929 3187 1144 3241 valuere
1170 3182 1418 3238 consilia.
1455 3179 1721 3235 Nimirum
1748 3178 2094 3246 amplissima:
2137 3177 2294 3230 classi

762 3277 938 3336 fatalis
970 3277 1183 3345 quidam
1216 3272 1526 3327 imminebat
1558 3270 1827 3326 interitus.
1886 3267 1938 3321 Id
1972 3268 2054 3321 vel
2112 3283 2173 3320 ex
2232 3282 2297 3320 eo

763 3369 956 3423 licebat
1012 3364 1303 3433 conjicere,
1359 3363 1500 3432 quod
1558 3360 1913 3429 espeditionis
1973 3357 2147 3418 initio.
2211 3357 2296 3409 vix

767 3473 957 3527 magna
992 3470 1113 3509 cum
1136 3454 1438 3509 dillicultate
1462 3454 1621 3508 trium
1663 3460 1713 3506 et
1746 3451 1903 3505 medii
1941 3449 2134 3503 mensis
2177 3463 2300 3517 spa-
2378 3485 2381 3491 .

765 3551 841 3605 tio
873 3548 1102 3603 vicinam
1133 3544 1294 3598 Italiae
1321 3544 1625 3611 Siciliaque
1651 3539 1963 3599 Barbariam
1993 3539 2093 3609 (sic
2114 3538 2302 3605 Aphri-

766 3655 885 3696 cam
922 3637 1243 3691 maritimam
1279 3633 1479 3695 vocari,
1516 3645 1678 3699 supra
1707 3625 2013 3693 docuimus)
2045 3626 2303 3693 attingere

771 3729 936 3783 nostri
981 3732 1315 3793 potuerunt:
1373 3737 1495 3775 cum
1536 3716 1764 3773 Turcica
1816 3716 2004 3771 classis
2044 3715 2174 3766 adeo
2218 3727 2302 3766 sc—

772 3817 965 3873 euudis
993 3832 1086 3870 usa
1137 3817 1209 3869 sit
1261 3805 1548 3875 ventis,‘ut
1598 3820 1778 3879 postea
1806 3821 1965 3875 quam
2003 3803 2305 3860 Constanti—

779 3908 957 3977 nopoli
996 3907 1263 3967 solvisset,
1291 3905 1426 3957 intra
1463 3903 1610 3955 diem
1656 3900 1967 3954 vicesimum
2017 3894 2080 3949 ad
2121 3895 2307 3949 Chris-’

779 4001 974 4053 tianam
1005 3996 1239 4065 profecta
1277 3994 1459 4046 fuerit.
1497 3993 1672 4060 thue
1700 3988 1859 4043 Turci
1894 3995 2041 4040 tanto
2097 3984 2305 4047 felicius

779 4091 972 4144 animis
1003 4086 1265 4140 destinata
1292 4083 1628 4152 perlicerent,
1669 4081 1778 4136 sub
1833 4078 2055 4132 mediam
2096 4082 2303 4129 noctem

778 4188 965 4233 ventus
997 4174 1315 4230 Christianis
1342 4171 1595 4224 adversus
1620 4184 1739 4224 esse
1764 4168 1943 4235 coepit,
1969 4164 2160 4218 Turcis
2185 4178 2307 4232 pro.

777 4269 935 4337 pitius
960 4286 973 4321 :
1009 4282 1115 4334 quo
1158 4266 1408 4317 nimirum
1442 4260 1612 4330 prima
1634 4256 1970 4312 Christianos
1994 4270 2186 4307 aurora
2213 4268 2310 4306 nec

774 4359 1051 4425 opinantes
1082 4356 1462 4423 opprimerent.
1500 4352 1634 4405 lline
1665 4346 1986 4403 miserabilis
2019 4347 2105 4399 illa
2131 4334 2314 4398 clades
2379 4387 2382 4391 .
2412 4334 2545 4368 "u'"
2575 4334 2701 4366 ⁵¹¹¹¹ι
2737 4334 2790 4360 ¹¹¹
2825 4334 2954 4363 ⁸³³⁸⁷⁸⁷
3009 4334 3225 4355 ’⁵⁸³⁸³³⁸³⁸⁸
3274 4334 3505 4383 ¹.““““”“’“’
3562 4334 3729 4387 ἰῗ’έ“”ῗ

2361 4412 2364 4416 λ
2415 4421 2493 4425 ξ-»
2540 4416 2656 4425 μη...
2682 4397 2928 4425 amnt...”
2963 4406 3088 4425 οιιηα
3141 4402 3275 4425 nunc
3303 4384 3617 4425 frmnenler
3657 4390 3711 4425 el.

2361 4387 2382 4416 ⁷
2414 4421 2497 4460 res
2538 4416 2660 4471 erga
2680 4397 2932 4452 dominos
2963 4406 3111 4453 suos,
3141 4402 3276 4457 quos
3302 4384 3617 4459 frequenter
3657 4386 3933 4435 et'temere

778 4457 983 4509 secuta,
1019 4462 1122 4513 qua
1159 4445 1237 4498 vel
1270 4445 1337 4496 ab
1367 4444 1611 4497 hostibus
1667 4440 1853 4503 occisi,
1894 4439 1974 4492 vel
2022 4437 2192 4505 aquis-
2220 4435 2310 4489 al)-

780 4536 967 4605 sorpli,
996 4536 1077 4589 vel
1110 4535 1162 4587 in
1197 4533 1509 4587 servitutem
1536 4532 1749 4605 abducti
1785 4531 1953 4591 fuere,
1983 4530 2062 4581 vel
2112 4526 2309 4594 alioqui
2343 4538 2387 4592 ι)

779 4629 939 4680 variis
968 4626 1174 4696 periere
1214 4622 1429 4675 casibus
1465 4619 1640 4674 decies
1668 4630 1719 4671 et
1752 4619 1918 4669 octies
1950 4617 2089 4669 mille
2120 4616 2307 4668 C..ris-

782 4719 931 4771 tiani.
969 4716 1239 4770 'l‘riremes
1264 4714 1478 4766 amissa:
1519 4719 1643 4770 sunt
1700 4708 1788 4768 27,
1848 4722 2005 4759 naves
2058 4705 2313 4757 onerariae

786 4807 867 4880 id.
929 4804 1040 4856 Dux
1091 4800 1435 4865 Mediuensis,
1495 4807 1705 4865 arrepta
1772 4794 1941 4862 luga,
1986 4806 2107 4843 cum
2158 4788 2312 4841 Joau.

787 4896 997 4947 Andrea
1032 4893 1185 4946 Doris
1229 4890 1437 4944 Meliten
1485 4889 1674 4942 evasit.
1738 4884 1901 4939 Gasto
1928 4923 1942 4945 ,
1996 4880 2315 4933 Medinens?s

792 4986 952 5046 ﬁlius,
1000 4984 1050 5033 in
1092 4988 1410 5050 potestatem
1442 4976 1676 5031 hostium
1710 4971 2009 5040 vcnit:qui
2055 4984 2179 5023 arce
2228 4982 2317 5020 oc-

788 5083 998 5141 cupata,
1024 5080 1239 5140 tamque
1261 5068 1541 5138 splendida
1569 5067 1719 5134 potiti
1763 5063 2004 5125 victoria,
2064 5059 2165 5114 sub
2203 5074 2315 5108 tne-

793 5163 937 5214 dium
966 5175 1199 5214 mensem
1231 5160 1528 5226 Augustum
1581 5154 1900 5215 discessere,
1930 5164 2093 5204 cursu
2132 5160 2319 5198 versus

792 5252 1051 5319 ‘Aulonem
1074 5251 1306 5302 Albania:
1332 5248 1560 5301 directo.
1614 5243 1963 5309 Contigeruut
2022 5239 2131 5292 haec
2178 5248 2318 5287 anno

796 5341 1163 5393 Nalturuetauo
1192 5339 1292 5393 966
1322 5340 1475 5401 (Chr.
1510 5334 1689 5402 1560).

862 5432 1059 5483 Eodem
1094 5445 1234 5482 anno
1276 5428 1435 5481 Turci
1487 5426 1722 5478 Filecum
1781 5424 1831 5475 in
1888 5419 2116 5491 Ungaria
2162 5427 2318 5481 supe-

792 5522 953 5583 riore,
992 5519 1165 5571 locum
1198 5519 1329 5571 satis
1383 5517 1665 5577 hinnitum,
1718 5524 1987 5580 ceperunt.
2042 5508 2117 5562 lbi
2173 5508 2321 5555 San-

792 5614 1001 5682 giacum
1029 5610 1359 5664 Soleimaues
1391 5606 1693 5665 constituit,
1728 5606 1816 5671 qui
1870 5584 2100 5655 Budcnsi
2145 5596 2321 5647 Bas-sm

797 5701 1071 5769 subjectus
1104 5713 1263 5754 esset.
1299 5698 1479 5767 Neque
1522 5698 1689 5749 multo
1718 5705 1836 5762 post
1891 5690 2135 5747 inducias
2192 5684 2318 5737 Fer—

797 5792 1062 5847 diuundus
1088 5792 1438 5859 Augustuset
1491 5787 1818 5841 Soleitnanes
1872 5782 2138 5843 pepigere,
2200 5792 2315 5830 (ιιιίυ

2363 645 2461 698 dus
2478 650 2751 711 superstes
2772 638 2891 693 fuit.

2439 758 2588 832 Anno
2611 774 2717 830 967'
2754 774 2903 842 (Chr.
2942 769 3094 837 tl‘ifil)
3149 767 3383 821 Jacobus
3428 758 3647 834 quidam
3688 762 3902 816 natione

2364 871 2604 932 Graecus,
2637 867 2725 937 qui
2757 874 2810 918 et
2866 859 3187 920 Heraclidis,
3248 867 3302 911 et
3355 854 3569 909 Basilici
3600 865 3899 922 cognomen

2367 974 2660 1027 usurpans,
2740 955 2806 1008 ab
2852 951 3089 1020 antiquis
3160 947 3429 1017 Valachite
3476 943 3677 1007 regulis
3736 956 3903 1011 genus

2369 1066 2521 1105 suum
2550 1036 2844 1117 repetebat,
2871 1044 3036 1112 seque
3070 1039 3367 1094 insularum
3402 1036 3455 1090 in
3502 1033 3707 1102 Egeo,
3756 1028 3904 1086 Sarni

2368 1143 2667 1211 despotam,
2698 1134 2815 1189 Pari
2847 1131 3220 1187 marchettium
3246 1129 3359 1184 sive
3396 1124 3761 1180 marchionetn
3812 1132 3907 1174 ve-

2370 1210 2548 1296 cabat,
2585 1215 2726 1301 apud
2777 1226 3038 1296 quosdam
3078 1219 3311 1277 Polo'niz
3361 1229 3613 1286 proceres
3641 1255 3657 1280 ,
3712 1210 3908 1282 quibus

2372 1330 2699 1391 innotuerat,
2744 1329 2953 1374 tantum
3009 1311 3215 1371 allicere
3259 1313 3474 1380 potuit:
3534 1306 3613 1361 uti
3667 1303 3907 1370 complu-

2372 1420 2510 1471 rium
2535 1412 2829 1481 corrogatis
2857 1400 3251 1476 auxiliis,inter
3282 1414 3420 1469 quos
3448 1395 3714 1468 principes
3733 1398 3911 1453 erant,

2374 1511 2623 1563 Albertus
2648 1504 2873 1566 Lascus,
2897 1493 3295 1567 Philippovius,
3326 1491 3637 1546 Lassocius.
3682 1488 3736 1539 in
3775 1483 3906 1536 Hol-

2375 1602 2587 1655 tlariam
2628 1602 2829 1649 armata
2855 1605 3014 1646 manu
3054 1585 3431 1643 deduceretur.
3468 1577 3597 1633 Erat
3629 1584 3741 1630 tum
3792 1574 3910 1642 ejus

2378 1686 2616 1758 regionis
2645 1684 2917 1756 princeps,
2947 1692 3069 1731 eum
3104 1673 3260 1729 titulo
3285 1671 3543 1732 ‘despotaz,
3587 1661 3910 1729 Alexander.

2378 1750 2776 1834 ob'iuauditam
2832 1750 3119 1839 quamdam
3172 1759 3555 1817 immanitatem
3606 1755 3733 1820 erga
3790 1764 3916 1806 suos

2315 1897 2350 1952 Β
2384 1869 2622 1923 infamis.
2679 1848 2841 1916 Hunc
2913 1861 3205 1919 uolucreso
3241 1852 3577 1907 instructum
3639 1840 3916 1901 exercitu,

2384 1959 2587 2014 Lascus
2618 1957 2772 2023 longe
2796 1950 2968 2020 copiis
3000 1948 3194 2015 impar,
3247 1941 3442 2002 fundit,
3503 1936 3673 2004 fugat,
3724 1932 3917 1986 liuida-

2384 2052 2484 2106 vite
2505 2060 2674 2119 regno
2710 2042 2879 2114 pellit,
2937 2048 3209 2107 latamque
3257 2035 3543 2111 ditionem.
3596 2025 3763 2083 armis
3826 2024 3915 2077 do-

2388 2113 2592 2202 mitam:
2617 2113 2816 2191 Iacobo
2841 2120 3215 2202 possidendam
3253 2123 3435 2179 tradit.
3496 2118 3684 2173 Victus
3736 2113 3919 2183 prrlio

2330 2244 2331 2247 ‘
2388 2235 2485 2286 fuit
2518 2240 2777 2300 tyrannus
2800 2220 3100 2277 Alexander
3138 2218 3224 2271 die
3255 2213 3321 2267 i8
3347 2206 3710 2264 Novembris.
3769 2202 3897 2256 Jaco

2388 2328 2487 2380 bus
2518 2295 2789 2375 biollavi’ze
2821 2315 3040 2383 despota
3101 2312 3292 2365 factus,
3323 2301 3563 2372 profusis
3608 2295 3746 2363 apud
3802 2306 3922 2362 por-

2390 2426 2495 2470 tam
2526 2408 2898 2481 largitionibus
2928 2417 2957 2457 a
2997 2394 3551 2467 sultanoISoloimaue
3599 2387 3923 2475 impetravit,

2390 2516 2447 2559 ut
2475 2506 2527 2557 in
2550 2478 2810 2567 occupato
2832 2495 3261 2565 principzttt‘tpro
3294 2496 3444 2538 more
3499 2478 3923 2532 conﬁrmaretur.

2461 2591 2615 2641 Anno
2641 2564 2743 2639 969
2776 2564 2923 2650 (cm.
2958 2578 3125 2646 1565)
3180 2575 3412 2630 lacubus
3459 2570 3681 2637 despota
3743 2564 3858 2620 suis
3900 2578 3926 2614 ο

2396 2679 2667 2743 Valachis,
2704 2673 3011 2730 hominibus
3040 2668 3317 2738 improbis,
3351 2666 3541 2720 fraude
3586 2665 3926 2719 circumven-

2394 2782 2502 2836 tus,
2530 2778 2585 2823 ut
2608 2757 2879 2821 elabinmu
2902 2769 3105 2833 posset,
3135 2760 3221 2813 die
3248 2758 3280 2813 5
3303 2755 3621 2812 Novembris
3645 2750 3925 2806 occiditur.

2403 2864 2509 2917 lloc
2539 2857 2906 2919 memorabile,
2946 2852 3087 2919 quod
3156 2842 3507 2904 moriendum
3559 2844 3661 2897 sibi
3717 2841 3924 2895 videns.

2394 2954 2598 3008 nullum’
2632 2946 2830 3016 'abjecti
2877 2943 3038 2998 animi
3078 2940 3288 3009 signum
3333 2935 3520 2990 dedit:
3577 2932 3669 2994 sed
3714 2930 3929 2983 indutus

2397 3048 2595 3101 amictu
2658 3044 2822 3112 regio,
2885 3018 3054 3092 vultu
3096 3034 3381 3102 intrepido.
3437 3030 3682 3110 oratione
3742 3026 3929 3085 libera,

2400 3139 2554 3196 bene,
2588 3142 2839 3200 recteque
2862 3136 3066 3198 gestam
3098 3124 3162 3178 ab
3188 3139 3246 3177 se
3278 3119 3703 3189 "rempublicam,
3745 3117 3932 3169 multa-

2322 3212 2372 3301 (ἶ
2398 3243 2503 3298 que
2520 3222 2815 3293 singularia
2849 3217 3103 3275 beneficia
3130 3208 3378 3289 Yalachis
3415 3212 3530 3265 suis
3574 3207 3933 3277 exprobravit,

2402 3296 2567 3375 Deum
2599 3321 2848 3385 precatus
2883 3309 3172 3370 vindicem,
3198 3305 3271 3357 uti
3295 3302 3571 3373 perfidiam
3622 3308 3675 3353 et
3715 3296 3923 3367 ingrati

2402 3411 2639 3466 tudinem
2674 3406 2911 3459 barbarae
2933 3399 3105 3469 gentis
3135 3396 3499 3451 ulcisceretur.
3530 3390 3788 3461 Equidem
3818 3389 3933 3440 ado-

2400 3507 2605 3558 lescens
2653 3498 2921 3552 hominem
2978 3489 3085 3547 vidi
3138 3498 3192 3540 et
3237 3486 3355 3539 novi
3421 3483 3607 3553 prius.
3656 3495 3817 3549 quam
3884 3480 3932 3530 iu

2404 3592 2676 3656 Polouiam
2734 3582 2891 3654 355
2948 3574 3396 3652 proﬁcisceretur.
3459 3567 3934 3638 \‘ultu'pmditus

2402 3692 2518 3738 erat
2550 3677 2779 3738 liberali,
2803 3682 3004 3730 statura
3066 3684 3170 3722 non
3226 3676 3440 3733 magna;
3466 3660 3685 3714 robusto
3738 3667 3931 3717 tamen,

2405 3782 2747 3839 nervosoque
2780 3776 3027 3832 corpore,
3058 3754 3251 3829 capillo
3281 3755 3454 3825 nigro,
3501 3751 3682 3820 lingua
3722 3747 3932 3803 diserta.

2408 3864 2583 3918 Rebus
2609 3838 2667 3913 in
2692 3856 2942 3911 omnibus
2979 3851 3264 3923 quamdam
3305 3860 3413 3915 pra:
3432 3860 3490 3897 se
3517 3841 3722 3896 ferebat
3764 3838 3934 3909 digni-

2406 3966 2591 4009 latent.
2614 3951 2781 4005 Norat
2814 3960 2944 4002 sane
2973 3957 3132 4014 quam
3158 3940 3425 4009 eleganter
3478 3934 3683 3996 Graece,
3723 3930 3928 3992 Latine,

2409 4047 2607 4115 ltalice,
2632 4041 2854 4096 G‘allice.
2918 4030 3337 4091 Commemorari
3367 4039 3420 4083 et
3449 4027 3551 4080 alia
3581 4025 3648 4079 de
3688 4023 3786 4077 hoc
3815 4035 3932 4091 pos-

2409 4144 2550 4198 sent,
2579 4132 2774 4201 quibus
2803 4122 3284 4194 supersedendum,
3313 4116 3455 4185 quod
3495 4115 3659 4180 lmjus
3684 4125 3787 4166 non
3812 4114 3932 4163 sunt

2410 4223 2531 4283 loci.
2555 4198 2708 4287 Quod
2740 4210 2919 4270 autem
2959 4213 3017 4265 in
3043 4201 3228 4279 primis
3267 4207 3371 4258 huc
3418 4202 3671 4272 pertinet,
3726 4198 3933 4267 quando

2412 4312 2545 4368 nulli
2575 4319 2701 4366 sunt
2737 4310 2790 4360 in
2825 4305 2954 4363 orbe
3009 4298 3225 4355 barbari
3257 4292 3505 4349 Valachis
3562 4290 3934 4345 inconstantio-

2413 4469 2657 4550 mutant:
2693 4490 2822 4546 hbet
2851 4488 2937 4542 hic
2987 4481 3279 4552 subiicere,
3312 4493 3475 4551 quam
3514 4474 3711 4529 multos
3754 4469 3929 4542 paucis

2413 4582 2569 4641 annis
2592 4578 2941 4636 Jacobushic
2998 4559 3219 4642 despota
3275 4579 3620 4625 successores
3673 4558 3931 4616 habuerit.

2413 4676 2621 4743 Quippe
2650 4670 2829 4726 statim
2883 4662 2950 4720 ab
3014 4665 3133 4730 ejus
3176 4660 3436 4731 interitu,
3473 4663 3693 4710 vocatus
3719 4668 3750 4705 a
3783 4649 3932 4701 Vala-

2414 4741 2533 4821 ehis
2554 4764 2665 4815 Dux
2700 4758 3001 4813 Demetrius
3039 4750 3400 4825 Visnovecius,
3430 4742 3745 4807 .Soleimani
3795 4741 3930 4793 Con-

2416 4852 2813 4927 stantinopolim
2849 4850 3062 4905 vinctus
3089 4845 3153 4896 ad
3190 4832 3390 4895 certam
3446 4851 3637 4891 necem
3692 4834 3930 4889 mittitur.

2418 4941 2944 5017 Ejusloco-Thomsa
2972 4935 3222 5005 princeps
3286 4946 3314 4984 a
3369 4927 3611 5003 factiosis
3659 4926 3928 4981 salutatur.

2419 5013 2618 5094 eum
2658 5034 2944 5105 perexiguo
2990 5036 3230 5092 tempore
3285 5037 3395 5076 rem
3428 5019 3711 5074 Valacha‘m
3764 5013 3931 5068 admi-

2420 5134 2714 5193 nistrasset,
2747 5122 2815 5176 ab
2869 5120 3167 5172 Alexandro
3213 5115 3323 5182 jam
3376 5122 3593 5166 reverso
3642 5108 3929 5177 expellitur,

2420 5222 2549 5275 etin
2581 5217 2816 5269 Rosaiam
2860 5208 3138 5275 profugus,
3203 5202 3529 5273 Sigismnudi
3560 5198 3779 5268 Augusti
3837 5197 3926 5249 Po-

2422 5312 2575 5364 louia:
2609 5306 2742 5373 regis
2775 5302 2949 5370 jussu,
2982 5294 3046 5349 ad
3084 5293 3313 5349 Podoiiae
3342 5290 3709 5361 Leoittoptilim
3766 5286 3930 5353 capite

2423 5402 2687 5469 plt'cllltit‘.
2714 5390 3012 5445 Alexandro
3042 5390 3246 5453 reduci,
3301 5397 3587 5457 postquam
3648 5379 3802 5433 rebus
3846 5377 3929 5427 hu.

2425 5491 2595 5543 manis
2620 5494 2899 5551 exemptus
2928 5479 3135 5543 fuisset,
3158 5475 3411 5533 successit
3454 5473 3596 5526 filius
3630 5466 3927 5535 Bogdanus:

2426 5580 2671 5649 Bogdauo
2702 5575 2902 5634 lvouia,
2933 5571 3022 5639 qui
3082 5586 3137 5624 se
3182 5565 3435 5635 Stephani
3486 5563 3749 5628 quondam
3819 5552 3927 5603 Vai-

2427 5646 2570 5724 vodte
2647 5668 2808 5719 illium
2868 5677 2930 5716 ex
2984 5658 3282 5715 concubina
3352 5650 3685 5724 perhibebat.
3764 5646 3927 5698 ironia

2428 5752 2525 5827 (sic
2553 5761 2809 5815 Joannem
2841 5756 2939 5824 ipsi
3001 5752 3211 5814 vocant)
3250 5764 3368 5803 cum
3423 5745 3605 5810 iniqua
3653 5738 3932 5804 petentibus
