4032 6344
79 446 192 508 657

84 655 436 711 Pniooornm
467 652 1079 731 equitum‘militumque
1111 681 1360 733 numero,
1393 686 1487 724 nec
1525 687 1654 725 eon-

81 748 412 803 Ienmendis
444 764 664 804 suorum
689 754 893 814 coactis
924 758 1115 825 copiis,
1143 759 1304 814 nimis
1324 777 1384 829 gr
1422 778 1482 816 ve
1530 764 1653 817 bar-

78 835 571 910 barorumjugum
603 855 853 899 excutere
885 861 1193 914 conaretur,
1236 866 1267 905 a
1328 853 1654 911 fidelissimis

81 924 189 977 sibi
230 927 466 984 creditis
492 931 753 999 proditus,
779 937 867 1000 qui
899 937 1048 995 missi
1072 920 1306 1003 fuerant,
1336 937 1394 996 ut
1416 958 1444 994 a
1469 952 1650 1001 trans-

77 1015 336 1083 jeetione
372 1018 600 1077 Danubii
660 1023 865 1081 Turcos
894 1039 1163 1093 arcerent,
1199 1028 1483 1102 indignam
1513 1032 1669 1096 .ma-L
1706 1032 1711 1041 ’

81 1106 460 1174 gnanimitate
485 1127 582 1166 sua
606 1124 830 1173 mortem
853 1120 1099 1187 oppetiit.
1154 1120 1216 1175 Ei
1244 1106 1461 1188 “Petrus,
1520 1125 1651 1179 alte-

83 1194 203 1249 rius
241 1195 520 1253 Valachie
549 1203 809 1273 principis
859 1206 1045 1272 frater,
1102 1208 1408 1269 faventibus
1460 1210 1654 1274 Turcis

82 1286 363 1344 ευσεβιυς
399 1290 522 1344 fuit.
552 1291 655 1349 Sed
681 1296 824 1350 enim
851 1297 914 1352 de
940 1298 1044 1365 bis,
1077 1300 1180 1356 hoc
1199 1302 1414 1371 quidem
1439 1305 1490 1357 in
1509 1305 1653 1370 loco.

84 1379 224 1434 satis
282 1397 299 1434 :
365 1383 584 1451 quando
626 1389 693 1440 ad
749 1388 1094 1459 insequentes
1139 1409 1310 1451 annos
1368 1396 1654 1464 pertinent.

87 1467 249 1526 Nunc
287 1473 358 1526 ad
390 1475 678 1529 Annalium
707 1482 897 1534 seriem
933 1486 1233 1541 redeamus.

156 1562 327 1617 Anno
360 1567 463 1620 970
506 1569 653 1634 (Chr.
696 1571 877 1640 1564),
916 1562 1099 1631 incuso
1151 1579 1475 1648 Septembri,
1524 1581 1661 1638 duce

84 1653 287 1706 Carzia
322 1654 588 1713 Toletauu
647 1659 880 1715 feliciter
901 1677 1161 1734 occupata
1211 1668 1309 1724 fuit
1338 1687 1433 1727 arx
1468 1674 1517 1725 in
1566 1688 1659 1735 ora

91 1746 394 1799 maritima:
416 1749 665 1819 Apbricm
692 1752 807 1809 sive
834 1751 1104 1808 Barbariae
1127 1759 1251 1821 sita,
1278 1754 1441 1828 quam
1468 1772 1663 1817 vocant

89 1836 405 1907 Pignoncm
435 1840 551 1896 sive
586 1859 770 1911 rupem
834 1842 1199 1916 Veli-zi,quod
1233 1852 1415 1919 oppidi
1463 1869 1659 1909 nomen

70 1921 195 1989 est.
232 1931 289 1984 in
332 1933 643 1993 continente
668 1935 778 2001 siti,
802 1951 833 1992 a
860 1954 962 2007 qua
997 1954 1158 2009 rupes
1187 1926 1328 1997 areis
1371 1944 1660 2011 disiuncta,

90 2016 341 2095 nudique
369 2023 523 2091 aquis
552 2027 1056 2094 eingitur.Turcicis
1074 2046 1135 2088 ea
1149 2032 1349 2100 piratis,
1372 2032 1664 2104 Hispanum

91 2114 327 2181 pelagus
360 2114 760 2184 iufestantibus,
794 2134 1045 2175 securum
1094 2122 1358 2180 hactenus
1390 2136 1662 2197 receptum

91 2206 440 2271 praebuerat:
472 2209 613 2278 quod
631 2220 771 2265 esset
800 2210 851 2265 in
882 2215 1167 2283 praeruptis
1205 2217 1372 2284 posita
1405 2221 1673 2287 secpulis,

91 2307 143 2351 et
174 2300 578 2373 uttdique‘(ceu
605 2301 833 2373 dictum)
884 2305 1019 2359 mari
1062 2305 1379 2363 circumﬂuo
1408 2313 1631 2371 munita.

165 2388 287 2443 Sub
316 2391 522 2444 exitum
554 2391 795 2462 ejusdem
842 2394 991 2459 anni,
1045 2400 1437 2471 mortuoprius
1484 2400 1664 2457 Ferui-

95 2481 283 2535 nando
308 2479 578 2550 Angusto,
630 2482 805 2538 die25
847 2482 996 2551 Julii,
1029 2487 1243 2557 lilioque
1294 2487 1664 2547 Maximiliano

96 2572 185 2625 vix
249 2571 545 2639 imperium
603 2574 933 2644 auspicato,
973 2575 1209 2634 Joannes
1278 2579 1664 2654 Sigismundus

98 2663 365 2732 princeps
408 2661 848 2729 Transsilvanire,
887 2667 1091 2738 vel.(uL
1110 2668 1272 2724 Turei
1313 2680 1524 2740 vocant)
1573 2673 1668 2726 Er-

100 2753 228 2808 tieiii
263 2753 461 2826 begus,
497 2749 679 2810 infelix
709 2757 911 2813 sultani
936 2757 1260 2814 Soleimanis
1317 2763 1667 2819 successione

102 2856 334 2912 paterna
359 2840 549 2907 cliens,
608 2844 775 2901 fretus
810 2849 1017 2904 viribus
1042 2842 1251 2916 patroni
1302 2860 1406 2904 tam
1434 2851 1665 2920 potentis

103 2936 193 3004 qui
228 2944 420 2991 tamen
440 2950 619 3002 suum,
642 2952 748 2991 non
779 2938 993 3009 clientis
1018 2942 1359 2994 commodum
1394 2942 1662 3009 captabat,

104 3040 158 3080 et
182 3028 547 3097 perduellium
578 3030 932 3099 quorumdam
987 3046 1296 3099 procerum,
1351 3034 1510 3101 inque
1560 3037 1665 3101 pri-

111 3121 213 3175 mis
305 3120 527 3191 Georgii
596 3121 782 3177 Bebeci
877 3124 1053 3177 noxiis
1147 3123 1453 3192 reipublicae
1513 3123 1667 3178 Chri-

1190 463 1554 527 SUPl’LEM.
1600 467 1869 534 ANNAL.
1902 474 2203 541 TURCIC.

86 564 299 622 Turcis
353 568 696 649 denegasset,
748 572 1119 647 adjunctoque
1173 580 1275 645 sibi
1335 574 1676 652 non'magno
1709 587 1748 640 Δ
1778 587 2023 646 Gabriele
2060 591 2284 650 Perenio

3203 495 3308 556 658

1836 603 2023 667 iuncte
2061 603 2303 660 l’erenio,
2343 608 2635 667 contraque
2678 603 2865 672 legem
2916 607 3201 671 deditionis
3258 612 3309 665 id

1773 678 1892 772 ﬁeri
1927 686 2278 742 causantibus
2316 704 2329 739 :
2362 689 2582 745 Sucndii
2631 704 2805 749 tamen
2838 685 3177 767 auctoritate,
3221 710 3309 772 qui

1764 768 1847 820 vel
1881 784 2002 824 cum
2040 772 2217 842 aliqua
2242 776 2452 845 jactura
2481 779 2638 834 [idem
2672 783 2848 837 datam
2896 786 3145 855 religiose
3195 768 3283 843 ser

1766 860 1993 913 vandam
2020 863 2245 931 diceret,
2276 869 2565 936 quominus
2589 871 2656 927 iis
2689 875 3035 949 spoliaretur,
3060 879 3313 941 obtinuit.

1766 949 1892 1005 lude
1940 948 2274 1008 Zerenzium
2315 958 2367 1011 in
2405 971 2724 1027 potestatem
2782 969 2948 1030 venit,
2978 969 3316 1038 .Erdeliiquo

1765 1038 1932 1108 begus
1953 1042 2019 1098 de
2052 1044 2289 1100 Zatmari
2318 1048 2635 1106 defensione
2665 1055 2984 1122 desperans,
3038 1058 3312 1114 incensam

1765 1135 2118 1190 munitionem
2146 1138 2287 1192 hosti
2318 1140 2531 1210 reliquit
2558 1144 2759 1198 invitus
2789 1164 2801 1199 :
2830 1163 2989 1213 quam
3019 1150 3311 1212 Suendins.

1763 1224 1833 1276 ob
1866 1218 2165 1279 naturalem
2220 1230 2358 1282 situs
2383 1214 2840 1295 commoditatem,
2876 1252 2996 1291 mox
3046 1239 3308 1294 instaura-

1765 1316 1858 1367 vit.
1897 1314 2033 1370 llinc
2089 1320 2408 1375 transmisso
2445 1323 2688 1391 'l‘ibisco,
2757 1326 3022 1392 Erdcuda,
3082 1330 3319 1390 Cuvara.
3404 1362 3407 1365 -

1767 1405 1948 1470 Bator,
1994 1405 2237 1469 Vibania,
2305 1408 2627 1466 Senderevia
2686 1415 2867 1481 (quod
2921 1430 2951 1468 a
2995 1416 3052 1468 S.
3106 1417 3313 1468 Audrra

1768 1497 2055 1553 deductum
2086 1514 2281 1567 nomen
2307 1502 2433 1568 est),
2461 1517 2718 1571 prospero
2746 1505 2981 1558 victorize
3002 1504 3320 1559 Suendania:

1767 1605 1952 1654 cursu,
1993 1591 2341 1648 Maximiliani
2378 1595 2608 1650 Caesaris
2655 1596 2941 1663 imperium
2973 1588 3315 1667 acceperunt.

1768 1681 1896 1735 Tam
1928 1682 2159 1752 denique
2208 1685 2388 1739 felices
2419 1688 2469 1739 bi
2503 1672 2786 1741 successus
2824 1699 2998 1758 erant,
3058 1698 3115 1742 ut
3164 1702 3316 1757 opem

1770 1773 2097 1843 implorante
2136 1777 2271 1845 bego
2304 1778 2524 1843 Erdelii,
2556 1780 2803 1833 sultanus
2843 1778 3177 1837 Soleimanes
3210 1797 3315 1833 non

1769 1882 2085 1922 succurrere
2110 1870 2374 1923 duntaxat
2401 1870 2448 1922 ei
2483 1871 2609 1924 totis
2645 1872 2871 1937 viribus,
2932 1888 3117 1927 verum
3152 1873 3319 1941 ipsius

1770 1944 1933 2011 etiam
1970 1958 2092 2012 lmic
2132 1960 2182 2012 in
2218 1958 2506 2029 Ungariam
2566 1962 2896 2031 expeditioni
2949 1977 3179 2031 prmesse
3232 1964 3321 2015 de—

1770 2050 2016 2103 creverit.
2052 2048 2155 2102 Sed
2189 2050 2605 2105 existimabatur
2632 2053 2699 2105 ab
2755 2053 2855 2108 hoc
2896 2053 3141 2109 instituto
3194 2069 3319 2107 suo-

1771 2155 1885 2192 rum
1922 2141 2450 2200 consiliisretrabi.
2510 2143 2600 2211 qui
2638 2141 2958 2207 suadebant,
3011 2152 3068 2196 ut
3110 2145 3318 2213 ingenti

1769 2231 2013 2300 expedita
2052 2231 2223 2287 classe
2293 2232 2505 2287 Meliten
2541 2234 2838 2297 invaderet,
2875 2244 2931 2289 et
2960 2233 3146 2290 fractis
3169 2237 3321 2305 equi—

1771 2322 1883 2374 tum
1916 2320 2270 2377 blelitensium
2300 2324 2511 2378 viribus
2562 2324 2793 2378 insulam
2822 2335 3133 2394 occuparet.
3166 2326 3318 2391 Quod

1769 2410 1984 2478 quidem
2007 2420 2109 2492 χιιι
2170 2412 2391 2475 faceret,
2453 2414 2506 2466 in
2541 2413 3031 2482 primisilltasanes
3085 2416 3321 2471 Cesairis

1772 2504 2141 2573 prosultanus,
2170 2503 2512 2559 Cliairadinis
2542 2504 2884 2581 Barbarossaz
2909 2507 3068 2570 lilius,
3101 2515 3155 2559 et
3188 2507 3320 2559 Dra-

1770 2605 1925 2663 gntes
1982 2596 2278 2666 Saogiacus
2336 2595 2727 2666 Tripolitanus,
2790 2598 3072 2667 urgebant.
3137 2597 3321 2664 Itaque

1773 2689 1914 2740 banc
1942 2689 1996 2751 in
2027 2689 2347 2741 sententiam
2379 2687 2557 2741 animo
2600 2687 2956 2755 propendens,
3013 2695 3070 2739 ut
3104 2686 3318 2739 interim

1771 2778 1921 2830 vafro
1950 2786 2256 2830 commento
2288 2776 2450 2847 356
2480 2775 2897 2829 Maximilianutn
2948 2779 3145 2844 partim
3175 2777 3321 2843 gravi

1772 2876 1985 2936 sumptu
2022 2868 2143 2922 belli
2176 2868 2505 2930 exhauriret,
2556 2867 2815 2922 instinctu
2880 2867 3168 2930 Erdeliaui,
3201 2883 3323 2935 par-

1773 2959 1866 3012 tim
1900 2958 2188 3022 inbiberet,
2237 2958 2531 3026 quominus
2577 2958 2803 3012 ulterius
2860 2957 3319 3027 progrederetur:

1774 3060 2070 3118 apostatam
2103 3049 2444 3102 Cibineusem
2485 3049 2718 3117 ablegat,
2753 3049 2845 3115 qui
2883 3060 3005 3100 eum
3042 3047 3106 3099 ad
3139 3059 3322 3114 pacem

1773 3156 1892 3193 eum
1952 3139 2239 3192 Erdeliano
2293 3140 2572 3191 colendam
2634 3139 3032 3191 exhortaretur.
3094 3136 3246 3191 Venit
3273 3149 3327 3192 et

86 3213 321 3267 .stiante
356 3214 600 3268 consiliis
640 3214 917 3280 incitatus,
946 3214 1277 3286 Zatmarum,
1333 3230 1443 3269 non
1490 3216 1666 3284 exigui

1779 3230 2036 3285 Viennam
2069 3245 2190 3283 cum
2240 3229 2507 3282 Erdeliaui
2552 3229 2816 3282 utandatis
2849 3230 3032 3284 eodem
3084 3238 3325 3299 tempore

113 3303 380 3359 momenti
441 3305 817 3369 munitionem,
870 3305 1045 3374 ejecto
1100 3305 1389 3361 Mclebiore
1433 3307 1669 3370 Balassa,

88 3388 374 3463 praefecto
398 3395 646 3463 Caesaris,
678 3410 740 3450 ac
779 3381 1049 3452 thesauris
1081 3397 1215 3466 ejus.
1238 3398 1487 3468 conjuge,
1544 3398 1673 3453 libe-

116 3478 303 3553 risque
329 3484 527 3555 eaptis,
555 3500 708 3540 suam
735 3486 787 3539 in
814 3495 1130 3553 potestatem
1174 3487 1395 3556 redegit.
1429 3488 1557 3553 Quae
1591 3503 1674 3541 res

116 3591 241 3629 cum
270 3574 640 3629 llaximiliano
669 3560 908 3645 Angusto
937 3593 1274 3647 nequaquam
1298 3580 1349 3635 iu
1378 3578 1493 3644 ipso
1523 3580 1669 3644 regni

120 3667 354 3739 exordio
387 3666 609 3729 ferenda
632 3668 924 3734 videretur,
953 3684 1071 3724 cum
1116 3670 1249 3723 alios
1277 3669 1414 3722 bello
1443 3669 1677 3738 gerendo

121 3760 569 3831 tluess'idoneos
617 3762 935 3826 arcessivit,
985 3772 1096 3815 tum
1167 3762 1369 3815 Lazaro
1418 3764 1674 3825 Suendio,

122 3851 328 3909 Πυθιιί
374 3852 507 3905 Altae
545 3851 939 3921 Landispergm,
991 3855 1147 3907 rebus
1196 3854 1405 3917 magnis
1454 3854 1678 3907 solerter

123 3951 177 3997 ct
218 3941 485 4011 praciare
521 3940 685 4011 gestis
726 3942 790 3995 ad
812 3957 1026 3995 clunem
1062 3942 1386 4009 posteritatis
1421 3945 1678 3995 inemori-

125 4049 210 4087 am
240 4031 444 4090 illustri
469 4032 606 4103 viro,
636 4047 903 4089 summam
937 4032 1057 4086 belli
1089 4032 1525 4093 administrandi.
1559 4048 1678 4086 am-

126 4123 378 4193 plissima
399 4139 521 4178 cum
544 4131 830 4195 potestate,
857 4124 1151 4178 commisit.
1216 4122 1329 4178 Sub
1358 4131 1443 4187 eo,
1493 4132 1679 4192 praeter

132 4216 403 4285 Ungaros,
430 4215 657 4269 feliciter
687 4215 789 4269 hoe
832 4214 971 4269 bello
995 4215 1246 4269 Germani
1280 4214 1486 4283 aliquot
1528 4215 1682 4269 nobio

131 4307 329 4362 Iissimi
387 4307 588 4360 tribuni
649 4291 947 4359 militarunt
1010 4321 1026 4358 :
1090 4306 1409 4381 equitum,
1449 4305 1684 4362 Joannes

131 4399 389 4454 ﬂuberus
437 4413 468 4454 a
502 4396 849 4461 Pixeudorfo,
877 4395 1139 4455 Joannes
1180 4397 1248 4450 ab
1302 4397 1681 4465 Ascemburgo,

126 4490 375 4544 Iacobus
403 4504 433 4541 a
483 4487 927 4555 Srbulemburgo,
964 4485 1227 4542 Henricus
1258 4502 1288 4539 a
1336 4480 1682 4549 Gleisentala;

1774 3324 2037 3390 Georgius
2074 3322 2343 3383 Batorius,
2373 3331 2425 3374 et
2464 3320 2793 3390 Sigismundi
2820 3322 3065 3389 Augusti,
3096 3321 3335 3379 Polonize

1779 3419 1940 3486 regis,
1971 3416 2060 3482 qui
2099 3414 2363 3467 Erdeliaui
2421 3415 2720 3467 avunculus
2753 3424 2887 3478 erat,
2920 3413 3148 3481 legatus.
3176 3424 3233 3467 ut
3260 3419 3326 3468 de

1776 3506 2146 3575 componendo
2179 3505 2316 3558 bello
2364 3520 2486 3558 eum
2550 3503 2919 3557 Maximiliano
2959 3512 3196 3571 agerent.
3231 3503 3328 3557 Vc-

1779 3612 1893 3649 rum
1929 3598 2062 3658 haec,
2093 3596 2175 3650 uti
2212 3595 2466 3656 diximus,
2500 3603 2675 3647 astute
2705 3594 3030 3662 gerebantur
3059 3609 3087 3648 a
3111 3593 3322 3655 Turcis.

1780 3700 1833 3741 ιιι
1860 3703 1886 3739 a
1927 3703 2086 3741 cursu
2116 3687 2351 3740 victoria:
2376 3686 2576 3747 Ca‘sar,
2614 3686 2698 3739 cui
2736 3686 3169 3740 rebusomnibus
3198 3686 3326 3739 infe-

1783 3782 1890 3833 rior
1919 3790 2037 3834 erat
2088 3779 2428 3840 Erdclianus,
2484 3782 2823 3843 avocaretur,
2885 3788 2938 3829 et
2995 3776 3326 3839 Soleimanes

1782 3871 1992 3925 interim
2024 3872 2162 3924 vires
2198 3883 2325 3923 snas
2360 3869 2411 3920 in
2444 3866 2747 3921 Meliteuses
2780 3874 2960 3933 posset
2987 3870 3324 3923 convertere.

1853 3960 2101 4014 Rhodum
2139 3941 2239 4014 bis'
2279 3957 2509 4012 insulam
2565 3957 2663 4012 sub
2725 3955 2936 4009 initium
2988 3956 3158 4024 regni,
3198 3954 3323 4009 cum

1782 4051 2038 4105 omnibus
2096 4050 2146 4103 in
2209 4047 2411 4118 Egaro.
2435 4056 2487 4105 et
2545 4047 3033 4116 Asia,Gr:eciaque
3073 4047 3327 4109 castellis,

1783 4142 1995 4195 art-ibus
2019 4154 2082 4194 ac
2130 4139 2449 4203 te’rritoriis;
2485 4151 2582 4193 nec
2610 4138 2793 4191 multis
2818 4146 2940 4191 ante
2974 4140 3074 4192 hoc
3120 4131 3330 4205 tempus

1784 4234 1977 4296 annis,
1999 4231 2258 4302 Tripolim
2298 4230 2562 4299 Aphricze,
2593 4228 2748 4282 sicuti
2790 4218 3120 4281 narratnma
3166 4228 3320 4280 nobis

1784 4337 1882 4389 est,
1920 4323 2209 4378 ademerat.
2260 4319 2475 4385 Quibus
2530 4320 2744 4386 injuriis
2783 4332 2877 4370 eos
2931 4316 3175 4370 affecisse
3221 4332 3326 4369 non

1786 4424 2116 4475 contentus,
2178 4413 2340 4464 etiam
2406 4422 2630 4477 prorsus
2691 4408 3013 4475 exstirpatos
3078 4407 3327 4461 volebat:

1779 4506 1929 4576 quod
1956 4513 2009 4559 et
2033 4500 2375 4557 mercimonio
2425 4513 2641 4553 suorum
2672 4486 3016 4567 impedirent,
3055 4508 3110 4551 et
3151 4499 3332 4566 gravia

135 4580 377 4648 l’e‘mu'"
410 4593 562 4642 νεῖον
584 4576 820 4631 Joannes
854 4575 1181 4630 wen'her“
1210 4591 1240 4629 ²
1273 4574 1550 4638 “amna”-
1575 4565 1688 4629 “u'
1723 4556 1764 4609 ι)
1792 4556 1931 4665 sarpe
1952 4595 2273 4647 detrimenta
2306 4589 2531 4643 navibus
2563 4586 2808 4645 Turcicis
2849 4585 3128 4641 inferrent.
3171 4587 3333 4639 Aet-e-

134 4670 318 4727 doll'us
349 4684 378 4722 a
417 4667 578 4733 Salis,
612 4668 809 4738 aliique
838 4670 1165 4739 compbtres.
1194 4667 1456 4722 Suendivs
1488 4668 1691 4735 absque

142 4778 292 4817 mora
327 4759 694 4829 uon’exiguas
728 4760 968 4829 equitum
1000 4760 1349 4828 peditumque
1399 4757 1691 4813 Germano-

140 4872 257 4911 rum
292 4854 486 4923 cupias
512 4854 564 4909 in
586 4868 773 4924 agrum
799 4853 888 4920 qui
914 4869 943 4905 a
969 4849 1208 4921 Gepidis,
1228 4851 1448 4917 antiqua
1475 4850 1693 4903 natione

140 4947 462 5002 Germania
488 4983 507 5011 ,
532 4943 854 5011 Cepisieitsis
897 4943 1161 5010 hodieque
1220 4941 1419 4996 dicitur
1447 4981 1459 5001 ,
1484 4940 1688 4993 eduxit.

213 5036 656 5106 Attriisequuttis
690 5036 839 5105 (Chr.
871 5035 1023 5093 1565)
1066 5034 1251 5096 initio,
1285 5035 1455 5087 media
1484 5035 1693 5095 bruma,

146 5129 404 5184 't'ocaium
441 5125 709 5179 Suendius
741 5126 1016 5179 celeritate
1039 5122 1341 5181 admirabili
1372 5135 1641 5191 expugnat
1676 5140 1689 5176 :

146 5233 254 5285 quo
268 5224 433 5287 c'apto
447 5230 620 5283 neque
639 5217 809 5270 multo
828 5229 945 5285 post
967 5216 1075 5267 ictu
1097 5215 1316 5282 sel0peti
1335 5216 1515 5269 occiso
1532 5214 1698 5268 Fran-

149 5312 292 5373 cisco
333 5309 619 5367 Nemethio
649 5305 923 5378 przeicrto,
962 5322 1055 5361 arx
1088 5308 1251 5364 etiam
1281 5322 1310 5359 a
1351 5305 1693 5374 prasidiariis

150 5403 331 5457 dedita
362 5402 487 5457 fuit.
541 5400 580 5456 li
611 5400 727 5459 suis
764 5412 888 5453 curn
934 5395 1121 5467 gladiis
1150 5398 1409 5452 duntaxat
1443 5410 1509 5448 cx
1539 5403 1696 5467 pacto

155 5493 397 5557 dimissi,
432 5493 638 5546 caeteris
692 5490 955 5559 armisac
995 5486 1237 5542 rebusin
1291 5498 1416 5542 arce
1472 5485 1694 5538 relictis.

155 5578 343 5635 Vidute
390 5579 655 5634 Netitetbii
704 5580 938 5637 mundus
994 5574 1365 5641 tantummodo
1421 5574 1700 5629 muliebria

159 5685 474 5725 concessus.
508 5668 637 5734 Qua
672 5670 795 5724 licet
828 5669 1021 5725 deinde
1077 5664 1253 5721 mariti
1309 5678 1542 5733 suosque
1593 5679 1699 5723 non

159 5761 340 5830 exigui
408 5763 562 5829 pretii
620 5762 907 5816 thesauros
961 5759 1229 5821 aveheret,
1288 5755 1698 5810 reclamantibus
1722 5766 1739 5781 ν’

168 5847 422 5923 l’ngaris,
493 5852 701 5907 Andrca
770 5849 1015 5915 Batorio,
1092 5846 1373 5903 ﬂelcliiore
1450 5844 1729 5907 Balassa,

1792 4688 1950 4742 debat
1975 4686 2136 4739 altius
2165 4683 2325 4736 animi
2373 4682 2586 4743 vulnus,
2634 4677 2776 4746 quod
2827 4678 3088 4730 bartenus
3130 4674 3335 4728 abieli—

1794 4778 1927 4833 tcnsi
1970 4775 2404 4829 Christianorum
2457 4768 2859 4838 propugnaculo
2892 4766 3160 4834 quoddam
3218 4769 3337 4818 libi-

1793 4870 2058 4937 dinisum
2103 4864 2409 4932 repagulum
2465 4862 2624 4930 objici
2677 4860 2903 4920 doleret,
2932 4857 3235 4925 quominus
3282 4861 3331 4910 in

1797 4940 2176 5026 Hispaniarum
2216 4963 2268 5006 et
2300 4955 2464 5006 Italiae
2522 4953 2728 5023 viscera
2758 4951 3071 5020 jamdudum
3122 4965 3336 5016 grassa-

1797 5061 1966 5103 retur.
1999 5048 2105 5101 llus
2148 5046 2308 5114 igitur
2369 5043 2609 5097 trtibcllo
2668 5038 3079 5111 persequeretur
3134 5048 3185 5090 et
3238 5055 3337 5104 op-

1797 5139 2081 5209 primeret,
2149 5139 2378 5189 classem
2462 5134 2749 5197 instruxit,
2809 5147 2928 5201 quae
3010 5128 3334 5187 triremibus,

1798 5230 2082 5293 onerariis,
2117 5228 2343 5295 aliisque
2375 5226 2601 5279 diversis
2658 5214 2881 5288 navigiis
2904 5220 3009 5272 2350
3038 5219 3334 5271 constabat.

1799 5320 2140 5374 Veltebantur
2164 5318 2264 5371 hac
2294 5319 2464 5371 classe
2491 5316 2627 5368 bello
2665 5313 2976 5366 idoneorum
3001 5308 3227 5360 militum
3274 5310 3339 5361 ad

1799 5410 1866 5464 40
1922 5407 2108 5461 millia.
2175 5404 2540 5458 Terrestribns
2591 5400 2760 5468 copiis
2818 5393 3171 5461 Mustapbas,
3234 5394 3328 5459 qui

1799 5499 2048 5568 deinceps
2071 5498 2209 5551 bello
2240 5497 2438 5563 Cyprio
2467 5510 2530 5547 cx
2569 5490 2787 5545 immani
2822 5486 3134 5542 crudelitate
3170 5482 3340 5572 magis

1801 5591 2066 5653 inclaruit,
2087 5589 2244 5643 classi
2279 5587 2333 5639 ιιι
2355 5586 2437 5639 dis
2462 5586 2617 5637 bas‘sa
2645 5597 2765 5636 cum
2813 5578 3038 5647 imperio
3060 5582 3288 5642 praeerat
3317 5591 3328 5624 :

1804 5663 2001 5751 quibus
2026 5678 2359 5731 Soieiznanes
2384 5674 2671 5740 “ragutem
2708 5670 3079 5737 prosultanum
3102 5661 3336 5730 Tripolis

1804 5775 1985 5828 adesse
2030 5756 2213 5832 voluit,
2251 5768 2519 5833 hominem
2574 5764 2729 5822 rebus
2788 5769 2922 5811 terra
2969 5760 3210 5824 marique
3248 5768 3336 5823 ge-

1813 5862 1990 5918 rendis
2023 5842 2405 5914 exucrientcm.
2437 5852 2817 5915 quiletltalitcr
2850 5847 2949 5903 hoc
2982 5848 3115 5908 bello
3156 5844 3335 5897 vuln“-
