4032 6344
715 492 819 557 659

1902 509 2224 571 JOANNIS
2272 512 2725 577 LEUNCLAVII

3807 526 3913 587 060

714 620 1027 705 ratus.cum
1075 617 1286 685 jactura
1338 634 1558 677 suorum
1623 632 1677 679 et
1734 627 2017 680 commodo
2068 630 2329 688 nostroA
2361 636 2460 687 hoc
2500 650 2601 688 non
2635 650 2729 704 per
2756 636 2957 705 legatos
3010 636 3400 699 tantummodo,
3447 634 3544 691 sed
3576 634 3738 691 etiam
3787 655 3908 705 pro.

714 702 922 759 interiit
956 722 970 759 :
1002 707 1207 780 l'uitque
1260 712 1519 770 suﬂeetus
1542 731 1571 770 a
1606 716 1886 786 Mustapha
1914 718 1966 772 in
2022 721 2142 787 ejus
2176 721 2256 774 lo-

658 860 661 863 λ
711 810 855 859 cum,
888 806 946 852 ut
972 799 1175 870 Tripoli
1212 817 1480 873 prazesset.
1520 808 1631 862 Alis
1684 809 1771 863 ille
1806 810 2054 875 Calaber,
2086 828 2250 880 quem

711 889 868 942 etiam
903 906 1045 946 nunc
1072 895 1428 962 ignominioso
1475 896 1663 951 Turris
1695 902 1913 955 nomine
1964 904 2129 955 nostri
2167 920 2256 954 vo-

712 991 855 1039 cant,
890 979 1173 1048 Vluzalim,
1207 986 1306 1039 hoc
1328 996 1429 1053 est,
1484 988 1623 1041 Alim
1679 998 2014 1058 apostatam:
2058 1006 2177 1043 cum
2222 1006 2250 1041 a

714 1068 907 1126 Turcis
931 1074 1080 1128 bassa
1103 1075 1415 1144 capitaneus
1445 1079 1697 1147 appellari
1730 1079 1916 1143 soleat,
1951 1081 2111 1134 veluti
2143 1095 2255 1132 ma-

716 1163 792 1217 ris
834 1165 1136 1231 praefectus,
1186 1176 1237 1221 et
1280 1168 1425 1222 solus
1479 1178 1598 1237 post
1634 1168 2007 1224 Chairadinem
2056 1169 2255 1223 Barba-

714 1271 943 1318 rossam,
974 1258 1043 1311 ob
1076 1274 1160 1312 res
1198 1270 1383 1314 contra
1416 1260 1747 1316 Christianos
1793 1264 2035 1331 gnaviter
2076 1273 2255 1329 gestas

713 1350 1089 1413 promeruerit,
1131 1359 1185 1401 ut
1208 1364 1331 1402 cum
1369 1353 1531 1406 maris
1564 1353 1879 1420 przel'ectura
1916 1355 2109 1407 veziris
2135 1355 2255 1423 dig-

711 1436 933 1491 nitatem
967 1440 1335 1507 coniungeret.
1370 1443 1587 1510 Appulit
1635 1444 1819 1506 etiam,
1857 1445 2084 1499 durante
2112 1446 2255 1499 obsi-

712 1528 897 1594 dione,
932 1545 1052 1583 cum
1084 1529 1151 1582 27
1187 1534 1517 1596 triremibus,
1562 1534 1839 1588 Chasanes
1874 1536 2109 1590 (ZeSairis
2138 1554 2256 1605 pro-

710 1618 974 1677 sultanus.
1017 1620 1355 1676 Chairadiuis
1384 1622 1468 1685 F.,
1507 1623 1660 1689 cujus
1685 1634 1740 1675 ut
1792 1625 1949 1693 paulo
1998 1635 2141 1689 ante,
2173 1631 2251 1681 sic

710 1720 759 1759 et
792 1709 919 1762 alibi
974 1713 1170 1779 smpius
1203 1713 1256 1765 in
1291 1714 1590 1768 Annalibus
1626 1716 1773 1769 hisce
1829 1717 2070 1772 'l‘urcicis
2113 1720 2250 1771 facta

714 1800 810 1852 fuit
850 1802 1070 1855 mentio.
1104 1802 1237 1855 Cum
1281 1805 1437 1874 igitur
1470 1807 1519 1858 bi
1556 1807 1725 1861 has'saa
1772 1806 1929 1859 Junio
1959 1825 2139 1863 mense
2172 1812 2256 1862 lit-

714 1904 827 1949 tora
864 1895 1069 1950 Melites
1102 1897 1422 1965 attigissent,
1459 1916 1521 1952 ac
1552 1900 1664 1953 dies
1688 1900 1889 1967 aliquot
1922 1905 2251 1971 exponendis

2372 724 2502 793 priis
2533 727 2788 796 auspiciis
2816 742 3018 796 gerere.
3059 728 3274 782 Interim
3302 743 3451 792 vero,
3483 728 3612 781 dum
3649 730 3906 798 majorem

2371 817 2599 884 ipsemet
2630 818 2927 874 adduceret
2951 820 3266 882 exercitum,
3300 820 3471 874 bassa:
3497 819 3727 874 Budensi
3753 836 3908 872 man-

2365 909 2458 961 dat
2503 918 2561 963 ut
2606 910 2976 978 amplissimis,
3027 925 3162 979 quas
3216 919 3417 978 posset,
3463 913 3670 965 coactis
3708 914 3901 980 copiis.

2369 984 2507 1053 bello
2534 1000 2857 1069 principium
2879 992 3048 1056 daret.
3072 998 3509 1057 Tcmesvarensis
3536 1005 3698 1057 etiam
3723 1005 3903 1063 bassa.

2365 1090 2430 1142 de
2464 1090 2737 1143 voluntate
2768 1089 3112 1154 Soleimanis,
3149 1092 3403 1159 paulatim
3436 1096 3501 1146 ad
3527 1095 3900 1162 occupandum

2365 1178 2575 1234 Giulam
2607 1181 2811 1234 aditum
2850 1181 2951 1235 sibi
3004 1183 3376 1251 patefaciebat,
3438 1194 3742 1252 expugnato
3770 1184 3904 1236 Pau~

2361 1278 2481 1323 cota
2511 1272 2750 1325 rastello.
2792 1270 2899 1327 Nec
2934 1273 3056 1337 sibi,
3103 1274 3325 1341 suisque
3363 1274 3518 1326 rebus
3564 1275 3744 1327 deerat
3806 1274 3904 1327 Er-

2362 1363 2621 1425 tleliau‘es,
2654 1362 2892 1427 Zadane,
2952 1364 3225 1433 Genoque.
3288 1366 3419 1419 locis
3471 1367 3641 1419 Ginlre
3693 1367 3904 1424 vicinis,

2361 1466 2456 1518 per
2482 1467 2610 1505 suos
2640 1462 2762 1508 octo
2785 1454 3083 1527 Turcorum
3130 1456 3369 1509 millibus
3401 1455 3684 1521 adauctus,
3742 1473 3904 1510 oecu-

2361 1545 2520 1611 patis.
2573 1546 2716 1597 Idem
2764 1557 2885 1599 astu
2940 1548 3186 1609 barbaro,
3244 1548 3533 1616 perniciem
3590 1565 3652 1603 ac
3710 1549 3902 1603 furiam

2360 1634 2565 1700 patriae,
2603 1646 2803 1703 patrent
2857 1638 3120 1701 imitatus,
3164 1638 3279 1705 qui.
3312 1639 3476 1692 simili
3525 1649 3905 1708 stratagemate

2358 1724 2538 1777 fin-rat
2567 1742 2716 1786 usus.
2762 1728 2828 1781 ad
2860 1727 3210 1782 obsidendam
3266 1727 3522 1783 Viennam
3583 1731 3905 1784 adventante

2358 1830 2487 1869 tunc
2512 1816 2835 1881 Soleimane,
2896 1820 3103 1873 litteras
3150 1836 3242 1887 per
3275 1818 3558 1885 Ungariam
3588 1822 3740 1875 initio
3772 1823 3905 1874 anni

2358 1906 2648 1958 Christiani
2715 1908 2966 1972 proximi,
3034 1922 3220 1961 mense
3280 1909 3535 1963 nimirum
3602 1909 3905 1965 Februario

711 1986 765 2037 in
803 1984 1034 2039 insulam
1091 1987 1348 2041 militibus
1377 1997 1429 2041 et
1480 1991 1728 2049 annonis.
1769 1991 2116 2060 locorumque
2148 1995 2252 2046 sitit
2290 1984 2327 2037 Β
2356 1996 2514 2064 357
2546 1996 2843 2063 publicatas
2890 1997 3126 2065 sparsit:
3159 1984 3352 2064 quibus
3404 1999 3454 2051 in
3485 1999 3677 2053 litteris
3717 2002 3903 2069 linga-

710 2072 1036 2141 evplorando
1100 2076 1581 2145 consumpsissem,
1643 2080 1951 2148 oppugnare
1993 2082 2255 2136 mai-binis

712 2167 922 2222 bellicis
958 2168 1016 2221 S.
1078 2167 1286 2223 Elmum
1346 2171 1448 2238 (sit:
1496 2170 1792 2224 llrt‘tnctetn
1844 2173 2002 2240 vulgo
2038 2176 2253 2240 vocant)

709 2260 987 2314 castellum
1013 2262 1062 2314 in
1097 2262 1212 2328 ipso
1241 2272 1422 2327 portus
1448 2263 1591 2315 ostio
1623 2263 1786 2316 situm
1839 2278 2069 2339 coepere.
2102 2264 2252 2329 Quod

710 2369 832 2405 etim
870 2352 1118 2420 pluribus
1157 2355 1346 2409 diebus
1399 2353 1575 2409 facere
1603 2371 1706 2408 non
1764 2356 2089 2420 desinerent,
2117 2358 2254 2427 jam-

713 2462 817 2513 que
866 2461 1053 2516 magna
1131 2451 1386 2501 moenium
1442 2464 1564 2516 pars
1625 2458 2011 2503 tormentorum
2082 2450 2252 2516 globis

711 2538 913 2605 dejecta
968 2539 1046 2593 sic
1114 2541 1425 2602 corruisset,
1493 2552 1551 2594 ut
1610 2540 1663 2593 in
1689 2556 1865 2595 arcem
1917 2540 2057 2595 latus
2111 2541 2249 2594 busti

712 2639 917 2699 pateret
980 2631 1156 2685 aditus
1183 2646 1198 2685 :
1230 2632 1437 2701 equites
1471 2631 1796 2695 Melitenses,
1836 2646 2091 2699 perquam
2117 2641 2251 2685 stre-

714 2738 817 2778 nuc
840 2740 897 2779 se
929 2725 1166 2791 gerendo
1189 2724 1259 2778 55
1306 2724 1496 2777 diebus
1551 2723 2026 2793 oppugnationem.
2060 2738 2248 2790 magna

711 2832 833 2873 cum
889 2818 1126 2872 hostium
1174 2816 1343 2878 clade,
1401 2818 1797 2879 sustinuerunt,
1853 2816 2014 2883 idque
2061 2826 2250 2884 praeter

712 2909 1017 2978 opinionem
1075 2907 1384 2970 multorum,
1446 2907 1536 2973 qui
1585 2906 1862 2959 castellum
1922 2914 2107 2959 contra
2144 2905 2246 2957 vim

715 2997 962 3052 hostilem
1026 3010 1359 3063 nequaquam
1402 3008 1559 3062 posse
1614 2992 1941 3060 propugnari
1979 3001 2245 3060 putarant.

712 3088 947 3143 Tandem
983 3103 1104 3144 cum
1131 3087 1337 3155 equites
1371 3100 1468 3139 nec
1500 3085 1732 3138 hostium
1760 3084 1977 3151 impetui
2007 3082 2248 3144 ferendo,

717 3200 816 3237 ιιμα
860 3196 1086 3234 numero
1117 3195 1171 3233 se
1202 3193 1354 3246 pares
1377 3175 1638 3236 viderent,
1666 3184 1718 3226 et
1752 3189 1848 3227 arx
1873 3172 2108 3240 undique
2141 3182 2245 3226 tam

712 3284 876 3335 terra,
908 3285 1067 3339 quam
1096 3267 1276 3319 maria
1308 3264 1557 3318 Barbaris
1582 3263 1756 3317 cincta
1786 3262 1987 3315 nullum
2019 3260 2248 3331 amplius

713 3366 958 3419 alicunde
1021 3357 1319 3414 subsidium
1390 3364 1700 3421 exspectare
1762 3362 2002 3420 posset:
2063 3352 2244 3406 occiso

709 3453 1161 3514 Christianorum,
1222 3447 1312 3516 qui
1369 3452 1701 3514 supererant,
1766 3444 1944 3511 aliquo
2004 3456 2247 3507 numero,

714 3548 1008 3600 ‘l'nrcorutn
1052 3544 1102 3597 in
1152 3547 1464 3611 potestatem
1517 3537 1682 3590 venit.
1731 3534 1846 3599 Qua
1897 3536 2077 3589 hostes
2123 3534 2246 3588 elati

712 3640 961 3701 victoria,
987 3636 1234 3699 deinceps
1269 3631 1543 3684 tormentis
1566 3638 1788 3697 quatere
1816 3626 1994 3680 Sancti
2017 3624 2249 3679 Michae—

711 3733 779 3785 lis
803 3728 1141 3779 nmnitionem
1183 3725 1424 3776 iusamnn
1458 3721 1508 3772 in
1547 3719 1762 3772 modum
1791 3732 2019 3787 coepere,
2067 3716 2251 3784 globos

716 3826 917 3874 ferri-os
942 3827 989 3871 et
1026 3815 1282 3883 lapideos
1330 3811 1565 3879 quinque
1629 3817 1900 3875 septemve
1954 3807 2247 3872 palmorum

713 3908 1054 3980 ejaeulando.
1084 3905 1184 3959 Sed
1214 3903 1351 3973 quod
1387 3908 1527 3955 totus
1557 3909 1786 3963 quatuor
1821 3898 1921 3949 hoc
1944 3896 2079 3949 bello
2106 3910 2251 3948 men-

718 3999 1269 4066 sesabsinnpsisscut,
1298 4004 1350 4049 et
1382 3992 1555 4046 hiems
1578 3992 1687 4059 jant
1718 3998 2009 4059 appeteret,
2042 3988 2109 4041 de
2139 3989 2250 4041 dis-

717 4109 870 4147 cessu
899 4092 1137 4157 regitare
1172 4093 1472 4154 coeperunt,
1495 4094 1547 4136 et
1577 4098 1640 4135 eo
1670 4081 1885 4150 quidem
1930 4079 2118 4145 majori
2178 4081 2251 4131 fc-

719 4184 1024 4247 sliuationo,
1088 4181 1228 4247 quod
1290 4177 1400 4245 jam
1464 4175 1683 4228 Garzias
1730 4172 2022 4226 Toletanus
2058 4170 2253 4225 Siciliiu

720 4293 935 4347 prorex,
992 4270 1270 4327 inSIructis
1300 4267 1610 4322 triremibus
1669 4263 1973 4331 Hispanicis
1999 4302 2014 4327 ,
2057 4260 2253 4326 quibus

721 4366 913 4429 £0,000
938 4363 1172 4433 peditum
1198 4356 1545 4417 vehebantur,
1572 4368 1693 4409 cum
1718 4352 1897 4405 multis
1925 4351 2044 4406 aliis
2075 4350 2259 4405 Chris-

720 4459 899 4519 tianis,
936 4457 999 4508 ad
1028 4451 1421 4519 suscipiendam
1451 4449 1588 4502 lianc
1619 4445 2011 4514 expeditionem
2043 4445 2255 4515 religio-

718 4565 789 4602 sa:
824 4546 1037 4614 pietatis
1062 4544 1175 4595 telo
1226 4541 1527 4600 commotis,
1555 4538 1845 4591 auxiliares
1877 4536 2041 4590 hasce
2070 4538 2254 4605 copias

721 4640 773 4690 in
826 4634 1054 4689 insulam
1113 4627 1469 4695 exposuisset.
1536 4626 1651 4690 Quo
1692 4626 1911 4687 factum,
1973 4634 2031 4678 ut
2092 4624 2252 4679 Turci

721 4730 939 4787 findant,
971 4739 1078 4791 pra:
1111 4718 1417 4781 formidine,
1458 4716 1635 4787 fugam
1667 4716 2003 4784 arriperent:
2039 4724 2090 4769 et
2120 4716 2259 4767 tntil-

722 4819 792 4885 tis
833 4830 1046 4868 suorum
1097 4810 1329 4865 millibus
1388 4806 1724 4870 desideratis,
1766 4803 2122 4873 ignominiose
2168 4804 2259 4856 do-

728 4920 871 4957 mum
916 4904 1166 4958 redirent.
1199 4901 1417 4972 Pigebat
1444 4915 1506 4954 ac
1536 4900 1763 4968 pii-lebat
1812 4896 2116 4966 suscepisse
2147 4910 2256 4950 rem

727 5010 833 5050 tam
873 4996 1119 5055 arduam,
1177 4995 1228 5046 in
1289 4992 1443 5061 cujus
1498 4989 1830 5058 perﬁcienda:
1874 4996 2068 5043 conatu
2120 5002 2258 5041 vano

724 5086 919 5150 23,000
976 5099 1191 5137 suorum
1227 5082 1552 5134 amisissent.
1611 5078 1683 5131 Ex
1742 5078 2103 5132 Melite-usibus
2153 5078 2260 5131 250

725 5181 954 5244 i-quites,
992 5176 1219 5228 militum
1254 5170 1437 5236 3,000,
1460 5170 1599 5224 bello
1639 5171 1841 5223 inutilis
1872 5170 2040 5223 turbae
2086 5170 2257 5237 capita

727 5270 859 5321 Ποῦ
882 5283 1040 5321 caesa.
1078 5266 1274 5317 Bellum
1301 5272 1505 5331 gestum
1538 5261 1634 5313 luit
1687 5275 1827 5314 anno
1887 5259 2261 5313 Mahumetano

725 5360 818 5411 tm
860 5360 1006 5426 (om.
1052 5356 1227 5424 1585).

798 5450 1133 5516 lnauspicato
1172 5458 1372 5501 tentata
1398 5445 1601 5500 Melites
1628 5443 1974 5512 expugnatio,
1994 5442 2261 5511 Quotidia-

728 5544 888 5611 mque
919 5537 1260 5593 Maximiliani
1283 5534 1821 5601 CmsarisErdeliano
1847 5533 1985 5587 bello
2018 5549 2262 5603 progres-

726 5648 841 5695 sus,
889 5646 1022 5700 pene
1074 5628 1269 5681 sultani
1325 5624 1647 5680 Soleimanis
1680 5627 1917 5679 animum
1962 5625 2027 5677 ad
2058 5625 2259 5678 rabiem

727 5723 1045 5792 adegerunt.
1076 5718 1319 5786 Cumque
1344 5729 1447 5768 non
1480 5726 1717 5769 cessaret
1745 5716 1811 5779 is,
1835 5728 1994 5784 quem
2031 5713 2265 5769 diximus

731 5811 927 5864 Erdelii
964 5811 1146 5880 begus,
1186 5823 1305 5863 eum
1339 5806 1627 5875 perpetuis,
1660 5806 1722 5856 ad
1756 5804 2105 5857 invadendam
2159 5803 2267 5856 L'n-

734 5900 956 5971 gariam,
988 5901 1213 5956 stimulis
1238 5902 1471 5955 excitare
1506 5912 1518 5950 :
1557 5896 1789 5951 decrevit
1812 5894 2039 5966 denique
2066 5894 2261 5949 bellum

2359 2087 2452 2139 rue
2477 2101 2534 2139 se
2567 2101 2740 2155 regem
2774 2087 2999 2140 electqu
3028 2102 3247 2150 vocans.
3278 2089 3452 2142 aiebat
3481 2090 3681 2145 sultani
3726 2092 3900 2147 Solei-

2358 2178 2547 2242 mauis,
2579 2177 2985 2233 clementissimi
3036 2180 3243 2247 patroni
3280 2180 3385 2243 sui,
3416 2180 3553 2235 hanc
3582 2198 3701 2237 esse
3750 2200 3907 2237 men-

2356 2279 2483 2334 tem,
2515 2281 2571 2323 ut
2600 2286 2791 2325 omnes
2827 2273 2973 2339 regni
3035 2272 3254 2328 ordines
3311 2274 3481 2343 ipsius
3529 2275 3799 2332 Erdeliani
3846 2294 3905 2332 se

2353 2360 2685 2429 snlijicerent
2717 2361 2965 2430 imperio,
2999 2361 3043 2415 si
3077 2362 3210 2415 salvi
3238 2378 3357 2417 esse
3409 2363 3624 2418 vellent.
3655 2365 3784 2420 Eam
3834 2368 3904 2423 ob

2352 2466 2463 2503 rem
2513 2451 2776 2505 indixisse
2824 2466 2883 2505 se
2912 2461 3237 2506 conventum
3269 2453 3335 2507 ad
3370 2452 3649 2508 Thordam
3700 2454 3903 2511 Erdelii

2355 2541 2834 2611 (Torrenbnrgum
2917 2542 3168 2596 Germani
3223 2544 3753 2601 Transsilvauienses
3809 2564 3905 2599 vo-

2355 2630 2515 2697 cant)
2568 2631 2954 2684 celebrandum
3020 2632 3265 2699 proximo
3328 2634 3528 2689 mensis
3582 2634 3755 2689 Martii
3814 2638 3906 2690 die

2354 2721 2559 2774 derimo
2589 2740 2600 2773 :
2635 2736 2754 2788 quae
2786 2722 2997 2787 quidem
3024 2722 3088 2776 ad
3117 2722 3335 2775 comitia
3363 2734 3587 2778 cunctos
3619 2725 3900 2787 invitabat,

2353 2812 2428 2864 uti
2489 2811 2555 2864 de
2584 2816 2949 2865 conservanda
3017 2815 3187 2879 patria
3246 2815 3623 2869 communibus
3656 2817 3798 2869 votis
3850 2817 3902 2869 in

2351 2904 2581 2955 medium
2620 2904 2989 2958 consulerent.
3042 2903 3132 2957 ll;e
3179 2904 3387 2967 littera.
3456 2921 3523 2961 ne
3566 2905 3738 2959 fucata
3772 2892 3907 2959 boni

2351 2992 2550 3061 publici
2582 2995 2781 3062 specie,
2817 2995 2995 3047 minus
3029 2994 3537 3064 circumspcctorum
3567 2996 3748 3049 oculos
3780 3012 3904 3059 per-

2351 3083 2676 3150 stringerent
2705 3099 2719 3135 :
2753 3098 2780 3135 a
2812 3082 3048 3135 Sueudio
3080 3092 3288 3136 mature
3337 3083 3631 3153 solideque,
3696 3084 3899 3150 scripto

2353 3171 2625 3223 contrario
2662 3170 2726 3222 ad
2773 3165 2985 3224 eesdem
3022 3172 3262 3236 ordines,
3314 3173 3400 3227 die
3451 3171 3625 3226 Martii
3682 3183 3898 3241 quarto,

2353 3260 2493 3328 apud
2533 3254 2848 3328 linguarum
2883 3259 3171 3328 publicato,
3206 3261 3452 3315 refutatu:
3485 3263 3741 3315 (tierunt:
3788 3277 3900 3331 quo

2357 3349 2557 3415 scripto
2581 3349 2892 3403 manifestas
2924 3350 3187 3405 Erdeliani
3224 3350 3439 3407 fraudes
3462 3353 3745 3420 relegebat.
3774 3355 3899 3423 qui-

2357 3441 2459 3495 bus
2484 3440 2668 3496 lideles
2695 3440 3041 3495 Maximiliani
3062 3446 3284 3511 Augusti
3308 3444 3550 3500 subditos
3578 3448 3901 3514 perturbare

2354 3543 2665 3599 conaretur,
2696 3534 2849 3602 quasi
2873 3535 3078 3589 scilicet
3102 3534 3433 3591 Soleimanes
3454 3536 3520 3591 de
3542 3538 3711 3591 salute
3746 3552 3896 3606 regni

2356 3624 2605 3693 Ungarize
2625 3624 2884 3678 sollicitus
2913 3633 3054 3679 esset
3087 3641 3100 3678 :
3133 3640 3255 3679 cum
3309 3626 3423 3681 suis
3455 3627 3545 3681 ille
3580 3642 3700 3681 cum
3727 3628 3899 3696 majo-

2358 3713 2504 3767 ribus
2539 3729 2566 3765 a
2590 3714 2837 3767 ducentis
2860 3714 3022 3768 annis
3057 3715 3159 3768 hoc
3192 3730 3357 3768 unum
3388 3715 3661 3783 spectarit,
3699 3724 3757 3769 ut
3797 3731 3899 3768 no-

2358 3802 2479 3856 bilis
2508 3804 2654 3872 rrgni
2684 3802 3049 3866 fundamenta,
3080 3804 3159 3861 vel
3184 3804 3233 3858 vi
3262 3814 3315 3860 et
3336 3805 3521 3869 armis,
3549 3806 3629 3861 vel
3650 3806 3899 3861 discidiis

2356 3893 2627 3956 civilibus,
2649 3901 2700 3947 et
2723 3894 3211 3949 machinationibus
3241 3882 3516 3950 insidiosis
3540 3898 3899 3951 subverteret.

2356 3983 2617 4039 Cavereut
2669 3983 2769 4037 sibi
2796 3982 2862 4037 ab
2917 3982 3183 4051 ejusmodi
3234 3994 3339 4037 tam
3399 3983 3687 4049 Erdeliani,
3734 4004 3900 4057 quam

2360 4074 2682 4128 Soleimanis
2722 4075 3055 4145 imposturis,
3117 4091 3216 4129 nec
3263 4090 3386 4131 cum
3437 4075 3722 4133 Erdeliano
3752 4092 3904 4133 com-

2359 4181 2521 4220 mune
2570 4167 2860 4237 quidquam
2919 4166 3196 4228 habereut.
3261 4182 3360 4222 nec
3424 4168 3491 4222 ad
3541 4167 3906 4230 fraudulenta.

2362 4258 2651 4324 patriisque
2707 4258 2946 4311 nocitura
2999 4258 3215 4311 comitia
3248 4273 3576 4328 quemquam
3615 4260 3716 4315 sub
3746 4274 3907 4331 poma

2362 4348 2747 4415 perduellionis
2770 4348 3099 4417 ablegarent.
3442 4378 3448 4383 -
3532 4421 3536 4425 1

2430 4438 2626 4493 Eodem
2665 4454 2824 4502 anno,
2875 4453 3000 4492 vere
3046 4438 3284 4504 ineunte,
3336 4440 3497 4495 Pialis
3531 4440 3682 4496 bassa
3733 4445 3905 4512 prius,

2361 4546 2519 4601 quant
2574 4531 3117 4599 Constantinopolim,
3167 4533 3329 4586 rebus
3375 4535 3441 4587 ad
3478 4532 3691 4587 Meliten
3725 4532 3910 4587 infeli-

2362 4627 2493 4677 citer
2532 4625 2721 4689 gestis,
2771 4637 2893 4675 cunt
2944 4622 3116 4676 classe
3168 4623 3399 4689 rediret;
3453 4639 3521 4677 ne
3552 4624 3681 4677 nihil
3727 4626 3909 4692 egisse

2364 4715 2463 4767 hac
2491 4714 2827 4780 expeditione
2873 4712 3161 4777 videretur,
3195 4713 3388 4767 Chium
3418 4713 3589 4783 Egari
3624 4714 3791 4777 maris
3825 4714 3909 4766 in-

2362 4805 2558 4865 sulam,
2591 4821 2619 4855 a
2653 4802 2975 4861 Christianis
3020 4803 3214 4871 partim
3272 4803 3439 4869 Italis,
3476 4804 3669 4872 partim
3705 4803 3912 4858 Graecis

2363 4895 2734 4956 iuliabitatam,
2776 4896 2877 4947 sub
2927 4897 3112 4964 jugum
3164 4894 3378 4948 mittere
3424 4896 3635 4949 statuit.
3686 4893 3760 4947 Ea
3806 4893 3907 4949 Ge-

2364 4987 2641 5042 nnensium
2692 4988 2743 5040 in
2778 4997 3039 5055 potestate
3086 4986 3194 5053 jam
3225 4988 3363 5040 ultra
3398 4989 3505 5040 duo
3558 4987 3754 5041 secula
3787 4986 3906 5040 fue-

2362 5086 2465 5135 rat,
2511 5078 2635 5130 inde
2686 5093 2854 5146 usque
2901 5092 2928 5131 a
2972 5076 3280 5131 Graecorum
3342 5077 3727 5144 imperatorum
3778 5089 3908 5130 tem-

2363 5167 2585 5236 poribus
2644 5167 2834 5221 libera.
2899 5167 3002 5220 Sed
3055 5167 3329 5220 crescente
3391 5166 3601 5220 tandem
3664 5155 3909 5236 potentia

2365 5257 2606 5320 Turcica,
2639 5275 2703 5312 ne
2755 5274 2982 5326 prorsus.
3032 5259 3093 5316 .in
3148 5258 3459 5312 servitutem
3511 5258 3910 5329 redigerentur,

2364 5357 2552 5417 sponte
2584 5366 2680 5407 sua
2711 5352 2972 5403 tributum
3014 5349 3340 5406 obtulerant.
3394 5348 3522 5419 Ejus
3575 5350 3763 5404 tributi
3808 5364 3910 5402 uo-

2365 5440 2509 5494 mine
2542 5444 2833 5511 quotannis
2884 5440 3055 5496 l0000
3096 5455 3374 5494 nummum
3423 5455 3735 5505 aureorum,
3776 5453 3912 5508 quos

2368 5526 2836 5596 ducatoslvocant,
2871 5532 3250 5596 solvebantur;
3308 5546 3371 5585 ac
3418 5543 3675 5600 praeterea
3726 5532 3907 5584 distri-

2367 5619 2665 5675 buebantur
2708 5622 2759 5675 in
2800 5622 2988 5677 bassas
3042 5622 3245 5678 vezires
3268 5623 3333 5677 ad
3364 5622 3471 5676 duo
3506 5622 3688 5676 millia.
3724 5624 3915 5674 (ἶειιιιπ

2367 5720 2582 5780 prepter
2608 5728 2739 5781 quas
2778 5729 2894 5769 eam
2935 5712 3118 5772 Pialis,
3154 5713 3349 5768 abolita
3382 5713 3623 5767 libertate
3658 5714 3918 5781 pristina,

2367 5803 2752 5872 subjugaudam
2791 5804 3040 5866 ducebat,
3086 5805 3167 5858 ba
3210 5804 3659 5873 pra'tesebantnr.
3707 5803 3919 5865 Prima,

2367 5893 2508 5962 quod
2571 5896 2863 5966 exploratis
2892 5892 3189 5950 Turcorum
3238 5894 3502 5952 consiliis.
3558 5911 3696 5949 anno
3753 5910 3921 5955 ευυθ·
