4032 6344
193 433 306 496 661

1280 435 1619 496 Slil’l’LEM
1637 480 1649 493 .
1695 435 1963 499 ANNAL.
2006 436 2310 497 TURCIC.

3276 431 3381 493 ιω

193 555 347 603 riore
379 548 747 604 Melitcnsibus
797 548 1159 612 nuntiassent,
1206 564 1323 615 quae
1370 548 1421 601 in
1454 562 1548 603 eus
1571 546 1729 600 Turci
1767 549 1812 608 Α
1839 564 1957 613 quae
1988 547 2202 615 quidem
2229 546 2403 616 praeda
2436 561 2556 603 mox
2589 546 2932 603 obsessorum
2956 548 3239 605 commodo
3258 562 3380 601 ces-

193 641 536 694 molirentnr.
572 639 795 703 Deinde,
832 638 975 708 quod
1011 628 1213 694 biennii
1245 639 1501 692 tributum
1536 636 1747 691 sultano

194 730 495 783 Soleimani
522 728 799 785 deberem.
849 728 903 782 l.l
962 730 1191 783 avaritia
1224 730 1407 797 legati.
1438 727 1749 781 Constanti-

140 880 143 881 ν
191 819 385 885 nopoli
422 833 507 873 res
535 818 772 888 ipsorum
805 819 945 888 apud
997 818 1212 873 Portam
1261 820 1496 889 gerentis
1536 819 1748 871 accide-

197 918 318 971 rat;
361 908 449 977 qui
482 910 642 963 etiam
666 909 912 963 donanda
956 908 1268 963 Mecbemeti
1307 910 1479 963 bassa!
1507 908 1672 961 veziri
1697 918 1750 961 el.

191 997 325 1051 aliis
355 1013 598 1061 munera,
627 1014 759 1054 suos
784 1000 837 1053 in
868 1015 998 1053 usus
1036 1007 1281 1053 verterat.
1320 996 1581 1053 Prwlerea
1614 1014 1748 1052 con-

193 1086 475 1142 ferebatur
519 1090 571 1143 in
624 1104 717 1144 eos
746 1089 902 1159 culpa
942 1101 1270 1159 receptarum
1315 1090 1746 1145 Christianorum

194 1179 628 1249 mancipiorum,
676 1196 795 1251 qua:
853 1181 1094 1251 quotidie
1150 1181 1623 1249 Constantinopoli
1684 1182 1747 1233 ad

196 1272 351 1338 ipsos
388 1270 751 1341 profugerent,
797 1287 936 1341 eque
974 1270 1110 1328 Chio
1142 1271 1358 1326 domum
1401 1273 1464 1325 ad
1496 1288 1625 1325 suos
1664 1288 1750 1326 re-

194 1362 562 1415 mitterentur.
594 1360 660 1414 Et
719 1361 878 1431 paulo
939 1372 1065 1416 ante
1125 1361 1398 1417 ferebatur
1454 1362 1750 1419 Mecheme-

195 1451 270 1502 tis
352 1450 525 1504 bass:e
607 1451 802 1505 veziris
863 1451 1044 1505 nobile
1079 1452 1361 1520 quoddam
1423 1453 1747 1521 mancipium

197 1554 267 1592 eo
299 1554 360 1593 se
391 1539 700 1604 contulisse,
749 1524 902 1605 cujus
942 1542 1056 1609 ipse
1086 1542 1167 1594 vel
1208 1543 1633 1598 restitutionem-
1671 1546 1749 1597 vel

197 1629 437 1695 pretium
494 1630 563 1683 ab
619 1630 698 1686 eis
765 1633 1040 1699 poscebat.
1094 1629 1200 1684 llas
1258 1633 1420 1697 igitur
1458 1634 1527 1687 ob
1560 1652 1751 1690 causas

199 1717 370 1772 l’ialis
398 1734 492 1772 eos
536 1718 917 1787 castigatur-us,
950 1718 1016 1773 ad
1048 1719 1281 1773 insulam
1320 1723 1572 1775 universa
1627 1738 1748 1776 cum

192 1810 378 1864 classe
401 1807 548 1865 feriis
574 1810 938 1879 paschalibus,
971 1825 1108 1879 quas
1135 1811 1568 1864 Christianorum
1604 1828 1751 1866 lthl‘C

193 1903 460 1963 (Iliienses
496 1911 605 1955 tum
656 1900 1017 1963 celebrabant,
1070 1900 1316 1969 appellit;
1350 1900 1741 1967 confestimque
1776 1892 1813 1945 Β

187 1992 350 2059 jubet
396 1996 460 2047 ad
515 2009 571 2047 se
603 1992 907 2061 praetoriam
952 1994 1005 2046 in
1056 1993 1327 2047 triremem
1386 1993 1567 2046 venire
1608 2007 1743 2060 prte-

194 2086 399 2140 feetum
450 2087 636 2140 insulm
698 2100 821 2139 cum
877 2084 1157 2137 duodecim
1198 2083 1326 2136 viris
1361 2083 1742 2151 rempublicam

192 2177 729 2230 administrantibus.
764 2174 991 2237 Interea,
1024 2176 1147 2227 dum
1181 2175 1234 2228 hi
1269 2177 1336 2227 ab
1373 2174 1487 2242 ipso
1519 2175 1570 2226 in
1613 2188 1742 2241 prae-

195 2269 336 2322 toria
370 2269 697 2328 detinentur,
727 2267 982 2336 palatium
1014 2267 1264 2326 civitatis.
1300 2266 1350 2319 in
1381 2280 1489 2335 quo
1524 2276 1743 2319 Senatus

191 2359 389 2415 haberi
418 2358 644 2423 solebat,
702 2360 753 2412 in
806 2368 1118 2427 potestalent
1162 2375 1191 2412 a
1223 2357 1413 2413 Turcis
1472 2373 1591 2411 eum
1620 2372 1744 2411 arce

190 2451 480 2519 redigitur,
515 2451 854 2517 magistratus
882 2451 961 2504 eis
1009 2451 1269 2503 Tureieus
1325 2451 1501 2515 datur,
1549 2450 1742 2518 templa

188 2542 504 2598 Christiana
545 2542 659 2597 solo
699 2550 1001 2609 aquantur.
1070 2541 1297 2595 Unicum
1359 2541 1531 2595 sancti
1566 2540 1744 2593 Domi-

187 2634 304 2688 nici
332 2635 604 2698 relictum,
646 2634 841 2689 ritibus
886 2634 1185 2688 Turcorum
1226 2633 1489 2693 initialur,
1516 2641 1565 2683 nt
1602 2648 1743 2686 otes-

188 2727 313 2779 sitze
364 2725 485 2779 loco
520 2724 708 2778 Turcis
765 2732 927 2780 esset.
961 2723 1134 2793 Ipsius
1197 2723 1453 2791 pra-fecti,
1502 2738 1565 2776 ac
1606 2724 1743 2776 duo-

187 2816 556 2871 decimvirnm
617 2815 856 2879 familiae,
920 2830 1043 2869 cum
1098 2815 1217 2869 aliis
1268 2814 1563 2882 primariis,
1602 2815 1744 2868 Cott-

190 2908 603 2975 stantinopolim
656 2906 969 2966 mittuntur,
1031 2914 1085 2959 et
1135 2905 1259 2957 hinc
1318 2906 1441 2958 inde
1472 2903 1654 2957 varias
1690 2905 1741 2956 in

191 3002 449 3069 regiones
479 2998 855 3067 deportantur;
906 2994 1080 3050 dnnec
1114 2996 1329 3049 tandem
1362 2994 1742 3063 subsequenti-

190 3095 295 3147 bus
324 3091 509 3155 annis,
548 3089 912 3144 intercedente
941 3103 1064 3156 rege
1100 3086 1272 3148 Gallo,
1310 3087 1501 3140 Turcis
1536 3088 1744 3141 confrr-

1849 638 1936 690 sit.
1973 636 2156 690 Soluta
2184 648 2374 705 praeter
2402 652 2547 706 spem
2576 638 2629 691 in
2662 636 2807 693 bunc
2831 637 3048 691 modum
3082 638 3379 703 obsidione,

1848 727 2151 793 praesidium
2183 728 2324 781 arcis
2368 738 2584 783 auctum
2632 727 2753 792 fuit,
2799 734 2851 782 et
2900 728 3182 782 instaurati
3216 729 3378 787 muri,

1848 819 1913 869 ab
1947 818 2099 871 boste
2131 818 2314 872 diruti.

1920 908 2163 964 Liberata
2194 910 2471 965 obsidione
2507 909 2711 975 Palota,
2742 926 2864 966 mox
2910 912 3039 965 ilum
3067 911 3131 964 ad
3157 911 3384 975 eripiens

1847 998 1969 1051 dant
2024 1000 2163 1053 ltosti
2204 1002 2474 1055 civitatem
2526 1000 3000 1069 Vespriniensem;
3048 1002 3212 1072 358
3240 1000 3380 1069 quod

1849 1092 2019 1157 captis
2052 1092 2353 1146 Turcorum
2387 1092 2838 1160 exploratoribus,
2865 1094 3190 1147 intellectum
3220 1102 3379 1155 ﬂeet,

1851 1184 2010 1249 liuius
2058 1183 2157 1235 ioci
2230 1182 2444 1250 begum,
2520 1184 2701 1239 studio
2771 1186 2995 1238 nocendi
3060 1184 3383 1239 Christianis

1846 1287 2143 1342 egressum,
2177 1274 2398 1327 meliore
2438 1274 2671 1342 prmsidii
2715 1284 2861 1340 parte
2914 1273 3245 1342 Vesprinium
3283 1290 3383 1325 nu-

1846 1365 2025 1419 dasse.
2051 1363 2384 1433 Quapropter
2410 1364 2588 1433 Egone
2613 1364 2874 1419 Salutensi
2908 1365 3104 1419 comite
3135 1364 3384 1418 illustris-

1847 1458 1984 1509 simo
2023 1473 2149 1511 suas
2182 1474 2301 1512 eum
2335 1456 2664 1511 llellestaino
2720 1468 2770 1511 et
2818 1456 3038 1510 Nicolao
3074 1456 3382 1510 llatestadiu

1847 1549 2205 1617 conjungente
2261 1550 2465 1616 cepias,
2490 1548 2785 1619 penultimo
2824 1546 2971 1601 Junii
3023 1546 3107 1600 die
3148 1556 3379 1614 emptum

1848 1638 2085 1693 obsideri
2121 1636 2484 1705 Vcsprinium,
2529 1639 2787 1706 postridie
2829 1638 3164 1691 memorabili
3191 1638 3383 1690 celeri-

1851 1739 1958 1784 tate
2036 1730 2137 1782 fuit
2201 1738 2587 1797 expugnatum,
2651 1744 2791 1783 anno
2843 1730 3222 1782 Malmmetauo
3281 1731 3384 1782 873

1851 1821 1999 1886 (Chr.
2039 1820 2216 1885 1566).
2247 1819 2493 1889 Quinque
2518 1819 2779 1873 duntaxat
2822 1820 3085 1885 exceptis,
3114 1819 3288 1873 caeteri
3318 1821 3380 1871 ad

1845 1925 2008 1962 unum
2038 1909 2288 1963 trucidati
2342 1912 2489 1963 fuere
2539 1910 2782 1973 Barbari,
2838 1910 2980 1976 quod
3032 1926 3136 1963 non
3174 1910 3243 1963 ita
3277 1912 3382 1978 pri-

1843 2000 1960 2053 dem
1984 2001 2224 2067 captivos
2248 2016 2438 2068 magno
2465 2014 2688 2053 numero
2709 1999 3047 2053 Christianos
3079 1999 3385 2053 immaniter

1844 2094 2182 2148 occidissent.

1911 2184 1992 2239 Ab
2020 2183 2204 2238 eodem
2242 2182 2420 2252 Egone
2469 2184 2665 2239 comite
2711 2183 2972 2238 Salmensi
3017 2188 3171 2250 capta
3204 2178 3303 2233 fuit
3329 2188 3385 2233 et

1843 2278 1999 2341 Tata,
2060 2292 2242 2330 mense
2290 2277 2450 2340 Julio,
2498 2276 2652 2332 cmsis
2698 2274 3081 2345 praesidiariis;
3148 2273 3382 2339 itemque

1842 2368 2028 2423 Gester
2060 2367 2369 2430 castellum,
2406 2368 2472 2420 ab
2515 2366 2706 2419 incolis
2736 2364 2930 2420 Turcis
2985 2372 3131 2418 metu
3182 2364 3381 2417 adven—

1843 2458 2006 2512 tantis
2034 2457 2247 2511 comitis
2289 2456 2589 2519 desertum;
2623 2470 2760 2523 quos
2807 2454 2997 2509 imitati
3047 2452 3385 2507 Vetbaimcn-

1845 2563 1952 2611 ses,
2005 2545 2305 2601 lscochiani
2364 2554 2418 2599 et
2481 2544 2709 2598 aliorum
2776 2543 3118 2598 castellorum
3173 2540 3383 2603 ἰιιειιιειι,

1843 2640 2054 2694 ﬂamma
2078 2638 2317 2693 castellis
2352 2639 2468 2691 suis
2502 2635 2721 2704 injecta,
2768 2633 3104 2703 Strigonium
3148 2648 3207 2686 se
3236 2646 3383 2685 recc-

1843 2740 2065 2800 perunt;
2124 2731 2265 2798 quod
2310 2719 2660 2791 ob‘sessurus,
2724 2726 2962 2780 victoria
2999 2722 3383 2795 prosequendm

1842 2835 2025 2883 causa,
2060 2836 2183 2875 mox
2214 2829 2331 2875 erat
2366 2819 2669 2874 Salmensis
2706 2831 2911 2879 comes,
2941 2815 3045 2870 nisi
3072 2816 3138 2870 de
3167 2814 3387 2885 quibus»

1842 2911 1964 2963 dam
2018 2911 2197 2967 causis
2237 2910 2380 2965 aliud
2435 2909 2747 2979 imperatori
2798 2906 3160 2962 Maximiliano
3212 2907 3381 2959 visum

1844 3004 1866 3056 l‘
1867 3003 2056 3057 uisset.

1914 3097 2152 3165 Augusto
2189 3112 2368 3150 mense
2408 3096 2697 3155 Suendius.
2729 3096 2817 3164 qui
2852 3103 2998 3148 certo
3029 3092 3256 3146 consilio
3287 3107 3378 3143 sn-

187 3186 405 3243 derato,
446 3182 628 3251 patriar
653 3181 885 3236 restituti
919 3178 1156 3242 fuerunt,
1183 3188 1237 3233 et
1272 3181 1461 3235 umbra
1495 3183 1737 3248 quaedam
1764 3214 1809 3275 ο
1844 3189 2052 3257 periore
2087 3186 2139 3239 in
2179 3186 2431 3257 Ungaria,
2472 3195 2524 3242 et
2578 3200 2709 3255 agro
2739 3184 3058 3251 Cepisiensi,
3094 3182 3220 3236 dum
3270 3180 3378 3234 Ma.

185 3272 688 3328 adntiuiSIrationis
739 3271 1176 3339 judiciorumque
1239 3272 1589 3338 pristinorum
1644 3273 1740 3324 mi-

185 3366 333 3419 seris
367 3363 692 3418 Cbiensibus
720 3376 1001 3425 concessa,
1058 3363 1437 3428 provocatione
1482 3363 1740 3416 duntaxat

186 3458 256 3510 ad
318 3455 557 3523 iudicem
616 3451 906 3507 Turcicum
962 3454 1219 3516 remissa;
1280 3454 1419 3522 quod
1477 3471 1541 3507 eo
1604 3454 1739 3508 facis

186 3551 294 3603 lius
361 3548 740 3614 impetratum,
821 3559 888 3599 ne
968 3543 1295 3598 Christianis
1361 3545 1549 3599 incol‘s
1637 3546 1741 3597 alio

187 3636 698 3706 eommigrantibus,
737 3635 913 3688 insula
960 3634 1171 3689 deserta
1212 3634 1343 3688 nulli
1378 3634 1569 3689 Turcis
1601 3647 1743 3689 esset

259 3820 344 3873 Ad
392 3834 476 3873 res
527 3820 579 3872 iu
632 3817 861 3889 Ungaria
907 3830 1081 3890 gestas
1129 3831 1185 3875 ut
1230 3821 1530 3884 redeamus,
1588 3821 1740 3873 bassa

188 3909 481 3970 Bttulensis,
524 3917 581 3961 ut
611 3906 837 3975 imperio
884 3910 1087 3962 sultani
1143 3911 1468 3964 Soleitnanis
1510 3918 1739 3977 pareret.

189 3999 353 4052 initio
383 4000 586 4052 mensis
616 3995 760 4065 Junii
819 3998 1060 4053 Palotatn
1120 3999 1351 4051 militum
1388 4012 1584 4051 corona
1638 3996 1743 4050 cir-

185 4089 453 4143 eumdare
480 4089 661 4155 cmpit.
688 4087 816 4142 Eam
840 4099 1061 4143 strenue
1090 4104 1209 4141 cum
1238 4088 1349 4142 suis
1376 4089 1745 4156 propugnabat

188 4181 464 4249 Georgius
524 4179 721 4234 Thuris
779 4178 1044 4252 Urgarus.
1125 4181 1203 4232 vir
1269 4179 1644 4246 magnanimus
1691 4190 1745 4232 et

191 4272 382 4326 multis
413 4273 576 4326 rebus
610 4270 819 4326 fortiter
849 4272 1020 4340 gestis
1064 4270 1274 4328 clarus.
1298 4270 1436 4325 Toto
1460 4271 1570 4340 jam
1603 4270 1740 4324 octi-

189 4365 299 4415 duo
325 4376 513 4415 muros
570 4363 727 4416 bassa
784 4371 1177 4416 tormentorum
1224 4362 1501 4417 continuis
1549 4360 1743 4414 ictibus

193 4457 263 4507 ita
288 4452 663 4515 labelactarat,
696 4454 760 4506 ad
786 4462 980 4507 terram
1017 4464 1077 4507 ut
1126 4452 1377 4521 prostrati
1406 4452 1742 4505 collaberen-

1841 3279 2152 3333 ximilianus
2204 3281 2482 3345 Augustus
2532 3279 2729 3347 insigni
2765 3288 2818 3332 et
2856 3275 3231 3344 copiosissimo
3258 3286 3376 3325 cum

1841 3369 2081 3423 exercitu
2113 3372 2307 3424 castris
2342 3369 2406 3422 ad
2455 3368 2734 3423 Jaurinum
2792 3367 3001 3436 positis,
3044 3379 3233 3418 omnes
3279 3362 3380 3416 So-

1841 3462 2087 3515 leimanis
2146 3472 2325 3515 motus
2375 3472 2427 3515 et
2476 3471 2785 3528 progressus
2840 3458 3172 3516 observaret,
3205 3454 3399 3515 subsi-,

1841 3560 1982 3605 stcre
2013 3565 2113 3605 suo
2159 3566 2280 3603 cuto
2322 3551 2488 3603 milite
2526 3552 2711 3619 jussus
2758 3549 2953 3613 luerat,
2978 3564 3097 3601 cum
3132 3546 3322 3601 excitis
3351 3562 3377 3598 a

1841 3641 2165 3705 Soleimane,
2224 3648 2410 3704 rogatu
2458 3639 2749 3705 l-Irdeliani,
2806 3640 3017 3695 Tataris
3056 3654 3159 3692 non
3192 3653 3377 3706 parum

1841 3729 1980 3796 quod
2020 3738 2200 3797 ageret
2243 3729 2450 3781 habuit.
2488 3728 2696 3796 Quippe
2731 3744 2852 3782 cum
2883 3744 2974 3797 per
3002 3727 3253 3794 Ungarim
3286 3742 3379 3779 sn-

1842 3820 2070 3887 perioris
2096 3835 2252 3885 agros
2294 3822 2373 3873 eis
2413 3830 2465 3873 et
2498 3823 2633 3872 ultra
2668 3819 2940 3871 Tibiscunt
2987 3820 3088 3871 late
3117 3819 3382 3871 discurre-

1843 3919 1979 3972 rent,
2013 3911 2217 3977 praedas
2252 3909 2550 3974 abigerent,
2615 3909 2796 3963 omnia
2852 3908 3077 3961 ﬂammis
3133 3916 3187 3960 ct
3237 3906 3380 3961 ferro

1841 4009 2129 4061 vastarent,
2158 3998 2395 4067 cujusvis
2419 3998 2591 4053 aetatis
2628 4008 2681 4053 et
2711 4013 2870 4053 sexus
2908 3998 3155 4051 homines
3188 3992 3377 4065 partim

1842 4089 2193 4152 trucidarent,
2224 4090 2419 4157 partim
2452 4090 2505 4165 in
2539 4090 2848 4144 servitutem
2892 4100 3168 4157 raperent;
3214 4088 3380 4141 dilato

1843 4178 2110 4233 Suendius
2152 4180 2203 4232 in
2236 4195 2350 4242 eos,
2404 4179 2747 4234 multitudine
2792 4177 3114 4244 superiores,
3160 4178 3223 4229 ad
3282 4179 3382 4230 hoc

1844 4285 2010 4338 usque.
2046 4279 2256 4337 tempus
2288 4270 2489 4336 prmlio,
2517 4286 2624 4339 quo
2655 4270 2970 4338 prmcocium
3004 4267 3079 4319 illi
3107 4266 3377 4321 fructuum

1839 4374 1889 4417 et
1950 4378 2170 4415 uvarum
2232 4361 2481 4428 ingluvie.
2545 4361 2865 4426 semetipsos
2918 4357 3187 4427 perditum
3249 4359 3377 4411 ituri

1845 4462 1997 4509 erant
2034 4452 2245 4504 tandem
2274 4467 2340 4505 ex
2380 4451 2582 4504 morbis
2613 4451 2897 4519 languidos
2930 4457 2985 4504 et
3025 4464 3247 4509 numero
3278 4466 3379 4502 non

193 4558 283 4598 tur
313 4555 366 4599 et
403 4552 824 4612 propugnatores
867 4544 919 4596 in
943 4554 1188 4597 extremo
1215 4542 1530 4596 discrimine
1560 4556 1741 4595 versa-
1772 4544 1814 4601 υ
1847 4557 2034 4613 parum
2062 4541 2370 4596 deminutos
2411 4556 2722 4611 aggressus,
2779 4541 2927 4595 nullo
2985 4556 3147 4609 prope
3174 4540 3382 4608 negotio

192 4646 409 4698 rentur,
443 4648 566 4687 cum
613 4648 759 4696 ecce,
812 4647 911 4685 nec
952 4632 1230 4698 opinatum
1273 4631 1573 4686 subsidium
1607 4630 1741 4685 divi-

194 4729 344 4781 nitus
373 4727 454 4784 eis
490 4724 727 4779 offertur.
765 4722 996 4778 Venerat
1038 4720 1320 4777 Jaurinum
1370 4723 1630 4793 Georgius
1654 4738 1741 4776 co.

195 4831 311 4871 mes
337 4814 721 4876 Helfestainus,
761 4814 1007 4868 adductis
1049 4816 1230 4867 secum
1264 4813 1429 4881 signis
1460 4812 1739 4867 duodecim

196 4922 405 4977 magna:
442 4907 655 4961 virtutis
684 4894 943 4974 peditum.
978 4905 1029 4958 Is
1058 4905 1144 4957 die
1178 4904 1387 4962 decimo
1428 4914 1619 4973 quarto
1647 4902 1744 4958 ιη-

195 4998 268 5052 nii
296 4998 539 5068 plaustra
586 4997 878 5067 nonaginta
919 4995 1231 5065 pabulatum
1263 4993 1461 5054 emisit.
1497 5008 1618 5048 cum
1656 5009 1744 5062 pe-

194 5088 366 5142 ditum
430 5079 825 5154 nongentoritm
878 5084 1129 5153 praesidio
1184 5100 1197 5136 :
1258 5096 1394 5148 quos
1448 5082 1743 5150 conspicati

197 5176 383 5241 Turci,
409 5175 505 5244 qui
539 5174 777 5230 Palotam
813 5174 1152 5237 obsidebant,
1196 5174 1534 5243 maioresque
1564 5171 1746 5239 copias

200 5267 391 5324 adesse
416 5268 541 5331 rati,
572 5281 734 5335 quam
772 5281 962 5334 repse
1011 5266 1217 5329 forent;
1263 5265 1459 5318 missos
1506 5264 1745 5332 suspica-

200 5362 419 5422 bantur,
454 5366 512 5413 ut
552 5357 886 5412 obsidionem
924 5355 1235 5411 Palotanam
1276 5356 1568 5409 solverent.
1604 5354 1745 5409 Con-

202 5450 380 5504 festim
402 5451 563 5503 bassa
588 5447 827 5517 trepidus
858 5447 912 5500 in
946 5446 1124 5515 fugant
1165 5462 1283 5499 cum
1312 5446 1425 5500 suis
1462 5460 1581 5499 sese
1614 5460 1745 5499 cou-

197 5538 386 5604 iicerc,
422 5553 643 5609 przque
687 5538 850 5592 nimia
888 5536 1231 5590 festinatione
1264 5535 1519 5602 tentoria,
1548 5535 1749 5588 maelii-

203 5644 297 5683 uas
329 5630 579 5694 bellicas,
620 5643 869 5699 magnum
916 5642 1166 5681 vasorqu
1209 5644 1512 5689 numerum,
1549 5626 1750 5695 quibus

204 5718 280 5771 vel
312 5716 507 5784 Carina,
559 5720 637 5773 tel
694 5717 1079 5773 tormentarius
1132 5716 1307 5785 puli-is
1359 5717 1746 5780 contineretur,

203 5824 320 5865 cum
350 5809 471 5865 aliis
497 5819 805 5866 castrorum
836 5808 1232 5875 impedimentis
1251 5810 1389 5864 hosti
1422 5809 1746 5877 relinquere,

1843 4634 2024 4687 decem
2052 4631 2406 4685 Barbarorum
2438 4630 2599 4683 millia
2629 4631 2921 4699 superavit,
2950 4631 3158 4693 cecidit,
3188 4630 3383 4683 finibus

1842 4723 2025 4792 ejecit;
2061 4724 2317 4789 begornm
2354 4721 2728 4784 Turcicorum,
2768 4722 2966 4788 quibus
3023 4722 3103 4774 usi
3152 4722 3384 4774 ducibus

1847 4813 2083 4873 fuerant,
2124 4812 2681 4877 altero'interempto,
2733 4812 2902 4865 aitero
2961 4811 3229 4865 letltaliter
3263 4827 3385 4865 sau-

1845 4905 2007 4955 cialo.
2063 4902 2258 4956 Deinde
2293 4902 2504 4971 Georgii
2555 4900 2747 4956 Bebeci
2804 4901 3115 4969 perduellis,
3144 4902 3232 4969 qui
3262 4917 3382 4953 ettm

1850 4990 2141 5044 Erdeliano
2171 4999 2226 5043 et
2255 4986 2446 5045 Turcis
2484 5005 2543 5043 se
2588 4988 2965 5058 coniunxerat,
2997 5004 3148 5043 arces
3181 4989 3385 5054 aliquot

1849 5081 2178 5143 Zabaticam,
2210 5078 2537 5141 Pelsozium,
2584 5077 3032 5144 Gombazzecum,
3055 5078 3385 5132 Crasnalutr-

1850 5188 1986 5233 cam,
2021 5170 2280 5238 Gadigcn,
2319 5173 2533 5241 aliaque
2555 5171 2639 5225 bis
2662 5169 2832 5224 vicina
2864 5180 2974 5222 tum
3003 5168 3237 5231 castella,
3277 5180 3384 5222 tum
3474 5215 3479 5223 .

1852 5262 2174 5316 munitiones
2214 5263 2562 5333 expugnavit.

1923 5350 2038 5405 Duo
2068 5352 2324 5421 deinceps
2354 5355 2557 5406 munita
2592 5354 2901 5406 nostrorum
2944 5350 3058 5403 loca
3090 5349 3387 5403 Turcorum

1852 5444 1903 5497 in
1934 5458 2127 5497 manus
2162 5459 2373 5511 venere,
2405 5444 2560 5499 Giula
2610 5455 2664 5497 et
2717 5442 2988 5511 Zigctum;
3044 5439 3216 5501 Giula,
3269 5455 3389 5507 qua:

1853 5538 2092 5591 secundo
2112 5537 2239 5592 Julii
2270 5539 2471 5590 mensis
2504 5554 2531 5589 a
2567 5519 2790 5591 Pertavo
2834 5535 3007 5588 vezire
3053 5533 3230 5589 bassa.
3268 5532 3389 5596 jun-

1853 5628 1954 5680 ctis
1983 5635 2035 5680 cl
2069 5628 2236 5679 bassa:
2267 5623 2704 5679 Tetnesvarensis
2753 5634 2801 5678 el
2850 5620 3115 5677 Erdeliani
3162 5620 3390 5671 'I'alat'o-

1841 5727 1867 5770 ἰ
1886 5732 2079 5786 umque
2130 5714 2529 5784 copiis,eeepta
2589 5718 2764 5770 fuerat
2810 5714 3077 5777 obsideri;
3133 5711 3389 5763 scelerata

1856 5808 2084 5864 Ludia‘iai
2148 5804 2409 5864 Kercsinii
2484 5805 2717 5874 pra-fecti
2792 5804 3115 5874 proditione,
3173 5799 3391 5868 Georgii
