4032 6344
615 399 719 462 ὖὸἶ

1857 396 2178 455 JOANNIS
2214 357 2670 456 LEUNCLAVII

3721 392 3828 454 664

627 511 1146 599 Βελιο-ἰφειιίιιώῆξ
1173 523 1228 570 et
1259 513 1433 568 alliuis
1475 511 1556 567 sui
1603 510 1878 578 colloquio
1905 509 2172 575 corrupti,
2203 512 2250 572 Α
2274 511 2360 563 die
2391 519 2588 578 quarto
2627 512 2828 566 mensis
2883 509 3234 576 Septembris.
3276 501 3504 575 Agebat,
3533 519 3658 558 cum
3709 519 3828 556 mo-

618 605 742 659 licet
767 604 1005 658 futurum
1055 607 1358 660 nuntiasset
1405 602 1705 666 Suendius,
1745 611 1804 654 ut
1838 601 2008 654 hostis
2039 602 2176 656 intra

622 696 849 751 biduum
879 696 1220 750 obsidionem
1260 698 1520 758 solveret,
1576 693 1772 748 Turcis
1818 691 1996 745 dedita
2057 690 2176 742 fuit.

623 789 752 840 Eam
784 785 975 850 Turci,
1003 795 1196 856 przetcr
1240 787 1507 840 Erdeliani
1569 799 1738 852 spem,
1804 784 1905 847 sibi
1947 783 2178 836 retinue-

621 889 775 944 runt;
808 879 1157 947 hiantemque
1195 893 1440 937 corvum.
1467 886 1527 931 ut
1561 886 1642 932 est
1680 877 1732 929 in
1767 875 1989 937 fabulis,
2027 889 2178 927 more

619 983 724 1023 suo
756 969 1022 1025 delusere.
1062 968 1262 1023 Violata
1289 969 1513 1022 dedititii
1547 968 1650 1022 fide
1679 965 1970 1020 crudeliter
2007 966 2177 1019 inter-

623 1059 814 1127 empti,
853 1061 1038 1126 paucis
1103 1060 1364 1113 beneficio
1409 1060 1584 1113 uer-tis
1629 1069 1680 1112 et
1726 1057 2175 1111 arundinctorum

633 1151 852 1220 elapsis.
873 1150 1122 1208 Nelarius
1158 1152 1398 1220 proditor
1425 1167 1528 1204 non
1565 1152 1733 1204 multo
1764 1148 1882 1218 post
1913 1151 1964 1203 in
1997 1150 2180 1202 vincu-

627 1239 713 1298 lis,
743 1239 885 1306 apud
915 1239 1190 1292 sultanum
1227 1238 1505 1303 Selimem,
1544 1236 1872 1293 Soleimanis
1899 1253 2179 1292 successo-

626 1341 760 1382 rem.
789 1326 859 1380 ob
887 1327 1178 1380 exercitam
1224 1329 1371 1396 prius
1425 1329 1477 1382 in
1525 1330 1768 1397 captivos
1817 1328 2180 1380 Musulmanos

626 1416 880 1468 :zut'iticm
925 1426 1234 1478 accusatus,
1283 1419 1346 1471 de
1400 1419 1669 1472 sententia
1723 1415 1942 1470 Selimis
1983 1418 2181 1470 actori-

627 1506 749 1568 lms,
785 1515 840 1559 ut
873 1523 935 1560 ex
982 1522 1169 1560 corum
1218 1506 1446 1561 arbitrio
1499 1503 1686 1574 punias
1718 1507 1909 1570 lueret,
1954 1507 2182 1560 traditus

630 1599 728 1650 fuit
753 1615 766 1661 ;
796 1599 883 1664 qui
917 1591 1191 1655 hominem
1227 1602 1334 1653 vasi
1382 1600 1552 1653 clavis
1593 1601 1868 1668 perforato
1900 1600 1976 1654 sie
2011 1601 2180 1652 inclu-

629 1698 837 1751 serunt,
896 1698 954 1743 ut
1003 1690 1147 1744 dolio
1203 1690 1270 1744 tle
1321 1700 1503 1743 monte
1542 1706 1636 1758 per
1670 1692 1898 1744 declivia
1933 1691 2179 1759 praecipi-

632 1789 765 1843 tato,
798 1781 973 1836 clavis
1013 1781 1264 1850 oblongis
1295 1790 1349 1836 et
1383 1783 1557 1835 acutis
1593 1781 1835 1835 conlisus
1861 1781 2179 1845 exspiraret.

2283 612 2511 678 reretur,
2533 601 2706 655 a-tatis
2728 615 2930 654 annum
2960 597 3417 668 septuagesimum
3449 604 3683 650 sextum.
3726 594 3832 644 lm-

2281 693 2429 762 perio
2450 691 2658 759 praefuit
2680 691 2837 744 annis
2852 690 3209 759 quadraginta
3229 703 3321 742 sex
3342 696 3498 741 etses
3520 685 3828 738 nteuailuts.

2350 783 2623 851 chpato
2673 781 2881 851 Zigeto,
2933 781 3194 834 Babosam
3249 780 3614 848 oppugnaturi
3662 777 3830 831 anei

2282 875 2544 942 quosdam
2579 889 2609 929 e
2640 873 2755 929 suis
2779 873 3020 936 mittunt,
3048 872 3142 939 qui
3168 885 3348 925 arcem
3387 871 3510 924 dedi
3551 871 3829 940 juberent.

2279 968 2331 1020 ld
2364 982 2492 1020 vero
2517 966 2644 1020 licet
2667 964 2906 1020 facturos
2929 980 2988 1027 se
3014 963 3183 1018 nostri
3238 971 3522 1030 negarent,
3579 961 3722 1029 quod
3753 971 3835 1011 ta-

2279 1073 2400 1121 men
2428 1071 2546 1111 eam
2581 1057 2794 1111 defendi
2821 1072 2926 1110 non
2947 1071 3107 1125 posse
3139 1065 3325 1110 contra
3354 1056 3461 1108 vim
3486 1064 3690 1106 tantam
3727 1053 3832 1104 sei-

2279 1160 2418 1212 rent,
2455 1151 2726 1203 incensam
2749 1149 3004 1202 deserunt
3048 1165 3060 1201 :
3115 1162 3346 1215 quorum
3406 1145 3709 1212 esetnplnm
3739 1142 3837 1195 Sa-

2278 1238 2437 1294 chaui
2469 1246 2521 1290 et
2552 1235 2856 1306 Zorgenses
2907 1243 3033 1290 sunt
3054 1235 3268 1288 imltati.

2353 1328 2552 1382 Eodem
2582 1343 2748 1391 anno,
2789 1328 2876 1381 die
2929 1327 3139 1380 mensis
3183 1324 3424 1393 ejusdem
3458 1321 3713 1375 vicesimo
3738 1332 3842 1375 ter-

2283 1421 2375 1483 ιῖον
2398 1420 2645 1474 sultauus
2671 1418 2901 1474 Selimes
2930 1419 3221 1482 secundus,
3249 1416 3425 1471 astatis
3459 1432 3660 1468 annum
3696 1432 3802 1480 qua
3823 1442 3842 1450 -

2281 1510 2639 1578 drngesimu-n
2676 1510 2970 1564 secundum
2994 1523 3182 1576 agens,
3215 1509 3268 1560 in
3307 1507 3535 1574 imperio
3572 1504 3840 1558 Soleima-

2282 1603 2334 1656 ni
2371 1603 2505 1668 patri
2533 1603 2812 1656 successit.
2849 1600 3057 1669 Quippe
3088 1614 3213 1653 cum
3245 1599 3311 1652 ad
3362 1590 3705 1667 ~Magnesiam
3753 1596 3828 1644 in»

2284 1693 2494 1747 tellecta
2535 1702 2709 1747 morte
2739 1693 2932 1760 patris,
2989 1707 3052 1745 ex
3105 1693 3227 1744 Asia
3287 1705 3498 1743 summa
3556 1689 3845 1741 celerita'c

2283 1783 2610 1842 lscodaram,
2639 1798 2668 1836 e
2704 1785 2919 1850 regione
2938 1780 3437 1849 Constantinopolis
3499 1780 3681 1840 sitam,
3734 1780 3880 1854 hii/'9,

631 1869 754 1924 Fuit
789 1879 843 1924 et
889 1872 1034 1925 filius
1065 1880 1300 1940 paterna:
1342 1872 1611 1940 particeps
1645 1872 2056 1931 exsecrationis,
2087 1870 2177 1936 qui
2217 1840 2255 1893 Β
2282 1866 2368 1925 die
2392 1840 2910 1941 pervenissetzvumx
2945 1888 2974 1925 a
3009 1872 3275 1940 Bostange
3302 1840 3498 1928 bassa.
3522 1840 3848 1922 hortulau’i;

631 1960 846 2024 misere,
873 1961 1038 2017 nullis
1064 1963 1268 2016 relictis
1296 1962 1624 2024 Incredibus,
1662 1961 1802 2014 diem
1832 1977 1987 2013 suum
2026 1960 2179 2021 obiit,

631 2048 885 2114 castellis,
920 2053 1070 2120 pagis
1101 2062 1156 2106 et
1183 2054 1305 2107 aliis
1340 2053 1686 2106 facultatibus
1717 2051 2086 2120 amplissimis,
2116 2051 2180 2104 ad

633 2142 838 2196 alienos
866 2142 1152 2196 devolutis.

697 2231 905 2287 Interea
943 2233 1071 2287 dum
1126 2238 1239 2289 lucc
1290 2235 1516 2291 diversis
1570 2252 1661 2304 per
1715 2236 2006 2306 Ungariam
2048 2237 2181 2290 locis

631 2333 970 2389 gererentur,
1001 2325 1247 2380 sultanus
1302 2327 1414 2395 ipse
1447 2328 1784 2381 Solcimanes
1816 2330 2052 2393 transito
2080 2328 2183 2397 pri-

637 2427 783 2465 mum
827 2411 993 2476 Savo,
1031 2414 1219 2468 deinde
1262 2417 1454 2479 Dravo,
1491 2433 1653 2484 quem
1684 2430 1844 2485 ponte
1870 2419 2051 2486 operis
2091 2421 2187 2471 ad-

636 2505 865 2558 mirandi
913 2516 1306 2571 constraverat,
1367 2524 1486 2562 cum
1546 2509 1782 2563 exercitu
1833 2511 2185 2564 ducentorum

637 2593 887 2659 millium,
920 2596 988 2649 ad
1021 2596 1390 2665 subjugandas
1421 2598 1705 2665 llungaria:
1742 2599 1995 2665 reliquias
2020 2602 2184 2653 venit.

640 2682 891 2739 Occurrit
921 2687 1232 2741 adventanti
1257 2701 1381 2741 cum
1419 2689 1574 2743 donis
1605 2690 1819 2743 eximiis
1848 2688 2186 2753 Erdelianns,

641 2772 841 2827 frustra
896 2789 1113 2842 regnum
1164 2776 1444 2836 ambiens,
1503 2778 1648 2844 quod
1697 2779 1921 2830 avaritie
1964 2778 2190 2830 barbara

641 2864 980 2929 Soleimanes
1006 2867 1255 2936 ipseiam
1293 2884 1408 2937 spe,
1459 2870 1583 2923 licet
1623 2870 1794 2934 irrita,
1831 2880 1999 2924 totum
2034 2870 2194 2923 devo-

643 2965 811 3021 verat,
841 2974 903 3011 ac
931 2958 1139 3012 libidini
1182 2963 1411 3028 propria:
1438 2963 1753 3015 destinarat.

713 3047 810 3100 Die
842 3049 1041 3103 mensis
1066 3049 1291 3117 Augusti
1326 3061 1483 3106 sexto
1531 3051 1770 3120 Zigetum
1805 3051 2058 3106 obsidere
2087 3051 2194 3104 sul-

2283 1981 2402 2018 rmn
2435 1966 2706 2032 praelecto,
2747 1978 2845 2033 pro
2872 1978 3020 2017 more
3054 1964 3261 2017 tniremi
3307 1972 3587 2028 exceptus,
3620 1961 3846 2012 etum:-

2285 2057 2688 2123 stantinOpolim
2718 2065 2867 2109 trans
2887 2056 3221 2123 Bosphorum
3252 2062 3437 2105 vectus
3469 2051 3589 2103 fuit.
3623 2050 3686 2102 Et
3709 2051 3845 2116 ιιιιίιι

2285 2149 2510 2208 Selimes
2543 2164 2796 2216 generum
2818 2162 2998 2211 suum,
3024 2145 3395 2200 lseheuderem
3419 2142 3653 2205 bassam,
3676 2157 3847 2209 quem

2288 2240 2658 2306 prosultanum
2696 2234 3168 2301 Constantinopoli
3201 2232 3488 2287 discedens
3548 2230 3853 2297 reliquerat

2289 2331 2646 2393 Soleimancs,
2676 2331 2742 2384 de
2776 2329 3009 2382 adventu
3053 2342 3150 2379 suo
3181 2326 3470 2381 certiorem
3505 2323 3850 2381 reddiderat,

2289 2436 2409 2473 cum
2445 2419 2732 2483 mandatis,
2767 2418 2964 2486 tttcjus
3000 2429 3163 2484 opera
3226 2414 3515 2480 studioque
3547 2425 3628 2463 res
3660 2411 3723 2464 ad
3762 2411 3856 2462 itt-

2290 2527 2533 2579 gressum
2564 2511 2614 2562 in
2645 2511 2857 2571 urbem,
2878 2520 3233 2575 pompamque
3265 2503 3464 2572 regiam
3512 2505 3856 2570 pertinentes

2291 2603 2409 2656 sine
2442 2616 2589 2653 mora
2627 2609 2951 2667 pararentur
2986 2614 3000 2651 :
3035 2613 3151 2650 mox
3176 2596 3269 2648 illo
3299 2595 3416 2660 ipso
3461 2592 3547 2646 die
3576 2593 3854 2645 deductus

2294 2697 2344 2750 in
2380 2695 2646 2763 sarajum,
2684 2691 2819 2746 solio
2848 2690 3096 2745 consedit
3128 2688 3481 2758 imperatorio
3542 2687 3686 2737 illius
3743 2699 3855 2735 ru-

2293 2787 2477 2849 bicu-li,
2505 2785 2646 2854 quod
2677 2783 2806 2838 solis
2835 2791 2918 2836 est
2948 2781 3178 2835 sultanis
3234 2776 3656 2833 Osmanidarnm
3686 2785 3858 2842 gente

2295 2878 2571 2946 prognatis
2597 2889 2863 2944 occupare
2909 2874 3254 2942 permissum.
3315 2869 3441 2924 Inde
3496 2884 3586 2937 per
3654 2870 3854 2920 urbem

2295 2968 2745 3037 proclamationes
2779 2980 2930 3019 more
2962 2964 3226 3031 majorum
3258 2961 3431 3024 factae,
3476 2961 3676 3028 quibus
3723 2967 3858 3010 vota

2298 3060 2530 3125 primum
2557 3057 3018 3125 concipieb::ntur,
3059 3064 3117 3107 ut
3177 3052 3352 3103 anima
3405 3049 3726 3102 Soleimauis
3795 3049 3855 3099 in

644 3133 804 3191 tanus
828 3139 1012 3205 capit,
1057 3139 1202 3206 quod
1229 3141 1356 3195 licet
1405 3143 1663 3222 acerrime
1693 3149 2123 3208 propugnaretur
2161 3155 2189 3192 a
2218 3160 2258 3213 ο
2294 3148 2544 3217 paradiso
2570 3146 2692 3199 felix
2715 3161 2886 3199 εει-ιιιιι
2921 3153 3118 3211 ageret,
3162 3157 3223 3194 ac
3255 3143 3306 3192 in
3331 3149 3584 3206 perpetua
3655 3140 3836 3206 gloria

649 3224 872 3281 Nicolao
917 3227 1114 3282 comite
1169 3227 1405 3295 Zerinio,
1460 3230 1755 3286 fortissimo
1792 3242 1844 3285 et
1875 3231 2193 3286 immortalis

645 3317 830 3386 gloria
899 3319 1034 3383 viro,
1105 3321 1337 3389 praesidii
1389 3322 1669 3390 prmfccto;
1739 3324 1948 3377 tandem
2015 3333 2190 3376 tamen

649 3415 734 3466 die
774 3415 1003 3481 septimo
1035 3414 1236 3470 mensis
1295 3415 1625 3484 Septembris
1675 3427 2034 3486 expugnatum
2067 3417 2190 3478 fuit,

652 3517 768 3568 ipso
807 3504 1004 3558 comite
1071 3504 1309 3572 Zerinio,
1368 3520 1488 3560 cum
1551 3506 1747 3577 insigni
1781 3507 2038 3560 nobilium
2081 3505 2193 3559 Un-

649 3595 920 3662 garorium
947 3607 1398 3665 strenuorumquc
1461 3598 1688 3651 militum
1728 3613 1953 3652 numero
1978 3638 1994 3663 ,
2029 3599 2107 3652 sic
2164 3612 2193 3649 a

652 3686 898 3740 Barbarie
949 3687 1291 3755 interempto,
1345 3701 1451 3740 nou
1507 3688 1707 3743 inultus
1758 3704 1880 3741 cum
1952 3689 2069 3743 suis
2136 3697 2197 3740 nt

652 3778 973 3833 occubuisse
995 3779 1100 3833 dici
1132 3780 1323 3849 possit.
1363 3779 1571 3849 Quippe
1615 3796 1719 3834 non
1763 3781 1982 3851 triginta
2031 3780 2196 3835 millia

651 3883 876 3922 suorum
897 3870 1160 3924 duntaxat
1187 3871 1368 3925 hostes
1396 3871 1794 3936 desiderarunt,
1827 3887 2011 3931 verum
2035 3873 2193 3924 etiam

653 3958 832 4009 triduo
861 3967 985 4010 ante
1016 3972 1321 4026 supremam
1372 3969 1681 4016 nostrorum
1714 3960 1918 4013 cladem
1947 3961 2196 4015 sultauus

654 4043 1009 4110 Suleimanes,
1037 4045 1262 4100 necdqu
1299 4047 1522 4100 victoria
1559 4048 1625 4101 de
1673 4047 1945 4115 Zigetanis
1973 4049 2172 4115 petitus

654 4136 890 4189 fremens
929 4145 984 4189 et
1027 4136 1283 4192 frendens
1335 4137 1603 4191 infelicem
1633 4139 1908 4192 exhalavit
1936 4140 2171 4191 animam

654 4225 785 4293 Ejus
824 4227 1004 4281 obitus
1057 4230 1314 4297 tantisper
1367 4230 1669 4283 occultatus
1724 4231 1823 4284 fuit
1871 4241 1988 4284 astu
2028 4230 2198 4282 vafer-

655 4317 776 4369 rimi
808 4319 1001 4373 veziris
1037 4323 1208 4374 bassat
1243 4318 1610 4384 Mechetnetis,
1647 4329 1805 4373 Metu
1837 4320 1999 4374 etiam
2030 4319 2199 4372 Sulci-

659 4391 830 4459 m°anis
858 4407 1125 4461 archiatro
1156 4409 1293 4462 clam
1338 4422 1550 4473 necato,
1600 4426 1666 4463 ne
1714 4426 1809 4477 per
1848 4425 1970 4478 eum
2000 4409 2195 4462 sultani

2293 3245 2594 3313 quiesceret
2623 3259 2636 3293 :
2666 3242 2882 3301 deinde,
2913 3236 3108 3291 multos
3147 3245 3204 3290 ut
3232 3249 3403 3288 annos
3450 3233 3652 3287 viveret
3681 3234 3854 3284 sulta-

2294 3350 2396 3388 nus
2427 3333 2654 3386 Selimes
2690 3332 2862 3389 Cban,
2905 3327 3258 3397 prosperique
3285 3333 3459 3380 status
3511 3325 3858 3378 incremento

2294 3426 2547 3477 contimto
2587 3423 2870 3477 frueretur.

2367 3515 2655 3576 Postridie,
2691 3516 2778 3582 qui
2813 3516 2923 3567 dies
2952 3523 3070 3566 erat
3115 3511 3405 3565 vicesimus
3461 3516 3685 3575 quartus
3717 3509 3832 3571 Sep

2297 3603 2543 3663 tembris‘,
2585 3617 2616 3655 e
2656 3604 2834 3667 sarajo
2860 3601 3081 3670 prodiit,
3114 3615 3279 3668 seque
3313 3614 3406 3667 per
3433 3597 3618 3650 urbem
3649 3597 3857 3665 populo

2297 3693 2648 3760 spectandum
2683 3693 2946 3744 exhibuit.
2972 3691 3189 3759 Pcregit
3214 3700 3264 3744 ct
3293 3699 3543 3759 paternas
3561 3687 3853 3755 exsequias

2296 3802 2358 3841 ac
2394 3799 2585 3855 magno
2615 3785 2928 3837 animalium
2969 3798 3194 3836 numero
3232 3796 3391 3845 caeso,
3460 3780 3704 3847 cibisque
3751 3794 3854 3831 co-

2296 3875 2934 3940 ctisitideminnumeris,
2981 3876 3198 3943 epnlmn
3253 3863 3485 3927 funebre
3543 3871 3855 3940 quibusvis,

2296 3985 2419 4025 cum
2463 3968 2693 4038 ingentis
2717 3983 2940 4022 summa:
2986 3979 3267 4034 asprorum
3322 3964 3656 4032 erogatione,
3714 3978 3856 4030 pnn-

2297 4061 2433 4113 buit.
2463 4060 2588 4112 Inde
2622 4057 2850 4112 solemni
2879 4071 3096 4126 pompa,
3132 4054 3477 4120 maximoque
3505 4065 3729 4104 suorum
3757 4065 3856 4118 ap-

2298 4153 2510 4220 plausu,
2538 4150 2590 4202 in
2634 4148 2872 4216 sarajum
2902 4149 3084 4200 rediit.

2334 4252 2336 4255 '
2368 4243 2668 4304 Antequam
2703 4238 2814 4290 haec
2843 4237 3049 4298 fierent,
3078 4250 3168 4302 per
3208 4231 3579 4286 Ischendcrem
3629 4233 3854 4286 bassam

2299 4329 2668 4397 prosultaltum
2719 4327 2930 4382 evocari
2970 4341 3031 4378 ex
3065 4324 3320 4378 oumihus
3365 4324 3495 4377 locis
3549 4323 3858 4392 genizaros.

2300 4425 2535 4481 paterna:
2562 4413 2750 4465 mortis
2781 4413 2956 4465 adhuc
2979 4418 3214 4478 ignaros,
3238 4411 3290 4462 in
3317 4407 3573 4478 oppidum
3595 4422 3702 4462 non
3731 4423 3861 4476 pro—

657 4513 806 4552 mors
838 4510 1133 4562 emanaret,
1171 4501 1298 4552 dum
1332 4514 1486 4555 socer
1522 4501 1639 4566 ejus
1665 4500 1910 4562 Selimes,
1938 4499 2192 4552 Soleima-
2233 4483 2273 4539 Ῑ)
2303 4506 2386 4559 cul
2409 4521 2437 4556 a
2459 4502 2924 4570 Constantinopoli
2960 4503 3148 4564 situm,
3185 4501 3286 4554 sub
3304 4509 3576 4574 .pmtextu
3604 4499 3858 4552 mittendi

658 4591 742 4644 nis
788 4589 950 4653 ﬁlius,
1011 4600 1276 4658 occupato
1321 4590 1457 4643 citra
1515 4587 1800 4641 tumultum
1859 4589 2102 4656 imperio,
2135 4589 2200 4640 ad

657 4682 951 4734 exercitum
977 4681 1025 4736 in
1055 4689 1231 4758 castra
1261 4681 1514 4735 venisset.
1544 4679 1678 4733 Nam
1711 4683 1752 4734 si
1794 4690 1897 4732 tam
1947 4681 2201 4748 genizari,

661 4786 819 4837 quam
849 4771 1040 4841 reliqui
1076 4773 1297 4834 milites,
1349 4774 1418 4826 de
1471 4785 1645 4828 morte
1689 4773 1888 4827 sultani
1915 4773 1998 4826 sui
2031 4782 2204 4825 matu-

663 4861 776 4917 rius
805 4865 1066 4916 certiores
1111 4863 1235 4919 facti
1267 4865 1529 4930 fuissent,
1570 4881 1763 4932 magno
1798 4867 1851 4919 ia
1882 4865 2077 4920 castris
2115 4879 2206 4918 ex-

661 4955 827 5008 citato
858 4954 1113 5019 tumultu,
1152 4955 1384 5032 tentoria
1430 4955 1817 5023 thesaurosque
1853 4955 2048 5022 regios,
2083 4969 2203 5005 rum

594 5045 600 5049 ’
660 5045 1091 5103 Christianorum
1123 5052 1179 5100 et
1205 5042 1557 5099 Hebraiorutn
1605 5047 1787 5109 rebus,
1831 5061 1934 5114 pro
1961 5058 2110 5098 more
2143 5042 2204 5096 li-

663 5139 949 5206 bidineque
985 5153 1083 5196 sua
1118 5138 1504 5207 diripuissent,
1541 5152 1606 5192 ac
1631 5139 1818 5206 spoliis
1851 5139 2002 5192 hisce
2028 5137 2202 5198 dilati,

665 5229 896 5283 neminis
922 5231 1248 5284 auctoritate
1274 5231 1542 5284 contineri
1590 5243 1647 5284 se
1687 5230 1918 5296 amplius
1940 5231 1993 5282 in
2029 5228 2204 5283 elﬁcio

664 5321 806 5388 passi
839 5322 1084 5377 fuissent.
1115 5321 1244 5388 Quae
1290 5338 1420 5377 sane
1470 5336 1648 5375 rerum
1679 5322 1821 5388 apud
1854 5323 2036 5376 hostes
2075 5335 2202 5373 con-

666 5416 807 5471 fusio
840 5415 1200 5484 militarisque
1258 5415 1500 5477 licentia,
1561 5414 1933 5468 Maximiliano
1975 5412 2201 5472 Caesari,

666 5505 968 5561 numerosis
995 5503 1158 5574 3‘9
1205 5513 1259 5556 et
1311 5505 1593 5571 exquisitis
1650 5514 1760 5557 toto
1805 5518 1864 5556 ex
1895 5504 2023 5557 orbe.
2053 5501 2204 5553 Chri-

667 5602 844 5652 stiano
875 5598 1048 5666 copiis
1081 5596 1366 5655 instructo,
1408 5597 1642 5660 praebere
1664 5603 2012 5662 peroptatam
2050 5606 2205 5644 occa-

667 5691 871 5744 sionem
913 5691 987 5744 rei
1039 5688 1260 5742 leliciter
1294 5689 1536 5752 gerenda:
1580 5687 1858 5752 potuisset.
1891 5684 2203 5736 Erstiuctus

667 5782 764 5835 fuit
791 5781 1123 5836 Soleimaues
1153 5794 1294 5834 anno
1315 5779 1686 5834 Mahumetano
1709 5777 1811 5830 973
1838 5776 1989 5839 (Chr.
2030 5773 2201 5836 l566),

2305 4597 2368 4648 ad
2397 4595 2736 4648 obsidionem
2795 4592 3106 4659 Zigetanam
3165 4589 3415 4642 militaris
3471 4587 3858 4655 supplementi,

2299 4687 2554 4755 jusserat.
2587 4685 2662 4737 Ad
2687 4699 2779 4736 eos
2813 4682 3102 4735 lscheodcr
3169 4683 3350 4742 bassa,
3412 4678 3610 4731 Selime
3631 4678 3741 4745 jam
3767 4691 3861 4746 pa-

2307 4786 2516 4830 ternum
2544 4775 2596 4827 in
2637 4773 2830 4828 solium
2861 4773 3145 4834 collocato,
3200 4770 3265 4824 de
3316 4769 3531 4823 Selimis
3582 4767 3858 4822 voluntate

2308 4866 2621 4936 profectus,
2683 4865 2890 4918 obitum
2950 4861 3290 4920 Soleimanis,
3335 4867 3404 4913 et'
3449 4859 3858 4913 successionem

2307 4959 2525 5012 Selimis
2552 4959 2789 5025 exponit.
2831 4955 2959 5008 inde
2992 4969 3091 5022 pro
3119 4951 3518 5020 direptionibus
3571 4965 3674 5004 usa
3707 4965 3862 5004 rece-

2309 5049 2411 5116 ptis
2438 5049 2488 5100 in
2533 5047 2678 5100 obitu
2706 5046 2959 5113 principis
3013 5042 3339 5106 Osmanidat,
3409 5050 3624 5095 centum
3683 5041 3858 5093 millia

2307 5136 2700 5189 sultaninorum
2737 5136 2813 5186 eis
2874 5133 3048 5186 offert.
3107 5129 3221 5183 Non
3273 5132 3478 5198 ingrata
3531 5127 3630 5182 fuit
3673 5129 3858 5182 oratio

2307 5225 2478 5278 bassae
2507 5223 2794 5294 genizaris,
2831 5236 2893 5276 ea
2927 5221 3038 5288 lege
3071 5229 3248 5273 tamen
3305 5215 3747 5277 assentientibus,
3797 5227 3860 5270 ut

2309 5314 2565 5382 largiores
2589 5328 2817 5366 armeme
2840 5310 3153 5363 militaturis
3178 5311 3456 5361 darentur.

2377 5404 2601 5460 Selimes
2652 5420 2776 5472 ergo
2798 5403 3064 5469 genizaris
3097 5399 3513 5463 inauetoritatis,
3540 5399 3625 5452 die
3649 5401 3858 5455 mensis

2307 5497 2631 5564 Septembris
2657 5495 2906 5546 vnccsimo
2938 5492 3165 5557 septimo
3187 5489 3646 5560 Constantinopoli
3675 5490 3857 5546 disce-

2307 5588 2402 5648 dit,
2432 5600 2482 5640 et
2518 5587 2722 5655 magnis
2757 5585 3036 5637 itineribus
3067 5584 3252 5635 Albam
3275 5582 3514 5636 Graecam
3544 5583 3853 5636 contendit.

2309 5678 2438 5730 Cum
2472 5679 2607 5730 istm:
2642 5677 2858 5727 allatum
2923 5685 3102 5741 postea
3158 5672 3473 5726 Soleiznanis
3519 5672 3751 5724 cadaver
3794 5675 3854 5728 in

2316 5770 2500 5821 urbem
2533 5768 2904 5830 deduceretur,
2950 5765 3108 5831 pedes
3162 5775 3286 5817 ante
3346 5773 3624 5832 paternum
3684 5762 3854 5818 {unus
