  <div class='ocr_page' id='page_1' title='image "/cluster/home/n/w/nwhite01/storage/ocr_20150623/159/pst.000005714797/416.png"; bbox 0 0 4032 6344; ppageno 0'>
   <div class='ocr_carea' id='block_1_1' title="bbox 194 464 307 527">
    <p class='ocr_par' dir='ltr' id='par_1_1' title="bbox 194 464 307 527">
     <span class='ocr_line' id='line_1_1' title="bbox 194 464 307 527; baseline -0.044 0"><span class='ocrx_word' id='word_1_1' title='bbox 194 464 307 527; x_wconf 71' lang='grc'><strong>665</strong></span> 
     </span>
    </p>
   </div>
   <div class='ocr_carea' id='block_1_2' title="bbox 1267 477 2288 544">
    <p class='ocr_par' dir='ltr' id='par_1_2' title="bbox 1267 477 2288 544">
     <span class='ocr_line' id='line_1_2' title="bbox 1267 477 2288 544; baseline 0.01 -10"><span class='ocrx_word' id='word_1_2' title='bbox 1267 477 1646 538; x_wconf 75' lang='lat' dir='ltr'><strong>SUPI’LEM.</strong></span> <span class='ocrx_word' id='word_1_3' title='bbox 1689 481 1966 543; x_wconf 66' lang='lat' dir='ltr'><strong>ANNAL.</strong></span> <span class='ocrx_word' id='word_1_4' title='bbox 1995 482 2288 544; x_wconf 80' lang='lat' dir='ltr'><strong>TUllClC.</strong></span> 
     </span>
    </p>
   </div>
   <div class='ocr_carea' id='block_1_3' title="bbox 3280 491 3384 552">
    <p class='ocr_par' dir='ltr' id='par_1_3' title="bbox 3280 491 3384 552">
     <span class='ocr_line' id='line_1_3' title="bbox 3280 491 3384 552; baseline 0.019 -1"><span class='ocrx_word' id='word_1_5' title='bbox 3280 491 3384 552; x_wconf 75' lang='lat'><strong>606</strong></span> 
     </span>
    </p>
   </div>
   <div class='ocr_carea' id='block_1_4' title="bbox 197 572 3384 664">
    <p class='ocr_par' dir='ltr' id='par_1_4' title="bbox 197 572 3384 664">
     <span class='ocr_line' id='line_1_4' title="bbox 197 572 3384 664; baseline 0.008 -38"><span class='ocrx_word' id='word_1_6' title='bbox 197 572 481 626; x_wconf 68' lang='lat' dir='ltr'><strong>incedebat</strong></span> <span class='ocrx_word' id='word_1_7' title='bbox 512 573 694 626; x_wconf 88' lang='lat' dir='ltr'><strong>habitu</strong></span> <span class='ocrx_word' id='word_1_8' title='bbox 726 575 933 643; x_wconf 73' lang='lat' dir='ltr'><strong>lugubri</strong></span> <span class='ocrx_word' id='word_1_9' title='bbox 994 577 1239 635; x_wconf 76' lang='lat' dir='ltr'><strong>Sullanus</strong></span> <span class='ocrx_word' id='word_1_10' title='bbox 1290 581 1538 648; x_wconf 83' lang='lat' dir='ltr'><strong>Selitncs,</strong></span> <span class='ocrx_word' id='word_1_11' title='bbox 1568 587 1734 638; x_wconf 79' lang='lat' dir='ltr'><strong>couii-</strong></span> <span class='ocrx_word' id='word_1_12' title='bbox 1767 591 1812 648; x_wconf 76' lang='grc' dir='ltr'><strong>Α</strong></span> <span class='ocrx_word' id='word_1_13' title='bbox 1846 596 2087 653; x_wconf 73' lang='lat' dir='ltr'><strong>peratorc</strong></span> <span class='ocrx_word' id='word_1_14' title='bbox 2114 587 2471 642; x_wconf 73' lang='lat' dir='ltr'><strong>Masimiliauo</strong></span> <span class='ocrx_word' id='word_1_15' title='bbox 2527 590 2767 645; x_wconf 84' lang='lat' dir='ltr'><strong>subsidia</strong></span> <span class='ocrx_word' id='word_1_16' title='bbox 2803 593 3001 662; x_wconf 86' lang='lat' dir='ltr'><strong>majora</strong></span> <span class='ocrx_word' id='word_1_17' title='bbox 3053 598 3305 664; x_wconf 83' lang='lat' dir='ltr'><strong>postulat.</strong></span> <span class='ocrx_word' id='word_1_18' title='bbox 3335 601 3384 656; x_wconf 83' lang='lat' dir='ltr'><strong>Is</strong></span> 
     </span>
    </p>
   </div>
   <div class='ocr_carea' id='block_1_5' title="bbox 194 665 1738 744">
    <p class='ocr_par' dir='ltr' id='par_1_5' title="bbox 194 665 1738 744">
     <span class='ocr_line' id='line_1_5' title="bbox 194 665 1738 744; baseline 0.008 -28"><span class='ocrx_word' id='word_1_19' title='bbox 194 665 441 716; x_wconf 78' lang='lat' dir='ltr'><strong>tantibus</strong></span> <span class='ocrx_word' id='word_1_20' title='bbox 481 665 672 726; x_wconf 61' lang='lat' dir='ltr'><strong>bassis.</strong></span> <span class='ocrx_word' id='word_1_21' title='bbox 713 665 1124 735; x_wconf 81' lang='lat' dir='ltr'><strong>Cadileschetis,</strong></span> <span class='ocrx_word' id='word_1_22' title='bbox 1181 673 1517 742; x_wconf 33' lang='lat' dir='ltr'><strong>cmterisques</strong></span> <span class='ocrx_word' id='word_1_23' title='bbox 1569 675 1738 744; x_wconf 77' lang='lat' dir='ltr'><strong>begis.</strong></span> 
     </span>
    </p>
   </div>
   <div class='ocr_carea' id='block_1_6' title="bbox 192 753 1749 833">
    <p class='ocr_par' dir='ltr' id='par_1_6' title="bbox 192 753 1749 833">
     <span class='ocr_line' id='line_1_6' title="bbox 192 753 1749 833; baseline 0.01 -27"><span class='ocrx_word' id='word_1_24' title='bbox 192 753 332 808; x_wconf 82' lang='lat' dir='ltr'><strong>Inde</strong></span> <span class='ocrx_word' id='word_1_25' title='bbox 351 753 545 811; x_wconf 74' lang='lat' dir='ltr'><strong>Cadius</strong></span> <span class='ocrx_word' id='word_1_26' title='bbox 578 759 804 825; x_wconf 81' lang='lat' dir='ltr'><strong>populis,</strong></span> <span class='ocrx_word' id='word_1_27' title='bbox 827 770 1139 814; x_wconf 87' lang='lat' dir='ltr'><strong>consuetmn</strong></span> <span class='ocrx_word' id='word_1_28' title='bbox 1164 763 1468 824; x_wconf 75' lang='lat' dir='ltr'><strong>donativum</strong></span> <span class='ocrx_word' id='word_1_29' title='bbox 1488 768 1749 833; x_wconf 79' lang='lat' dir='ltr'><strong>genizaris</strong></span> 
     </span>
    </p>
   </div>
   <div class='ocr_carea' id='block_1_7' title="bbox 192 847 1747 920">
    <p class='ocr_par' dir='ltr' id='par_1_7' title="bbox 192 847 1747 920">
     <span class='ocr_line' id='line_1_7' title="bbox 192 847 1747 920; baseline 0.006 -22"><span class='ocrx_word' id='word_1_30' title='bbox 192 847 372 900; x_wconf 76' lang='lat' dir='ltr'><strong>dedit.</strong></span> <span class='ocrx_word' id='word_1_31' title='bbox 402 847 605 910; x_wconf 80' lang='lat' dir='ltr'><strong>Quibus</strong></span> <span class='ocrx_word' id='word_1_32' title='bbox 633 851 886 916; x_wconf 75' lang='lat' dir='ltr'><strong>peractis,</strong></span> <span class='ocrx_word' id='word_1_33' title='bbox 945 850 1468 920; x_wconf 72' lang='lat' dir='ltr'><strong>Constantinopolim</strong></span> <span class='ocrx_word' id='word_1_34' title='bbox 1519 856 1747 912; x_wconf 79' lang='lat' dir='ltr'><strong>cadaver</strong></span> 
     </span>
    </p>
   </div>
   <div class='ocr_carea' id='block_1_8' title="bbox 191 941 1741 1013">
    <p class='ocr_par' dir='ltr' id='par_1_8' title="bbox 191 941 1741 1013">
     <span class='ocr_line' id='line_1_8' title="bbox 191 941 1741 1013; baseline 0.007 -23"><span class='ocrx_word' id='word_1_35' title='bbox 191 947 482 1005; x_wconf 80' lang='lat' dir='ltr'><strong>paternum</strong></span> <span class='ocrx_word' id='word_1_36' title='bbox 509 942 660 994; x_wconf 82' lang='lat' dir='ltr'><strong>avehi</strong></span> <span class='ocrx_word' id='word_1_37' title='bbox 688 941 869 1006; x_wconf 84' lang='lat' dir='ltr'><strong>jussit,</strong></span> <span class='ocrx_word' id='word_1_38' title='bbox 905 951 956 994; x_wconf 90' lang='lat' dir='ltr'><strong>et</strong></span> <span class='ocrx_word' id='word_1_39' title='bbox 994 943 1044 996; x_wconf 93' lang='lat' dir='ltr'><strong>in</strong></span> <span class='ocrx_word' id='word_1_40' title='bbox 1082 941 1251 1005; x_wconf 74' lang='lat' dir='ltr'><strong>luna,</strong></span> <span class='ocrx_word' id='word_1_41' title='bbox 1298 960 1458 1012; x_wconf 89' lang='lat' dir='ltr'><strong>quam</strong></span> <span class='ocrx_word' id='word_1_42' title='bbox 1498 947 1608 1013; x_wconf 83' lang='lat' dir='ltr'><strong>ipse</strong></span> <span class='ocrx_word' id='word_1_43' title='bbox 1639 949 1741 1001; x_wconf 77' lang='lat' dir='ltr'><strong>sibi</strong></span> 
     </span>
    </p>
   </div>
   <div class='ocr_carea' id='block_1_9' title="bbox 189 1027 1732 1101">
    <p class='ocr_par' dir='ltr' id='par_1_9' title="bbox 189 1027 1732 1101">
     <span class='ocr_line' id='line_1_9' title="bbox 189 1027 1732 1101; baseline 0.008 -22"><span class='ocrx_word' id='word_1_44' title='bbox 189 1027 356 1084; x_wconf 69' lang='lat' dir='ltr'><strong>vivus</strong></span> <span class='ocrx_word' id='word_1_45' title='bbox 383 1040 738 1094; x_wconf 75' lang='lat' dir='ltr'><strong>exstruxerat,</strong></span> <span class='ocrx_word' id='word_1_46' title='bbox 760 1030 1139 1086; x_wconf 84' lang='lat' dir='ltr'><strong>condi.Curata</strong></span> <span class='ocrx_word' id='word_1_47' title='bbox 1163 1034 1273 1101; x_wconf 79' lang='lat' dir='ltr'><strong>fuit</strong></span> <span class='ocrx_word' id='word_1_48' title='bbox 1297 1050 1476 1097; x_wconf 79' lang='lat' dir='ltr'><strong>cares</strong></span> <span class='ocrx_word' id='word_1_49' title='bbox 1503 1039 1569 1090; x_wconf 83' lang='lat' dir='ltr'><strong>ab</strong></span> <span class='ocrx_word' id='word_1_50' title='bbox 1595 1039 1732 1091; x_wconf 82' lang='lat' dir='ltr'><strong>Ach-</strong></span> 
     </span>
    </p>
   </div>
   <div class='ocr_carea' id='block_1_10' title="bbox 191 1118 1738 1193">
    <p class='ocr_par' dir='ltr' id='par_1_10' title="bbox 191 1118 1738 1193">
     <span class='ocr_line' id='line_1_10' title="bbox 191 1118 1738 1193; baseline 0.008 -26"><span class='ocrx_word' id='word_1_51' title='bbox 191 1127 341 1170; x_wconf 79' lang='lat' dir='ltr'><strong>mete</strong></span> <span class='ocrx_word' id='word_1_52' title='bbox 371 1118 550 1179; x_wconf 83' lang='lat' dir='ltr'><strong>bassa.</strong></span> <span class='ocrx_word' id='word_1_53' title='bbox 575 1119 906 1186; x_wconf 84' lang='lat' dir='ltr'><strong>Ferbateqne</strong></span> <span class='ocrx_word' id='word_1_54' title='bbox 935 1121 1376 1189; x_wconf 84' lang='lat' dir='ltr'><strong>Capizilariorum</strong></span> <span class='ocrx_word' id='word_1_55' title='bbox 1415 1126 1547 1193; x_wconf 55' lang='lat' dir='ltr'><strong>Agat,</strong></span> <span class='ocrx_word' id='word_1_56' title='bbox 1573 1130 1738 1180; x_wconf 61' lang='lat' dir='ltr'><strong>deduc</strong></span> 
     </span>
    </p>
   </div>
   <div class='ocr_carea' id='block_1_11' title="bbox 189 1205 1734 1285">
    <p class='ocr_par' dir='ltr' id='par_1_11' title="bbox 189 1205 1734 1285">
     <span class='ocr_line' id='line_1_11' title="bbox 189 1205 1734 1285; baseline 0.009 -28"><span class='ocrx_word' id='word_1_57' title='bbox 189 1206 445 1261; x_wconf 84' lang='lat' dir='ltr'><strong>eentihus</strong></span> <span class='ocrx_word' id='word_1_58' title='bbox 495 1209 641 1277; x_wconf 79' lang='lat' dir='ltr'><strong>begis</strong></span> <span class='ocrx_word' id='word_1_59' title='bbox 678 1219 730 1262; x_wconf 85' lang='lat' dir='ltr'><strong>et</strong></span> <span class='ocrx_word' id='word_1_60' title='bbox 777 1211 1058 1278; x_wconf 70' lang='lat' dir='ltr'><strong>genizaris,</strong></span> <span class='ocrx_word' id='word_1_61' title='bbox 1110 1205 1230 1265; x_wconf 79' lang='lat' dir='ltr'><strong>eum</strong></span> <span class='ocrx_word' id='word_1_62' title='bbox 1296 1215 1485 1266; x_wconf 79' lang='lat' dir='ltr'><strong>vexillo</strong></span> <span class='ocrx_word' id='word_1_63' title='bbox 1539 1219 1681 1285; x_wconf 71' lang='lat' dir='ltr'><strong>regio</strong></span> <span class='ocrx_word' id='word_1_64' title='bbox 1721 1236 1734 1272; x_wconf 86' lang='lat'><strong>:</strong></span> 
     </span>
    </p>
   </div>
   <div class='ocr_carea' id='block_1_12' title="bbox 191 1296 1732 1375">
    <p class='ocr_par' dir='ltr' id='par_1_12' title="bbox 191 1296 1732 1375">
     <span class='ocr_line' id='line_1_12' title="bbox 191 1296 1732 1375; baseline 0.008 -29"><span class='ocrx_word' id='word_1_65' title='bbox 191 1296 520 1365; x_wconf 87' lang='lat' dir='ltr'><strong>tandemque</strong></span> <span class='ocrx_word' id='word_1_66' title='bbox 547 1299 633 1351; x_wconf 91' lang='lat' dir='ltr'><strong>die</strong></span> <span class='ocrx_word' id='word_1_67' title='bbox 656 1298 910 1353; x_wconf 82' lang='lat' dir='ltr'><strong>vicesimo</strong></span> <span class='ocrx_word' id='word_1_68' title='bbox 949 1302 1184 1356; x_wconf 85' lang='lat' dir='ltr'><strong>secundo</strong></span> <span class='ocrx_word' id='word_1_69' title='bbox 1239 1301 1555 1359; x_wconf 82' lang='lat' dir='ltr'><strong>Novembris</strong></span> <span class='ocrx_word' id='word_1_70' title='bbox 1609 1323 1732 1375; x_wconf 78' lang='lat' dir='ltr'><strong>per-</strong></span> 
     </span>
    </p>
   </div>
   <div class='ocr_carea' id='block_1_13' title="bbox 190 1388 1734 1461">
    <p class='ocr_par' dir='ltr' id='par_1_13' title="bbox 190 1388 1734 1461">
     <span class='ocr_line' id='line_1_13' title="bbox 190 1388 1734 1461; baseline 0.012 -27"><span class='ocrx_word' id='word_1_71' title='bbox 190 1401 416 1441; x_wconf 76' lang='lat' dir='ltr'><strong>ventum</strong></span> <span class='ocrx_word' id='word_1_72' title='bbox 446 1388 984 1458; x_wconf 89' lang='lat' dir='ltr'><strong>Constantinopolim.</strong></span> <span class='ocrx_word' id='word_1_73' title='bbox 1015 1392 1089 1445; x_wconf 85' lang='lat' dir='ltr'><strong>lhi</strong></span> <span class='ocrx_word' id='word_1_74' title='bbox 1119 1393 1280 1447; x_wconf 85' lang='lat' dir='ltr'><strong>funus</strong></span> <span class='ocrx_word' id='word_1_75' title='bbox 1312 1405 1589 1461; x_wconf 70' lang='lat' dir='ltr'><strong>exceptum</strong></span> <span class='ocrx_word' id='word_1_76' title='bbox 1637 1398 1734 1452; x_wconf 88' lang='lat' dir='ltr'><strong>fuit</strong></span> 
     </span>
    </p>
   </div>
   <div class='ocr_carea' id='block_1_14' title="bbox 187 1477 1728 1552">
    <p class='ocr_par' dir='ltr' id='par_1_14' title="bbox 187 1477 1728 1552">
     <span class='ocr_line' id='line_1_14' title="bbox 187 1477 1728 1552; baseline 0.01 -25"><span class='ocrx_word' id='word_1_77' title='bbox 187 1477 634 1551; x_wconf 80' lang='lat' dir='ltr'><strong>frequentissimo</strong></span> <span class='ocrx_word' id='word_1_78' title='bbox 656 1496 923 1536; x_wconf 88' lang='lat' dir='ltr'><strong>concursu</strong></span> <span class='ocrx_word' id='word_1_79' title='bbox 953 1485 1279 1547; x_wconf 76' lang='lat' dir='ltr'><strong>mortalium,</strong></span> <span class='ocrx_word' id='word_1_80' title='bbox 1320 1499 1589 1552; x_wconf 62' lang='lat' dir='ltr'><strong>praeeunte</strong></span> <span class='ocrx_word' id='word_1_81' title='bbox 1620 1488 1728 1542; x_wconf 69' lang='lat' dir='ltr'><strong>llu-</strong></span> 
     </span>
    </p>
   </div>
   <div class='ocr_carea' id='block_1_15' title="bbox 185 1568 1729 1644">
    <p class='ocr_par' dir='ltr' id='par_1_15' title="bbox 185 1568 1729 1644">
     <span class='ocr_line' id='line_1_15' title="bbox 185 1568 1729 1644; baseline 0.008 -24"><span class='ocrx_word' id='word_1_82' title='bbox 185 1568 441 1636; x_wconf 88' lang='lat' dir='ltr'><strong>phti,qui</strong></span> <span class='ocrx_word' id='word_1_83' title='bbox 464 1569 602 1637; x_wconf 87' lang='lat' dir='ltr'><strong>apud</strong></span> <span class='ocrx_word' id='word_1_84' title='bbox 625 1570 988 1625; x_wconf 79' lang='lat' dir='ltr'><strong>Musulmauos</strong></span> <span class='ocrx_word' id='word_1_85' title='bbox 1022 1573 1227 1638; x_wconf 83' lang='lat' dir='ltr'><strong>etjnris</strong></span> <span class='ocrx_word' id='word_1_86' title='bbox 1244 1585 1294 1627; x_wconf 86' lang='lat' dir='ltr'><strong>et</strong></span> <span class='ocrx_word' id='word_1_87' title='bbox 1316 1577 1586 1644; x_wconf 73' lang='lat' dir='ltr'><strong>religionis</strong></span> <span class='ocrx_word' id='word_1_88' title='bbox 1612 1595 1729 1632; x_wconf 87' lang='lat' dir='ltr'><strong>om-</strong></span> 
     </span>
    </p>
   </div>
   <div class='ocr_carea' id='block_1_16' title="bbox 183 1656 1726 1728">
    <p class='ocr_par' dir='ltr' id='par_1_16' title="bbox 183 1656 1726 1728">
     <span class='ocr_line' id='line_1_16' title="bbox 183 1656 1726 1728; baseline 0.006 -20"><span class='ocrx_word' id='word_1_89' title='bbox 183 1656 444 1724; x_wconf 86' lang='lat' dir='ltr'><strong>uiumque</strong></span> <span class='ocrx_word' id='word_1_90' title='bbox 463 1670 737 1710; x_wconf 88' lang='lat' dir='ltr'><strong>sacrorum</strong></span> <span class='ocrx_word' id='word_1_91' title='bbox 766 1672 853 1710; x_wconf 77' lang='lat' dir='ltr'><strong>rex</strong></span> <span class='ocrx_word' id='word_1_92' title='bbox 873 1668 954 1712; x_wconf 90' lang='lat' dir='ltr'><strong>est</strong></span> <span class='ocrx_word' id='word_1_93' title='bbox 978 1677 992 1712; x_wconf 87' lang='lat'>:</span> <span class='ocrx_word' id='word_1_94' title='bbox 1015 1661 1466 1728; x_wconf 72' lang='lat' dir='ltr'><strong>subsequentibus</strong></span> <span class='ocrx_word' id='word_1_95' title='bbox 1513 1665 1694 1720; x_wconf 76' lang='lat' dir='ltr'><strong>Ischen</strong></span> <span class='ocrx_word' id='word_1_96' title='bbox 1710 1695 1726 1705; x_wconf 93' lang='lat'><strong>-</strong></span> 
     </span>
    </p>
   </div>
   <div class='ocr_carea' id='block_1_17' title="bbox 180 1746 1720 1820">
    <p class='ocr_par' dir='ltr' id='par_1_17' title="bbox 180 1746 1720 1820">
     <span class='ocr_line' id='line_1_17' title="bbox 180 1746 1720 1820; baseline 0.008 -24"><span class='ocrx_word' id='word_1_97' title='bbox 180 1746 314 1798; x_wconf 81' lang='lat' dir='ltr'><strong>dere</strong></span> <span class='ocrx_word' id='word_1_98' title='bbox 333 1746 484 1801; x_wconf 88' lang='lat' dir='ltr'><strong>bassa</strong></span> <span class='ocrx_word' id='word_1_99' title='bbox 503 1747 835 1815; x_wconf 88' lang='lat' dir='ltr'><strong>prosultano,</strong></span> <span class='ocrx_word' id='word_1_100' title='bbox 859 1749 1249 1816; x_wconf 85' lang='lat' dir='ltr'><strong>Dcphtetdaris,</strong></span> <span class='ocrx_word' id='word_1_101' title='bbox 1268 1755 1356 1820; x_wconf 91' lang='lat' dir='ltr'><strong>qui</strong></span> <span class='ocrx_word' id='word_1_102' title='bbox 1381 1754 1618 1809; x_wconf 68' lang='lat' dir='ltr'><strong>Camers:</strong></span> <span class='ocrx_word' id='word_1_103' title='bbox 1643 1757 1720 1810; x_wconf 81' lang='lat' dir='ltr'><strong>vel</strong></span> 
     </span>
    </p>
   </div>
   <div class='ocr_carea' id='block_1_18' title="bbox 178 1837 1724 1913">
    <p class='ocr_par' dir='ltr' id='par_1_18' title="bbox 178 1837 1724 1913">
     <span class='ocr_line' id='line_1_18' title="bbox 178 1837 1724 1913; baseline 0.008 -28"><span class='ocrx_word' id='word_1_104' title='bbox 178 1837 362 1890; x_wconf 62' lang='lat' dir='ltr'><strong>aerarii</strong></span> <span class='ocrx_word' id='word_1_105' title='bbox 386 1837 618 1904; x_wconf 64' lang='lat' dir='ltr'><strong>praefecti</strong></span> <span class='ocrx_word' id='word_1_106' title='bbox 646 1849 787 1902; x_wconf 86' lang='lat' dir='ltr'><strong>sunt,</strong></span> <span class='ocrx_word' id='word_1_107' title='bbox 811 1840 1033 1908; x_wconf 82' lang='lat' dir='ltr'><strong>aliisque</strong></span> <span class='ocrx_word' id='word_1_108' title='bbox 1056 1840 1201 1910; x_wconf 78' lang='lat' dir='ltr'><strong>begis</strong></span> <span class='ocrx_word' id='word_1_109' title='bbox 1221 1845 1472 1898; x_wconf 89' lang='lat' dir='ltr'><strong>omnibus</strong></span> <span class='ocrx_word' id='word_1_110' title='bbox 1493 1847 1724 1913; x_wconf 73' lang='lat' dir='ltr'><strong>pullatis,</strong></span> 
     </span>
    </p>
   </div>
   <div class='ocr_carea' id='block_1_19' title="bbox 1855 675 3381 756">
    <p class='ocr_par' dir='ltr' id='par_1_19' title="bbox 1855 675 3381 756">
     <span class='ocr_line' id='line_1_19' title="bbox 1855 675 3381 756; baseline 0.009 -29"><span class='ocrx_word' id='word_1_111' title='bbox 1855 675 2138 730; x_wconf 83' lang='lat' dir='ltr'><strong>llenricum</strong></span> <span class='ocrx_word' id='word_1_112' title='bbox 2173 677 2530 747; x_wconf 87' lang='lat' dir='ltr'><strong>Staupicium,</strong></span> <span class='ocrx_word' id='word_1_113' title='bbox 2560 695 2680 734; x_wconf 88' lang='lat' dir='ltr'><strong>eum</strong></span> <span class='ocrx_word' id='word_1_114' title='bbox 2711 682 2856 737; x_wconf 90' lang='lat' dir='ltr'><strong>mille</strong></span> <span class='ocrx_word' id='word_1_115' title='bbox 2876 685 3157 756; x_wconf 73' lang='lat' dir='ltr'><strong>Germanis</strong></span> <span class='ocrx_word' id='word_1_116' title='bbox 3192 690 3381 756; x_wconf 77' lang='lat' dir='ltr'><strong>equiti-</strong></span> 
     </span>
    </p>
   </div>
   <div class='ocr_carea' id='block_1_20' title="bbox 1848 767 3382 838">
    <p class='ocr_par' dir='ltr' id='par_1_20' title="bbox 1848 767 3382 838">
     <span class='ocr_line' id='line_1_20' title="bbox 1848 767 3382 838; baseline 0.007 -19"><span class='ocrx_word' id='word_1_117' title='bbox 1848 769 1968 825; x_wconf 88' lang='lat' dir='ltr'><strong>bus.</strong></span> <span class='ocrx_word' id='word_1_118' title='bbox 1996 782 2087 819; x_wconf 83' lang='lat' dir='ltr'><strong>sex</strong></span> <span class='ocrx_word' id='word_1_119' title='bbox 2117 767 2349 834; x_wconf 87' lang='lat' dir='ltr'><strong>peditum</strong></span> <span class='ocrx_word' id='word_1_120' title='bbox 2377 768 2605 831; x_wconf 81' lang='lat' dir='ltr'><strong>vexillis,</strong></span> <span class='ocrx_word' id='word_1_121' title='bbox 2629 771 2931 838; x_wconf 81' lang='lat' dir='ltr'><strong>stipendiis.</strong></span> <span class='ocrx_word' id='word_1_122' title='bbox 2962 783 3013 828; x_wconf 88' lang='lat' dir='ltr'><strong>et</strong></span> <span class='ocrx_word' id='word_1_123' title='bbox 3045 790 3256 831; x_wconf 78' lang='lat' dir='ltr'><strong>annona</strong></span> <span class='ocrx_word' id='word_1_124' title='bbox 3283 793 3382 830; x_wconf 78' lang='lat' dir='ltr'><strong>ne-</strong></span> 
     </span>
    </p>
   </div>
   <div class='ocr_carea' id='block_1_21' title="bbox 1845 854 3380 923">
    <p class='ocr_par' dir='ltr' id='par_1_21' title="bbox 1845 854 3380 923">
     <span class='ocr_line' id='line_1_21' title="bbox 1845 854 3380 923; baseline 0.007 -17"><span class='ocrx_word' id='word_1_125' title='bbox 1845 854 2098 915; x_wconf 81' lang='lat' dir='ltr'><strong>cessaria,</strong></span> <span class='ocrx_word' id='word_1_126' title='bbox 2136 855 2312 907; x_wconf 81' lang='lat' dir='ltr'><strong>mittit.</strong></span> <span class='ocrx_word' id='word_1_127' title='bbox 2341 854 2443 908; x_wconf 86' lang='lat' dir='ltr'><strong>Sed</strong></span> <span class='ocrx_word' id='word_1_128' title='bbox 2479 856 2628 923; x_wconf 87' lang='lat' dir='ltr'><strong>prius</strong></span> <span class='ocrx_word' id='word_1_129' title='bbox 2657 873 2817 923; x_wconf 89' lang='lat' dir='ltr'><strong>quam</strong></span> <span class='ocrx_word' id='word_1_130' title='bbox 2844 861 3130 917; x_wconf 78' lang='lat' dir='ltr'><strong>auxiliares</strong></span> <span class='ocrx_word' id='word_1_131' title='bbox 3187 865 3266 917; x_wconf 62' lang='lat' dir='ltr'><strong>hae</strong></span> <span class='ocrx_word' id='word_1_132' title='bbox 3285 880 3380 918; x_wconf 85' lang='lat' dir='ltr'><strong>co-</strong></span> 
     </span>
    </p>
   </div>
   <div class='ocr_carea' id='block_1_22' title="bbox 1846 940 3378 1021">
    <p class='ocr_par' dir='ltr' id='par_1_22' title="bbox 1846 940 3378 1021">
     <span class='ocr_line' id='line_1_22' title="bbox 1846 940 3378 1021; baseline 0.008 -29"><span class='ocrx_word' id='word_1_133' title='bbox 1846 943 1944 1021; x_wconf 65' lang='lat' dir='ltr'><strong>piae</strong></span> <span class='ocrx_word' id='word_1_134' title='bbox 1968 940 2222 994; x_wconf 85' lang='lat' dir='ltr'><strong>Tocaium</strong></span> <span class='ocrx_word' id='word_1_135' title='bbox 2250 943 2642 1011; x_wconf 83' lang='lat' dir='ltr'><strong>pervenissent,</strong></span> <span class='ocrx_word' id='word_1_136' title='bbox 2708 960 2890 1012; x_wconf 88' lang='lat' dir='ltr'><strong>sparsa</strong></span> <span class='ocrx_word' id='word_1_137' title='bbox 2947 948 3128 1002; x_wconf 91' lang='lat' dir='ltr'><strong>fuitin</strong></span> <span class='ocrx_word' id='word_1_138' title='bbox 3185 954 3378 1005; x_wconf 80' lang='lat' dir='ltr'><strong>castris</strong></span> 
     </span>
    </p>
   </div>
   <div class='ocr_carea' id='block_1_23' title="bbox 1842 1031 3374 1104">
    <p class='ocr_par' dir='ltr' id='par_1_23' title="bbox 1842 1031 3374 1104">
     <span class='ocr_line' id='line_1_23' title="bbox 1842 1031 3374 1104; baseline 0.006 -20"><span class='ocrx_word' id='word_1_139' title='bbox 1842 1031 2108 1084; x_wconf 82' lang='lat' dir='ltr'><strong>Erdeliani</strong></span> <span class='ocrx_word' id='word_1_140' title='bbox 2135 1031 2295 1096; x_wconf 90' lang='lat' dir='ltr'><strong>fama,</strong></span> <span class='ocrx_word' id='word_1_141' title='bbox 2322 1032 2502 1088; x_wconf 86' lang='lat' dir='ltr'><strong>decem</strong></span> <span class='ocrx_word' id='word_1_142' title='bbox 2542 1035 2702 1089; x_wconf 85' lang='lat' dir='ltr'><strong>millia</strong></span> <span class='ocrx_word' id='word_1_143' title='bbox 2733 1035 3075 1104; x_wconf 82' lang='lat' dir='ltr'><strong>Tatarorum,</strong></span> <span class='ocrx_word' id='word_1_144' title='bbox 3107 1055 3133 1091; x_wconf 87' lang='lat' dir='ltr'><strong>a</strong></span> <span class='ocrx_word' id='word_1_145' title='bbox 3158 1040 3374 1104; x_wconf 85' lang='lat' dir='ltr'><strong>Selime,</strong></span> 
     </span>
    </p>
   </div>
   <div class='ocr_carea' id='block_1_24' title="bbox 1841 1118 3375 1190">
    <p class='ocr_par' dir='ltr' id='par_1_24' title="bbox 1841 1118 3375 1190">
     <span class='ocr_line' id='line_1_24' title="bbox 1841 1118 3375 1190; baseline 0.009 -20"><span class='ocrx_word' id='word_1_146' title='bbox 1841 1119 2156 1174; x_wconf 85' lang='lat' dir='ltr'><strong>defendendi</strong></span> <span class='ocrx_word' id='word_1_147' title='bbox 2194 1122 2307 1190; x_wconf 91' lang='lat' dir='ltr'><strong>ejus</strong></span> <span class='ocrx_word' id='word_1_148' title='bbox 2327 1118 2510 1185; x_wconf 79' lang='lat' dir='ltr'><strong>causa,</strong></span> <span class='ocrx_word' id='word_1_149' title='bbox 2539 1139 2657 1177; x_wconf 87' lang='lat' dir='ltr'><strong>cum</strong></span> <span class='ocrx_word' id='word_1_150' title='bbox 2693 1125 2883 1180; x_wconf 81' lang='lat' dir='ltr'><strong>Turcis</strong></span> <span class='ocrx_word' id='word_1_151' title='bbox 2909 1135 2961 1185; x_wconf 90' lang='lat' dir='ltr'><strong>ct</strong></span> <span class='ocrx_word' id='word_1_152' title='bbox 3015 1126 3260 1184; x_wconf 80' lang='lat' dir='ltr'><strong>Valachis</strong></span> <span class='ocrx_word' id='word_1_153' title='bbox 3295 1147 3375 1184; x_wconf 88' lang='lat' dir='ltr'><strong>rc-</strong></span> 
     </span>
    </p>
   </div>
   <div class='ocr_carea' id='block_1_25' title="bbox 1837 1209 3373 1284">
    <p class='ocr_par' dir='ltr' id='par_1_25' title="bbox 1837 1209 3373 1284">
     <span class='ocr_line' id='line_1_25' title="bbox 1837 1209 3373 1284; baseline 0.007 -24"><span class='ocrx_word' id='word_1_154' title='bbox 1837 1209 2107 1270; x_wconf 86' lang='lat' dir='ltr'><strong>lictorum,</strong></span> <span class='ocrx_word' id='word_1_155' title='bbox 2145 1226 2237 1278; x_wconf 88' lang='lat' dir='ltr'><strong>per</strong></span> <span class='ocrx_word' id='word_1_156' title='bbox 2263 1213 2586 1271; x_wconf 77' lang='lat' dir='ltr'><strong>seditionem</strong></span> <span class='ocrx_word' id='word_1_157' title='bbox 2621 1224 2785 1268; x_wconf 88' lang='lat' dir='ltr'><strong>totum</strong></span> <span class='ocrx_word' id='word_1_158' title='bbox 2811 1217 3052 1284; x_wconf 83' lang='lat' dir='ltr'><strong>populari</strong></span> <span class='ocrx_word' id='word_1_159' title='bbox 3077 1217 3373 1284; x_wconf 86' lang='lat' dir='ltr'><strong>Erdelium,</strong></span> 
     </span>
    </p>
   </div>
   <div class='ocr_carea' id='block_1_26' title="bbox 1836 1301 3371 1371">
    <p class='ocr_par' dir='ltr' id='par_1_26' title="bbox 1836 1301 3371 1371">
     <span class='ocr_line' id='line_1_26' title="bbox 1836 1301 3371 1371; baseline 0.005 -17"><span class='ocrx_word' id='word_1_160' title='bbox 1836 1317 1898 1354; x_wconf 84' lang='lat' dir='ltr'><strong>ac</strong></span> <span class='ocrx_word' id='word_1_161' title='bbox 1934 1301 2168 1354; x_wconf 78' lang='lat' dir='ltr'><strong>inaudita</strong></span> <span class='ocrx_word' id='word_1_162' title='bbox 2207 1304 2528 1357; x_wconf 77' lang='lat' dir='ltr'><strong>crudelitate</strong></span> <span class='ocrx_word' id='word_1_163' title='bbox 2560 1307 2756 1371; x_wconf 82' lang='lat' dir='ltr'><strong>passim</strong></span> <span class='ocrx_word' id='word_1_164' title='bbox 2781 1307 2831 1360; x_wconf 93' lang='lat' dir='ltr'><strong>in</strong></span> <span class='ocrx_word' id='word_1_165' title='bbox 2878 1307 3127 1362; x_wconf 79' lang='lat' dir='ltr'><strong>fortunas</strong></span> <span class='ocrx_word' id='word_1_166' title='bbox 3159 1319 3210 1363; x_wconf 90' lang='lat' dir='ltr'><strong>et</strong></span> <span class='ocrx_word' id='word_1_167' title='bbox 3247 1327 3371 1365; x_wconf 89' lang='lat' dir='ltr'><strong>cor-</strong></span> 
     </span>
    </p>
   </div>
   <div class='ocr_carea' id='block_1_27' title="bbox 1833 1393 3370 1469">
    <p class='ocr_par' dir='ltr' id='par_1_27' title="bbox 1833 1393 3370 1469">
     <span class='ocr_line' id='line_1_27' title="bbox 1833 1393 3370 1469; baseline 0.007 -27"><span class='ocrx_word' id='word_1_168' title='bbox 1833 1407 1965 1458; x_wconf 87' lang='lat' dir='ltr'><strong>pora</strong></span> <span class='ocrx_word' id='word_1_169' title='bbox 1997 1393 2336 1469; x_wconf 86' lang='lat' dir='ltr'><strong>miserorum,</strong></span> <span class='ocrx_word' id='word_1_170' title='bbox 2369 1394 2608 1460; x_wconf 78' lang='lat' dir='ltr'><strong>cujusvis</strong></span> <span class='ocrx_word' id='word_1_171' title='bbox 2629 1395 2800 1450; x_wconf 64' lang='lat' dir='ltr'><strong>astatis</strong></span> <span class='ocrx_word' id='word_1_172' title='bbox 2828 1404 2882 1452; x_wconf 82' lang='lat' dir='ltr'><strong>et</strong></span> <span class='ocrx_word' id='word_1_173' title='bbox 2907 1411 3071 1451; x_wconf 81' lang='lat' dir='ltr'><strong>sexus</strong></span> <span class='ocrx_word' id='word_1_174' title='bbox 3105 1403 3370 1466; x_wconf 78' lang='lat' dir='ltr'><strong>grassari.</strong></span> 
     </span>
    </p>
   </div>
   <div class='ocr_carea' id='block_1_28' title="bbox 1832 1484 3372 1556">
    <p class='ocr_par' dir='ltr' id='par_1_28' title="bbox 1832 1484 3372 1556">
     <span class='ocr_line' id='line_1_28' title="bbox 1832 1484 3372 1556; baseline 0.005 -24"><span class='ocrx_word' id='word_1_175' title='bbox 1832 1485 2164 1551; x_wconf 76' lang='lat' dir='ltr'><strong>Quapropter</strong></span> <span class='ocrx_word' id='word_1_176' title='bbox 2214 1484 2550 1538; x_wconf 83' lang='lat' dir='ltr'><strong>obsidionem</strong></span> <span class='ocrx_word' id='word_1_177' title='bbox 2600 1486 2806 1556; x_wconf 83' lang='lat' dir='ltr'><strong>solvere</strong></span> <span class='ocrx_word' id='word_1_178' title='bbox 2853 1491 3093 1541; x_wconf 88' lang='lat' dir='ltr'><strong>coactus&#39;</strong></span> <span class='ocrx_word' id='word_1_179' title='bbox 3135 1490 3252 1552; x_wconf 90' lang='lat' dir='ltr'><strong>fuit,</strong></span> <span class='ocrx_word' id='word_1_180' title='bbox 3309 1507 3372 1542; x_wconf 83' lang='lat' dir='ltr'><strong>ne</strong></span> 
     </span>
    </p>
   </div>
   <div class='ocr_carea' id='block_1_29' title="bbox 1831 1557 3421 1639">
    <p class='ocr_par' dir='ltr' id='par_1_29' title="bbox 1831 1557 3421 1639">
     <span class='ocr_line' id='line_1_29' title="bbox 1831 1557 3421 1639; baseline 0.008 -18"><span class='ocrx_word' id='word_1_181' title='bbox 1831 1572 1954 1621; x_wconf 79' lang='lat' dir='ltr'><strong>dum</strong></span> <span class='ocrx_word' id='word_1_182' title='bbox 1985 1560 2103 1622; x_wconf 81' lang='lat' dir='ltr'><strong>istic</strong></span> <span class='ocrx_word' id='word_1_183' title='bbox 2127 1571 2239 1638; x_wconf 86' lang='lat' dir='ltr'><strong>ipse</strong></span> <span class='ocrx_word' id='word_1_184' title='bbox 2269 1557 2594 1639; x_wconf 77' lang='lat' dir='ltr'><strong>pentinacius</strong></span> <span class='ocrx_word' id='word_1_185' title='bbox 2622 1575 2870 1636; x_wconf 78' lang='lat' dir='ltr'><strong>Inereret,</strong></span> <span class='ocrx_word' id='word_1_186' title='bbox 2891 1591 3018 1629; x_wconf 90' lang='lat' dir='ltr'><strong>suos</strong></span> <span class='ocrx_word' id='word_1_187' title='bbox 3051 1577 3112 1630; x_wconf 87' lang='lat' dir='ltr'><strong>ad</strong></span> <span class='ocrx_word' id='word_1_188' title='bbox 3141 1579 3373 1633; x_wconf 81' lang='lat' dir='ltr'><strong>iuterne-</strong></span> <span class='ocrx_word' id='word_1_189' title='bbox 3419 1594 3421 1596; x_wconf 84' lang='lat'>&#39;</span> 
     </span>
    </p>
   </div>
   <div class='ocr_carea' id='block_1_30' title="bbox 1827 1661 3367 1740">
    <p class='ocr_par' dir='ltr' id='par_1_30' title="bbox 1827 1661 3367 1740">
     <span class='ocr_line' id='line_1_30' title="bbox 1827 1661 3367 1740; baseline 0.008 -27"><span class='ocrx_word' id='word_1_190' title='bbox 1827 1663 2032 1716; x_wconf 90' lang='lat' dir='ltr'><strong>cioncm</strong></span> <span class='ocrx_word' id='word_1_191' title='bbox 2073 1661 2236 1716; x_wconf 90' lang='lat' dir='ltr'><strong>deleri</strong></span> <span class='ocrx_word' id='word_1_192' title='bbox 2267 1663 2483 1718; x_wconf 87' lang='lat' dir='ltr'><strong>sineret.</strong></span> <span class='ocrx_word' id='word_1_193' title='bbox 2549 1664 2797 1726; x_wconf 82' lang='lat' dir='ltr'><strong>Liberata</strong></span> <span class='ocrx_word' id='word_1_194' title='bbox 2855 1668 2921 1722; x_wconf 85' lang='lat' dir='ltr'><strong>ab</strong></span> <span class='ocrx_word' id='word_1_195' title='bbox 2969 1668 3146 1724; x_wconf 88' lang='lat' dir='ltr'><strong>hostili</strong></span> <span class='ocrx_word' id='word_1_196' title='bbox 3201 1687 3367 1740; x_wconf 84' lang='lat' dir='ltr'><strong>Oppu-</strong></span> 
     </span>
    </p>
   </div>
   <div class='ocr_carea' id='block_1_31' title="bbox 1825 1754 3367 1827">
    <p class='ocr_par' dir='ltr' id='par_1_31' title="bbox 1825 1754 3367 1827">
     <span class='ocr_line' id='line_1_31' title="bbox 1825 1754 3367 1827; baseline 0.006 -19"><span class='ocrx_word' id='word_1_197' title='bbox 1825 1757 2074 1820; x_wconf 74' lang='lat' dir='ltr'><strong>gnatione</strong></span> <span class='ocrx_word' id='word_1_198' title='bbox 2097 1755 2310 1822; x_wconf 88' lang='lat' dir='ltr'><strong>Tocaio,</strong></span> <span class='ocrx_word' id='word_1_199' title='bbox 2364 1754 2718 1827; x_wconf 75' lang='lat' dir='ltr'><strong>Bamingerus</strong></span> <span class='ocrx_word' id='word_1_200' title='bbox 2738 1760 2788 1812; x_wconf 90' lang='lat' dir='ltr'><strong>in</strong></span> <span class='ocrx_word' id='word_1_201' title='bbox 2817 1762 3162 1818; x_wconf 75' lang='lat' dir='ltr'><strong>abscedentes</strong></span> <span class='ocrx_word' id='word_1_202' title='bbox 3183 1782 3367 1819; x_wconf 90' lang='lat' dir='ltr'><strong>crum-</strong></span> 
     </span>
    </p>
   </div>
   <div class='ocr_carea' id='block_1_32' title="bbox 1828 1847 3366 1924">
    <p class='ocr_par' dir='ltr' id='par_1_32' title="bbox 1828 1847 3366 1924">
     <span class='ocr_line' id='line_1_32' title="bbox 1828 1847 3366 1924; baseline 0.008 -26"><span class='ocrx_word' id='word_1_203' title='bbox 1828 1862 1979 1913; x_wconf 89' lang='lat' dir='ltr'><strong>pens.</strong></span> <span class='ocrx_word' id='word_1_204' title='bbox 2001 1847 2243 1914; x_wconf 89' lang='lat' dir='ltr'><strong>pluribus</strong></span> <span class='ocrx_word' id='word_1_205' title='bbox 2268 1849 2451 1907; x_wconf 70' lang='lat' dir='ltr'><strong>caesis.</strong></span> <span class='ocrx_word' id='word_1_206' title='bbox 2478 1850 2714 1916; x_wconf 86' lang='lat' dir='ltr'><strong>reliquos</strong></span> <span class='ocrx_word' id='word_1_207' title='bbox 2761 1853 2999 1921; x_wconf 75' lang='lat' dir='ltr'><strong>palantes</strong></span> <span class='ocrx_word' id='word_1_208' title='bbox 3026 1863 3077 1907; x_wconf 86' lang='lat' dir='ltr'><strong>et</strong></span> <span class='ocrx_word' id='word_1_209' title='bbox 3130 1856 3366 1924; x_wconf 87' lang='lat' dir='ltr'><strong>trepidos</strong></span> 
     </span>
    </p>
   </div>
   <div class='ocr_carea' id='block_1_33' title="bbox 179 1904 3362 2012">
    <p class='ocr_par' dir='ltr' id='par_1_33' title="bbox 179 1904 3362 2012">
     <span class='ocr_line' id='line_1_33' title="bbox 179 1904 3362 2012; baseline 0.007 -36"><span class='ocrx_word' id='word_1_210' title='bbox 179 1942 417 1991; x_wconf 84' lang='lat' dir='ltr'><strong>quorum</strong></span> <span class='ocrx_word' id='word_1_211' title='bbox 449 1938 590 1996; x_wconf 75' lang='lat' dir='ltr'><strong>terga</strong></span> <span class='ocrx_word' id='word_1_212' title='bbox 625 1929 794 1998; x_wconf 82' lang='lat' dir='ltr'><strong>plebis</strong></span> <span class='ocrx_word' id='word_1_213' title='bbox 827 1904 1031 1988; x_wconf 78' lang='lat' dir='ltr'><strong>infinita</strong></span> <span class='ocrx_word' id='word_1_214' title='bbox 1079 1904 1367 1986; x_wconf 70' lang='lat' dir='ltr'><strong>multitudo</strong></span> <span class='ocrx_word' id='word_1_215' title='bbox 1422 1904 1722 1991; x_wconf 72' lang='lat' dir='ltr'><strong>claudebat.</strong></span> <span class='ocrx_word' id='word_1_216' title='bbox 1756 1904 1797 1959; x_wconf 69' lang='grc' dir='ltr'><strong><em>Β</em></strong></span> <span class='ocrx_word' id='word_1_217' title='bbox 1828 1904 2048 2001; x_wconf 72' lang='lat' dir='ltr'><strong>fugavit.</strong></span> <span class='ocrx_word' id='word_1_218' title='bbox 2081 1936 2187 1992; x_wconf 84' lang='lat' dir='ltr'><strong>Nec</strong></span> <span class='ocrx_word' id='word_1_219' title='bbox 2216 1954 2401 2004; x_wconf 87' lang='lat' dir='ltr'><strong>parum</strong></span> <span class='ocrx_word' id='word_1_220' title='bbox 2425 1904 2707 1991; x_wconf 50' lang='lat' dir='ltr'><strong>Erdeli&#39;ano</strong></span> <span class='ocrx_word' id='word_1_221' title='bbox 2739 1904 2859 1994; x_wconf 66' lang='lat' dir='ltr'><strong>eum</strong></span> <span class='ocrx_word' id='word_1_222' title='bbox 2899 1944 3047 2000; x_wconf 88' lang='lat' dir='ltr'><strong>hisce</strong></span> <span class='ocrx_word' id='word_1_223' title='bbox 3078 1904 3362 2012; x_wconf 56' lang='lat' dir='ltr'><strong>Tataiicis,</strong></span> 
     </span>
    </p>
   </div>
   <div class='ocr_carea' id='block_1_34' title="bbox 177 2015 1722 2093">
    <p class='ocr_par' dir='ltr' id='par_1_34' title="bbox 177 2015 1722 2093">
     <span class='ocr_line' id='line_1_34' title="bbox 177 2015 1722 2093; baseline 0.008 -25"><span class='ocrx_word' id='word_1_224' title='bbox 177 2015 501 2086; x_wconf 84' lang='lat' dir='ltr'><strong>Exemptam</strong></span> <span class='ocrx_word' id='word_1_225' title='bbox 529 2035 557 2072; x_wconf 90' lang='lat' dir='ltr'><strong>e</strong></span> <span class='ocrx_word' id='word_1_226' title='bbox 597 2035 756 2073; x_wconf 88' lang='lat' dir='ltr'><strong>curru</strong></span> <span class='ocrx_word' id='word_1_227' title='bbox 781 2023 1108 2090; x_wconf 86' lang='lat' dir='ltr'><strong>sandapilam</strong></span> <span class='ocrx_word' id='word_1_228' title='bbox 1145 2025 1223 2076; x_wconf 88' lang='lat' dir='ltr'><strong>vel</strong></span> <span class='ocrx_word' id='word_1_229' title='bbox 1282 2040 1459 2078; x_wconf 87' lang='lat' dir='ltr'><strong>arcam</strong></span> <span class='ocrx_word' id='word_1_230' title='bbox 1495 2026 1722 2093; x_wconf 83' lang='lat' dir='ltr'><strong>ligneam</strong></span> 
     </span>
    </p>
   </div>
   <div class='ocr_carea' id='block_1_35' title="bbox 179 2108 1721 2178">
    <p class='ocr_par' dir='ltr' id='par_1_35' title="bbox 179 2108 1721 2178">
     <span class='ocr_line' id='line_1_35' title="bbox 179 2108 1721 2178; baseline 0.006 -21"><span class='ocrx_word' id='word_1_231' title='bbox 179 2108 437 2176; x_wconf 58' lang='lat' dir='ltr'><strong>praecipui</strong></span> <span class='ocrx_word' id='word_1_232' title='bbox 465 2109 579 2178; x_wconf 73' lang='grc' dir='ltr'><strong>ι)ρεὶ</strong></span> <span class='ocrx_word' id='word_1_233' title='bbox 616 2123 708 2175; x_wconf 87' lang='lat' dir='ltr'><strong>per</strong></span> <span class='ocrx_word' id='word_1_234' title='bbox 730 2110 897 2174; x_wconf 84' lang='lat' dir='ltr'><strong>vices,</strong></span> <span class='ocrx_word' id='word_1_235' title='bbox 924 2122 1223 2164; x_wconf 90' lang='lat' dir='ltr'><strong>erectarum</strong></span> <span class='ocrx_word' id='word_1_236' title='bbox 1251 2115 1301 2165; x_wconf 90' lang='lat' dir='ltr'><strong>in</strong></span> <span class='ocrx_word' id='word_1_237' title='bbox 1342 2115 1574 2168; x_wconf 87' lang='lat' dir='ltr'><strong>sublime</strong></span> <span class='ocrx_word' id='word_1_238' title='bbox 1605 2131 1721 2166; x_wconf 87' lang='lat' dir='ltr'><strong>ma-</strong></span> 
     </span>
    </p>
   </div>
   <div class='ocr_carea' id='block_1_36' title="bbox 179 2199 1723 2270">
    <p class='ocr_par' dir='ltr' id='par_1_36' title="bbox 179 2199 1723 2270">
     <span class='ocr_line' id='line_1_36' title="bbox 179 2199 1723 2270; baseline 0.006 -23"><span class='ocrx_word' id='word_1_239' title='bbox 179 2212 351 2249; x_wconf 90' lang='lat' dir='ltr'><strong>nuum</strong></span> <span class='ocrx_word' id='word_1_240' title='bbox 371 2199 561 2265; x_wconf 87' lang='lat' dir='ltr'><strong>palmis</strong></span> <span class='ocrx_word' id='word_1_241' title='bbox 585 2199 910 2262; x_wconf 76' lang='lat' dir='ltr'><strong>sustinuere;</strong></span> <span class='ocrx_word' id='word_1_242' title='bbox 959 2201 1147 2268; x_wconf 88' lang='lat' dir='ltr'><strong>sicque</strong></span> <span class='ocrx_word' id='word_1_243' title='bbox 1184 2217 1281 2270; x_wconf 86' lang='lat' dir='ltr'><strong>per</strong></span> <span class='ocrx_word' id='word_1_244' title='bbox 1305 2203 1490 2256; x_wconf 91' lang='lat' dir='ltr'><strong>urbem</strong></span> <span class='ocrx_word' id='word_1_245' title='bbox 1551 2212 1723 2270; x_wconf 76' lang='lat' dir='ltr'><strong>gesta-</strong></span> 
     </span>
    </p>
   </div>
   <div class='ocr_carea' id='block_1_37' title="bbox 178 2288 1717 2359">
    <p class='ocr_par' dir='ltr' id='par_1_37' title="bbox 178 2288 1717 2359">
     <span class='ocr_line' id='line_1_37' title="bbox 178 2288 1717 2359; baseline 0.005 -21"><span class='ocrx_word' id='word_1_246' title='bbox 178 2297 304 2340; x_wconf 91' lang='lat' dir='ltr'><strong>runt</strong></span> <span class='ocrx_word' id='word_1_247' title='bbox 343 2305 356 2339; x_wconf 90' lang='lat'><strong>:</strong></span> <span class='ocrx_word' id='word_1_248' title='bbox 388 2288 940 2359; x_wconf 82' lang='lat' dir='ltr'><strong>ejulantibusinterim</strong></span> <span class='ocrx_word' id='word_1_249' title='bbox 963 2290 1303 2351; x_wconf 84' lang='lat' dir='ltr'><strong>Talismanis,</strong></span> <span class='ocrx_word' id='word_1_250' title='bbox 1341 2291 1475 2344; x_wconf 87' lang='lat' dir='ltr'><strong>etad</strong></span> <span class='ocrx_word' id='word_1_251' title='bbox 1504 2291 1717 2347; x_wconf 85' lang='lat' dir='ltr'><strong>Zunam</strong></span> 
     </span>
    </p>
   </div>
   <div class='ocr_carea' id='block_1_38' title="bbox 177 2378 1719 2446">
    <p class='ocr_par' dir='ltr' id='par_1_38' title="bbox 177 2378 1719 2446">
     <span class='ocr_line' id='line_1_38' title="bbox 177 2378 1719 2446; baseline 0.005 -19"><span class='ocrx_word' id='word_1_252' title='bbox 177 2393 355 2442; x_wconf 83' lang='lat' dir='ltr'><strong>usque</strong></span> <span class='ocrx_word' id='word_1_253' title='bbox 388 2378 586 2431; x_wconf 84' lang='lat' dir='ltr'><strong>Iessum</strong></span> <span class='ocrx_word' id='word_1_254' title='bbox 628 2379 936 2446; x_wconf 68' lang='lat' dir='ltr'><strong>quemdam,</strong></span> <span class='ocrx_word' id='word_1_255' title='bbox 968 2380 1343 2433; x_wconf 82' lang='lat' dir='ltr'><strong>Mahumetano</strong></span> <span class='ocrx_word' id='word_1_256' title='bbox 1371 2381 1495 2442; x_wconf 93' lang='lat' dir='ltr'><strong>ritu,</strong></span> <span class='ocrx_word' id='word_1_257' title='bbox 1520 2382 1719 2436; x_wconf 90' lang='lat' dir='ltr'><strong>lamen-</strong></span> 
     </span>
    </p>
   </div>
   <div class='ocr_carea' id='block_1_39' title="bbox 179 2465 1716 2533">
    <p class='ocr_par' dir='ltr' id='par_1_39' title="bbox 179 2465 1716 2533">
     <span class='ocr_line' id='line_1_39' title="bbox 179 2465 1716 2533; baseline 0.005 -18"><span class='ocrx_word' id='word_1_258' title='bbox 179 2465 332 2517; x_wconf 84' lang='lat' dir='ltr'><strong>tabili</strong></span> <span class='ocrx_word' id='word_1_259' title='bbox 369 2479 492 2518; x_wconf 82' lang='lat' dir='ltr'><strong>voce</strong></span> <span class='ocrx_word' id='word_1_260' title='bbox 527 2465 952 2521; x_wconf 87' lang='lat' dir='ltr'><strong>concinentibus.</strong></span> <span class='ocrx_word' id='word_1_261' title='bbox 984 2466 1115 2520; x_wconf 82' lang='lat' dir='ltr'><strong>llinc</strong></span> <span class='ocrx_word' id='word_1_262' title='bbox 1147 2467 1443 2533; x_wconf 84' lang='lat' dir='ltr'><strong>depositum</strong></span> <span class='ocrx_word' id='word_1_263' title='bbox 1488 2470 1536 2521; x_wconf 92' lang='lat' dir='ltr'><strong>in</strong></span> <span class='ocrx_word' id='word_1_264' title='bbox 1571 2469 1716 2522; x_wconf 87' lang='lat' dir='ltr'><strong>Zuna</strong></span> 
     </span>
    </p>
   </div>
   <div class='ocr_carea' id='block_1_40' title="bbox 177 2559 1734 2630">
    <p class='ocr_par' dir='ltr' id='par_1_40' title="bbox 177 2559 1734 2630">
     <span class='ocr_line' id='line_1_40' title="bbox 177 2559 1734 2630; baseline 0.003 -20"><span class='ocrx_word' id='word_1_265' title='bbox 177 2560 430 2621; x_wconf 80' lang='lat' dir='ltr'><strong>cadaver,</strong></span> <span class='ocrx_word' id='word_1_266' title='bbox 461 2561 717 2614; x_wconf 88' lang='lat' dir='ltr'><strong>instratus</strong></span> <span class='ocrx_word' id='word_1_267' title='bbox 745 2559 1031 2628; x_wconf 70' lang='lat' dir='ltr'><strong>sandapila:</strong></span> <span class='ocrx_word' id='word_1_268' title='bbox 1056 2576 1260 2626; x_wconf 86' lang='lat' dir='ltr'><strong>pannus</strong></span> <span class='ocrx_word' id='word_1_269' title='bbox 1291 2561 1554 2629; x_wconf 83' lang='lat' dir='ltr'><strong>cymatilis</strong></span> <span class='ocrx_word' id='word_1_270' title='bbox 1583 2577 1734 2630; x_wconf 47' lang='lat' dir='ltr'><strong>prter</strong></span> 
     </span>
    </p>
   </div>
   <div class='ocr_carea' id='block_1_41' title="bbox 173 2649 1709 2718">
    <p class='ocr_par' dir='ltr' id='par_1_41' title="bbox 173 2649 1709 2718">
     <span class='ocr_line' id='line_1_41' title="bbox 173 2649 1709 2718; baseline 0.003 -17"><span class='ocrx_word' id='word_1_271' title='bbox 173 2649 564 2713; x_wconf 80' lang='lat' dir='ltr'><strong>stantissimus,</strong></span> <span class='ocrx_word' id='word_1_272' title='bbox 598 2660 650 2703; x_wconf 88' lang='lat' dir='ltr'><strong>et</strong></span> <span class='ocrx_word' id='word_1_273' title='bbox 680 2666 841 2718; x_wconf 83' lang='lat' dir='ltr'><strong>supra</strong></span> <span class='ocrx_word' id='word_1_274' title='bbox 864 2652 1007 2704; x_wconf 88' lang='lat' dir='ltr'><strong>hunc</strong></span> <span class='ocrx_word' id='word_1_275' title='bbox 1029 2651 1168 2704; x_wconf 88' lang='lat' dir='ltr'><strong>alius</strong></span> <span class='ocrx_word' id='word_1_276' title='bbox 1189 2665 1322 2703; x_wconf 85' lang='lat' dir='ltr'><strong>auro</strong></span> <span class='ocrx_word' id='word_1_277' title='bbox 1355 2651 1709 2717; x_wconf 81' lang='lat' dir='ltr'><strong>intertextus;</strong></span> 
     </span>
    </p>
   </div>
   <div class='ocr_carea' id='block_1_42' title="bbox 173 2739 1712 2809">
    <p class='ocr_par' dir='ltr' id='par_1_42' title="bbox 173 2739 1712 2809">
     <span class='ocr_line' id='line_1_42' title="bbox 173 2739 1712 2809; baseline 0.001 -17"><span class='ocrx_word' id='word_1_278' title='bbox 173 2740 242 2792; x_wconf 88' lang='lat' dir='ltr'><strong>ad</strong></span> <span class='ocrx_word' id='word_1_279' title='bbox 279 2740 424 2793; x_wconf 87' lang='lat' dir='ltr'><strong>latus</strong></span> <span class='ocrx_word' id='word_1_280' title='bbox 451 2740 642 2794; x_wconf 69' lang='lat' dir='ltr'><strong>acina:</strong></span> <span class='ocrx_word' id='word_1_281' title='bbox 676 2739 902 2809; x_wconf 89' lang='lat' dir='ltr'><strong>positus,</strong></span> <span class='ocrx_word' id='word_1_282' title='bbox 932 2741 1094 2794; x_wconf 85' lang='lat' dir='ltr'><strong>index</strong></span> <span class='ocrx_word' id='word_1_283' title='bbox 1121 2743 1355 2809; x_wconf 78' lang='lat' dir='ltr'><strong>profusae</strong></span> <span class='ocrx_word' id='word_1_284' title='bbox 1389 2742 1528 2795; x_wconf 89' lang='lat' dir='ltr'><strong>bello</strong></span> <span class='ocrx_word' id='word_1_285' title='bbox 1553 2742 1712 2809; x_wconf 69' lang='lat' dir='ltr'><strong>vitae;</strong></span> 
     </span>
    </p>
   </div>
   <div class='ocr_carea' id='block_1_43' title="bbox 173 2834 1716 2903">
    <p class='ocr_par' dir='ltr' id='par_1_43' title="bbox 173 2834 1716 2903">
     <span class='ocr_line' id='line_1_43' title="bbox 173 2834 1716 2903; baseline 0 -16"><span class='ocrx_word' id='word_1_286' title='bbox 173 2839 237 2887; x_wconf 46' lang='lat' dir='ltr'><strong>ait</strong></span> <span class='ocrx_word' id='word_1_287' title='bbox 278 2843 457 2902; x_wconf 85' lang='lat' dir='ltr'><strong>caput.</strong></span> <span class='ocrx_word' id='word_1_288' title='bbox 491 2834 805 2888; x_wconf 79' lang='lat' dir='ltr'><strong>cnllocatum</strong></span> <span class='ocrx_word' id='word_1_289' title='bbox 834 2851 864 2888; x_wconf 92' lang='lat' dir='ltr'><strong>e</strong></span> <span class='ocrx_word' id='word_1_290' title='bbox 888 2836 995 2889; x_wconf 89' lang='lat' dir='ltr'><strong>lino</strong></span> <span class='ocrx_word' id='word_1_291' title='bbox 1023 2837 1396 2898; x_wconf 82' lang='lat' dir='ltr'><strong>subtilissime,</strong></span> <span class='ocrx_word' id='word_1_292' title='bbox 1429 2835 1588 2903; x_wconf 89' lang='lat' dir='ltr'><strong>spiris</strong></span> <span class='ocrx_word' id='word_1_293' title='bbox 1624 2850 1716 2903; x_wconf 88' lang='lat' dir='ltr'><strong>ap-</strong></span> 
     </span>
    </p>
   </div>
   <div class='ocr_carea' id='block_1_44' title="bbox 172 2927 1715 2993">
    <p class='ocr_par' dir='ltr' id='par_1_44' title="bbox 172 2927 1715 2993">
     <span class='ocr_line' id='line_1_44' title="bbox 172 2927 1715 2993; baseline 0 -13"><span class='ocrx_word' id='word_1_294' title='bbox 172 2939 341 2981; x_wconf 76' lang='lat' dir='ltr'><strong>tatum</strong></span> <span class='ocrx_word' id='word_1_295' title='bbox 376 2927 773 2980; x_wconf 86' lang='lat' dir='ltr'><strong>candidissimis</strong></span> <span class='ocrx_word' id='word_1_296' title='bbox 809 2927 1148 2993; x_wconf 87' lang='lat' dir='ltr'><strong>tulipantum,</strong></span> <span class='ocrx_word' id='word_1_297' title='bbox 1176 2943 1278 2992; x_wconf 89' lang='lat' dir='ltr'><strong>quo</strong></span> <span class='ocrx_word' id='word_1_298' title='bbox 1304 2928 1452 2980; x_wconf 87' lang='lat' dir='ltr'><strong>vivus</strong></span> <span class='ocrx_word' id='word_1_299' title='bbox 1480 2930 1550 2980; x_wconf 91' lang='lat' dir='ltr'><strong>uti</strong></span> <span class='ocrx_word' id='word_1_300' title='bbox 1588 2943 1715 2981; x_wconf 89' lang='lat' dir='ltr'><strong>con-</strong></span> 
     </span>
    </p>
   </div>
   <div class='ocr_carea' id='block_1_45' title="bbox 172 3017 1708 3085">
    <p class='ocr_par' dir='ltr' id='par_1_45' title="bbox 172 3017 1708 3085">
     <span class='ocr_line' id='line_1_45' title="bbox 172 3017 1708 3085; baseline -0.001 -15"><span class='ocrx_word' id='word_1_301' title='bbox 172 3026 376 3078; x_wconf 87' lang='lat' dir='ltr'><strong>suerat.</strong></span> <span class='ocrx_word' id='word_1_302' title='bbox 421 3032 540 3070; x_wconf 91' lang='lat' dir='ltr'><strong>cum</strong></span> <span class='ocrx_word' id='word_1_303' title='bbox 579 3017 745 3085; x_wconf 71' lang='lat' dir='ltr'><strong>nigris</strong></span> <span class='ocrx_word' id='word_1_304' title='bbox 777 3017 1057 3068; x_wconf 83' lang='lat' dir='ltr'><strong>ardearum</strong></span> <span class='ocrx_word' id='word_1_305' title='bbox 1095 3018 1282 3084; x_wconf 81' lang='lat' dir='ltr'><strong>pennis</strong></span> <span class='ocrx_word' id='word_1_306' title='bbox 1317 3018 1708 3082; x_wconf 76' lang='lat' dir='ltr'><strong>Selectissimis;</strong></span> 
     </span>
    </p>
   </div>
   <div class='ocr_carea' id='block_1_46' title="bbox 172 3109 1711 3179">
    <p class='ocr_par' dir='ltr' id='par_1_46' title="bbox 172 3109 1711 3179">
     <span class='ocr_line' id='line_1_46' title="bbox 172 3109 1711 3179; baseline 0.003 -21"><span class='ocrx_word' id='word_1_307' title='bbox 172 3126 309 3175; x_wconf 86' lang='lat' dir='ltr'><strong>pone</strong></span> <span class='ocrx_word' id='word_1_308' title='bbox 342 3120 524 3179; x_wconf 79' lang='lat' dir='ltr'><strong>caput,</strong></span> <span class='ocrx_word' id='word_1_309' title='bbox 557 3110 608 3161; x_wconf 92' lang='lat' dir='ltr'><strong>in</strong></span> <span class='ocrx_word' id='word_1_310' title='bbox 651 3110 961 3176; x_wconf 88' lang='lat' dir='ltr'><strong>pavimento</strong></span> <span class='ocrx_word' id='word_1_311' title='bbox 994 3109 1148 3175; x_wconf 88' lang='lat' dir='ltr'><strong>positi</strong></span> <span class='ocrx_word' id='word_1_312' title='bbox 1202 3123 1323 3159; x_wconf 90' lang='lat' dir='ltr'><strong>cum</strong></span> <span class='ocrx_word' id='word_1_313' title='bbox 1373 3109 1711 3163; x_wconf 76' lang='lat' dir='ltr'><strong>candelabris</strong></span> 
     </span>
    </p>
   </div>
   <div class='ocr_carea' id='block_1_47' title="bbox 1825 2023 3357 2101">
    <p class='ocr_par' dir='ltr' id='par_1_47' title="bbox 1825 2023 3357 2101">
     <span class='ocr_line' id='line_1_47' title="bbox 1825 2023 3357 2101; baseline 0.009 -26"><span class='ocrx_word' id='word_1_314' title='bbox 1825 2023 2518 2095; x_wconf 73' lang='lat' dir='ltr'><strong>Tui-eicis,Valachicisque</strong></span> <span class='ocrx_word' id='word_1_315' title='bbox 2579 2030 2749 2094; x_wconf 84' lang='lat' dir='ltr'><strong>copiis</strong></span> <span class='ocrx_word' id='word_1_316' title='bbox 2817 2033 3011 2101; x_wconf 72' lang='lat' dir='ltr'><strong>negotii</strong></span> <span class='ocrx_word' id='word_1_317' title='bbox 3070 2035 3186 2100; x_wconf 89' lang='lat' dir='ltr'><strong>fuit,</strong></span> <span class='ocrx_word' id='word_1_318' title='bbox 3237 2052 3357 2090; x_wconf 92' lang='lat' dir='ltr'><strong>cum</strong></span> 
     </span>
    </p>
   </div>
   <div class='ocr_carea' id='block_1_48' title="bbox 1821 2104 3359 2182">
    <p class='ocr_par' dir='ltr' id='par_1_48' title="bbox 1821 2104 3359 2182">
     <span class='ocr_line' id='line_1_48' title="bbox 1821 2104 3359 2182; baseline 0.011 -16"><span class='ocrx_word' id='word_1_319' title='bbox 1821 2115 2222 2181; x_wconf 85' lang='lat' dir='ltr'><strong>aliquoteorum</strong></span> <span class='ocrx_word' id='word_1_320' title='bbox 2254 2117 2418 2182; x_wconf 82' lang='lat' dir='ltr'><strong>millia</strong></span> <span class='ocrx_word' id='word_1_321' title='bbox 2457 2118 2768 2182; x_wconf 84' lang='lat' dir='ltr'><strong>trucidaret,</strong></span> <span class='ocrx_word' id='word_1_322' title='bbox 2807 2135 2870 2175; x_wconf 90' lang='lat' dir='ltr'><strong>ac</strong></span> <span class='ocrx_word' id='word_1_323' title='bbox 2898 2104 3151 2180; x_wconf 67' lang='lat' dir='ltr'><strong>Varadini</strong></span> <span class='ocrx_word' id='word_1_324' title='bbox 3190 2128 3359 2182; x_wconf 80' lang='lat' dir='ltr'><strong>vicis-</strong></span> 
     </span>
    </p>
   </div>
   <div class='ocr_carea' id='block_1_49' title="bbox 1821 2200 3390 2282">
    <p class='ocr_par' dir='ltr' id='par_1_49' title="bbox 1821 2200 3390 2282">
     <span class='ocr_line' id='line_1_49' title="bbox 1821 2200 3390 2282; baseline 0.008 -25"><span class='ocrx_word' id='word_1_325' title='bbox 1821 2205 1920 2257; x_wconf 89' lang='lat' dir='ltr'><strong>sim</strong></span> <span class='ocrx_word' id='word_1_326' title='bbox 1955 2207 2020 2257; x_wconf 88' lang='lat' dir='ltr'><strong>ah</strong></span> <span class='ocrx_word' id='word_1_327' title='bbox 2046 2206 2124 2261; x_wconf 88' lang='lat' dir='ltr'><strong>eis</strong></span> <span class='ocrx_word' id='word_1_328' title='bbox 2149 2206 2515 2261; x_wconf 87' lang='lat' dir='ltr'><strong>obsideretur.</strong></span> <span class='ocrx_word' id='word_1_329' title='bbox 2550 2207 2701 2261; x_wconf 83' lang='lat' dir='ltr'><strong>Unde</strong></span> <span class='ocrx_word' id='word_1_330' title='bbox 2732 2211 2854 2278; x_wconf 76' lang='lat' dir='ltr'><strong>fuga</strong></span> <span class='ocrx_word' id='word_1_331' title='bbox 2874 2211 3136 2282; x_wconf 85' lang='lat' dir='ltr'><strong>dilapsus,</strong></span> <span class='ocrx_word' id='word_1_332' title='bbox 3157 2217 3355 2269; x_wconf 87' lang='lat' dir='ltr'><strong>recenti</strong></span> <span class='ocrx_word' id='word_1_333' title='bbox 3377 2200 3390 2205; x_wconf 59' lang='grc'><em>’</em></span> 
     </span>
    </p>
   </div>
   <div class='ocr_carea' id='block_1_50' title="bbox 1819 2283 3357 2374">
    <p class='ocr_par' dir='ltr' id='par_1_50' title="bbox 1819 2297 3357 2374">
     <span class='ocr_line' id='line_1_50' title="bbox 1819 2297 3357 2374; baseline 0.008 -25"><span class='ocrx_word' id='word_1_334' title='bbox 1819 2297 1999 2350; x_wconf 83' lang='lat' dir='ltr'><strong>coacta</strong></span> <span class='ocrx_word' id='word_1_335' title='bbox 2027 2314 2244 2352; x_wconf 89' lang='lat' dir='ltr'><strong>suorum</strong></span> <span class='ocrx_word' id='word_1_336' title='bbox 2275 2315 2459 2363; x_wconf 90' lang='lat' dir='ltr'><strong>manu,</strong></span> <span class='ocrx_word' id='word_1_337' title='bbox 2502 2317 2690 2361; x_wconf 80' lang='lat' dir='ltr'><strong>rursus</strong></span> <span class='ocrx_word' id='word_1_338' title='bbox 2747 2305 2887 2358; x_wconf 90' lang='lat' dir='ltr'><strong>haud</strong></span> <span class='ocrx_word' id='word_1_339' title='bbox 2913 2305 3157 2374; x_wconf 74' lang='lat' dir='ltr'><strong>exiguam</strong></span> <span class='ocrx_word' id='word_1_340' title='bbox 3217 2308 3357 2374; x_wconf 88' lang='lat' dir='ltr'><strong>ipso-</strong></span> 
     </span>
    </p>
   </div>
   <div class='ocr_carea' id='block_1_51' title="bbox 1820 2390 3351 2463">
    <p class='ocr_par' dir='ltr' id='par_1_51' title="bbox 1820 2390 3351 2463">
     <span class='ocr_line' id='line_1_51' title="bbox 1820 2390 3351 2463; baseline 0.009 -23"><span class='ocrx_word' id='word_1_341' title='bbox 1820 2405 1935 2442; x_wconf 91' lang='lat' dir='ltr'><strong>rum</strong></span> <span class='ocrx_word' id='word_1_342' title='bbox 1966 2397 2196 2458; x_wconf 85' lang='lat' dir='ltr'><strong>stragem</strong></span> <span class='ocrx_word' id='word_1_343' title='bbox 2219 2390 2386 2444; x_wconf 89' lang='lat' dir='ltr'><strong>edidit</strong></span> <span class='ocrx_word' id='word_1_344' title='bbox 2423 2407 2596 2463; x_wconf 49' lang='lat' dir='ltr'><strong>aqua</strong></span> <span class='ocrx_word' id='word_1_345' title='bbox 2635 2394 2849 2461; x_wconf 83' lang='lat' dir='ltr'><strong>demum</strong></span> <span class='ocrx_word' id='word_1_346' title='bbox 2882 2397 3078 2462; x_wconf 87' lang='lat' dir='ltr'><strong>territi,</strong></span> <span class='ocrx_word' id='word_1_347' title='bbox 3113 2412 3278 2455; x_wconf 88' lang='lat' dir='ltr'><strong>semet</strong></span> <span class='ocrx_word' id='word_1_348' title='bbox 3301 2404 3351 2454; x_wconf 91' lang='lat' dir='ltr'><strong>iu</strong></span> 
     </span>
    </p>
   </div>
   <div class='ocr_carea' id='block_1_52' title="bbox 1817 2475 3350 2543">
    <p class='ocr_par' dir='ltr' id='par_1_52' title="bbox 1817 2475 3350 2543">
     <span class='ocr_line' id='line_1_52' title="bbox 1817 2475 3350 2543; baseline 0.007 -16"><span class='ocrx_word' id='word_1_349' title='bbox 1817 2475 2087 2530; x_wconf 81' lang='lat' dir='ltr'><strong>Podoliam</strong></span> <span class='ocrx_word' id='word_1_350' title='bbox 2116 2487 2172 2530; x_wconf 88' lang='lat' dir='ltr'><strong>et</strong></span> <span class='ocrx_word' id='word_1_351' title='bbox 2215 2475 2462 2532; x_wconf 74' lang='lat' dir='ltr'><strong>Bossiam</strong></span> <span class='ocrx_word' id='word_1_352' title='bbox 2529 2479 2852 2543; x_wconf 86' lang='lat' dir='ltr'><strong>effuderunt,</strong></span> <span class='ocrx_word' id='word_1_353' title='bbox 2905 2482 2993 2536; x_wconf 89' lang='lat' dir='ltr'><strong>ubi</strong></span> <span class='ocrx_word' id='word_1_354' title='bbox 3055 2485 3350 2539; x_wconf 83' lang='lat' dir='ltr'><strong>crudelium</strong></span> 
     </span>
    </p>
   </div>
   <div class='ocr_carea' id='block_1_53' title="bbox 1817 2568 3354 2638">
    <p class='ocr_par' dir='ltr' id='par_1_53' title="bbox 1817 2568 3354 2638">
     <span class='ocr_line' id='line_1_53' title="bbox 1817 2568 3354 2638; baseline 0.007 -19"><span class='ocrx_word' id='word_1_355' title='bbox 1817 2568 2107 2622; x_wconf 72' lang='lat' dir='ltr'><strong>belluarum</strong></span> <span class='ocrx_word' id='word_1_356' title='bbox 2129 2568 2390 2626; x_wconf 80' lang='lat' dir='ltr'><strong>immanes</strong></span> <span class='ocrx_word' id='word_1_357' title='bbox 2411 2570 2646 2638; x_wconf 77' lang='lat' dir='ltr'><strong>reliquiae</strong></span> <span class='ocrx_word' id='word_1_358' title='bbox 2677 2569 2888 2626; x_wconf 82' lang='lat' dir='ltr'><strong>fortiter</strong></span> <span class='ocrx_word' id='word_1_359' title='bbox 2909 2588 2939 2628; x_wconf 84' lang='lat' dir='ltr'><strong>a</strong></span> <span class='ocrx_word' id='word_1_360' title='bbox 2955 2573 3193 2629; x_wconf 81' lang='lat' dir='ltr'><strong>Palatino</strong></span> <span class='ocrx_word' id='word_1_361' title='bbox 3221 2575 3354 2630; x_wconf 69' lang='lat' dir='ltr'><strong>lius—</strong></span> 
     </span>
    </p>
   </div>
   <div class='ocr_carea' id='block_1_54' title="bbox 1816 2657 2658 2726">
    <p class='ocr_par' dir='ltr' id='par_1_54' title="bbox 1816 2657 2658 2726">
     <span class='ocr_line' id='line_1_54' title="bbox 1816 2657 2658 2726; baseline 0.001 -16"><span class='ocrx_word' id='word_1_362' title='bbox 1816 2671 1996 2710; x_wconf 68' lang='lat' dir='ltr'><strong>so&#39;tun</strong></span> <span class='ocrx_word' id='word_1_363' title='bbox 2028 2657 2322 2724; x_wconf 57' lang='lat' dir='ltr'><strong>debellata,</strong></span> <span class='ocrx_word' id='word_1_364' title='bbox 2361 2661 2658 2726; x_wconf 86' lang='lat' dir='ltr'><strong>perierunt.</strong></span> 
     </span>
    </p>
   </div>
   <div class='ocr_carea' id='block_1_55' title="bbox 1807 2747 3348 2825">
    <p class='ocr_par' dir='ltr' id='par_1_55' title="bbox 1807 2747 3348 2821">
     <span class='ocr_line' id='line_1_55' title="bbox 1807 2747 3348 2821; baseline 0.005 -23"><span class='ocrx_word' id='word_1_365' title='bbox 1807 2782 1812 2787; x_wconf 66' lang='grc' dir='ltr'><strong><em>ο</em></strong></span> <span class='ocrx_word' id='word_1_366' title='bbox 1884 2747 2003 2798; x_wconf 71' lang='lat' dir='ltr'><strong>Post</strong></span> <span class='ocrx_word' id='word_1_367' title='bbox 2043 2749 2336 2800; x_wconf 86' lang='lat' dir='ltr'><strong>discessum</strong></span> <span class='ocrx_word' id='word_1_368' title='bbox 2371 2749 2774 2809; x_wconf 38' lang='lat' dir='ltr'><strong>barbaricarum.</strong></span> <span class='ocrx_word' id='word_1_369' title='bbox 2807 2759 2857 2805; x_wconf 88' lang='lat' dir='ltr'><strong>et</strong></span> <span class='ocrx_word' id='word_1_370' title='bbox 2884 2749 3145 2819; x_wconf 80' lang='lat' dir='ltr'><strong>Erdcliani</strong></span> <span class='ocrx_word' id='word_1_371' title='bbox 3167 2755 3348 2821; x_wconf 73' lang='lat' dir='ltr'><strong>copia-</strong></span> 
     </span>
    </p>
   </div>
   <div class='ocr_carea' id='block_1_56' title="bbox 1815 2836 3349 2907">
    <p class='ocr_par' dir='ltr' id='par_1_56' title="bbox 1815 2836 3349 2907">
     <span class='ocr_line' id='line_1_56' title="bbox 1815 2836 3349 2907; baseline 0.007 -19"><span class='ocrx_word' id='word_1_372' title='bbox 1815 2852 1952 2900; x_wconf 86' lang='lat' dir='ltr'><strong>rum,</strong></span> <span class='ocrx_word' id='word_1_373' title='bbox 1983 2836 2252 2890; x_wconf 68' lang='lat' dir='ltr'><strong>Suendius</strong></span> <span class='ocrx_word' id='word_1_374' title='bbox 2281 2838 2392 2892; x_wconf 81' lang='lat' dir='ltr'><strong>suis</strong></span> <span class='ocrx_word' id='word_1_375' title='bbox 2413 2840 2586 2892; x_wconf 87' lang='lat' dir='ltr'><strong>media</strong></span> <span class='ocrx_word' id='word_1_376' title='bbox 2611 2841 2798 2894; x_wconf 87' lang='lat' dir='ltr'><strong>bruma</strong></span> <span class='ocrx_word' id='word_1_377' title='bbox 2830 2841 3127 2907; x_wconf 85' lang='lat' dir='ltr'><strong>productis,</strong></span> <span class='ocrx_word' id='word_1_378' title='bbox 3154 2847 3216 2896; x_wconf 88' lang='lat' dir='ltr'><strong>ad</strong></span> <span class='ocrx_word' id='word_1_379' title='bbox 3255 2847 3349 2899; x_wconf 89' lang='lat' dir='ltr'><strong>ob-</strong></span> 
     </span>
    </p>
   </div>
   <div class='ocr_carea' id='block_1_57' title="bbox 1810 2926 3350 2997">
    <p class='ocr_par' dir='ltr' id='par_1_57' title="bbox 1810 2926 3350 2997">
     <span class='ocr_line' id='line_1_57' title="bbox 1810 2926 3350 2997; baseline 0.005 -19"><span class='ocrx_word' id='word_1_380' title='bbox 1810 2927 2087 2981; x_wconf 87' lang='lat' dir='ltr'><strong>sidendum</strong></span> <span class='ocrx_word' id='word_1_381' title='bbox 2120 2926 2409 2982; x_wconf 81' lang='lat' dir='ltr'><strong>Zatuarum</strong></span> <span class='ocrx_word' id='word_1_382' title='bbox 2442 2929 2713 2997; x_wconf 89' lang='lat' dir='ltr'><strong>profectus</strong></span> <span class='ocrx_word' id='word_1_383' title='bbox 2784 2943 2888 2993; x_wconf 87' lang='lat' dir='ltr'><strong>est,</strong></span> <span class='ocrx_word' id='word_1_384' title='bbox 2939 2947 3170 2986; x_wconf 77' lang='lat' dir='ltr'><strong>castrum</strong></span> <span class='ocrx_word' id='word_1_385' title='bbox 3237 2954 3350 2986; x_wconf 88' lang='lat' dir='ltr'><strong>mo-</strong></span> 
     </span>
    </p>
   </div>
   <div class='ocr_carea' id='block_1_58' title="bbox 1811 3019 3403 3090">
    <p class='ocr_par' dir='ltr' id='par_1_58' title="bbox 1811 3019 3403 3090">
     <span class='ocr_line' id='line_1_58' title="bbox 1811 3019 3403 3090; baseline 0.004 -21"><span class='ocrx_word' id='word_1_386' title='bbox 1811 3019 1969 3071; x_wconf 69' lang='lat' dir='ltr'><strong>menii</strong></span> <span class='ocrx_word' id='word_1_387' title='bbox 1991 3034 2092 3072; x_wconf 89' lang='lat' dir='ltr'><strong>non</strong></span> <span class='ocrx_word' id='word_1_388' title='bbox 2119 3019 2268 3083; x_wconf 86' lang='lat' dir='ltr'><strong>levis,</strong></span> <span class='ocrx_word' id='word_1_389' title='bbox 2289 3020 2343 3073; x_wconf 90' lang='lat' dir='ltr'><strong>in</strong></span> <span class='ocrx_word' id='word_1_390' title='bbox 2366 3019 2556 3074; x_wconf 86' lang='lat' dir='ltr'><strong>Erdelii</strong></span> <span class='ocrx_word' id='word_1_391' title='bbox 2582 3023 2778 3079; x_wconf 79' lang='lat' dir='ltr'><strong>finibus</strong></span> <span class='ocrx_word' id='word_1_392' title='bbox 2819 3025 3009 3088; x_wconf 71' lang='lat' dir='ltr'><strong>situm,</strong></span> <span class='ocrx_word' id='word_1_393' title='bbox 3028 3025 3166 3090; x_wconf 79' lang='lat' dir='ltr'><strong>quod</strong></span> <span class='ocrx_word' id='word_1_394' title='bbox 3192 3028 3354 3077; x_wconf 72' lang='lat' dir='ltr'><strong>licor-</strong></span> <span class='ocrx_word' id='word_1_395' title='bbox 3401 3045 3403 3048; x_wconf 93' lang='grc'>·</span> 
     </span>
    </p>
   </div>
   <div class='ocr_carea' id='block_1_59' title="bbox 1809 3107 3349 3181">
    <p class='ocr_par' dir='ltr' id='par_1_59' title="bbox 1809 3107 3349 3181">
     <span class='ocr_line' id='line_1_59' title="bbox 1809 3107 3349 3181; baseline 0.006 -23"><span class='ocrx_word' id='word_1_396' title='bbox 1809 3108 1875 3176; x_wconf 75' lang='lat' dir='ltr'><strong>gii</strong></span> <span class='ocrx_word' id='word_1_397' title='bbox 1904 3107 2089 3162; x_wconf 75' lang='lat' dir='ltr'><strong>Bcbcci</strong></span> <span class='ocrx_word' id='word_1_398' title='bbox 2118 3108 2337 3163; x_wconf 84' lang='lat' dir='ltr'><strong>ditionis</strong></span> <span class='ocrx_word' id='word_1_399' title='bbox 2362 3120 2495 3176; x_wconf 77' lang='lat' dir='ltr'><strong>erat,</strong></span> <span class='ocrx_word' id='word_1_400' title='bbox 2533 3112 2764 3166; x_wconf 85' lang='lat' dir='ltr'><strong>hominis</strong></span> <span class='ocrx_word' id='word_1_401' title='bbox 2821 3112 3035 3178; x_wconf 86' lang='lat' dir='ltr'><strong>nefarii,</strong></span> <span class='ocrx_word' id='word_1_402' title='bbox 3101 3118 3190 3181; x_wconf 87' lang='lat' dir='ltr'><strong>qui</strong></span> <span class='ocrx_word' id='word_1_403' title='bbox 3238 3118 3349 3181; x_wconf 84' lang='lat' dir='ltr'><strong>pri~</strong></span> 
     </span>
    </p>
   </div>
   <div class='ocr_carea' id='block_1_60' title="bbox 172 3196 3340 3280">
    <p class='ocr_par' dir='ltr' id='par_1_60' title="bbox 172 3196 3340 3280">
     <span class='ocr_line' id='line_1_60' title="bbox 172 3196 3340 3280; baseline 0.001 -29"><span class='ocrx_word' id='word_1_404' title='bbox 172 3202 440 3266; x_wconf 71' lang='lat' dir='ltr'><strong>ingentes,</strong></span> <span class='ocrx_word' id='word_1_405' title='bbox 474 3199 790 3270; x_wconf 82' lang='lat' dir='ltr'><strong>pyramidali</strong></span> <span class='ocrx_word' id='word_1_406' title='bbox 831 3198 1022 3262; x_wconf 86' lang='lat' dir='ltr'><strong>forma,</strong></span> <span class='ocrx_word' id='word_1_407' title='bbox 1084 3199 1299 3251; x_wconf 92' lang='lat' dir='ltr'><strong>rotundi</strong></span> <span class='ocrx_word' id='word_1_408' title='bbox 1354 3200 1706 3252; x_wconf 83' lang='lat' dir='ltr'><strong>nihilominus</strong></span> <span class='ocrx_word' id='word_1_409' title='bbox 1738 3225 1780 3280; x_wconf 66' lang='grc' dir='ltr'>ο</span> <span class='ocrx_word' id='word_1_410' title='bbox 1813 3212 1930 3250; x_wconf 91' lang='lat' dir='ltr'><strong>mus</strong></span> <span class='ocrx_word' id='word_1_411' title='bbox 1966 3205 2153 3250; x_wconf 80' lang='lat' dir='ltr'><strong>auctor</strong></span> <span class='ocrx_word' id='word_1_412' title='bbox 2193 3198 2351 3265; x_wconf 83' lang='lat' dir='ltr'><strong>hujus</strong></span> <span class='ocrx_word' id='word_1_413' title='bbox 2398 3199 2532 3251; x_wconf 88' lang='lat' dir='ltr'><strong>inter</strong></span> <span class='ocrx_word' id='word_1_414' title='bbox 2560 3198 2821 3252; x_wconf 66' lang='lat' dir='ltr'><strong>Caesarem</strong></span> <span class='ocrx_word' id='word_1_415' title='bbox 2885 3196 3340 3272; x_wconf 75' lang='lat' dir='ltr'><strong>Erilelianumque</strong></span> 
     </span>
    </p>
   </div>
   <div class='ocr_carea' id='block_1_61' title="bbox 171 3287 1712 3356">
    <p class='ocr_par' dir='ltr' id='par_1_61' title="bbox 171 3287 1712 3356">
     <span class='ocr_line' id='line_1_61' title="bbox 171 3287 1712 3356; baseline 0.005 -19"><span class='ocrx_word' id='word_1_416' title='bbox 171 3290 335 3351; x_wconf 68' lang='lat' dir='ltr'><strong>cerei,</strong></span> <span class='ocrx_word' id='word_1_417' title='bbox 354 3288 446 3355; x_wconf 89' lang='lat' dir='ltr'><strong>qui</strong></span> <span class='ocrx_word' id='word_1_418' title='bbox 473 3299 646 3340; x_wconf 86' lang='lat' dir='ltr'><strong>tamen</strong></span> <span class='ocrx_word' id='word_1_419' title='bbox 681 3303 954 3356; x_wconf 89' lang='lat' dir='ltr'><strong>nunquam</strong></span> <span class='ocrx_word' id='word_1_420' title='bbox 974 3287 1190 3340; x_wconf 83' lang='lat' dir='ltr'><strong>accendi</strong></span> <span class='ocrx_word' id='word_1_421' title='bbox 1214 3287 1406 3341; x_wconf 84' lang='lat' dir='ltr'><strong>solent.</strong></span> <span class='ocrx_word' id='word_1_422' title='bbox 1435 3288 1548 3343; x_wconf 81' lang='lat' dir='ltr'><strong>Mox</strong></span> <span class='ocrx_word' id='word_1_423' title='bbox 1569 3291 1712 3344; x_wconf 86' lang='lat' dir='ltr'><strong>adhi-</strong></span> 
     </span>
    </p>
   </div>
   <div class='ocr_carea' id='block_1_62' title="bbox 170 3375 1721 3448">
    <p class='ocr_par' dir='ltr' id='par_1_62' title="bbox 170 3375 1721 3448">
     <span class='ocr_line' id='line_1_62' title="bbox 170 3375 1721 3448; baseline -0.001 -17"><span class='ocrx_word' id='word_1_424' title='bbox 170 3378 262 3431; x_wconf 79' lang='lat' dir='ltr'><strong>biti</strong></span> <span class='ocrx_word' id='word_1_425' title='bbox 289 3377 580 3431; x_wconf 83' lang='lat' dir='ltr'><strong>Talismani</strong></span> <span class='ocrx_word' id='word_1_426' title='bbox 607 3387 658 3432; x_wconf 87' lang='lat' dir='ltr'><strong>et</strong></span> <span class='ocrx_word' id='word_1_427' title='bbox 680 3375 894 3446; x_wconf 72' lang='lat' dir='ltr'><strong>Heggiae</strong></span> <span class='ocrx_word' id='word_1_428' title='bbox 916 3382 1271 3448; x_wconf 84' lang='lat' dir='ltr'><strong>(sacerdotum</strong></span> <span class='ocrx_word' id='word_1_429' title='bbox 1299 3382 1408 3434; x_wconf 79' lang='lat' dir='ltr'><strong>hzcc</strong></span> <span class='ocrx_word' id='word_1_430' title='bbox 1431 3379 1721 3442; x_wconf 52' lang='lat' dir='ltr'><strong>Musulmad</strong></span> 
     </span>
    </p>
   </div>
   <div class='ocr_carea' id='block_1_63' title="bbox 171 3468 1714 3538">
    <p class='ocr_par' dir='ltr' id='par_1_63' title="bbox 171 3468 1714 3538">
     <span class='ocr_line' id='line_1_63' title="bbox 171 3468 1714 3538; baseline 0.002 -19"><span class='ocrx_word' id='word_1_431' title='bbox 171 3468 252 3521; x_wconf 85' lang='lat' dir='ltr'><strong>nis</strong></span> <span class='ocrx_word' id='word_1_432' title='bbox 288 3469 676 3537; x_wconf 82' lang='lat' dir='ltr'><strong>suntnomina)</strong></span> <span class='ocrx_word' id='word_1_433' title='bbox 708 3470 796 3534; x_wconf 90' lang='lat' dir='ltr'><strong>qui</strong></span> <span class='ocrx_word' id='word_1_434' title='bbox 831 3483 977 3520; x_wconf 85' lang='lat' dir='ltr'><strong>more</strong></span> <span class='ocrx_word' id='word_1_435' title='bbox 1008 3470 1188 3538; x_wconf 80' lang='lat' dir='ltr'><strong>gentis</strong></span> <span class='ocrx_word' id='word_1_436' title='bbox 1227 3469 1371 3522; x_wconf 90' lang='lat' dir='ltr'><strong>humi</strong></span> <span class='ocrx_word' id='word_1_437' title='bbox 1411 3470 1714 3524; x_wconf 83' lang='lat' dir='ltr'><strong>divaricat&#39;s</strong></span> 
     </span>
    </p>
   </div>
   <div class='ocr_carea' id='block_1_64' title="bbox 170 3559 1704 3627">
    <p class='ocr_par' dir='ltr' id='par_1_64' title="bbox 170 3559 1704 3627">
     <span class='ocr_line' id='line_1_64' title="bbox 170 3559 1704 3627; baseline 0 -16"><span class='ocrx_word' id='word_1_438' title='bbox 170 3559 420 3611; x_wconf 85' lang='lat' dir='ltr'><strong>sedentes</strong></span> <span class='ocrx_word' id='word_1_439' title='bbox 463 3559 733 3620; x_wconf 85' lang='lat' dir='ltr'><strong>cruribus,</strong></span> <span class='ocrx_word' id='word_1_440' title='bbox 782 3570 1041 3625; x_wconf 86' lang='lat' dir='ltr'><strong>perpetuo</strong></span> <span class='ocrx_word' id='word_1_441' title='bbox 1092 3560 1581 3627; x_wconf 79' lang='lat' dir='ltr'><strong>precesquasdam</strong></span> <span class='ocrx_word' id='word_1_442' title='bbox 1654 3561 1704 3611; x_wconf 93' lang='lat' dir='ltr'><strong>in</strong></span> 
     </span>
    </p>
   </div>
   <div class='ocr_carea' id='block_1_65' title="bbox 167 3648 1706 3717">
    <p class='ocr_par' dir='ltr' id='par_1_65' title="bbox 167 3648 1706 3717">
     <span class='ocr_line' id='line_1_65' title="bbox 167 3648 1706 3717; baseline 0.001 -18"><span class='ocrx_word' id='word_1_443' title='bbox 167 3648 279 3717; x_wconf 85' lang='lat' dir='ltr'><strong>ejus</strong></span> <span class='ocrx_word' id='word_1_444' title='bbox 307 3648 457 3701; x_wconf 84' lang='lat' dir='ltr'><strong>Znna</strong></span> <span class='ocrx_word' id='word_1_445' title='bbox 493 3651 870 3702; x_wconf 61' lang='lat' dir='ltr'><strong>qurmuranelo</strong></span> <span class='ocrx_word' id='word_1_446' title='bbox 901 3649 1307 3701; x_wconf 84' lang='lat' dir='ltr'><strong>deblaterarent.</strong></span> <span class='ocrx_word' id='word_1_447' title='bbox 1351 3649 1471 3702; x_wconf 72' lang='lat' dir='ltr'><strong>llaec</strong></span> <span class='ocrx_word' id='word_1_448' title='bbox 1507 3650 1706 3714; x_wconf 82' lang='lat' dir='ltr'><strong>omnia,</strong></span> 
     </span>
    </p>
   </div>
   <div class='ocr_carea' id='block_1_66' title="bbox 168 3740 1701 3810">
    <p class='ocr_par' dir='ltr' id='par_1_66' title="bbox 168 3740 1701 3810">
     <span class='ocr_line' id='line_1_66' title="bbox 168 3740 1701 3810; baseline 0 -20"><span class='ocrx_word' id='word_1_449' title='bbox 168 3755 289 3791; x_wconf 71' lang='lat' dir='ltr'><strong>cum</strong></span> <span class='ocrx_word' id='word_1_450' title='bbox 322 3740 506 3793; x_wconf 90' lang='lat' dir='ltr'><strong>multis</strong></span> <span class='ocrx_word' id='word_1_451' title='bbox 544 3750 663 3810; x_wconf 90' lang='lat' dir='ltr'><strong>post</strong></span> <span class='ocrx_word' id='word_1_452' title='bbox 715 3742 868 3793; x_wconf 84' lang='lat' dir='ltr'><strong>annis</strong></span> <span class='ocrx_word' id='word_1_453' title='bbox 903 3741 1364 3808; x_wconf 82' lang='lat' dir='ltr'><strong>Constantinopoli</strong></span> <span class='ocrx_word' id='word_1_454' title='bbox 1439 3755 1701 3800; x_wconf 81' lang='lat' dir='ltr'><strong>essemus,</strong></span> 
     </span>
    </p>
   </div>
   <div class='ocr_carea' id='block_1_67' title="bbox 169 3829 1716 3896">
    <p class='ocr_par' dir='ltr' id='par_1_67' title="bbox 169 3829 1716 3896">
     <span class='ocr_line' id='line_1_67' title="bbox 169 3829 1716 3896; baseline 0.001 -18"><span class='ocrx_word' id='word_1_455' title='bbox 169 3830 981 3896; x_wconf 78' lang='lat' dir='ltr'><strong>coraminspeximus..Circum</strong></span> <span class='ocrx_word' id='word_1_456' title='bbox 1037 3830 1363 3896; x_wconf 83' lang='lat' dir='ltr'><strong>sandapilam</strong></span> <span class='ocrx_word' id='word_1_457' title='bbox 1430 3829 1620 3896; x_wconf 79' lang='lat' dir='ltr'><strong>ipsius,</strong></span> <span class='ocrx_word' id='word_1_458' title='bbox 1657 3838 1716 3880; x_wconf 83' lang='lat' dir='ltr'><strong>ct-</strong></span> 
     </span>
    </p>
   </div>
   <div class='ocr_carea' id='block_1_68' title="bbox 168 3919 1704 3987">
    <p class='ocr_par' dir='ltr' id='par_1_68' title="bbox 168 3919 1704 3987">
     <span class='ocr_line' id='line_1_68' title="bbox 168 3919 1704 3987; baseline 0.001 -18"><span class='ocrx_word' id='word_1_459' title='bbox 168 3920 282 3972; x_wconf 60' lang='lat' dir='ltr'><strong>aliic</strong></span> <span class='ocrx_word' id='word_1_460' title='bbox 313 3928 440 3972; x_wconf 87' lang='lat' dir='ltr'><strong>sunt</strong></span> <span class='ocrx_word' id='word_1_461' title='bbox 471 3919 784 3987; x_wconf 63' lang='lat' dir='ltr'><strong>sandapila,</strong></span> <span class='ocrx_word' id='word_1_462' title='bbox 824 3929 928 3971; x_wconf 89' lang='lat' dir='ltr'><strong>tam</strong></span> <span class='ocrx_word' id='word_1_463' title='bbox 962 3920 1184 3972; x_wconf 80' lang='lat' dir='ltr'><strong>sultame</strong></span> <span class='ocrx_word' id='word_1_464' title='bbox 1215 3919 1298 3986; x_wconf 84' lang='lat' dir='ltr'><strong>(de</strong></span> <span class='ocrx_word' id='word_1_465' title='bbox 1322 3936 1424 3986; x_wconf 84' lang='lat' dir='ltr'><strong>qua.</strong></span> <span class='ocrx_word' id='word_1_466' title='bbox 1448 3921 1704 3983; x_wconf 73' lang='lat' dir='ltr'><strong>diximus)</strong></span> 
     </span>
    </p>
   </div>
   <div class='ocr_carea' id='block_1_69' title="bbox 170 4009 1696 4077">
    <p class='ocr_par' dir='ltr' id='par_1_69' title="bbox 170 4009 1696 4077">
     <span class='ocr_line' id='line_1_69' title="bbox 170 4009 1696 4077; baseline -0.001 -17"><span class='ocrx_word' id='word_1_467' title='bbox 170 4009 372 4071; x_wconf 57' lang='lat' dir='ltr'><strong>Busae,</strong></span> <span class='ocrx_word' id='word_1_468' title='bbox 420 4025 580 4077; x_wconf 85' lang='lat' dir='ltr'><strong>quam</strong></span> <span class='ocrx_word' id='word_1_469' title='bbox 650 4009 936 4062; x_wconf 77' lang='lat' dir='ltr'><strong>liberarum</strong></span> <span class='ocrx_word' id='word_1_470' title='bbox 987 4013 1325 4064; x_wconf 76' lang='lat' dir='ltr'><strong>Solcimauis.</strong></span> <span class='ocrx_word' id='word_1_471' title='bbox 1375 4012 1696 4062; x_wconf 78' lang='lat' dir='ltr'><strong>Acciderunt</strong></span> 
     </span>
    </p>
   </div>
   <div class='ocr_carea' id='block_1_70' title="bbox 169 4100 1381 4170">
    <p class='ocr_par' dir='ltr' id='par_1_70' title="bbox 169 4100 1381 4170">
     <span class='ocr_line' id='line_1_70' title="bbox 169 4100 1381 4170; baseline 0.001 -18"><span class='ocrx_word' id='word_1_472' title='bbox 169 4102 278 4156; x_wconf 69' lang='lat' dir='ltr'><strong>haec</strong></span> <span class='ocrx_word' id='word_1_473' title='bbox 311 4119 455 4155; x_wconf 88' lang='lat' dir='ltr'><strong>anno</strong></span> <span class='ocrx_word' id='word_1_474' title='bbox 478 4100 848 4155; x_wconf 77' lang='lat' dir='ltr'><strong>Mahnmetano</strong></span> <span class='ocrx_word' id='word_1_475' title='bbox 878 4103 980 4155; x_wconf 76' lang='lat'><strong>9&#39;75</strong></span> <span class='ocrx_word' id='word_1_476' title='bbox 1021 4102 1166 4170; x_wconf 86' lang='lat' dir='ltr'><strong>(Chr.</strong></span> <span class='ocrx_word' id='word_1_477' title='bbox 1208 4102 1381 4166; x_wconf 66' lang='lat'><strong>156(3).</strong></span> 
     </span>
    </p>
   </div>
   <div class='ocr_carea' id='block_1_71' title="bbox 236 4194 1701 4263">
    <p class='ocr_par' dir='ltr' id='par_1_71' title="bbox 236 4194 1701 4263">
     <span class='ocr_line' id='line_1_71' title="bbox 236 4194 1701 4263; baseline 0 -18"><span class='ocrx_word' id='word_1_478' title='bbox 236 4194 442 4248; x_wconf 82' lang='lat' dir='ltr'><strong>lutcrca</strong></span> <span class='ocrx_word' id='word_1_479' title='bbox 475 4195 720 4259; x_wconf 82' lang='lat' dir='ltr'><strong>Sclimcs,</strong></span> <span class='ocrx_word' id='word_1_480' title='bbox 755 4197 821 4248; x_wconf 89' lang='lat' dir='ltr'><strong>ob</strong></span> <span class='ocrx_word' id='word_1_481' title='bbox 852 4197 1045 4248; x_wconf 86' lang='lat' dir='ltr'><strong>hiemis</strong></span> <span class='ocrx_word' id='word_1_482' title='bbox 1072 4195 1395 4249; x_wconf 81' lang='lat' dir='ltr'><strong>imminentis</strong></span> <span class='ocrx_word' id='word_1_483' title='bbox 1440 4195 1701 4263; x_wconf 88' lang='lat' dir='ltr'><strong>asperita-</strong></span> 
     </span>
    </p>
   </div>
   <div class='ocr_carea' id='block_1_72' title="bbox 167 4284 1698 4352">
    <p class='ocr_par' dir='ltr' id='par_1_72' title="bbox 167 4284 1698 4352">
     <span class='ocr_line' id='line_1_72' title="bbox 167 4284 1698 4352; baseline 0.001 -16"><span class='ocrx_word' id='word_1_484' title='bbox 167 4295 292 4347; x_wconf 69' lang='lat' dir='ltr'><strong>tem,</strong></span> <span class='ocrx_word' id='word_1_485' title='bbox 319 4284 606 4350; x_wconf 62' lang='lat' dir='ltr'><strong>[iugariam</strong></span> <span class='ocrx_word' id='word_1_486' title='bbox 639 4286 852 4352; x_wconf 80' lang='lat' dir='ltr'><strong>reliquit</strong></span> <span class='ocrx_word' id='word_1_487' title='bbox 887 4302 898 4335; x_wconf 90' lang='lat'>:</span> <span class='ocrx_word' id='word_1_488' title='bbox 935 4296 981 4336; x_wconf 87' lang='lat' dir='ltr'><strong>et</strong></span> <span class='ocrx_word' id='word_1_489' title='bbox 1016 4286 1293 4338; x_wconf 75' lang='lat' dir='ltr'><strong>Pcrtavum</strong></span> <span class='ocrx_word' id='word_1_490' title='bbox 1332 4284 1570 4346; x_wconf 77' lang='lat' dir='ltr'><strong>bassam,</strong></span> <span class='ocrx_word' id='word_1_491' title='bbox 1615 4302 1698 4338; x_wconf 77' lang='lat' dir='ltr'><strong>sa-</strong></span> 
     </span>
    </p>
   </div>
   <div class='ocr_carea' id='block_1_73' title="bbox 171 4372 1695 4442">
    <p class='ocr_par' dir='ltr' id='par_1_73' title="bbox 171 4372 1695 4442">
     <span class='ocr_line' id='line_1_73' title="bbox 171 4372 1695 4442; baseline 0.001 -20"><span class='ocrx_word' id='word_1_492' title='bbox 171 4375 234 4423; x_wconf 68' lang='lat' dir='ltr'><strong>tis</strong></span> <span class='ocrx_word' id='word_1_493' title='bbox 284 4374 495 4435; x_wconf 48' lang='lat' dir='ltr'><strong>magnis</strong></span> <span class='ocrx_word' id='word_1_494' title='bbox 566 4391 684 4426; x_wconf 73' lang='lat' dir='ltr'><strong>cum</strong></span> <span class='ocrx_word' id='word_1_495' title='bbox 741 4373 1054 4436; x_wconf 78' lang='lat' dir='ltr'><strong>&#39;l&#39;urcornm,</strong></span> <span class='ocrx_word' id='word_1_496' title='bbox 1119 4374 1277 4442; x_wconf 77' lang='lat'><strong>360</strong></span> <span class='ocrx_word' id='word_1_497' title='bbox 1324 4372 1695 4435; x_wconf 74' lang='lat' dir='ltr'><strong>Vaiachorum,</strong></span> 
     </span>
    </p>
   </div>
   <div class='ocr_carea' id='block_1_74' title="bbox 169 4463 1696 4531">
    <p class='ocr_par' dir='ltr' id='par_1_74' title="bbox 169 4463 1696 4531">
     <span class='ocr_line' id='line_1_74' title="bbox 169 4463 1696 4531; baseline 0.001 -19"><span class='ocrx_word' id='word_1_498' title='bbox 169 4463 594 4531; x_wconf 85' lang='lat' dir='ltr'><strong>&#39;l&#39;atarorumque</strong></span> <span class='ocrx_word' id='word_1_499' title='bbox 618 4464 808 4529; x_wconf 82' lang='lat' dir='ltr'><strong>copiis,</strong></span> <span class='ocrx_word' id='word_1_500' title='bbox 846 4465 1128 4516; x_wconf 59' lang='lat' dir='ltr'><strong>I‘Irdeliauo</strong></span> <span class='ocrx_word' id='word_1_501' title='bbox 1175 4465 1324 4529; x_wconf 77' lang='lat' dir='ltr'><strong>bego,</strong></span> <span class='ocrx_word' id='word_1_502' title='bbox 1352 4465 1440 4529; x_wconf 88' lang='lat' dir='ltr'><strong>qui</strong></span> <span class='ocrx_word' id='word_1_503' title='bbox 1504 4464 1696 4514; x_wconf 87' lang='lat' dir='ltr'><strong>bellum</strong></span> 
     </span>
    </p>
   </div>
   <div class='ocr_carea' id='block_1_75' title="bbox 1819 3286 3348 3358">
    <p class='ocr_par' dir='ltr' id='par_1_75' title="bbox 1819 3286 3348 3358">
     <span class='ocr_line' id='line_1_75' title="bbox 1819 3286 3348 3358; baseline 0.005 -19"><span class='ocrx_word' id='word_1_504' title='bbox 1819 3288 1934 3340; x_wconf 81' lang='lat' dir='ltr'><strong>belli</strong></span> <span class='ocrx_word' id='word_1_505' title='bbox 1959 3289 2253 3344; x_wconf 79' lang='lat' dir='ltr'><strong>exstiterat.</strong></span> <span class='ocrx_word' id='word_1_506' title='bbox 2288 3286 2526 3341; x_wconf 82' lang='lat' dir='ltr'><strong>Bcbecus</strong></span> <span class='ocrx_word' id='word_1_507' title='bbox 2550 3287 2660 3356; x_wconf 90' lang='lat' dir='ltr'><strong>jam</strong></span> <span class='ocrx_word' id='word_1_508' title='bbox 2699 3299 2822 3342; x_wconf 89' lang='lat' dir='ltr'><strong>ante</strong></span> <span class='ocrx_word' id='word_1_509' title='bbox 2848 3302 3124 3358; x_wconf 84' lang='lat' dir='ltr'><strong>perspecta</strong></span> <span class='ocrx_word' id='word_1_510' title='bbox 3145 3293 3348 3346; x_wconf 82' lang='lat' dir='ltr'><strong>victrici</strong></span> 
     </span>
    </p>
   </div>
   <div class='ocr_carea' id='block_1_76' title="bbox 1817 3377 3347 3452">
    <p class='ocr_par' dir='ltr' id='par_1_76' title="bbox 1817 3377 3347 3452">
     <span class='ocr_line' id='line_1_76' title="bbox 1817 3377 3347 3452; baseline 0.006 -24"><span class='ocrx_word' id='word_1_511' title='bbox 1817 3378 1967 3430; x_wconf 85' lang='lat' dir='ltr'><strong>toties</strong></span> <span class='ocrx_word' id='word_1_512' title='bbox 1995 3377 2189 3430; x_wconf 84' lang='lat' dir='ltr'><strong>virtute</strong></span> <span class='ocrx_word' id='word_1_513' title='bbox 2215 3377 2537 3445; x_wconf 80' lang='lat' dir='ltr'><strong>fortunaque</strong></span> <span class='ocrx_word' id='word_1_514' title='bbox 2572 3378 2819 3438; x_wconf 90' lang='lat' dir='ltr'><strong>Suendii.</strong></span> <span class='ocrx_word' id='word_1_515' title='bbox 2846 3383 2986 3449; x_wconf 92' lang='lat' dir='ltr'><strong>quod</strong></span> <span class='ocrx_word' id='word_1_516' title='bbox 3029 3397 3347 3452; x_wconf 73' lang='lat' dir='ltr'><strong>magnopere</strong></span> 
     </span>
    </p>
   </div>
   <div class='ocr_carea' id='block_1_77' title="bbox 1815 3469 3349 3536">
    <p class='ocr_par' dir='ltr' id='par_1_77' title="bbox 1815 3469 3349 3536">
     <span class='ocr_line' id='line_1_77' title="bbox 1815 3469 3349 3536; baseline 0.005 -19"><span class='ocrx_word' id='word_1_517' title='bbox 1815 3475 2089 3528; x_wconf 66' lang='lat' dir='ltr'><strong>mrtuerct,</strong></span> <span class='ocrx_word' id='word_1_518' title='bbox 2125 3481 2187 3518; x_wconf 83' lang='lat' dir='ltr'><strong>ne</strong></span> <span class='ocrx_word' id='word_1_519' title='bbox 2219 3477 2396 3519; x_wconf 72' lang='lat' dir='ltr'><strong>castro</strong></span> <span class='ocrx_word' id='word_1_520' title='bbox 2425 3478 2752 3536; x_wconf 74' lang='lat' dir='ltr'><strong>expugnato.</strong></span> <span class='ocrx_word' id='word_1_521' title='bbox 2781 3469 2830 3521; x_wconf 90' lang='lat' dir='ltr'><strong>in</strong></span> <span class='ocrx_word' id='word_1_522' title='bbox 2855 3469 3200 3524; x_wconf 78' lang='lat' dir='ltr'><strong>Maximiliani</strong></span> <span class='ocrx_word' id='word_1_523' title='bbox 3240 3489 3349 3524; x_wconf 83' lang='lat' dir='ltr'><strong>ma-</strong></span> 
     </span>
    </p>
   </div>
   <div class='ocr_carea' id='block_1_78' title="bbox 1815 3559 3348 3626">
    <p class='ocr_par' dir='ltr' id='par_1_78' title="bbox 1815 3559 3348 3626">
     <span class='ocr_line' id='line_1_78' title="bbox 1815 3559 3348 3626; baseline 0.007 -21"><span class='ocrx_word' id='word_1_524' title='bbox 1815 3572 1930 3616; x_wconf 83' lang='lat' dir='ltr'><strong>nus,</strong></span> <span class='ocrx_word' id='word_1_525' title='bbox 1967 3572 2084 3608; x_wconf 85' lang='lat' dir='ltr'><strong>t&#39;tltll</strong></span> <span class='ocrx_word' id='word_1_526' title='bbox 2131 3559 2519 3624; x_wconf 72' lang='lat' dir='ltr'><strong>praesentivitze</strong></span> <span class='ocrx_word' id='word_1_527' title='bbox 2570 3559 2827 3626; x_wconf 87' lang='lat' dir='ltr'><strong>periculo,</strong></span> <span class='ocrx_word' id='word_1_528' title='bbox 2881 3562 3133 3614; x_wconf 88' lang='lat' dir='ltr'><strong>veniret:</strong></span> <span class='ocrx_word' id='word_1_529' title='bbox 3185 3577 3348 3615; x_wconf 81' lang='lat' dir='ltr'><strong>uxore</strong></span> 
     </span>
    </p>
   </div>
   <div class='ocr_carea' id='block_1_79' title="bbox 1814 3637 3353 3718">
    <p class='ocr_par' dir='ltr' id='par_1_79' title="bbox 1814 3637 3353 3718">
     <span class='ocr_line' id='line_1_79' title="bbox 1814 3637 3353 3718; baseline 0.005 -23"><span class='ocrx_word' id='word_1_530' title='bbox 1814 3637 2117 3712; x_wconf 66' lang='grc' dir='ltr'><strong>ΙζιιηὶΙὶςπιιιο</strong></span> <span class='ocrx_word' id='word_1_531' title='bbox 2149 3645 2362 3697; x_wconf 85' lang='lat' dir='ltr'><strong>Zatuari</strong></span> <span class='ocrx_word' id='word_1_532' title='bbox 2385 3661 2506 3697; x_wconf 91' lang='lat' dir='ltr'><strong>cum</strong></span> <span class='ocrx_word' id='word_1_533' title='bbox 2545 3646 2794 3718; x_wconf 69' lang='lat' dir='ltr'><strong>prcsidio</strong></span> <span class='ocrx_word' id='word_1_534' title='bbox 2833 3648 3048 3716; x_wconf 81' lang='lat' dir='ltr'><strong>relicta,</strong></span> <span class='ocrx_word' id='word_1_535' title='bbox 3086 3648 3220 3716; x_wconf 65' lang='lat' dir='ltr'><strong>fuga</strong></span> <span class='ocrx_word' id='word_1_536' title='bbox 3253 3650 3353 3718; x_wconf 53' lang='lat' dir='ltr'><strong>lic-5</strong></span> 
     </span>
    </p>
   </div>
   <div class='ocr_carea' id='block_1_80' title="bbox 1811 3723 3357 3807">
    <p class='ocr_par' dir='ltr' id='par_1_80' title="bbox 1811 3723 3357 3807">
     <span class='ocr_line' id='line_1_80' title="bbox 1811 3723 3357 3807; baseline 0.003 -20"><span class='ocrx_word' id='word_1_537' title='bbox 1811 3737 1999 3789; x_wconf 83' lang='lat' dir='ltr'><strong>neiicio</strong></span> <span class='ocrx_word' id='word_1_538' title='bbox 2038 3738 2198 3791; x_wconf 89' lang='lat' dir='ltr'><strong>saluti</strong></span> <span class='ocrx_word' id='word_1_539' title='bbox 2249 3753 2359 3791; x_wconf 76' lang='lat' dir='ltr'><strong>sua:</strong></span> <span class='ocrx_word' id='word_1_540' title='bbox 2409 3747 2614 3789; x_wconf 85' lang='lat' dir='ltr'><strong>mature</strong></span> <span class='ocrx_word' id='word_1_541' title='bbox 2667 3738 2962 3796; x_wconf 83' lang='lat' dir='ltr'><strong>consuluit.</strong></span> <span class='ocrx_word' id='word_1_542' title='bbox 3017 3723 3357 3807; x_wconf 23' lang='lat' dir='ltr'><strong>Aliquandiu‘</strong></span> 
     </span>
    </p>
   </div>
   <div class='ocr_carea' id='block_1_81' title="bbox 1807 3828 3342 3896">
    <p class='ocr_par' dir='ltr' id='par_1_81' title="bbox 1807 3828 3342 3896">
     <span class='ocr_line' id='line_1_81' title="bbox 1807 3828 3342 3896; baseline -0.002 -17"><span class='ocrx_word' id='word_1_543' title='bbox 1807 3829 2151 3895; x_wconf 37' lang='lat' dir='ltr'><strong>pi-rstiteruut</strong></span> <span class='ocrx_word' id='word_1_544' title='bbox 2201 3830 2252 3880; x_wconf 92' lang='lat' dir='ltr'><strong>in</strong></span> <span class='ocrx_word' id='word_1_545' title='bbox 2339 3828 2612 3881; x_wconf 87' lang='lat' dir='ltr'><strong>obsidione</strong></span> <span class='ocrx_word' id='word_1_546' title='bbox 2678 3830 2950 3881; x_wconf 77' lang='lat' dir='ltr'><strong>toleranda</strong></span> <span class='ocrx_word' id='word_1_547' title='bbox 3006 3829 3342 3896; x_wconf 58' lang='lat' dir='ltr'><strong>praesidiarii,</strong></span> 
     </span>
    </p>
   </div>
   <div class='ocr_carea' id='block_1_82' title="bbox 1806 3918 3346 3992">
    <p class='ocr_par' dir='ltr' id='par_1_82' title="bbox 1806 3918 3346 3992">
     <span class='ocr_line' id='line_1_82' title="bbox 1806 3918 3346 3992; baseline 0.001 -23"><span class='ocrx_word' id='word_1_548' title='bbox 1806 3919 1946 3986; x_wconf 86' lang='lat' dir='ltr'><strong>quod</strong></span> <span class='ocrx_word' id='word_1_549' title='bbox 1977 3919 2232 3992; x_wconf 67' lang='lat' dir='ltr'><strong>machinm</strong></span> <span class='ocrx_word' id='word_1_550' title='bbox 2259 3918 2459 3971; x_wconf 69' lang='lat' dir='ltr'><strong>bellica:</strong></span> <span class='ocrx_word' id='word_1_551' title='bbox 2485 3919 2615 3969; x_wconf 90' lang='lat' dir='ltr'><strong>nihil</strong></span> <span class='ocrx_word' id='word_1_552' title='bbox 2670 3935 2766 3970; x_wconf 87' lang='lat' dir='ltr'><strong>nec</strong></span> <span class='ocrx_word' id='word_1_553' title='bbox 2816 3919 2971 3986; x_wconf 87' lang='lat' dir='ltr'><strong>ipsis,</strong></span> <span class='ocrx_word' id='word_1_554' title='bbox 3022 3935 3119 3972; x_wconf 84' lang='lat' dir='ltr'><strong>nec</strong></span> <span class='ocrx_word' id='word_1_555' title='bbox 3161 3931 3346 3981; x_wconf 77' lang='lat' dir='ltr'><strong>C&#39;tSlt‘Q</strong></span> 
     </span>
    </p>
   </div>
   <div class='ocr_carea' id='block_1_83' title="bbox 1804 4007 3338 4076">
    <p class='ocr_par' dir='ltr' id='par_1_83' title="bbox 1804 4007 3338 4076">
     <span class='ocr_line' id='line_1_83' title="bbox 1804 4007 3338 4076; baseline 0.001 -13"><span class='ocrx_word' id='word_1_556' title='bbox 1804 4010 1980 4063; x_wconf 61' lang='lat' dir='ltr'><strong>dsmui</strong></span> <span class='ocrx_word' id='word_1_557' title='bbox 2007 4010 2132 4062; x_wconf 86' lang='lat' dir='ltr'><strong>dare</strong></span> <span class='ocrx_word' id='word_1_558' title='bbox 2159 4018 2397 4076; x_wconf 85' lang='lat' dir='ltr'><strong>possent.</strong></span> <span class='ocrx_word' id='word_1_559' title='bbox 2433 4007 2530 4061; x_wconf 87' lang='lat' dir='ltr'><strong>Cui</strong></span> <span class='ocrx_word' id='word_1_560' title='bbox 2568 4007 2709 4061; x_wconf 65' lang='lat' dir='ltr'><strong>Suun</strong></span> <span class='ocrx_word' id='word_1_561' title='bbox 2734 4010 2841 4062; x_wconf 80' lang='lat' dir='ltr'><strong>lius</strong></span> <span class='ocrx_word' id='word_1_562' title='bbox 2888 4011 3224 4064; x_wconf 86' lang='lat' dir='ltr'><strong>incommodo</strong></span> <span class='ocrx_word' id='word_1_563' title='bbox 3253 4028 3338 4064; x_wconf 85' lang='lat' dir='ltr'><strong>re-</strong></span> 
     </span>
    </p>
   </div>
   <div class='ocr_carea' id='block_1_84' title="bbox 1806 4098 3340 4168">
    <p class='ocr_par' dir='ltr' id='par_1_84' title="bbox 1806 4098 3340 4168">
     <span class='ocr_line' id='line_1_84' title="bbox 1806 4098 3340 4168; baseline 0.002 -18"><span class='ocrx_word' id='word_1_564' title='bbox 1806 4098 2034 4151; x_wconf 83' lang='lat' dir='ltr'><strong>medium</strong></span> <span class='ocrx_word' id='word_1_565' title='bbox 2061 4101 2405 4167; x_wconf 71' lang='lat' dir='ltr'><strong>quzcsiturns,</strong></span> <span class='ocrx_word' id='word_1_566' title='bbox 2436 4100 2561 4151; x_wconf 90' lang='lat' dir='ltr'><strong>dum</strong></span> <span class='ocrx_word' id='word_1_567' title='bbox 2601 4099 2830 4168; x_wconf 84' lang='lat' dir='ltr'><strong>ipsemet</strong></span> <span class='ocrx_word' id='word_1_568' title='bbox 2892 4101 3072 4153; x_wconf 86' lang='lat' dir='ltr'><strong>omnia</strong></span> <span class='ocrx_word' id='word_1_569' title='bbox 3128 4101 3340 4160; x_wconf 82' lang='lat' dir='ltr'><strong>circum</strong></span> 
     </span>
    </p>
   </div>
   <div class='ocr_carea' id='block_1_85' title="bbox 1801 4184 3342 4260">
    <p class='ocr_par' dir='ltr' id='par_1_85' title="bbox 1801 4184 3342 4260">
     <span class='ocr_line' id='line_1_85' title="bbox 1801 4184 3342 4260; baseline -0.002 -13"><span class='ocrx_word' id='word_1_570' title='bbox 1801 4205 1977 4247; x_wconf 81' lang='lat' dir='ltr'><strong>arcem</strong></span> <span class='ocrx_word' id='word_1_571' title='bbox 2009 4191 2122 4243; x_wconf 82' lang='lat' dir='ltr'><strong>lora</strong></span> <span class='ocrx_word' id='word_1_572' title='bbox 2155 4192 2516 4258; x_wconf 83' lang='lat' dir='ltr'><strong>perlustratet</strong></span> <span class='ocrx_word' id='word_1_573' title='bbox 2539 4191 2804 4259; x_wconf 80' lang='lat' dir='ltr'><strong>explorat,</strong></span> <span class='ocrx_word' id='word_1_574' title='bbox 2830 4184 3133 4260; x_wconf 73' lang='lat' dir='ltr'><strong>agnitusab</strong></span> <span class='ocrx_word' id='word_1_575' title='bbox 3169 4192 3342 4246; x_wconf 82' lang='lat' dir='ltr'><strong>hosti-</strong></span> 
     </span>
    </p>
   </div>
   <div class='ocr_carea' id='block_1_86' title="bbox 1803 4283 3337 4352">
    <p class='ocr_par' dir='ltr' id='par_1_86' title="bbox 1803 4283 3337 4352">
     <span class='ocr_line' id='line_1_86' title="bbox 1803 4283 3337 4352; baseline -0.001 -16"><span class='ocrx_word' id='word_1_576' title='bbox 1803 4283 1899 4336; x_wconf 85' lang='lat' dir='ltr'><strong>bus</strong></span> <span class='ocrx_word' id='word_1_577' title='bbox 1932 4300 1993 4336; x_wconf 73' lang='lat' dir='ltr'><strong>ex</strong></span> <span class='ocrx_word' id='word_1_578' title='bbox 2018 4283 2206 4352; x_wconf 80' lang='lat' dir='ltr'><strong>insigni</strong></span> <span class='ocrx_word' id='word_1_579' title='bbox 2229 4285 2540 4350; x_wconf 83' lang='lat' dir='ltr'><strong>proceritate</strong></span> <span class='ocrx_word' id='word_1_580' title='bbox 2570 4283 2825 4350; x_wconf 86' lang='lat' dir='ltr'><strong>corporis,</strong></span> <span class='ocrx_word' id='word_1_581' title='bbox 2851 4299 2954 4351; x_wconf 87' lang='lat' dir='ltr'><strong>qua</strong></span> <span class='ocrx_word' id='word_1_582' title='bbox 2984 4284 3139 4351; x_wconf 75' lang='lat' dir='ltr'><strong>longe</strong></span> <span class='ocrx_word' id='word_1_583' title='bbox 3172 4299 3337 4351; x_wconf 79' lang='lat' dir='ltr'><strong>supra</strong></span> 
     </span>
    </p>
   </div>
   <div class='ocr_carea' id='block_1_87' title="bbox 1801 4372 3336 4441">
    <p class='ocr_par' dir='ltr' id='par_1_87' title="bbox 1801 4372 3336 4441">
     <span class='ocr_line' id='line_1_87' title="bbox 1801 4372 3336 4441; baseline 0.002 -17"><span class='ocrx_word' id='word_1_584' title='bbox 1801 4381 2018 4430; x_wconf 68' lang='lat' dir='ltr'><strong>caeteros</strong></span> <span class='ocrx_word' id='word_1_585' title='bbox 2050 4374 2336 4431; x_wconf 79' lang='lat' dir='ltr'><strong>eminebat,</strong></span> <span class='ocrx_word' id='word_1_586' title='bbox 2359 4374 2528 4441; x_wconf 87' lang='lat' dir='ltr'><strong>deque</strong></span> <span class='ocrx_word' id='word_1_587' title='bbox 2557 4373 2844 4425; x_wconf 83' lang='lat' dir='ltr'><strong>comitatus</strong></span> <span class='ocrx_word' id='word_1_588' title='bbox 2873 4372 3202 4441; x_wconf 77' lang='lat' dir='ltr'><strong>frequentia,</strong></span> <span class='ocrx_word' id='word_1_589' title='bbox 3238 4390 3336 4441; x_wconf 86' lang='lat' dir='ltr'><strong>pa-</strong></span> 
     </span>
    </p>
   </div>
   <div class='ocr_carea' id='block_1_88' title="bbox 1802 4461 3332 4544">
    <p class='ocr_par' dir='ltr' id='par_1_88' title="bbox 1802 4461 3332 4544">
     <span class='ocr_line' id='line_1_88' title="bbox 1802 4461 3332 4544; baseline 0.002 -32"><span class='ocrx_word' id='word_1_590' title='bbox 1802 4478 1917 4515; x_wconf 90' lang='lat' dir='ltr'><strong>rum</strong></span> <span class='ocrx_word' id='word_1_591' title='bbox 1951 4463 2170 4515; x_wconf 90' lang='lat' dir='ltr'><strong>omnino</strong></span> <span class='ocrx_word' id='word_1_592' title='bbox 2209 4461 2397 4523; x_wconf 88' lang='lat' dir='ltr'><strong>abfuit,</strong></span> <span class='ocrx_word' id='word_1_593' title='bbox 2450 4462 2573 4529; x_wconf 87' lang='lat' dir='ltr'><strong>quin</strong></span> <span class='ocrx_word' id='word_1_594' title='bbox 2627 4462 2915 4517; x_wconf 87' lang='lat' dir='ltr'><strong>discrimen</strong></span> <span class='ocrx_word' id='word_1_595' title='bbox 2961 4461 3082 4514; x_wconf 81' lang='lat' dir='ltr'><strong>vite</strong></span> <span class='ocrx_word' id='word_1_596' title='bbox 3138 4463 3332 4544; x_wconf 75' lang='lat' dir='ltr'><strong>adiret.</strong></span> 
     </span>
    </p>
   </div>
   <div class='ocr_carea' id='block_1_89' title="bbox 169 4528 3336 4638">
    <p class='ocr_par' dir='ltr' id='par_1_89' title="bbox 169 4528 3336 4638">
     <span class='ocr_line' id='line_1_89' title="bbox 169 4528 3336 4638; baseline 0.002 -39"><span class='ocrx_word' id='word_1_597' title='bbox 169 4564 347 4604; x_wconf 77' lang='lat' dir='ltr'><strong>contra</strong></span> <span class='ocrx_word' id='word_1_598' title='bbox 391 4528 807 4606; x_wconf 67' lang='lat' dir='ltr'><strong>blaxiiniliauum</strong></span> <span class='ocrx_word' id='word_1_599' title='bbox 866 4528 1308 4621; x_wconf 78' lang='lat' dir='ltr'><strong>prosequebatur.</strong></span> <span class='ocrx_word' id='word_1_600' title='bbox 1370 4528 2164 4617; x_wconf 71' lang='lat' dir='ltr'><strong>adt-ssejus-Dl‘etituscnim</strong></span> <span class='ocrx_word' id='word_1_601' title='bbox 2215 4553 2387 4618; x_wconf 80' lang='lat' dir='ltr'><strong>globis</strong></span> <span class='ocrx_word' id='word_1_602' title='bbox 2447 4551 2650 4638; x_wconf 63' lang='lat' dir='ltr'><strong>aliqupt</strong></span> <span class='ocrx_word' id='word_1_603' title='bbox 2708 4553 3070 4605; x_wconf 84' lang='lat' dir='ltr'><strong>tormcntariis</strong></span> <span class='ocrx_word' id='word_1_604' title='bbox 3121 4529 3239 4616; x_wconf 82' lang='lat' dir='ltr'><strong>fuit,</strong></span> <span class='ocrx_word' id='word_1_605' title='bbox 3308 4569 3336 4606; x_wconf 77' lang='grc' dir='ltr'><strong>ο</strong></span> 
     </span>
    </p>
   </div>
   <div class='ocr_carea' id='block_1_90' title="bbox 169 4643 1698 4709">
    <p class='ocr_par' dir='ltr' id='par_1_90' title="bbox 169 4643 1698 4709">
     <span class='ocr_line' id='line_1_90' title="bbox 169 4643 1698 4709; baseline 0 -15"><span class='ocrx_word' id='word_1_606' title='bbox 169 4649 252 4698; x_wconf 85' lang='lat' dir='ltr'><strong>sit.</strong></span> <span class='ocrx_word' id='word_1_607' title='bbox 286 4645 508 4705; x_wconf 59' lang='lat' dir='ltr'><strong>Dolebat</strong></span> <span class='ocrx_word' id='word_1_608' title='bbox 542 4643 846 4707; x_wconf 77' lang='lat' dir='ltr'><strong>Erdeliano,</strong></span> <span class='ocrx_word' id='word_1_609' title='bbox 879 4643 1175 4695; x_wconf 84' lang='lat' dir='ltr'><strong>Sueudium</strong></span> <span class='ocrx_word' id='word_1_610' title='bbox 1229 4657 1372 4694; x_wconf 86' lang='lat' dir='ltr'><strong>anno</strong></span> <span class='ocrx_word' id='word_1_611' title='bbox 1421 4643 1698 4709; x_wconf 81' lang='lat' dir='ltr'><strong>superiore</strong></span> 
     </span>
    </p>
   </div>
   <div class='ocr_carea' id='block_1_91' title="bbox 170 4735 1700 4804">
    <p class='ocr_par' dir='ltr' id='par_1_91' title="bbox 170 4735 1700 4804">
     <span class='ocr_line' id='line_1_91' title="bbox 170 4735 1700 4804; baseline -0.001 -16"><span class='ocrx_word' id='word_1_612' title='bbox 170 4740 370 4804; x_wconf 82' lang='lat' dir='ltr'><strong>cepisse</strong></span> <span class='ocrx_word' id='word_1_613' title='bbox 392 4737 668 4795; x_wconf 71' lang='lat' dir='ltr'><strong>Tne-dum.</strong></span> <span class='ocrx_word' id='word_1_614' title='bbox 702 4735 879 4804; x_wconf 90' lang='lat' dir='ltr'><strong>inquo</strong></span> <span class='ocrx_word' id='word_1_615' title='bbox 909 4735 1122 4803; x_wconf 80' lang='lat' dir='ltr'><strong>triginta</strong></span> <span class='ocrx_word' id='word_1_616' title='bbox 1159 4736 1362 4801; x_wconf 81' lang='lat' dir='ltr'><strong>majora</strong></span> <span class='ocrx_word' id='word_1_617' title='bbox 1384 4735 1700 4801; x_wconf 83' lang='lat' dir='ltr'><strong>minoraque</strong></span> 
     </span>
    </p>
   </div>
   <div class='ocr_carea' id='block_1_92' title="bbox 172 4816 1701 4894">
    <p class='ocr_par' dir='ltr' id='par_1_92' title="bbox 172 4816 1701 4894">
     <span class='ocr_line' id='line_1_92' title="bbox 172 4816 1701 4894; baseline 0 -19"><span class='ocrx_word' id='word_1_618' title='bbox 172 4835 432 4878; x_wconf 75' lang='lat' dir='ltr'><strong>tormenta</strong></span> <span class='ocrx_word' id='word_1_619' title='bbox 466 4826 673 4890; x_wconf 64' lang='lat' dir='ltr'><strong>Iftlica,</strong></span> <span class='ocrx_word' id='word_1_620' title='bbox 709 4837 898 4894; x_wconf 58' lang='lat' dir='ltr'><strong>praeter</strong></span> <span class='ocrx_word' id='word_1_621' title='bbox 925 4827 1193 4894; x_wconf 66' lang='lat' dir='ltr'><strong>ingentem</strong></span> <span class='ocrx_word' id='word_1_622' title='bbox 1218 4840 1391 4876; x_wconf 80' lang='lat' dir='ltr'><strong>rerum</strong></span> <span class='ocrx_word' id='word_1_623' title='bbox 1442 4816 1701 4876; x_wconf 75' lang='lat' dir='ltr'><strong>bellone-</strong></span> 
     </span>
    </p>
   </div>
   <div class='ocr_carea' id='block_1_93' title="bbox 171 4913 1694 4984">
    <p class='ocr_par' dir='ltr' id='par_1_93' title="bbox 171 4913 1694 4984">
     <span class='ocr_line' id='line_1_93' title="bbox 171 4913 1694 4984; baseline -0.001 -20"><span class='ocrx_word' id='word_1_624' title='bbox 171 4917 542 4984; x_wconf 80' lang='lat' dir='ltr'><strong>cessariarum,</strong></span> <span class='ocrx_word' id='word_1_625' title='bbox 578 4930 910 4983; x_wconf 71' lang='lat' dir='ltr'><strong>annuumque</strong></span> <span class='ocrx_word' id='word_1_626' title='bbox 945 4915 1154 4982; x_wconf 80' lang='lat' dir='ltr'><strong>copiam</strong></span> <span class='ocrx_word' id='word_1_627' title='bbox 1187 4914 1494 4978; x_wconf 82' lang='lat' dir='ltr'><strong>reperisset.</strong></span> <span class='ocrx_word' id='word_1_628' title='bbox 1555 4913 1694 4976; x_wconf 76' lang='lat' dir='ltr'><strong>Qua-</strong></span> 
     </span>
    </p>
   </div>
   <div class='ocr_carea' id='block_1_94' title="bbox 173 5006 1696 5074">
    <p class='ocr_par' dir='ltr' id='par_1_94' title="bbox 173 5006 1696 5074">
     <span class='ocr_line' id='line_1_94' title="bbox 173 5006 1696 5074; baseline 0.003 -21"><span class='ocrx_word' id='word_1_629' title='bbox 173 5016 381 5070; x_wconf 87' lang='lat' dir='ltr'><strong>propter</strong></span> <span class='ocrx_word' id='word_1_630' title='bbox 416 5019 533 5057; x_wconf 87' lang='lat' dir='ltr'><strong>eam</strong></span> <span class='ocrx_word' id='word_1_631' title='bbox 557 5022 732 5059; x_wconf 86' lang='lat' dir='ltr'><strong>arcem</strong></span> <span class='ocrx_word' id='word_1_632' title='bbox 765 5021 1082 5073; x_wconf 79' lang='lat' dir='ltr'><strong>recuperare</strong></span> <span class='ocrx_word' id='word_1_633' title='bbox 1109 5006 1321 5066; x_wconf 71' lang='lat' dir='ltr'><strong>statuit,</strong></span> <span class='ocrx_word' id='word_1_634' title='bbox 1342 5006 1517 5074; x_wconf 83' lang='lat' dir='ltr'><strong>magni</strong></span> <span class='ocrx_word' id='word_1_635' title='bbox 1549 5006 1696 5058; x_wconf 81' lang='lat' dir='ltr'><strong>scili-</strong></span> 
     </span>
    </p>
   </div>
   <div class='ocr_carea' id='block_1_95' title="bbox 172 5095 1695 5164">
    <p class='ocr_par' dir='ltr' id='par_1_95' title="bbox 172 5095 1695 5164">
     <span class='ocr_line' id='line_1_95' title="bbox 172 5095 1695 5164; baseline 0.005 -19"><span class='ocrx_word' id='word_1_636' title='bbox 172 5103 246 5147; x_wconf 77' lang='lat' dir='ltr'><strong>cet</strong></span> <span class='ocrx_word' id='word_1_637' title='bbox 279 5095 482 5147; x_wconf 83' lang='lat' dir='ltr'><strong>suasad</strong></span> <span class='ocrx_word' id='word_1_638' title='bbox 505 5110 592 5148; x_wconf 85' lang='lat' dir='ltr'><strong>res</strong></span> <span class='ocrx_word' id='word_1_639' title='bbox 623 5099 890 5160; x_wconf 69' lang='lat' dir='ltr'><strong>tutandos,</strong></span> <span class='ocrx_word' id='word_1_640' title='bbox 925 5098 1003 5150; x_wconf 73' lang='lat' dir='ltr'><strong>vel</strong></span> <span class='ocrx_word' id='word_1_641' title='bbox 1024 5097 1364 5164; x_wconf 79' lang='lat' dir='ltr'><strong>prolataudas</strong></span> <span class='ocrx_word' id='word_1_642' title='bbox 1403 5099 1695 5153; x_wconf 74' lang='lat' dir='ltr'><strong>momenti:</strong></span> 
     </span>
    </p>
   </div>
   <div class='ocr_carea' id='block_1_96' title="bbox 171 5185 1693 5254">
    <p class='ocr_par' dir='ltr' id='par_1_96' title="bbox 171 5185 1693 5254">
     <span class='ocr_line' id='line_1_96' title="bbox 171 5185 1693 5254; baseline 0.005 -20"><span class='ocrx_word' id='word_1_643' title='bbox 171 5187 300 5251; x_wconf 69' lang='lat' dir='ltr'><strong>quod</strong></span> <span class='ocrx_word' id='word_1_644' title='bbox 331 5185 550 5238; x_wconf 82' lang='lat' dir='ltr'><strong>essetin</strong></span> <span class='ocrx_word' id='word_1_645' title='bbox 590 5185 831 5254; x_wconf 67' lang='lat' dir='ltr'><strong>Ungariar</strong></span> <span class='ocrx_word' id='word_1_646' title='bbox 857 5188 957 5239; x_wconf 81' lang='lat' dir='ltr'><strong>sita</strong></span> <span class='ocrx_word' id='word_1_647' title='bbox 1015 5186 1296 5247; x_wconf 81' lang='lat' dir='ltr'><strong>limitibus,</strong></span> <span class='ocrx_word' id='word_1_648' title='bbox 1346 5197 1399 5239; x_wconf 90' lang='lat' dir='ltr'><strong>et</strong></span> <span class='ocrx_word' id='word_1_649' title='bbox 1452 5187 1693 5252; x_wconf 82' lang='lat' dir='ltr'><strong>Erdelii;</strong></span> 
     </span>
    </p>
   </div>
   <div class='ocr_carea' id='block_1_97' title="bbox 173 5271 1692 5347">
    <p class='ocr_par' dir='ltr' id='par_1_97' title="bbox 173 5271 1692 5347">
     <span class='ocr_line' id='line_1_97' title="bbox 173 5271 1692 5347; baseline 0.005 -24"><span class='ocrx_word' id='word_1_650' title='bbox 173 5273 375 5329; x_wconf 79' lang='lat' dir='ltr'><strong>duobus</strong></span> <span class='ocrx_word' id='word_1_651' title='bbox 394 5273 643 5327; x_wconf 78' lang='lat' dir='ltr'><strong>atnnibus</strong></span> <span class='ocrx_word' id='word_1_652' title='bbox 687 5274 1038 5339; x_wconf 84' lang='lat' dir='ltr'><strong>circumdata,</strong></span> <span class='ocrx_word' id='word_1_653' title='bbox 1093 5275 1306 5328; x_wconf 87' lang='lat' dir='ltr'><strong>Tibisco</strong></span> <span class='ocrx_word' id='word_1_654' title='bbox 1338 5286 1390 5329; x_wconf 83' lang='lat' dir='ltr'><strong>et</strong></span> <span class='ocrx_word' id='word_1_655' title='bbox 1429 5271 1692 5347; x_wconf 72' lang='lat' dir='ltr'><strong>Bodrogo.</strong></span> 
     </span>
    </p>
   </div>
   <div class='ocr_carea' id='block_1_98' title="bbox 174 5363 1695 5433">
    <p class='ocr_par' dir='ltr' id='par_1_98' title="bbox 174 5363 1695 5433">
     <span class='ocr_line' id='line_1_98' title="bbox 174 5363 1695 5433; baseline 0.004 -18"><span class='ocrx_word' id='word_1_656' title='bbox 174 5363 380 5419; x_wconf 73' lang='lat' dir='ltr'><strong>Militem</strong></span> <span class='ocrx_word' id='word_1_657' title='bbox 413 5380 563 5431; x_wconf 73' lang='lat' dir='ltr'><strong>ergo,</strong></span> <span class='ocrx_word' id='word_1_658' title='bbox 584 5381 703 5418; x_wconf 90' lang='lat' dir='ltr'><strong>cum</strong></span> <span class='ocrx_word' id='word_1_659' title='bbox 735 5366 1028 5433; x_wconf 66' lang='lat' dir='ltr'><strong>majoribus</strong></span> <span class='ocrx_word' id='word_1_660' title='bbox 1046 5368 1228 5430; x_wconf 84' lang='lat' dir='ltr'><strong>decem</strong></span> <span class='ocrx_word' id='word_1_661' title='bbox 1253 5367 1513 5419; x_wconf 80' lang='lat' dir='ltr'><strong>machinis</strong></span> <span class='ocrx_word' id='word_1_662' title='bbox 1537 5370 1695 5421; x_wconf 76' lang='lat' dir='ltr'><strong>adhi-</strong></span> 
     </span>
    </p>
   </div>
   <div class='ocr_carea' id='block_1_99' title="bbox 177 5452 1695 5523">
    <p class='ocr_par' dir='ltr' id='par_1_99' title="bbox 177 5452 1695 5523">
     <span class='ocr_line' id='line_1_99' title="bbox 177 5452 1695 5523; baseline 0.001 -17"><span class='ocrx_word' id='word_1_663' title='bbox 177 5452 274 5516; x_wconf 83' lang='lat' dir='ltr'><strong>bet.</strong></span> <span class='ocrx_word' id='word_1_664' title='bbox 306 5455 561 5522; x_wconf 82' lang='lat' dir='ltr'><strong>omnique</strong></span> <span class='ocrx_word' id='word_1_665' title='bbox 596 5453 643 5504; x_wconf 78' lang='lat' dir='ltr'><strong>vi</strong></span> <span class='ocrx_word' id='word_1_666' title='bbox 670 5463 718 5506; x_wconf 87' lang='lat' dir='ltr'><strong>et</strong></span> <span class='ocrx_word' id='word_1_667' title='bbox 743 5454 937 5521; x_wconf 84' lang='lat' dir='ltr'><strong>impetu</strong></span> <span class='ocrx_word' id='word_1_668' title='bbox 979 5470 1286 5523; x_wconf 72' lang='lat' dir='ltr'><strong>oppugnare</strong></span> <span class='ocrx_word' id='word_1_669' title='bbox 1344 5455 1695 5508; x_wconf 88' lang='lat' dir='ltr'><strong>munitionem</strong></span> 
     </span>
    </p>
   </div>
   <div class='ocr_carea' id='block_1_100' title="bbox 181 5543 1698 5612">
    <p class='ocr_par' dir='ltr' id='par_1_100' title="bbox 181 5543 1698 5612">
     <span class='ocr_line' id='line_1_100' title="bbox 181 5543 1698 5612; baseline 0.003 -18"><span class='ocrx_word' id='word_1_670' title='bbox 181 5545 373 5610; x_wconf 86' lang='lat' dir='ltr'><strong>incipit.</strong></span> <span class='ocrx_word' id='word_1_671' title='bbox 400 5544 472 5598; x_wconf 78' lang='lat' dir='ltr'><strong>Es</strong></span> <span class='ocrx_word' id='word_1_672' title='bbox 507 5544 670 5596; x_wconf 84' lang='lat' dir='ltr'><strong>altera</strong></span> <span class='ocrx_word' id='word_1_673' title='bbox 699 5553 850 5612; x_wconf 87' lang='lat' dir='ltr'><strong>parte</strong></span> <span class='ocrx_word' id='word_1_674' title='bbox 882 5543 1150 5598; x_wconf 81' lang='lat' dir='ltr'><strong>Snemlius</strong></span> <span class='ocrx_word' id='word_1_675' title='bbox 1187 5560 1301 5595; x_wconf 76' lang='lat' dir='ltr'><strong>eam</strong></span> <span class='ocrx_word' id='word_1_676' title='bbox 1356 5544 1576 5597; x_wconf 86' lang='lat' dir='ltr'><strong>minime</strong></span> <span class='ocrx_word' id='word_1_677' title='bbox 1607 5545 1698 5598; x_wconf 87' lang='lat' dir='ltr'><strong>de-</strong></span> 
     </span>
    </p>
   </div>
   <div class='ocr_carea' id='block_1_101' title="bbox 177 5618 1714 5700">
    <p class='ocr_par' dir='ltr' id='par_1_101' title="bbox 177 5618 1714 5700">
     <span class='ocr_line' id='line_1_101' title="bbox 177 5618 1714 5700; baseline 0.003 -16"><span class='ocrx_word' id='word_1_678' title='bbox 177 5618 440 5685; x_wconf 49' lang='lat' dir='ltr'><strong>scr‘endani</strong></span> <span class='ocrx_word' id='word_1_679' title='bbox 475 5643 640 5689; x_wconf 74' lang='lat' dir='ltr'><strong>ratus.</strong></span> <span class='ocrx_word' id='word_1_680' title='bbox 677 5648 796 5685; x_wconf 88' lang='lat' dir='ltr'><strong>cum</strong></span> <span class='ocrx_word' id='word_1_681' title='bbox 823 5633 923 5686; x_wconf 80' lang='lat' dir='ltr'><strong>alia</strong></span> <span class='ocrx_word' id='word_1_682' title='bbox 959 5634 1254 5686; x_wconf 64' lang='lat' dir='ltr'><strong>defensioni</strong></span> <span class='ocrx_word' id='word_1_683' title='bbox 1299 5643 1450 5700; x_wconf 75' lang='lat' dir='ltr'><strong>parat</strong></span> <span class='ocrx_word' id='word_1_684' title='bbox 1483 5634 1714 5697; x_wconf 83' lang='lat' dir='ltr'><strong>idenca,.</strong></span> 
     </span>
    </p>
   </div>
   <div class='ocr_carea' id='block_1_102' title="bbox 175 5722 1694 5793">
    <p class='ocr_par' dir='ltr' id='par_1_102' title="bbox 175 5722 1694 5793">
     <span class='ocr_line' id='line_1_102' title="bbox 175 5722 1694 5793; baseline 0.005 -20"><span class='ocrx_word' id='word_1_685' title='bbox 175 5723 354 5791; x_wconf 74' lang='lat' dir='ltr'><strong>quibus</strong></span> <span class='ocrx_word' id='word_1_686' title='bbox 373 5722 576 5778; x_wconf 81' lang='lat' dir='ltr'><strong>Jacobo</strong></span> <span class='ocrx_word' id='word_1_687' title='bbox 616 5723 953 5793; x_wconf 71' lang='lat' dir='ltr'><strong>ltamingcro,</strong></span> <span class='ocrx_word' id='word_1_688' title='bbox 980 5724 1133 5792; x_wconf 84' lang='lat' dir='ltr'><strong>cujus</strong></span> <span class='ocrx_word' id='word_1_689' title='bbox 1160 5727 1270 5793; x_wconf 87' lang='lat' dir='ltr'><strong>ipse</strong></span> <span class='ocrx_word' id='word_1_690' title='bbox 1300 5723 1417 5778; x_wconf 82' lang='lat' dir='ltr'><strong>ﬁdei</strong></span> <span class='ocrx_word' id='word_1_691' title='bbox 1439 5723 1694 5780; x_wconf 83' lang='lat' dir='ltr'><strong>Tocaium</strong></span> 
     </span>
    </p>
   </div>
   <div class='ocr_carea' id='block_1_103' title="bbox 177 5813 1695 5881">
    <p class='ocr_par' dir='ltr' id='par_1_103' title="bbox 177 5813 1695 5881">
     <span class='ocr_line' id='line_1_103' title="bbox 177 5813 1695 5881; baseline 0.001 -14"><span class='ocrx_word' id='word_1_692' title='bbox 177 5818 526 5874; x_wconf 80' lang='lat' dir='ltr'><strong>commiserat,</strong></span> <span class='ocrx_word' id='word_1_693' title='bbox 572 5813 624 5866; x_wconf 91' lang='lat' dir='ltr'><strong>in</strong></span> <span class='ocrx_word' id='word_1_694' title='bbox 651 5823 888 5881; x_wconf 84' lang='lat' dir='ltr'><strong>tempore</strong></span> <span class='ocrx_word' id='word_1_695' title='bbox 919 5826 1257 5869; x_wconf 81' lang='lat' dir='ltr'><strong>succurreret</strong></span> <span class='ocrx_word' id='word_1_696' title='bbox 1285 5831 1297 5866; x_wconf 85' lang='lat'>:</span> <span class='ocrx_word' id='word_1_697' title='bbox 1362 5823 1470 5866; x_wconf 90' lang='lat' dir='ltr'><strong>tum</strong></span> <span class='ocrx_word' id='word_1_698' title='bbox 1506 5816 1695 5868; x_wconf 87' lang='lat' dir='ltr'><strong>abim-</strong></span> 
     </span>
    </p>
   </div>
   <div class='ocr_carea' id='block_1_104' title="bbox 1801 4639 3330 4710">
    <p class='ocr_par' dir='ltr' id='par_1_104' title="bbox 1801 4639 3330 4710">
     <span class='ocr_line' id='line_1_104' title="bbox 1801 4639 3330 4710; baseline 0 -15"><span class='ocrx_word' id='word_1_699' title='bbox 1801 4643 2060 4696; x_wconf 85' lang='lat' dir='ltr'><strong>machinis</strong></span> <span class='ocrx_word' id='word_1_700' title='bbox 2100 4656 2204 4695; x_wconf 92' lang='lat' dir='ltr'><strong>non</strong></span> <span class='ocrx_word' id='word_1_701' title='bbox 2241 4642 2488 4707; x_wconf 87' lang='lat' dir='ltr'><strong>modicis,</strong></span> <span class='ocrx_word' id='word_1_702' title='bbox 2518 4639 2746 4710; x_wconf 86' lang='lat' dir='ltr'><strong>quorum</strong></span> <span class='ocrx_word' id='word_1_703' title='bbox 2780 4643 3224 4697; x_wconf 83' lang='lat' dir='ltr'><strong>unushnmerum</strong></span> <span class='ocrx_word' id='word_1_704' title='bbox 3258 4642 3330 4695; x_wconf 89' lang='lat' dir='ltr'><strong>ita</strong></span> 
     </span>
    </p>
   </div>
   <div class='ocr_carea' id='block_1_105' title="bbox 1799 4723 3331 4804">
    <p class='ocr_par' dir='ltr' id='par_1_105' title="bbox 1799 4723 3331 4804">
     <span class='ocr_line' id='line_1_105' title="bbox 1799 4723 3331 4804; baseline -0.003 -17"><span class='ocrx_word' id='word_1_705' title='bbox 1799 4734 2031 4792; x_wconf 80' lang='lat' dir='ltr'><strong>Strinxit.</strong></span> <span class='ocrx_word' id='word_1_706' title='bbox 2065 4741 2122 4804; x_wconf 82' lang='lat' dir='ltr'><strong>ut</strong></span> <span class='ocrx_word' id='word_1_707' title='bbox 2160 4734 2318 4786; x_wconf 90' lang='lat' dir='ltr'><strong>ctiam</strong></span> <span class='ocrx_word' id='word_1_708' title='bbox 2346 4729 2504 4784; x_wconf 84' lang='lat' dir='ltr'><strong>vestis</strong></span> <span class='ocrx_word' id='word_1_709' title='bbox 2538 4732 2656 4799; x_wconf 89' lang='lat' dir='ltr'><strong>ejus</strong></span> <span class='ocrx_word' id='word_1_710' title='bbox 2703 4731 2822 4797; x_wconf 79' lang='lat' dir='ltr'><strong>igne</strong></span> <span class='ocrx_word' id='word_1_711' title='bbox 2883 4723 3160 4797; x_wconf 80' lang='lat' dir='ltr'><strong>concepto.</strong></span> <span class='ocrx_word' id='word_1_712' title='bbox 3194 4735 3331 4795; x_wconf 77' lang='lat' dir='ltr'><strong>quot</strong></span> 
     </span>
    </p>
   </div>
   <div class='ocr_carea' id='block_1_106' title="bbox 1797 4811 3335 4894">
    <p class='ocr_par' dir='ltr' id='par_1_106' title="bbox 1797 4811 3335 4894">
     <span class='ocr_line' id='line_1_106' title="bbox 1797 4811 3335 4894; baseline -0.005 -12"><span class='ocrx_word' id='word_1_713' title='bbox 1797 4835 1938 4882; x_wconf 85' lang='lat' dir='ltr'><strong>esset</strong></span> <span class='ocrx_word' id='word_1_714' title='bbox 1964 4827 2027 4880; x_wconf 88' lang='lat' dir='ltr'><strong>ad</strong></span> <span class='ocrx_word' id='word_1_715' title='bbox 2059 4827 2353 4894; x_wconf 89' lang='lat' dir='ltr'><strong>pellendum</strong></span> <span class='ocrx_word' id='word_1_716' title='bbox 2393 4826 2562 4894; x_wconf 75' lang='lat' dir='ltr'><strong>frigus</strong></span> <span class='ocrx_word' id='word_1_717' title='bbox 2591 4811 2877 4879; x_wconf 90' lang='lat' dir='ltr'><strong>hibernum</strong></span> <span class='ocrx_word' id='word_1_718' title='bbox 2908 4825 3120 4880; x_wconf 82' lang='lat' dir='ltr'><strong>suffulta</strong></span> <span class='ocrx_word' id='word_1_719' title='bbox 3184 4823 3335 4892; x_wconf 86' lang='lat' dir='ltr'><strong>pelli-</strong></span> 
     </span>
    </p>
   </div>
   <div class='ocr_carea' id='block_1_107' title="bbox 1798 4902 3327 4988">
    <p class='ocr_par' dir='ltr' id='par_1_107' title="bbox 1798 4902 3327 4988">
     <span class='ocr_line' id='line_1_107' title="bbox 1798 4902 3327 4988; baseline -0.001 -24"><span class='ocrx_word' id='word_1_720' title='bbox 1798 4915 1914 4977; x_wconf 84' lang='lat' dir='ltr'><strong>bus,</strong></span> <span class='ocrx_word' id='word_1_721' title='bbox 1950 4902 2179 4968; x_wconf 84' lang='lat' dir='ltr'><strong>arderet.</strong></span> <span class='ocrx_word' id='word_1_722' title='bbox 2212 4910 2575 4966; x_wconf 84' lang='lat' dir='ltr'><strong>Nihilominus</strong></span> <span class='ocrx_word' id='word_1_723' title='bbox 2606 4914 3094 4988; x_wconf 75' lang='lat' dir='ltr'><strong>commodiorepro</strong></span> <span class='ocrx_word' id='word_1_724' title='bbox 3120 4912 3327 4971; x_wconf 62' lang='lat' dir='ltr'><strong>Inachio</strong></span> 
     </span>
    </p>
   </div>
   <div class='ocr_carea' id='block_1_108' title="bbox 1797 4993 3327 5072">
    <p class='ocr_par' dir='ltr' id='par_1_108' title="bbox 1797 4993 3327 5072">
     <span class='ocr_line' id='line_1_108' title="bbox 1797 4993 3327 5072; baseline -0.003 -13"><span class='ocrx_word' id='word_1_725' title='bbox 1797 5006 1877 5059; x_wconf 87' lang='lat' dir='ltr'><strong>nis</strong></span> <span class='ocrx_word' id='word_1_726' title='bbox 1912 4993 2123 5072; x_wconf 67' lang='lat' dir='ltr'><strong>reperto</strong></span> <span class='ocrx_word' id='word_1_727' title='bbox 2147 5003 2285 5067; x_wconf 90' lang='lat' dir='ltr'><strong>loco,</strong></span> <span class='ocrx_word' id='word_1_728' title='bbox 2311 5011 2363 5055; x_wconf 88' lang='lat' dir='ltr'><strong>et</strong></span> <span class='ocrx_word' id='word_1_729' title='bbox 2396 5003 2461 5056; x_wconf 89' lang='lat' dir='ltr'><strong>iis</strong></span> <span class='ocrx_word' id='word_1_730' title='bbox 2492 5018 2614 5056; x_wconf 78' lang='lat' dir='ltr'><strong>mox</strong></span> <span class='ocrx_word' id='word_1_731' title='bbox 2642 5004 2694 5055; x_wconf 91' lang='lat' dir='ltr'><strong>in</strong></span> <span class='ocrx_word' id='word_1_732' title='bbox 2729 5003 2900 5063; x_wconf 88' lang='lat' dir='ltr'><strong>illum,</strong></span> <span class='ocrx_word' id='word_1_733' title='bbox 2960 5018 3152 5069; x_wconf 79' lang='lat' dir='ltr'><strong>magno</strong></span> <span class='ocrx_word' id='word_1_734' title='bbox 3206 5018 3327 5055; x_wconf 78' lang='lat' dir='ltr'><strong>runt</strong></span> 
     </span>
    </p>
   </div>
   <div class='ocr_carea' id='block_1_109' title="bbox 1797 5093 3327 5162">
    <p class='ocr_par' dir='ltr' id='par_1_109' title="bbox 1797 5093 3327 5162">
     <span class='ocr_line' id='line_1_109' title="bbox 1797 5093 3327 5162; baseline -0.006 -11"><span class='ocrx_word' id='word_1_735' title='bbox 1797 5098 2026 5151; x_wconf 89' lang='lat' dir='ltr'><strong>militqu</strong></span> <span class='ocrx_word' id='word_1_736' title='bbox 2061 5096 2260 5159; x_wconf 86' lang='lat' dir='ltr'><strong>labore,</strong></span> <span class='ocrx_word' id='word_1_737' title='bbox 2288 5109 2422 5162; x_wconf 83' lang='lat' dir='ltr'><strong>quos</strong></span> <span class='ocrx_word' id='word_1_738' title='bbox 2455 5095 2504 5148; x_wconf 92' lang='lat' dir='ltr'><strong>iu</strong></span> <span class='ocrx_word' id='word_1_739' title='bbox 2538 5093 2732 5156; x_wconf 80' lang='lat' dir='ltr'><strong>ollicio,</strong></span> <span class='ocrx_word' id='word_1_740' title='bbox 2765 5094 2810 5147; x_wconf 91' lang='lat' dir='ltr'><strong>si</strong></span> <span class='ocrx_word' id='word_1_741' title='bbox 2848 5093 3134 5161; x_wconf 80' lang='lat' dir='ltr'><strong>quisquam</strong></span> <span class='ocrx_word' id='word_1_742' title='bbox 3166 5093 3327 5155; x_wconf 69' lang='lat' dir='ltr'><strong>alius,</strong></span> 
     </span>
    </p>
   </div>
   <div class='ocr_carea' id='block_1_110' title="bbox 1798 5183 3332 5254">
    <p class='ocr_par' dir='ltr' id='par_1_110' title="bbox 1798 5183 3332 5254">
     <span class='ocr_line' id='line_1_110' title="bbox 1798 5183 3332 5254; baseline -0.003 -12"><span class='ocrx_word' id='word_1_743' title='bbox 1798 5189 1883 5242; x_wconf 90' lang='lat' dir='ltr'><strong>hic</strong></span> <span class='ocrx_word' id='word_1_744' title='bbox 1902 5203 2032 5242; x_wconf 87' lang='lat' dir='ltr'><strong>sane</strong></span> <span class='ocrx_word' id='word_1_745' title='bbox 2058 5187 2161 5239; x_wconf 80' lang='lat' dir='ltr'><strong>dux</strong></span> <span class='ocrx_word' id='word_1_746' title='bbox 2195 5186 2470 5240; x_wconf 86' lang='lat' dir='ltr'><strong>continere</strong></span> <span class='ocrx_word' id='word_1_747' title='bbox 2502 5186 2689 5254; x_wconf 87' lang='lat' dir='ltr'><strong>potuit,</strong></span> <span class='ocrx_word' id='word_1_748' title='bbox 2717 5185 3026 5245; x_wconf 81' lang='lat' dir='ltr'><strong>translatis;</strong></span> <span class='ocrx_word' id='word_1_749' title='bbox 3061 5183 3126 5236; x_wconf 86' lang='lat' dir='ltr'><strong>ad</strong></span> <span class='ocrx_word' id='word_1_750' title='bbox 3152 5194 3332 5237; x_wconf 77' lang='lat' dir='ltr'><strong>extre-</strong></span> 
     </span>
    </p>
   </div>
   <div class='ocr_carea' id='block_1_111' title="bbox 1799 5271 3396 5344">
    <p class='ocr_par' dir='ltr' id='par_1_111' title="bbox 1799 5271 3396 5344">
     <span class='ocr_line' id='line_1_111' title="bbox 1799 5271 3396 5344; baseline -0.005 -15"><span class='ocrx_word' id='word_1_751' title='bbox 1799 5292 1937 5329; x_wconf 88' lang='lat' dir='ltr'><strong>mam</strong></span> <span class='ocrx_word' id='word_1_752' title='bbox 2003 5274 2200 5329; x_wconf 80' lang='lat' dir='ltr'><strong>redacti</strong></span> <span class='ocrx_word' id='word_1_753' title='bbox 2245 5274 2670 5344; x_wconf 78' lang='lat' dir='ltr'><strong>desperationem</strong></span> <span class='ocrx_word' id='word_1_754' title='bbox 2720 5272 3062 5342; x_wconf 76' lang='lat' dir='ltr'><strong>praesidiarii,</strong></span> <span class='ocrx_word' id='word_1_755' title='bbox 3110 5271 3327 5341; x_wconf 66' lang='lat' dir='ltr'><strong>conjugi</strong></span> <span class='ocrx_word' id='word_1_756' title='bbox 3392 5313 3396 5321; x_wconf 85' lang='lat'><strong>.</strong></span> 
     </span>
    </p>
   </div>
   <div class='ocr_carea' id='block_1_112' title="bbox 1799 5360 3332 5433">
    <p class='ocr_par' dir='ltr' id='par_1_112' title="bbox 1799 5360 3332 5433">
     <span class='ocr_line' id='line_1_112' title="bbox 1799 5360 3332 5433; baseline -0.003 -17"><span class='ocrx_word' id='word_1_757' title='bbox 1799 5363 2081 5433; x_wconf 83' lang='lat' dir='ltr'><strong>perduellis</strong></span> <span class='ocrx_word' id='word_1_758' title='bbox 2111 5378 2171 5415; x_wconf 83' lang='lat' dir='ltr'><strong>ac</strong></span> <span class='ocrx_word' id='word_1_759' title='bbox 2205 5362 2416 5416; x_wconf 78' lang='lat' dir='ltr'><strong>familia:</strong></span> <span class='ocrx_word' id='word_1_760' title='bbox 2455 5362 2662 5430; x_wconf 90' lang='lat' dir='ltr'><strong>sibique</strong></span> <span class='ocrx_word' id='word_1_761' title='bbox 2689 5361 2916 5413; x_wconf 84' lang='lat' dir='ltr'><strong>salutent</strong></span> <span class='ocrx_word' id='word_1_762' title='bbox 2943 5368 2995 5412; x_wconf 91' lang='lat' dir='ltr'><strong>et</strong></span> <span class='ocrx_word' id='word_1_763' title='bbox 3045 5360 3332 5414; x_wconf 85' lang='lat' dir='ltr'><strong>incolumi-</strong></span> 
     </span>
    </p>
   </div>
   <div class='ocr_carea' id='block_1_113' title="bbox 1799 5447 3328 5522">
    <p class='ocr_par' dir='ltr' id='par_1_113' title="bbox 1799 5447 3328 5522">
     <span class='ocr_line' id='line_1_113' title="bbox 1799 5447 3328 5522; baseline -0.003 -16"><span class='ocrx_word' id='word_1_764' title='bbox 1799 5462 1958 5506; x_wconf 87' lang='lat' dir='ltr'><strong>tatem</strong></span> <span class='ocrx_word' id='word_1_765' title='bbox 1993 5454 2326 5522; x_wconf 80' lang='lat' dir='ltr'><strong>pepigerunt,</strong></span> <span class='ocrx_word' id='word_1_766' title='bbox 2362 5464 2521 5521; x_wconf 83' lang='lat' dir='ltr'><strong>atque</strong></span> <span class='ocrx_word' id='word_1_767' title='bbox 2553 5450 2624 5503; x_wconf 85' lang='lat' dir='ltr'><strong>ita</strong></span> <span class='ocrx_word' id='word_1_768' title='bbox 2662 5460 2900 5503; x_wconf 84' lang='lat' dir='ltr'><strong>castrum</strong></span> <span class='ocrx_word' id='word_1_769' title='bbox 2923 5447 3158 5502; x_wconf 84' lang='lat' dir='ltr'><strong>Suemlio</strong></span> <span class='ocrx_word' id='word_1_770' title='bbox 3180 5451 3328 5502; x_wconf 76' lang='lat' dir='ltr'><strong>dedi-</strong></span> 
     </span>
    </p>
   </div>
   <div class='ocr_carea' id='block_1_114' title="bbox 1797 5540 3378 5609">
    <p class='ocr_par' dir='ltr' id='par_1_114' title="bbox 1797 5540 3378 5609">
     <span class='ocr_line' id='line_1_114' title="bbox 1797 5540 3378 5609; baseline -0.003 -13"><span class='ocrx_word' id='word_1_771' title='bbox 1797 5544 2007 5596; x_wconf 88' lang='lat' dir='ltr'><strong>derunt.</strong></span> <span class='ocrx_word' id='word_1_772' title='bbox 2034 5541 2081 5595; x_wconf 83' lang='lat' dir='ltr'><strong>Is</strong></span> <span class='ocrx_word' id='word_1_773' title='bbox 2113 5560 2234 5596; x_wconf 85' lang='lat' dir='ltr'><strong>vero</strong></span> <span class='ocrx_word' id='word_1_774' title='bbox 2267 5559 2365 5594; x_wconf 92' lang='lat' dir='ltr'><strong>nou</strong></span> <span class='ocrx_word' id='word_1_775' title='bbox 2392 5550 2593 5595; x_wconf 86' lang='lat' dir='ltr'><strong>tantum</strong></span> <span class='ocrx_word' id='word_1_776' title='bbox 2613 5551 2758 5609; x_wconf 90' lang='lat' dir='ltr'><strong>pacta</strong></span> <span class='ocrx_word' id='word_1_777' title='bbox 2785 5548 3043 5609; x_wconf 81' lang='lat' dir='ltr'><strong>conventa</strong></span> <span class='ocrx_word' id='word_1_778' title='bbox 3073 5540 3331 5592; x_wconf 82' lang='lat' dir='ltr'><strong>dedititiis</strong></span> <span class='ocrx_word' id='word_1_779' title='bbox 3372 5557 3378 5563; x_wconf 77' lang='lat'><strong><em>&#39;</em></strong></span> 
     </span>
    </p>
   </div>
   <div class='ocr_carea' id='block_1_115' title="bbox 1800 5629 3327 5696">
    <p class='ocr_par' dir='ltr' id='par_1_115' title="bbox 1800 5629 3327 5696">
     <span class='ocr_line' id='line_1_115' title="bbox 1800 5629 3327 5696; baseline -0.003 -11"><span class='ocrx_word' id='word_1_780' title='bbox 1800 5634 1939 5686; x_wconf 70' lang='lat' dir='ltr'><strong>b0ua&#39;</strong></span> <span class='ocrx_word' id='word_1_781' title='bbox 1965 5631 2063 5684; x_wconf 81' lang='lat' dir='ltr'><strong>fide</strong></span> <span class='ocrx_word' id='word_1_782' title='bbox 2098 5634 2350 5694; x_wconf 79' lang='lat' dir='ltr'><strong>servavit,</strong></span> <span class='ocrx_word' id='word_1_783' title='bbox 2371 5633 2460 5684; x_wconf 85' lang='lat' dir='ltr'><strong>sed</strong></span> <span class='ocrx_word' id='word_1_784' title='bbox 2494 5631 2652 5683; x_wconf 81' lang='lat' dir='ltr'><strong>etiam</strong></span> <span class='ocrx_word' id='word_1_785' title='bbox 2684 5629 2868 5682; x_wconf 79' lang='lat' dir='ltr'><strong>Bcbeci</strong></span> <span class='ocrx_word' id='word_1_786' title='bbox 2890 5629 3167 5696; x_wconf 79' lang='lat' dir='ltr'><strong>conjugem</strong></span> <span class='ocrx_word' id='word_1_787' title='bbox 3204 5642 3327 5680; x_wconf 90' lang='lat' dir='ltr'><strong>cum</strong></span> 
     </span>
    </p>
   </div>
   <div class='ocr_carea' id='block_1_116' title="bbox 1800 5711 3326 5787">
    <p class='ocr_par' dir='ltr' id='par_1_116' title="bbox 1800 5711 3326 5787">
     <span class='ocr_line' id='line_1_116' title="bbox 1800 5711 3326 5787; baseline 0.001 -15"><span class='ocrx_word' id='word_1_788' title='bbox 1800 5722 1993 5773; x_wconf 86' lang='lat' dir='ltr'><strong>mundo</strong></span> <span class='ocrx_word' id='word_1_789' title='bbox 2021 5737 2117 5773; x_wconf 90' lang='lat' dir='ltr'><strong>suo</strong></span> <span class='ocrx_word' id='word_1_790' title='bbox 2139 5722 2380 5774; x_wconf 80' lang='lat' dir='ltr'><strong>muliebri</strong></span> <span class='ocrx_word' id='word_1_791' title='bbox 2401 5711 2449 5774; x_wconf 81' lang='lat' dir='ltr'><strong>ei</strong></span> <span class='ocrx_word' id='word_1_792' title='bbox 2471 5720 2588 5773; x_wconf 80' lang='lat' dir='ltr'><strong>auis</strong></span> <span class='ocrx_word' id='word_1_793' title='bbox 2615 5721 2770 5773; x_wconf 86' lang='lat' dir='ltr'><strong>rebus</strong></span> <span class='ocrx_word' id='word_1_794' title='bbox 2804 5735 2934 5787; x_wconf 85' lang='lat' dir='ltr'><strong>quas</strong></span> <span class='ocrx_word' id='word_1_795' title='bbox 2954 5719 3144 5772; x_wconf 83' lang='lat' dir='ltr'><strong>charas</strong></span> <span class='ocrx_word' id='word_1_796' title='bbox 3165 5720 3326 5773; x_wconf 82' lang='lat' dir='ltr'><strong>Imbe-</strong></span> 
     </span>
    </p>
   </div>
   <div class='ocr_carea' id='block_1_117' title="bbox 1801 5802 3318 5884">
    <p class='ocr_par' dir='ltr' id='par_1_117' title="bbox 1801 5802 3318 5884">
     <span class='ocr_line' id='line_1_117' title="bbox 1801 5802 3318 5884; baseline 0.001 -20"><span class='ocrx_word' id='word_1_797' title='bbox 1801 5815 1884 5878; x_wconf 64' lang='lat' dir='ltr'><strong>hat</strong></span> <span class='ocrx_word' id='word_1_798' title='bbox 1920 5813 2062 5880; x_wconf 76' lang='lat' dir='ltr'><strong>abire</strong></span> <span class='ocrx_word' id='word_1_799' title='bbox 2092 5802 2236 5868; x_wconf 77' lang='lat' dir='ltr'><strong>omtd</strong></span> <span class='ocrx_word' id='word_1_800' title='bbox 2261 5813 2458 5884; x_wconf 76' lang='lat' dir='ltr'><strong>absque</strong></span> <span class='ocrx_word' id='word_1_801' title='bbox 2499 5811 2690 5881; x_wconf 83' lang='lat' dir='ltr'><strong>injuria</strong></span> <span class='ocrx_word' id='word_1_802' title='bbox 2750 5826 2937 5880; x_wconf 79' lang='lat' dir='ltr'><strong>passus</strong></span> <span class='ocrx_word' id='word_1_803' title='bbox 2956 5819 3054 5869; x_wconf 85' lang='lat' dir='ltr'><strong>est.</strong></span> <span class='ocrx_word' id='word_1_804' title='bbox 3110 5812 3318 5868; x_wconf 79' lang='lat' dir='ltr'><strong>Petitus</strong></span> 
     </span>
    </p>
   </div>
  </div>
