4032 6344
657 445 759 508 667

1828 447 2149 507 JOANNIS
2183 449 2627 509 LEUNCLM’H

3733 433 3837 495 068

656 548 756 607 ῐ-ιίι
794 552 1023 605 Zatuaro
1049 551 1316 607 Suendius
1352 552 1452 605 sub
1480 552 1713 606 ntedium
1742 568 1977 608 mensem
2005 552 2201 607 Janua-
2227 554 2399 620 Aqua
2432 556 2746 610 Erdelianus
2773 555 2932 610 etiam
2958 550 3525 623 comprehcndebatur.
3564 546 3688 615 Ejus
3712 561 3836 599 eum

656 644 797 697 rium
829 657 972 698 anno
1004 641 1378 696 Malmmetauo
1408 642 1510 695 974
1541 643 1689 712 (Chr.
1716 644 1895 710 1567).

728 730 845 785 Non
870 748 1060 801 magno
1075 740 1194 801 post
1221 744 1430 801 captum
1451 733 1736 787 Zatuarum
1763 732 2018 802 temporis
2038 733 2202 785 inter-

657 825 804 893 jccto
823 827 997 893 spatio
1038 822 1310 878 Sueudius
1342 826 1431 892 qui
1487 824 1680 878 bellum
1725 825 1777 876 in
1856 823 2049 877 Erdelii
2083 822 2202 875 tini-

663 915 766 969 btts
794 930 977 983 gerere
1006 931 1112 969 non
1142 916 1439 978 desinebat.
1465 916 1606 968 nulla
1631 914 1845 984 frigoris
1878 898 2091 967 biberni
2117 930 2201 968 ra-

662 1007 808 1059 tioue
840 1007 1042 1070 bahita,
1075 1006 1407 1060 Muncazium
1436 1021 1559 1060 cum
1586 1008 1699 1060 suis
1732 1006 1968 1069 obsedit,
2024 1005 2199 1058 locum

668 1098 1086 1151 munitissimum
1120 1106 1173 1149 et
1204 1098 1325 1150 huic
1350 1097 1487 1150 bello
1510 1096 1847 1150 coniiciundo
1865 1111 1983 1149 cum
2014 1096 2200 1163 primis

666 1186 953 1240 idoneum:
1005 1189 1159 1255 cujus
1212 1186 1527 1254 praasidiarii
1588 1187 1746 1239 vitam
1812 1186 2203 1253 facultatcsijue

663 1278 838 1329 salvas
870 1277 1010 1345 pacti
1042 1277 1366 1331 deditionem
1422 1276 1683 1331 fecerunt.
1724 1274 1796 1329 Ea
1832 1291 1913 1329 res
1960 1276 2199 1329 animum

667 1367 933 1419 Et'deliatti
967 1366 1189 1420 mirilice
1216 1366 1571 1432 perturbavit,
1604 1382 1699 1446 nec
1748 1368 1927 1420 minus
1958 1368 2201 1421 accendit

669 1460 878 1514 uttotis
908 1458 1112 1512 viribus
1164 1461 1417 1513 amissam
1476 1461 1828 1513 munitionem
1879 1474 2202 1527 recuperan-

666 1551 786 1601 dam
831 1559 1103 1603 statueret.
1140 1548 1253 1603 Non
1292 1555 1432 1604 enim
1486 1550 1669 1620 ignora
1710 1550 1819 1613 bat,
1874 1550 1969 1603 hac
2021 1559 2201 1617 patere

664 1638 947 1693 transitum
981 1639 1031 1691 in
1056 1637 1329 1693 Polouiam
1357 1651 1408 1694 et
1432 1639 1672 1694 liossiam
1697 1654 1891 1706 :seque
1919 1638 2198 1708 prmpediri

663 1740 926 1796 occupato
952 1728 1250 1793 Muucazio,
1288 1745 1395 1798 quo
1425 1731 1602 1783 minus
1625 1731 1681 1794 in
1717 1738 1988 1799 posterum
2025 1729 2201 1784 subsi-

663 1822 868 1874 diarias
896 1836 927 1874 e
957 1835 1125 1888 regno
1153 1820 1387 1875 Poloniae
1412 1821 1596 1888 cupias
1621 1821 1815 1876 habere
1838 1829 2016 1891 posset
2046 1839 2061 1877 ε
2095 1823 2197 1876 nisi

666 1927 760 1964 cas
792 1926 885 1980 per
906 1910 1221 1965 Moldaviam
1254 1914 1416 1967 variis
1449 1913 1763 1983 ambagibus
1784 1924 1833 1969 et
1852 1915 2042 1969 itinere
2068 1916 2202 1970 dilli-

664 2004 754 2056 cili
810 2006 991 2058 venire
1018 2006 1190 2058 vellet.
1250 2009 1314 2057 At
1366 2021 1469 2060 nun
1511 2015 1798 2060 contentus
1852 2006 2204 2074 occupatime

670 2094 929 2149 Muncazii
963 2096 1253 2158 Sueudius,
1287 2112 1409 2150 mox
1435 2096 1591 2150 etiam
1615 2112 1815 2151 corona
1843 2097 2061 2151 militari
2088 2114 2204 2150 mu-

665 2184 921 2237 nitionem
951 2185 1262 2241 llustianam
1282 2189 1493 2257 cingere
1524 2189 1777 2256 perrexit.
1806 2187 1956 2255 Quod
1988 2189 2201 2260 quidem

666 2289 769 2328 non
802 2272 1115 2330 Erdelianus
1147 2288 1352 2332 tantum
1402 2280 1635 2348 graviter
1661 2294 1720 2333 ac
1775 2281 1995 2335 moleste
2040 2281 2200 2345 tulit,

667 2382 852 2421 verum
885 2370 1043 2421 etiam
1077 2369 1341 2431 Budensis
1363 2372 1516 2423 hassa
1544 2389 1556 2423 :
1593 2376 1684 2438 qui
1715 2370 1855 2424 datis
1874 2370 1939 2423 ad
1965 2371 2202 2440 impera-

667 2469 835 2511 torem
875 2458 1293 2512 Maximiliannm
1322 2460 1694 2527 frequentibus
1749 2461 1945 2513 littrris
1999 2459 2202 2514 hortari

668 2566 774 2603 non
803 2548 1051 2603 cessabat
1073 2560 1173 2602 uta
1199 2558 1371 2617 coepta
1398 2549 1679 2603 obsidione
1708 2540 2004 2603 Snendium
2033 2549 2205 2603 disce-

665 2646 792 2697 dere
811 2642 1026 2712 juhcret
1052 2658 1115 2695 ne
1142 2642 1453 2695 inchoatum
1476 2641 1622 2709 pacis
1639 2641 2022 2708 componenda:
2048 2655 2204 2707 nego-

666 2736 801 2788 tium
838 2734 1202 2804 impediretur.
1226 2731 1395 2787 Simul
1438 2731 1597 2785 etiam
1649 2732 1764 2786 suis
1803 2732 1855 2785 in
1914 2733 2201 2786 consilium

670 2828 926 2882 adhibitis
954 2825 1287 2880 deliberabat
1312 2840 1328 2886 ;
1359 2837 1591 2890 quanam
1614 2825 1697 2875 via
1725 2832 1908 2890 posset
1968 2822 2203 2876 obsessis

669 2935 825 2987 opem
864 2917 1023 2970 ferre.
1058 2917 1296 2983 Cumque
1326 2916 1431 2982 iam
1484 2914 1686 2983 pridem
1720 2913 1786 2966 de
1849 2912 1995 2965 hisce
2045 2913 2204 2966 rebus

669 3010 921 3063 omnibus
950 3008 1016 3063 ad
1059 3009 1328 3063 Sullanum
1386 3006 1633 3061 Selimem
1661 3004 1928 3068 retulisel,
1962 3005 2205 3073 indigna-

670 3113 761 3155 tus
793 3101 881 3155 ille
905 3099 1194 3156 Pertavum
1237 3101 1451 3154 hassam
1515 3098 1813 3151 exercitum
1867 3112 2023 3149 suum
2078 3112 2199 3149 cum

2302 648 2418 697 alia:
2450 646 2589 708 leges
2618 654 2672 699 et
2694 645 3027 700 conditiones
3049 653 3221 706 erant,
3241 654 3352 697 tum
3383 640 3459 695 uti
3481 639 3709 708 quisque
3736 635 3837 688 sibi

2304 737 2555 789 retineret
2584 736 2844 807 quidquid
2882 752 2946 791 eo
2980 735 3118 790 bello
3147 735 3399 804 cepisset.
3427 731 3486 787 id
3542 744 3672 785 vero
3719 728 3839 796 plu-
3890 794 3894 796 γ

2302 829 2494 880 rimum
2533 828 2882 882 Maximiliani
2925 829 3084 882 rebus
3109 825 3329 896 profuit.
3371 822 3501 876 Nam
3529 823 3662 875 lines
3708 832 3840 872 suos

2300 935 2459 987 opera
2488 921 2709 975 Snendii
2760 921 2838 974 sic
2900 918 3204 989 ampliarat.
3259 928 3315 970 ut
3377 915 3441 970 ad
3486 911 3837 984 quadraginta

2304 1009 2548 1062 tnilliaria
2572 1009 2888 1064 Germanica
2921 1010 2999 1063 cis
3030 1021 3084 1061 et
3114 1009 3253 1061 ultra
3298 1005 3572 1060 Tibiscmn
3609 1005 3715 1055 late
3741 1000 3835 1051 duo

2305 1102 2770 1169 minareturtqua
2825 1100 3039 1167 quidem
3092 1101 3142 1151 in
3205 1100 3421 1168 regione
3477 1095 3657 1148 multa:
3712 1101 3844 1143 sunt

2304 1208 2475 1254 arces,
2508 1192 2683 1243 mothe
2706 1190 3027 1245 munitiones
3052 1191 3310 1257 insignes,
3366 1187 3552 1254 partim
3594 1184 3845 1237 abhoste

2304 1294 2489 1350 capue,
2542 1284 2735 1349 partim
2792 1282 2943 1336 factae
3011 1280 3283 1349 diligentia
3349 1276 3594 1337 Suendii,
3646 1276 3843 1344 partim

2304 1374 2758 1428 inchoatamlilem
2817 1382 2872 1427 et
2905 1371 3081 1426 aerarii
3139 1370 3257 1423 novi
3314 1369 3615 1432 (Cameram
3683 1366 3847 1433 vulgo

2306 1470 2521 1528 vocant)
2553 1466 2604 1517 in
2640 1466 2706 1519 iis
2737 1466 2866 1519 locis
2903 1473 3091 1517 auctor
3112 1462 3341 1521 exstitit,
3369 1462 3436 1515 de
3459 1476 3566 1525 quo
3591 1457 3696 1511 non
3725 1459 3847 1510 leve

2304 1554 2601 1611 Subsidium
2631 1556 2856 1625 publicis
2885 1554 3046 1609 rebus
3070 1556 3319 1614 accessit,
3376 1551 3590 1612 castris,
3614 1548 3848 1613 aliisque

2308 1645 2851 1710 ninnitislm'is,cum
2923 1645 3148 1713 imperio
3203 1644 3518 1703 Germanos,
3576 1639 3733 1705 jnstis
3794 1648 3851 1689 rt

2308 1737 2556 1805 gravibus
2593 1735 2658 1791 de
2688 1735 2885 1798 causis,
2923 1734 3159 1804 prmfecit
3183 1751 3197 1766 ·
3258 1742 3420 1787 totam
3455 1732 3679 1795 denique
3727 1744 3847 1781 rem

2312 1830 2637 1884 limitaneam
2677 1840 2885 1882 matura
2927 1825 3291 1894 providentia,
3333 1828 3439 1876 tam
3469 1822 3522 1876 in
3568 1819 3849 1889 Ungariaz.

2306 1935 2463 1987 quam
2497 1920 2681 1972 vicinae
2712 1918 2905 1986 Styrim
2932 1916 3125 1969 linihus
3151 1914 3430 1970 constituit
3459 1929 3473 1966 :
3505 1926 3647 1965 anno
3712 1910 3848 1973 975,

2304 2019 2356 2065 et
2374 2008 2476 2064 976
2506 2008 2656 2079 (em.
2698 2007 2832 2061 l568
2865 2016 2912 2061 et
2950 2004 3128 2073 t569).

2375 2119 2485 2174 lloc
2512 2134 2654 2174 anno
2691 2118 2793 2175 976
2846 2119 2994 2183 (Chr.
3028 2118 3183 2179 l5‘59)
3245 2115 3733 2185 splendidissimum
3798 2120 3856 2164 et

2304 2211 2776 2266 instructissimum
2807 2209 3043 2264 Venetiis
3064 2194 3271 2269 navale,
3301 2207 3402 2261 sub
3421 2205 3652 2259 medium
3691 2217 3851 2255 inen-

2303 2319 2417 2359 sem
2466 2303 2858 2371 Septembrem,
2916 2315 3144 2355 accenso
3192 2296 3543 2352 tormentario
3601 2293 3853 2363 pulvere,

2305 2394 2540 2447 maxime
2568 2408 2687 2446 cum
2736 2391 3040 2458 reipublicae
3096 2390 3418 2443 detrimento
3468 2382 3854 2452 conﬂagravit.

2304 2480 2501 2534 Ibidem
2533 2481 2716 2534 tamin
2752 2482 2907 2541 urbe,
2942 2495 3104 2548 quam
3138 2487 3279 2532 terra
3340 2476 3671 2531 continente.
3728 2471 3854 2525 diu-

2304 2580 2463 2623 turna
2488 2581 2538 2623 et
2578 2571 2833 2623 inusitata
2868 2570 3109 2637 quaedam
3165 2574 3282 2620 erat
3312 2579 3539 2618 annonae
3583 2562 3854 2616 cbaritas.

2303 2658 2658 2725 Quamobrem
2703 2658 2949 2711 sultauus
3003 2654 3250 2717 Selimes,
3306 2654 3432 2707 licet
3494 2652 3646 2705 initio
3700 2651 3853 2717 regni

2304 2766 2512 2818 pacem,
2540 2765 2569 2803 a
2596 2750 2899 2803 Soleimane
2918 2756 3069 2817 patre
3093 2761 3214 2801 cum
3237 2743 3455 2799 Venetis
3491 2744 3701 2804 initam,
3726 2760 3858 2795 con-

2304 2844 2567 2904 ﬁrmasse,
2602 2827 2777 2895 tanien
2812 2842 2893 2894 vel
2925 2840 3219 2895 ambitione
3241 2837 3478 2909 propria,
3511 2836 3589 2889 rel
3620 2850 3855 2889 suorum

2306 2935 2559 3002 impulsu,
2583 2935 2663 2988 vel
2685 2934 2785 2987 hoc
2803 2930 3125 2987 Venetorum
3150 2932 3374 2983 adverso
3394 2942 3520 2979 casu
3544 2936 3855 2990 permotus.

2302 3026 2501 3083 bellum
2536 3025 2612 3078 eis
2643 3023 2843 3077 inferre
2873 3022 3081 3083 statuit,
3107 3019 3333 3087 quaisito
3365 3023 3648 3084 praetextu,
3686 3010 3851 3080 quasi

2305 3116 2538 3185 Cyprum
2571 3115 2717 3169 nullo
2743 3115 2863 3182 jure
2893 3111 3252 3181 possiderent,
3288 3122 3408 3177 qua:
3436 3104 3508 3159 ob
3538 3103 3859 3158 successio-

672 3191 944 3244 Romanis:
976 3190 1272 3258 beglcrln-gi
1336 3188 1504 3255 copiis
1528 3186 1874 3253 coniunctum
1928 3185 1978 3237 in
2028 3183 2274 3254 Unga-C
2310 3183 2430 3260 ηέίη
2490 3206 2661 3273 genus
2716 3203 3130 3259 οεηηηίαπυηι
3188 3199 3242 3253 in
3302 3197 3425 3267 jura
3500 3196 3856 3248 ευιωηοι-ηη,

674 3284 804 3335 riam
834 3282 991 3350 361
1021 3282 1217 3334 duci-re
1271 3279 1455 3353 jussit.
1486 3277 1784 3345 Utrumque
1819 3286 1993 3329 tamen
2024 3276 2089 3328 ab
2121 3274 2201 3329 in-

674 3372 860 3426 stituta
894 3372 1119 3425 Seiilltt‘s
1141 3370 1479 3434 expeditione
1511 3384 1633 3421 mox
1660 3370 1947 3433 revocavit,
1977 3384 2100 3423 cum
2125 3368 2205 3422 iit-

673 3462 982 3523 tellexisset,
1042 3460 1348 3514 Verantium
1421 3459 1731 3525 Agriensem
1792 3461 2095 3528 pricsulem,
2152 3467 2207 3512 et

670 3552 829 3605 Chr.s
857 3550 1117 3617 Opltorum
1136 3548 1541 3601 Tib-mbaehum
1557 3549 1836 3613 baronem,
1850 3546 2053 3601 Vienna
2070 3548 2207 3603 Con-

628 3667 639 3677 ~
669 3640 1073 3705 statitinOpolim
1104 3640 1397 3707 ablegatos,
1448 3638 1512 3691 ad
1539 3653 1599 3692 se
1624 3638 1967 3692 contendere.
2003 3637 2205 3703 Quam-

673 3736 858 3788 tibrcttt
898 3742 951 3785 et
982 3731 1245 3790 Butletisis
1283 3730 1458 3791 bassa,
1492 3729 1672 3783 missis
1718 3727 1783 3781 ad
1834 3728 2206 3797 imperatorem

676 3824 1097 3879 Maximilianum
1123 3820 1437 3875 muneribus
1460 3819 1826 3889 amplissimis,
1888 3818 2085 3886 petiit,
2142 3831 2208 3872 ne

675 3915 881 3970 turbari
912 3914 1057 3983 pacis
1089 3912 1458 3967 tractatiOnem
1516 3919 1805 3980 pateretur.
1841 3908 1948 3963 Sua
1990 3908 2205 3979 quidem

674 4013 912 4072 exparte
938 4006 1174 4058 futurum
1205 4005 1415 4071 agebat,
1470 4015 1524 4055 ut
1571 4001 1706 4070 palis
1761 3999 2208 4069 transﬁgerentur

674 4110 884 4154 Otllltl‘S,
909 4095 999 4164 qui
1023 4107 1116 4167 per
1133 4093 1359 4149 Caesaris
1386 4094 1520 4147 lines
1571 4091 1906 4145 excurrendo
1953 4091 2207 4145 damnum

674 4185 966 4238 dedissent.
1021 4181 1141 4237 llaec
1189 4181 1275 4235 ille
1326 4181 1594 4233 multoties
1638 4180 2006 4248 pollicebatur,
2057 4179 2148 4232 scd
2181 4194 2211 4232 e

672 4281 887 4333 divi-rso
918 4277 1085 4330 duces
1114 4270 1405 4333 Erdeliani.
1462 4285 1583 4325 cum
1635 4270 1928 4324 buendium
1967 4269 2210 4323 viderent

673 4373 869 4425 abiisse
915 4366 1251 4423 Cassoviam.
1283 4379 1349 4419 ne
1386 4377 1533 4433 apem
1591 4363 1736 4431 pacis
1787 4361 2227 4416 interturbaretr

675 4457 911 4512 collectis
934 4472 1036 4509 non
1057 4454 1263 4521 magnis
1282 4454 1472 4521 copiis,
1496 4451 1847 4522 impressione
1867 4465 1961 4503 uec
1992 4453 2206 4518 opinata

678 4551 968 4605 ltisuarum
1004 4546 1181 4601 adorti
1211 4555 1483 4614 ceperunt,
1504 4544 1773 4612 occupatis
1800 4544 1954 4597 etiam
1986 4544 2207 4598 thermis

674 4657 811 4712 quas
838 4640 1057 4693 Ilivulos
1077 4636 1422 4689 Dominorum
1444 4635 1729 4703 appellant.
1750 4634 1853 4686 llas
1881 4635 2023 4686 enim
2043 4632 2210 4686 Sucn-

678 4736 799 4786 dius
846 4738 972 4785 ante
1007 4726 1283 4781 biennium
1312 4725 1392 4780 eis
1414 4724 1703 4779 ademerat.
1762 4723 1815 4776 td
1869 4724 1956 4776 ubi
2012 4722 2209 4775 factum

682 4822 924 4873 ttnberus
955 4816 1177 4886 accepit,
1199 4816 1404 4885 legatus
1431 4813 1674 4875 Suendii,
1704 4828 1923 4881 magna:
1955 4812 2034 4864 vir
2063 4811 2212 4865 belli-

675 4914 755 4966 cis
784 4912 837 4965 in
868 4911 1027 4964 rebus
1050 4898 1345 4971 industria,
1374 4921 1495 4960 mox
1526 4920 1645 4960 cum
1673 4904 1832 4972 justis
1854 4903 2090 4972 equitum
2124 4917 2212 4970 pe-

677 5003 954 5068 ditumque
980 5000 1152 5069 copiis
1175 4998 1431 5062 accurrit,
1455 5006 1507 5051 et
1538 4998 1781 5051 hostibus
1837 4993 2209 5063 inexspectato

680 5107 780 5145 suo
806 5092 1005 5145 territis
1022 5094 1275 5148 adventu.
1300 5087 1613 5151 Risuarum,
1639 5086 1877 5140 adhibita
1908 5086 1957 5138 vi
1979 5085 2211 5138 maxima

683 5192 981 5253 recuperat,
1014 5181 1379 5251 praesidiarios
1406 5177 1681 5241 interﬁcit,
1711 5192 1940 5247 moxque
1990 5175 2213 5230 Rivulos
2282 5222 2289 5227 .

681 5278 840 5331 etiam
858 5277 1004 5333 nullo
1028 5285 1237 5345 negotio
1254 5272 1459 5340 recipit.
1480 5270 1687 5338 Quippe
1708 5286 1832 5324 casu
1863 5270 2092 5337 quodam
2124 5282 2215 5321 aco

683 5380 845 5419 eenso
872 5366 1088 5435 pulvere
1109 5359 1487 5420 tormentario,
1519 5369 1755 5414 castrum
1780 5358 1971 5411 ardere
2015 5357 2211 5425 erepit;

686 5462 911 5525 ideoque
940 5451 1129 5522 majori
1158 5460 1307 5520 parte
1337 5454 1789 5519 propugnatorum
1849 5447 2135 5506 exstincta,
2163 5446 2215 5497 in

681 5545 884 5604 lluberi
912 5550 1229 5617 potestatem
1262 5539 1425 5593 venit.
1458 5548 1461 5549 '

752 5642 909 5695 Anno
961 5630 1195 5700 denique
1257 5628 1629 5683 “aliumet-tuo
1686 5622 1789 5685 975
1858 5629 2005 5697 (Chr.
2063 5627 2217 5693 1568)

687 5748 786 5801 pas
820 5740 1012 5781 octavo
1042 5738 1256 5795 quoque
1288 5738 1430 5777 anno
1454 5725 1760 5777 renovanda
1789 5723 1925 5773 inter
1984 5718 2218 5771 Maximi—

688 5823 889 5877 ltanum
933 5821 1253 5887 Augustum,
1326 5816 1703 5884 sulttnumque
1762 5814 2011 5867 b3limem
2070 5812 2214 5869 Cuiit.

2306 3293 2542 3365 Egypti,
2577 3293 2641 3347 ad
2670 3284 2725 3346 Se
2750 3292 2954 3346 directo
3000 3289 3309 3359 pertineret.
3340 3285 3490 3340 Licet
3547 3284 3687 3337 enim
3717 3282 3859 3335 Seli-

2306 3400 2421 3439 tnes
2451 3399 2583 3438 avus
2609 3392 2661 3440 et
2699 3382 3033 3438 Soleimanes
3061 3389 3233 3447 pater,
3266 3378 3428 3432 annui
3469 3375 3673 3431 tributi.
3705 3372 3855 3441 quod

2306 3490 2335 3530 θ
2369 3472 2588 3528 Venetis
2615 3474 2730 3540 ejus
2762 3469 2909 3540 regni
2932 3470 3145 3522 nomine
3184 3467 3541 3534 pendebatur,
3576 3466 3861 3519 solutione

2306 3564 2564 3627 contenti,
2596 3562 2996 3633 possessionem
3044 3560 3235 3615 insulae
3298 3556 3521 3611 Venetis
3581 3556 3861 3611 hactenus

2308 3660 2650 3725 reliquissent
2679 3676 2692 3711 :
2720 3657 2925 3711 nullum
2957 3666 3132 3735 tamen
3168 3654 3271 3707 hoc
3311 3652 3415 3708 sibi
3456 3652 3678 3721 gignere
3710 3667 3857 3721 pra:-

2303 3748 2563 3819 judicium
2602 3761 2756 3814 posse
2777 3746 3011 3806 dicebat,
3042 3744 3330 3814 quominus
3366 3743 3476 3813 jam
3511 3742 3717 3795 tributo
3773 3757 3858 3797 re-

2311 3820 2801 3907 pudiatopregnum
2830 3837 2914 3889 sui
2943 3836 3080 3905 juris
3126 3842 3433 3905 occuparet,
3473 3848 3535 3887 ac
3565 3832 3668 3888 sibi
3724 3833 3856 3887 reti-

2310 3937 2477 3984 ιιοτθῐ.

2378 4044 2565 4111 itaque
2592 4056 2771 4096 mense
2824 4040 3117 4095 Februario
3152 4041 3425 4109 sequentis
3475 4040 3627 4102 anni,
3678 4039 3862 4092 Cuba-

2312 4145 2414 4188 tem
2447 4134 2703 4188 Zausium
2749 4131 3209 4197 Constantinopoli
3257 4128 3508 4183 Venetias
3564 4129 3860 4197 ablegavit.

2310 4228 2399 4294 qui
2436 4242 2464 4280 a
2498 4237 2683 4279 senatu
2746 4223 2982 4295 Cyprum
3036 4230 3343 4289 repeteret,
3406 4234 3468 4285 ac
3496 4220 3864 4299 urecusaturis

2313 4319 2511 4372 bellum
2537 4317 2897 4371 denuntiaret.
2929 4314 3145 4383 Appulit
3171 4313 3217 4366 is
3241 4311 3614 4367 Venutius-sub
3644 4311 3861 4365 initium

2312 4409 2513 4463 mensis
2542 4408 2760 4474 Aprilis,
2794 4422 2935 4459 anno
2966 4406 3070 4460 977
3096 4404 3250 4472 (Chr.
3288 4401 3472 4472 £570).
3527 4413 3577 4457 et
3605 4403 3866 4455 mandato

2239 4508 2285 4566 ι)
2313 4500 2527 4554 Selimis
2552 4498 2816 4568 exposito,
2837 4497 3100 4566 repulsam
3130 4495 3271 4549 tulit.

2382 4607 2714 4677 Quapropter
2740 4623 2919 4660 mense
2951 4604 3088 4657 Maio
3118 4604 3264 4658 missi
3304 4618 3424 4655 eum
3462 4603 3637 4655 classe
3669 4602 3865 4655 milite-

2316 4712 2420 4765 que
2450 4697 2684 4759 t’ucrunt,
2710 4697 2798 4762 qui
2842 4695 3036 4748 bellum
3061 4693 3315 4759 Cyprium
3340 4699 3610 4759 gererent,
3662 4688 3863 4743 ιιηςιη.

2318 4789 2451 4856 phas
2488 4787 2665 4849 bassa,
2705 4785 2979 4851 copiarum
3009 4780 3370 4842 terrestrium,
3400 4788 3453 4831 et
3508 4779 3673 4831 malis
3712 4780 3865 4833 Alis-

2318 4893 2422 4947 que
2446 4877 2637 4941 bassae,
2668 4875 3065 4930 classiariorum
3099 4870 3353 4941 praefecti.
3378 4869 3541 4923 Pialis
3562 4882 3861 4937 provectus

2318 4983 2439 5020 rum
2470 4968 2583 5021 suis
2613 4964 2677 5019 ad
2712 4962 2943 5025 Tenum,
2980 4958 3556 5026 insulamVrnetorum
3582 4958 3635 5011 in
3658 4957 3866 5026 Egzeo,

2320 5058 2462 5113 ferro
2482 5073 2544 5111 ac
2569 5056 2796 5110 ﬂainmis
2820 5071 2958 5114 eam.
2983 5069 3088 5107 non
3115 5053 3232 5107 sine
3258 5053 3405 5122 gravi
3438 5060 3611 5104 tamen
3642 5058 3866 5104 suorum

2314 5148 2548 5215 jactura,
2584 5150 2845 5217 direptam
2908 5145 3158 5200 vastavit.

2394 5260 2570 5315 Mense
2596 5259 2756 5313 Junio
2776 5258 3130 5313 Sebastianus
3161 5256 3442 5317 Venerius,
3496 5252 3683 5305 insula:
3735 5251 3869 5305 Cor-

2326 5352 2715 5423 ryrtemasima
2749 5366 2867 5403 cum
2932 5357 3193 5417 potestate
3250 5358 3471 5414 prases,
3526 5341 3867 5408 Soppotoum

2322 5440 2555 5498 castrum
2594 5441 2852 5501 Albania,
2899 5454 3003 5492 non
3072 5435 3256 5505 procul
3309 5450 3336 5485 a
3379 5431 3615 5501 Corcyra
3673 5431 3866 5489 situm,

2324 5534 2664 5602 expugnavit,
2691 5530 2847 5597 eique
2870 5528 3121 5597 praesidio
3147 5524 3420 5593 imposito,
3452 5537 3515 5577 ac
3547 5520 3713 5574 rebus
3777 5536 3868 5574 ne-

2327 5628 2579 5681 cessariis
2602 5623 2827 5685 munito,
2854 5618 3148 5673 Manuelem
3183 5613 3535 5668 Murmnrium
3564 5613 3865 5665 oriundum

2327 5736 2353 5770 c
2394 5714 2613 5781 Napolio
2646 5711 2917 5765 Romaniae
2951 5705 3253 5778 (Naupliam
3286 5704 3457 5773 Argia:
3505 5711 3720 5757 veteres
3775 5714 3866 5769 ap-

2331 5805 2613 5873 pellavere)
2668 5802 2917 5871 praefecit.
