4032 6344
257 494 371 556 669

1346 507 1717 571 SUPPLEM.
1759 514 2031 575 ANNAL.
2055 516 2354 578 TURCIC.

3336 525 3440 588 6'70

335 599 449 700 Sub
477 600 734 700 ejusdem
773 571 970 700 tuerisis
1021 606 1222 700 exitum
1263 610 1473 666 Marcus
1524 614 1801 679 Οιιὶτῑιιυεν
1834 644 1876 700 Α
1910 625 2107 679 Christi
2141 626 2296 689 H70,
2326 627 2413 695 qui
2453 624 2858 683 Mahumctanus
2902 638 3015 684 erat
3044 631 3164 685 874.
3229 571 3442 686 Exstiii:

261 689 461 742 classis
493 691 544 743 in
575 690 886 747 Hadriatico
910 697 1216 764 praefectus.
1245 717 1427 757 arcem
1457 706 1608 760 sinus
1670 707 1801 759 Mai-

257 782 450 834 nensis
474 781 722 849 (Mainam
756 796 881 841 sunt
908 789 1012 856 qui‘
1030 788 1256 845 Leuctra
1280 795 1556 851 veteribus
1616 799 1799 865 appel-

259 869 428 922 latam
471 882 680 938 putant,
712 876 885 943 ipsum
920 889 1048 935 vero
1077 883 1255 937 sinum
1296 885 1804 951 Maincusem,Mes-

259 958 594 1030 seniacum),
631 965 698 1019 ad
757 977 993 1036 partum,
1045 975 1205 1039 quem
1254 975 1416 1042 vulgo
1468 975 1799 1040 Qualliarum

259 1048 382 1101 sive
411 1051 745 1105 coturnicum
772 1068 985 1125 vocant,
1022 1062 1249 1129 positam
1277 1063 1506 1118 feliciter
1530 1081 1806 1134 expugna-

259 1136 365 1200 vit,
413 1141 654 1207 actisque
679 1144 781 1196 sub
831 1162 893 1199 ea
944 1150 1226 1213 cuniculis,
1277 1163 1330 1207 et
1381 1157 1659 1222 supposito
1721 1158 1804 1208 in-

258 1242 541 1298 censaque
569 1233 786 1299 pulvere
839 1243 1212 1306 torntentario,
1269 1244 1514 1299 littttlitus
1561 1262 1804 1300 eversam

260 1318 438 1372 diruit
468 1363 490 1403 ,Ι
522 1336 588 1376 ne
617 1323 859 1381 barbaris
905 1330 1139 1397 amplius
1181 1343 1456 1400 receptum
1522 1337 1802 1403 praeberet.

337 1405 575 1477 Nicosia,
600 1411 757 1482 Cypri
783 1419 1114 1487 metropolis,
1140 1423 1241 1476 sub
1264 1425 1467 1478 exitum
1494 1425 1616 1478 Julii
1652 1443 1805 1481 men-

261 1495 344 1547 sis
383 1511 413 1547 a
443 1497 722 1568 Mustapha
750 1504 907 1558 bassa
935 1509 1170 1562 obsideri
1194 1522 1390 1578 empta,
1439 1525 1491 1568 et
1543 1517 1805 1569 acerrime

273 1593 388 1637 tam
414 1600 746 1658 Oppugnata,
775 1611 935 1669 quam
967 1598 1212 1663 defensa,
1248 1603 1457 1657 tandem
1481 1603 1566 1657 die
1597 1607 1806 1661 decimo

263 1675 602 1742 Septembris
633 1683 685 1734 in
720 1682 953 1738 hostium
982 1699 1298 1756 potestatem
1359 1697 1523 1755 venit,
1587 1698 1807 1752 misere-

260 1783 375 1832 que
399 1769 603 1838 direpta
635 1771 735 1826 fuit
761 1792 774 1836 ;
803 1777 955 1830 caesis
983 1781 1354 1846 praesidiariis,
1385 1788 1652 1840 exstincta
1715 1805 1809 1841 no-

262 1857 500 1924 bilitate,
525 1866 832 1932 perexiguis
881 1870 1123 1938 reliquiis
1157 1875 1402 1928 servituti
1462 1879 1803 1946 mancipatis.

263 1949 399 2006 Erat
422 1953 548 2007 olim
579 1953 736 2027 Cypri
770 1960 940 2028 regia,
969 1978 1090 2027 quae
1108 1976 1324 2019 centum
1352 1975 1405 2019 et
1425 1969 1651 2036 amplius
1681 1980 1804 2024 ante

263 2042 373 2094 hoc
400 2049 626 2112 tempus.
663 2048 821 2102 annis
871 2051 1082 2105 redacta
1133 2053 1306 2108 fuerat
1358 2057 1459 2110 sub
1519 2059 1802 2126 imperium

260 2135 467 2190 sultani
508 2140 977 2213 Cairensis,eiquo
1003 2146 1104 2202 hoc
1134 2153 1289 2206 modo
1325 2150 1460 2207 facta
1495 2154 1801 2207 tributaria.

261 2225 428 2281 Anno
449 2229 760 2287 Christiano
796 2235 930 2289 “25
959 2237 1158 2291 bellum
1190 2251 1303 2294 erat
1337 2241 1471 2295 Jano
1503 2242 1643 2296 Petri
1675 2243 1802 2306 litin,

261 2320 378 2383 regi
401 2317 617 2390 Cyprio,
651 2325 742 2391 qui
795 2328 1124 2393 penultimns
1178 2330 1280 2384 fuit
1335 2331 1476 2390 inter
1537 2333 1803 2399 legitimos

257 2409 425 2479 362
461 2427 610 2479 reges
640 2429 706 2480 ex
736 2413 1036 2486 Lusignana
1085 2420 1309 2484 familia,
1380 2439 1500 2476 cum
1552 2423 1802 2492 Egyptio

258 2500 385 2553 sive
410 2499 650 2558 Cairensl
685 2507 902 2561 sultano
946 2507 1254 2577 Melechella
1286 2529 1300 2565 :
1329 2514 1591 2581 quohello
1618 2524 1802 2579 captus

259 2590 333 2644 ab
384 2592 537 2647 hoste
599 2595 848 2665 Cyprius,
893 2600 1176 2668 persolutis
1231 2615 1443 2658 centum
1493 2606 1800 2674 quindecim

261 2682 501 2737 millibus
527 2684 972 2755 Seraphinorum,
1006 2692 1057 2745 iu
1098 2709 1316 2760 regnum
1352 2711 1471 2748 cum
1497 2707 1648 2764 pacto
1702 2699 1799 2750 tri-

259 2775 377 2826 buti
409 2776 571 2828 annui
603 2779 922 2833 restituitur.
953 2780 1002 2835 ls
1032 2784 1267 2837 moriens
1301 2785 1468 2839 lilium
1530 2786 1794 2840 Joannem

259 2863 480 2930 reliquit
504 2862 857 2932 impuberem,
890 2867 973 2921 cui
1021 2870 1194 2936 primo
1221 2873 1590 2933 matrimonio.
1658 2883 1800 2942 post-

257 2956 426 3022 quam
453 2956 794 3020 adolevisset,
831 2959 938 3013 lilia
972 2959 1299 3016 Marcbionis
1341 2965 1455 3017 ltali
1495 2965 1798 3021 Montisler-

259 3046 496 3100 ratensis
524 3049 709 3115 nupsit
738 3068 752 3115 ;
787 3064 888 3118 qua
929 3063 1158 3118 mortua,
1201 3055 1453 3109 Helenam
1487 3057 1800 3128 Palreologi-

256 3151 383 3190 nam
417 3137 588 3192 duxit.
615 3137 686 3193 Ex
714 3153 774 3193 ea
820 3150 942 3194 nata
998 3142 1097 3196 fuit
1151 3145 1306 3198 unica
1369 3146 1475 3200 tilia
1525 3147 1796 3213 Karulota,

255 3243 379 3289 utne
411 3228 598 3284 Joanni
627 3229 886 3286 Lusitano
913 3234 1143 3301 primum
1172 3238 1370 3302 nupsit,
1402 3239 1486 3290 cui
1513 3240 1793 3306 praebitum

257 3333 532 3372 venenum
561 3329 786 3375 mortem
819 3325 1020 3377 attulit.
1048 3324 1174 3378 Erat
1199 3326 1465 3382 Karulotee
1491 3329 1608 3386 Jac.
1685 3330 1796 3382 fra-

259 3421 363 3471 ter,
396 3409 673 3478 illegitimo
705 3421 822 3465 toro
845 3421 1022 3476 natus,
1061 3416 1145 3468 cui
1204 3419 1374 3472 sacris
1402 3419 1549 3472 initia
1578 3434 1610 3473 ο
1653 3431 1800 3488 pater

256 3500 787 3569 archiepiscopatum
839 3500 1552 3578 Nicosianumassignarat.‘
1595 3511 1641 3562 Is
1703 3512 1798 3562 im-

256 3593 484 3662 perandi
539 3593 760 3656 libidine
837 3595 1054 3662 ductus,
1118 3600 1485 3654 ecclesiastica
1542 3601 1798 3669 dignitate

257 3693 462 3750 spreta,
494 3700 715 3753 regnum
752 3685 953 3740 invadit
990 3703 1056 3750 ;a
1103 3704 1210 3756 quo
1250 3699 1485 3756 tempore
1542 3691 1716 3745 dictus
1769 3707 1795 3742 a

255 3775 462 3830 Graecis
498 3777 703 3846 Cypriis
746 3778 844 3830 fuit
875 3776 948 3831 Re
971 3777 1139 3851 Zages
1174 3781 1275 3849 (sic
1297 3782 1439 3832 enim
1477 3782 1528 3834 in
1564 3787 1793 3850 quodam

255 3869 628 3936 tnzinuscripto
658 3869 834 3924 libello
857 3885 976 3923 meo
1005 3870 1192 3925 Graeco
1222 3873 1455 3940 legitur),
1481 3874 1794 3942 appellatio-

256 3974 329 4013 ne
365 3961 554 4026 partim
586 3959 787 4025 halica,
821 3962 1012 4028 partim
1035 3962 1258 4018 Gallica.
1314 3965 1446 4015 Nam
1479 3964 1642 4019 Gallis
1706 3965 1799 4018 ηοξ

255 4049 477 4118 laques,
507 4066 596 4103 rex
631 4048 864 4106 Jacobus
889 4061 990 4106 est.
1057 4051 1312 4106 Karulota
1345 4055 1608 4107 secundas
1666 4073 1795 4120 nup.

256 4143 366 4195 tias
386 4157 504 4195 cum
547 4142 816 4197 Ludovico
855 4142 1085 4198 Saliaudi
1147 4146 1303 4199 ducis
1353 4147 1462 4198 lilio
1508 4148 1794 4199 contrahit.

257 4232 309 4284 Is
341 4231 565 4293 classem
604 4232 870 4286 intruens.
905 4235 954 4286 in
987 4233 1359 4303 Cyprumcum
1381 4235 1635 4289 Karulota
1671 4253 1799 4290 ron-

251 4324 385 4393 juge
433 4323 808 4391 proﬁciscitur.
857 4324 1133 4379 Redeunte
1180 4327 1412 4395 legitima
1459 4330 1599 4395 regis
1669 4329 1794 4393 ﬁlia,

252 4417 507 4484 iustaque
539 4417 686 4485 regni
721 4417 948 4478 hrcrede,
980 4417 1210 4472 Jacobus
1245 4419 1441 4471 nothus
1473 4434 1635 4485 regno
1688 4422 1796 4487 pel-

251 4506 334 4559 }it'
367 4542 407 4558 λ.
435 4504 647 4571 Eiectos
676 4505 739 4560 ad
773 4507 1046 4560 sultanum
1074 4507 1284 4577 Egypti
1342 4510 1617 4578 Syri:eque
1670 4526 1794 4564 con-

257 4595 419 4664 fugit,
446 4596 882 4665 Alesscraphum,
910 4607 962 4650 et
984 4613 1134 4665 opem
1150 4599 1264 4664 ejus
1282 4600 1346 4652 ad
1369 4603 1792 4666 recuperandum
1830 4615 1868 4666 ι)

257 4701 484 4756 regnum
515 4686 785 4756 implorat.
815 4688 1081 4744 Assensus
1126 4691 1404 4758 postulatis
1451 4691 1633 4744 Jacobi
1687 4695 1795 4747 sul-

255 4792 441 4844 tanns,
464 4794 583 4834 eum
609 4781 764 4850 pulso
796 4781 1028 4837 vicissim
1067 4797 1186 4836 cum
1214 4782 1472 4837 Karulota
1523 4785 1792 4851 Subando,

255 4872 311 4924 in
339 4886 557 4939 regnum
587 4871 812 4933 reducit,
858 4882 913 4925 et
968 4873 1181 4925 nomine
1230 4875 1579 4926 restitutionis
1638 4876 1795 4942 hujus

253 4975 319 5011 ac
347 4959 591 5012 beneﬁcii
616 4959 877 5012 tributum
906 4976 1011 5012 non
1048 4961 1212 5013 invito
1244 4961 1490 5027 imperat.
1540 4961 1593 5015 Id
1627 4963 1794 5014 tribu-

254 5061 368 5103 tum
390 5066 453 5102 ex
481 5051 748 5105 mercibus
775 5053 1060 5120 quotannis
1087 5052 1302 5106 sultano
1335 5054 1603 5106 solvendis
1655 5069 1789 5107 con-

254 5144 452 5203 stabat,
486 5149 635 5193 certo
669 5143 926 5195 mercium
952 5157 1168 5210 genere,
1231 5143 1641 5211 Specierumque
1698 5159 1794 5195 nu-

255 5245 406 5284 mero
430 5243 706 5298 expresso.
733 5228 968 5283 Necdum
1003 5233 1053 5284 id
1109 5234 1365 5301 temporis
1389 5249 1607 5285 uxorem
1641 5233 1793 5288 Jaco-

252 5321 356 5374 bus
382 5321 625 5394 duxerat.
654 5317 840 5387 Itaque
871 5317 1122 5374 Venetiae
1161 5321 1454 5388 profectus,
1519 5320 1787 5376 A‘Jcatcri-

253 5425 378 5461 nam
407 5409 725 5471 Carnaram,
749 5410 898 5478 prius
926 5425 954 5462 δ
983 5419 1170 5465 senatu
1204 5411 1381 5464 Sancti
1421 5410 1580 5464 Marci
1615 5413 1777 5465 tiliam

250 5499 580 5567 adoptatum,
613 5501 904 5554 constituta
940 5500 1009 5554 de
1063 5501 1275 5571 publico
1309 5503 1454 5564 dote,
1514 5504 1793 5554 matrimo-

253 5587 345 5640 nio
376 5587 478 5642 sibi
511 5589 763 5656 ropnlat;
801 5600 860 5643 ut
897 5591 996 5645 ltnc
1045 5592 1334 5644 adlinitatis
1367 5589 1581 5644 Veneta:
1608 5593 1791 5646 vincu-
1827 5637 1830 5640 .

251 5679 326 5740 lo,
355 5681 739 5745 potentissimae
770 5682 902 5733 mari
956 5683 1262 5750 reipublica:
1325 5681 1571 5749 praesidio
1624 5699 1790 5751 seque

253 5783 584 5838 regnumque
612 5784 768 5822 suum
804 5771 1082 5824 stabiliret.
1118 5773 1223 5826 Nec
1280 5772 1444 5826 multo
1477 5765 1614 5840 po'st,
1667 5775 1789 5827 reli-

252 5868 337 5914 cta
363 5860 584 5927 conjuge
615 5874 940 5929 p‘mguatttt',
982 5865 1226 5917 moritur.
1255 5863 1488 5933 Contigit
1518 5864 1613 5918 hoc
1640 5879 1781 5920 anno

1906 725 1991 770 cto
2019 733 2158 784 rege,
2194 721 2534 786 posthumum
2564 718 2741 786 regina
2799 721 3002 773 'marem
3027 723 3184 798 parit,
3217 724 3305 791 qui
3362 733 3441 777 ta-

1908 823 2026 860 men
2063 823 2166 861 nun
2198 809 2287 862 diu
2313 819 2583 876 superstes
2616 809 2734 862 fuit.
2763 808 2898 861 Tum
2934 826 3058 864 vero
3117 809 3305 864 Veneti
3355 814 3438 865 vi-

1906 899 2025 952 dua:
2087 901 2432 966 persuadent,
2463 911 2521 953 ut
2561 915 2723 968 regno
2743 901 2972 963 cederet,
3001 902 3084 954 cui
3107 901 3438 956 defendendo

1909 1002 2001 1052 par
2033 987 2144 1052 ipsa
2176 1000 2280 1040 non
2314 997 2471 1047 esset,
2515 1004 2799 1057 anuuoque
2830 992 3002 1042 reditu
3061 1002 3294 1060 quatuor
3349 1003 3440 1045 aut

1907 1077 2143 1144 quinque
2179 1079 2399 1131 millium
2449 1078 2837 1131 Zecchiuorum
2870 1089 3145 1140 contenta,
3212 1081 3436 1148 patriam

1907 1165 2193 1220 immortali
2234 1167 2492 1220 beneﬂcio
2521 1168 2619 1220 sibi
2652 1168 2967 1220 devincirct.
3006 1166 3113 1220 lloe
3140 1170 3299 1219 modo
3356 1185 3441 1218 re-

1908 1256 2058 1308 dacta
2096 1257 2146 1308 in
2201 1266 2514 1323 potestatem
2588 1244 2781 1321 insula,
2835 1257 3187 1310 nihilominus
3253 1256 3436 1310 Veneti

1909 1346 2119 1415 Snjtano
2147 1345 2414 1415 Egyptio,
2438 1348 2619 1400 tributi
2645 1350 2761 1414 ejus
2783 1348 3016 1412 nomine,
3040 1348 3179 1414 quod
3208 1347 3438 1401 Jacobus

1910 1451 1996 1486 rex
2029 1438 2097 1487 illi
2133 1437 2404 1502 pollicitus
2429 1436 2619 1499 fuerat,
2647 1452 2851 1492 merces
2881 1439 2932 1490 in
2964 1439 3132 1506 pactis
3158 1439 3438 1490 conventis

1907 1540 2187 1587 cxpres~as
2220 1529 2508 1592 quotannis
2540 1529 2818 1580 mittebant
2851 1545 2863 1581 :
2919 1528 3090 1582 donec
3121 1544 3261 1581 anno
3284 1527 3443 1579 Citri-

1913 1616 1977 1666 sti
2027 1615 2176 1676 1517,
2208 1618 2295 1684 qui
2323 1616 2726 1671 Mabnmetanus
2746 1626 2860 1671 erat
2885 1619 3008 1677 925,
3042 1619 3251 1670 sultano
3279 1618 3442 1670 Totn~

1909 1707 2142 1758 mambai
2185 1717 2236 1758 et
2294 1706 2653 1761 Mamelucisa
2711 1707 2924 1760 sultano
2974 1707 3172 1759 Selime
3227 1707 3439 1768 deletis,

1907 1806 1960 1850 et
1995 1795 2221 1865 Egypto
2247 1796 2508 1865 Syriaque
2532 1797 2826 1865 subjugatis
2848 1813 3161 1852 conversum
3188 1813 3214 1850 a
3241 1799 3436 1851 Selime

1909 1887 2133 1947 victore,
2218 1887 2744 1953 Μαῐιὶιιιιιροτιιιιιιμιο
2799 1902 3132 1946 successore.
3180 1888 3438 1940 tributum

1836 1951 1876 2004 Β
1909 1975 2006 2025 hoc
2038 1974 2134 2026 fuit
2162 1974 2212 2025 itt
2248 1985 2449 2027 eertum
2486 1951 2747 2048 pretium,
2789 1977 3032 2029 videlicet
3065 1976 3201 2028 8000
3255 1976 3436 2028 Zeclti-

1907 2078 2094 2115 norum
2140 2079 2320 2131 :quos
2346 2065 2496 2132 Cypri
2547 2066 2761 2118 nuntiue
2788 2067 3016 2119 sultanis
3083 2065 3324 2119 Turcicis
3372 2082 3434 2118 ex

1905 2169 1970 2206 ro
1997 2162 2231 2221 tempore
2258 2155 2438 2207 Veneti
2493 2157 2881 2220 persolverunt,
2943 2157 3112 2207 donec
3158 2171 3186 2209 a
3240 2154 3439 2208 Selime

1906 2228 2162 2303 secundo,
2189 2245 2419 2316 Cyprum
2452 2248 2552 2300 sibi
2591 2264 2683 2300 ceu
2708 2247 2928 2300 domino
2986 2249 3211 2308 directo,
3284 2261 3438 2314 repr-

1906 2344 2049 2386 tente
2082 2336 2276 2388 bellum
2303 2338 2364 2388 de
2395 2353 2499 2404 quo
2541 2354 2680 2391 nunc
2714 2339 2940 2405 agimus,
2974 2338 3225 2391 indictum
3268 2335 3442 2389 Vene-

1903 2429 2120 2480 lisfuit.
2182 2428 2346 2496 Capta
2395 2430 2630 2491 Nicosia,
2690 2428 3064 2500 Famagustam
3131 2429 3438 2496 Mustapltas

1903 2519 2058 2572 bassa
2089 2520 2298 2573 tandem
2329 2522 2572 2573 obsidere
2602 2524 2760 2588 rapit
2795 2537 2940 2574 anno
2997 2520 3280 2573 Mabumet.
3331 2519 3434 2573 578

1905 2609 2050 2681 (Chr.
2078 2611 2252 2676 l57l),
2282 2613 2382 2666 sub
2407 2611 2637 2665 medium
2671 2627 2903 2666 mensem
2930 2613 3168 2680 Augusti.

1971 2749 2126 2800 Anno
2158 2748 2442 2815 979"(Chr.
2481 2747 2655 2815 1572),
2687 2747 2811 2799 dum
2844 2745 3200 2807 obsideretur,
3237 2752 3286 2796 et
3318 2756 3439 2809 gra-

1901 2836 2118 2891 vissime
2141 2852 2170 2890 a
2206 2837 2393 2890 Turcis
2423 2846 2820 2905 oppugnaretur
2867 2832 3206 2900 Famagusta,
3247 2831 3437 2885 classis

1901 2926 2124 2982 Turcica
2174 2929 2425 2982 tlamnum
2483 2925 2697 2981 matura
2747 2925 3075 2980 Venetorum
3129 2925 3322 2978 insulis
3382 2923 3434 2975 in

1899 3018 2102 3087 Egeo,
2135 3021 2212 3071 Ali
2241 3021 2397 3074 bassa
2428 3020 2562 3074 duce
2611 3020 2824 3073 Cretam
2859 3018 3134 3086 (Candiam
3170 3030 3308 3069 tmnc
3340 3028 3434 3066 vo-

1902 3110 2044 3178 cant)
2077 3110 2246 3178 petiit,
2287 3111 2374 3163 ubi
2403 3112 2645 3178 exposito
2671 3111 2724 3163 in
2757 3120 2949 3164 terram
2986 3107 3173 3171 milite',
3195 3107 3433 3160 saevitum

1903 3203 1953 3255 in
1979 3204 2162 3255 obvios
2202 3204 2523 3255 immaniter.
2567 3203 2781 3254 Munitis
2821 3200 3125 3253 civitatibus
3142 3209 3193 3251 et
3225 3198 3435 3266 oppidis

1827 3294 1864 3348 C
1900 3297 1970 3348 ita
1995 3305 2330 3363 prospectum
2369 3303 2575 3346 mature
2610 3291 2825 3344 lucrata
2863 3290 3315 3357 gubernatoribus
3350 3289 3433 3340 in-

1899 3386 2048 3448 sulaz,
2076 3385 2278 3436 nullum
2314 3392 2369 3435 ut
2405 3383 2470 3435 ab
2505 3383 2656 3435 hoste
2713 3382 3090 3434 detrimentum
3114 3382 3436 3448 acciperent.

1898 3477 2085 3528 Solum
2150 3474 2465 3544 Ilhetymum
2512 3474 2732 3528 adortus
2801 3473 3056 3534 Vluzalis,
3125 3472 3437 3537 Apbricanar

1899 3566 2166 3620 Barbarie:
2223 3551 2588 3634 pir05ultanus,
2628 3566 2783 3633 cuqu
2848 3574 2971 3618 ante
3029 3564 3167 3616 facta
3215 3562 3435 3623 mentio.

1897 3664 2036 3726 quod
2070 3658 2134 3709 ab
2155 3657 2342 3710 incolis
2371 3659 2638 3708 desertum
2663 3657 2872 3718 luisset,
2905 3655 3114 3709 nemine
3145 3652 3429 3707 resistente

1898 3764 2080 3802 mense
2104 3746 2261 3800 Iunio
2295 3749 2537 3799 vastavit.
2592 3748 2704 3800 Alis
2739 3748 2891 3801 bassa
2921 3746 3131 3799 tandem
3164 3744 3436 3799 recensitis

1897 3842 2067 3909 copiis
2099 3842 2231 3904 suis,
2262 3840 2401 3907 quod
2432 3841 2571 3907 apud
2606 3841 2751 3906 ipsos
2787 3855 2880 3907 per
2907 3837 3058 3889 fabas
3109 3836 3193 3888 vel
3250 3849 3434 3901 aSprus

1899 3938 2008 3989 ﬁeri
2033 3938 2330 3999 consuevit,
2370 3951 2490 3988 cum
2529 3934 2663 3986 5700
2715 3932 2961 3983 amisisse
2990 3944 3046 3980 se
3075 3928 3292 3985 videret,
3354 3940 3430 3976 re-

1897 4027 2020 4078 licta
2055 4027 2210 4077 Creta
2246 4024 2509 4090 Cet-igitur
2549 4020 2734 4073 Veneti
2777 4019 2918 4087 juris
2945 4033 2975 4070 e
3033 4017 3251 4083 regione
3309 4028 3430 4080 pro-

1899 4113 2150 4168 montorii
2189 4111 2365 4164 Maleae
2395 4111 2550 4163 sitam
2613 4108 2864 4165 insulam,
2896 4104 3188 4172 (Citberam
3250 4104 3431 4156 dixere

1897 4205 2121 4272 vrteres)
2152 4204 2215 4254 ad
2251 4201 2431 4254 Sancti
2483 4198 2682 4253 Nicolai
2712 4208 2947 4275 .portum
2985 4195 3199 4252 Ῑιινςιείι,
3235 4201 3286 4245 et
3321 4207 3429 4243 ma-

1893 4299 1997 4367 jori
2029 4315 2092 4353 ex
2131 4312 2279 4367 parte
2299 4295 2544 4363 diripuit.
2577 4286 2700 4348 lude
2721 4292 2980 4361 Zacynthi
3004 4301 3055 4343 et
3078 4284 3430 4356 Cephalleniae

1897 4392 2170 4444 suburbiis
2206 4406 2265 4444 ac
2294 4389 2422 4442 vicis
2446 4386 2653 4440 excidio
2684 4384 2820 4437 datis
2852 4386 3028 4447 (arces
3085 4382 3223 4430 enim
3253 4375 3427 4442 prmsi-

1895 4483 1997 4532 diis
2022 4489 2073 4532 et
2105 4495 2266 4546 opere
2305 4479 2383 4530 sic
2409 4478 2711 4528 munierant
2742 4471 2942 4533 Veneti,
3004 4476 3060 4520 ut
3115 4482 3205 4519 eas
3257 4466 3426 4518 hostis

1897 4571 2106 4638 aggredi
2140 4583 2240 4621 non
2260 4566 2524 4635 auderet),
2552 4563 2881 4633 Suppetoum
2924 4559 3094 4627 pergit
3115 4557 3222 4609 Alis
3248 4556 3423 4618 bassa,

1899 4674 2228 4727 numeroque
2265 4659 2493 4710 militum
2543 4656 2810 4724 superior,
2844 4651 2999 4705 caesis
3036 4649 3267 4716 captisve
3297 4663 3426 4714 pra:-

1899 4750 2159 4815 sidi-iriis,
2211 4765 2388 4803 arcem
2433 4747 2663 4813 recipit:
2723 4757 2878 4810 cujus
2934 4741 3093 4793 etiam
3145 4738 3424 4806 pra‘l’ectus

1895 4843 2104 4896 Mannel
2139 4841 2484 4899 Murmurius,
2524 4840 2602 4888 vir
2646 4835 2779 4888 bello
2825 4843 3101 4895 strenuus,
3167 4831 3217 4882 in
3255 4829 3422 4880 hostis

1895 4944 2208 5004 potestatem
2243 4932 2404 4983 venit.

1963 5065 2099 5118 Hinc
2123 5063 2401 5118 obsessum
2428 5069 2566 5112 terra
2625 5061 2868 5125 marique
2911 5054 3227 5112 Dulcinium,
3255 5052 3414 5104 situm

1896 5159 1946 5212 iu
1983 5158 2217 5211 Albaniae
2251 5153 2622 5220 Dalmatireque
2667 5151 2860 5202 liuibus
2889 5134 3162 5214 oppidum,
3236 5159 3416 5196 mense

1893 5248 2034 5303 Julio
2059 5249 2246 5301 Turcis
2279 5262 2334 5299 se
2367 5243 2605 5297 dedidit:
2641 5240 2848 5294 civibus
2912 5237 3211 5288 libertatem
3238 5251 3412 5296 suam,

1894 5342 2154 5395 militibus
2174 5340 2288 5391 vita:
2316 5339 2483 5406 pactis
2517 5329 2953 5386 incolumitatem.
2985 5323 3086 5377 Sed
3122 5325 3245 5375 dum
3288 5341 3413 5377 con-

1894 5434 2114 5487 tendunt
2145 5431 2285 5483 inter
2338 5444 2394 5480 se
2447 5426 2632 5481 bassa',
2689 5430 2916 5486 quorum
2966 5414 3098 5466 alter
3157 5417 3410 5481 oppidum

1893 5520 2236 5576 terrestribus
2268 5519 2457 5586 cepiis,
2486 5514 2614 5564 alter
2673 5507 2805 5562 mari
2870 5505 3176 5566 obsederat,
3236 5509 3410 5558 utrius

1889 5628 2005 5666 esse
2035 5612 2282 5662 deberet:
2318 5608 2547 5676 plerique
2573 5614 2824 5653 omnesut
2850 5599 3159 5650 servitutem
3195 5595 3407 5647 αὺύυι-ιὶ

1892 5702 2125 5766 luerunt,
2153 5698 2386 5765 exceptis
2423 5695 2578 5748 Sarra
2629 5680 2973 5753 Martinengu,
3017 5682 3284 5733 Dalmatia:
3314 5696 3409 5734 su-

1891 5806 2068 5859 premo
2124 5805 2242 5840 cum
2300 5788 2518 5853 imperio
2576 5787 2943 5853 gubernatore,
2973 5789 3032 5825 ac
3086 5769 3261 5825 Marco
3310 5771 3408 5829 Ye-

1891 5879 2056 5934 uetiu.
2092 5879 2313 5932 Dulcinii
2343 5875 2607 5930 urwfccw.
