4032 6344
574 448 669 510 671

1772 452 2089 515 JOANNlS
2117 426 2564 514 LEUNCLM’II

3652 445 3753 508 62

645 557 797 612 Tunc
816 559 976 616 etiam
1002 559 1161 616 Turci
1215 559 1366 629 ptititi
1427 558 1649 617 fuerunt
1696 561 1967 625 Antihari,
2021 577 2114 629 per
2143 574 2183 630 Α
2215 566 2334 629 viri,
2370 565 2760 632 maguusregni
2787 561 3017 617 Ουειὶιίω
3037 557 3754 620 Cdmtuendator,Ast'anius

579 664 840 709 siuntnatn
868 649 1133 711 ignaviam
1155 651 1473 709 deditionem
1531 651 1758 709 faciente
1811 651 2116 705 Alexandre

587 736 790 797 Donato
843 740 1128 805 praefecto:
1194 741 1430 809 itemque
1482 741 1677 806 Butua,
1731 757 1851 810 qua:
1902 743 2112 797 defendi

537 827 539 832 “
581 840 685 880 non
719 828 911 896 potuit,
944 829 1092 898 quod
1124 839 1269 886 esset
1303 847 1489 890 versus
1555 847 1705 890 mare
1743 846 1932 901 parit
1991 848 2112 888 mut

583 917 715 970 uita.

658 1006 892 1063 Vluulis
953 1008 1290 1079 etCaragnsa
1347 994 1560 1073 Raisus,
1600 1025 1721 1062 cum
1774 1010 1836 1062 ad
1886 1011 2116 1066 insulani

588 1095 871 1162 Liesenatn
919 1099 1252 1165 appulissent
1307 1099 1525 1167 (Farutn
1587 1099 1840 1158 Dalmata:
1902 1113 2115 1165 vorant,

591 1185 677 1237 ubi
709 1185 961 1241 Fareusis
991 1197 1073 1246 est
1107 1190 1499 1257 episcopatus),
1524 1192 1783 1248 suburhia
1817 1193 2117 1258 depopulati

588 1286 729 1340 sunt,
783 1292 988 1344 arcem.
1011 1295 1170 1346 quam
1201 1282 1408 1348 egregie
1438 1284 1693 1334 munitam
1725 1285 1973 1344 vidimus,
2006 1293 2121 1336 ten-

591 1374 700 1416 tare
729 1380 834 1424 non
860 1367 1003 1424 ausi.
1036 1366 1257 1427 Liesena
1293 1370 1498 1432 relicta,
1533 1369 1815 1427 Curzolam
1859 1367 2122 1436 peticrnt‘tt

588 1469 746 1518 quam
779 1453 1063 1525 Corcyram
1090 1455 1302 1524 Nigra’m
1333 1468 1544 1518 vocant,
1580 1458 1718 1511 haud
1751 1461 1936 1523 procul
2001 1460 2122 1512 inde

588 1544 831 1601 dissitam
866 1562 880 1597 :
910 1547 997 1602 cui
1021 1547 1234 1615 quidem
1260 1548 1446 1600 insula:
1477 1549 1607 1602 nihil
1638 1549 1795 1618 363
1848 1551 1988 1603 aliud
2035 1554 2122 1604 de-

590 1636 717 1690 dere
749 1635 950 1703 damni,
977 1653 1135 1704 quam
1190 1638 1331 1705 quod
1392 1637 1585 1692 Ulatitn
1644 1655 1835 1707 pagunt
1895 1639 2124 1692 flammis

593 1725 802 1793 injectis
839 1713 1180 1788 enasset-unt,
1230 1726 1361 1782 Nam
1424 1745 1544 1789 cunt
1608 1732 1864 1797 oppidum
1913 1731 2122 1795 insulse,

591 1816 732 1884 quod
755 1817 933 1883 ipsum
957 1833 1169 1885 qyoque
1199 1816 1442 1874 ϐαι-ποιεῦ
1490 1834 1684 1871 nomen
1720 1819 1900 1882 habet,
1933 1834 1963 1875 ιι
1995 1820 2125 1872 viris

2214 654 2537 717 Coruianus,
2559 655 2794 708 Joannes
2841 654 3078 707 Andreas
3117 653 3271 706 Doria
3323 651 3575 718 priucrps
3631 645 3761 699 Helo-

2216 748 2489 814 phitanus,
2509 747 2838 814 Augustinus
2866 743 3204 810 Barltarigus,
3234 742 3441 795 Marcus
3473 739 3754 802 Quirinus,

2217 839 2483 890 Antonius
2513 837 2749 898 (Ianalis,
2783 834 2968 888 Veneti
3005 852 3020 888 :
3051 832 3348 886 Alexander
3383 834 3508 882 item
3562 828 3756 881 Farne-

2217 929 2352 990 sius,
2399 925 2603 980 Octavit
2655 926 2807 979 ducis
2857 924 3017 987 filius,
3081 921 3330 990 princeps
3385 917 3694 972 Parmensis
3736 934 3751 976 ;

2222 1016 2538 1070 Frauciscus
2561 1016 2747 1080 Maria,
2779 1013 3041 1068 Guidonis
3067 1012 3249 1067 Ubaldi
3271 1012 3428 1073 filius,
3464 1009 3756 1065 Bovereus.

2221 1107 2407 1161 Urbini
2444 1108 2714 1176 princeps,
2767 1105 2967 1161 Paulus
3018 1104 3288 1159 Jordanus
3351 1101 3600 1162 Ursinus,
3650 1101 3754 1151 dus

2221 1198 2626 1252 llraceianensis
2667 1213 2679 1263 ;
2719 1198 2946 1251 Alvarus
2993 1197 3236 1250 marcltio
3277 1193 3486 1246 Sancta:
3545 1186 3756 1244 Crucis,

2216 1300 2272 1341 et
2309 1289 2394 1341 alii
2419 1289 2618 1356 plures.
2644 1289 2766 1342 Haec
2801 1289 2994 1342 classis
3038 1303 3158 1340 cum
3214 1298 3396 1338 mense
3459 1280 3758 1352 Septembri

2224 1380 2466 1432 Messana
2492 1377 2685 1432 Siciliae
2707 1377 2973 1436 solvisset,
2997 1376 3322 1441 hostilesque
3340 1371 3554 1426 navales
3579 1369 3764 1436 copias

2224 1471 2286 1522 ad
2315 1469 2637 1523 lnebechtim
2666 1468 2960 1521 subsistere
2985 1467 3085 1534 (sic
3119 1464 3276 1517 Turci
3303 1461 3582 1519 nominaut
3628 1458 3763 1512 civi-

2226 1571 2591 1625 tatem,qnatn
2641 1557 2808 1610 nostri
2863 1556 3158 1623 Lepantum
3215 1552 3508 1620 appellant,
3559 1556 3768 1602 veteres

2226 1652 2409 1702 dixere
2447 1646 2804 1715 Naupactum)
2851 1647 3155 1699 nuntiatum
3209 1652 3348 1698 esset
3378 1660 3392 1696 :
3422 1639 3653 1694 tandem
3699 1639 3766 1690 ad

2230 1750 2445 1807 portum
2470 1739 2659 1793 insulto
2696 1737 3076 1806 Cephalleniae,
3121 1751 3281 1804 quem
3347 1734 3498 1787 vallis
3538 1733 3780 1785 Alexan-..

2225 1829 2390 1880 tit-inae
2432 1837 2645 1888 vocant,
2676 1827 2901 1894 appulit.
2923 1826 3110 1879 Stabat
3145 1823 3285 1877 haud
3308 1825 3544 1890 procula
3579 1822 3778 1876 nosu-is

600 1909 898 1990 desertum.
986 1908 1424 1977 aggrederentur,
1483 1925 1512 1964 a
1597 1910 1831 1974 feminis,
1887 1912 2128 1964 animose
2163 1948 2200 2002 Β
2231 1917 2283 1968 ἱιι
2319 1916 2667 1970 lnebeelttino
2693 1916 2839 1976 sinu,
2869 1915 2961 1983 qui
2987 1912 3300 1968 Corinthius
3331 1911 3460 1964 olim
3501 1926 3778 1978 nuncupa-

594 1999 820 2065 patr'tant
848 1998 1283 2062 defendentibus,
1314 2002 1660 2054 memorabili
1725 2016 1846 2055 eum
1897 2003 2125 2054 marium

592 2088 1033 2159 Curzolaoortttn,
1062 2103 1116 2145 et
1164 2093 1402 2161 ipsorum
1429 2095 1662 2150 hostium
1685 2093 1929 2154 infamia,
1979 2093 2131 2147 femi-

575 2172 790 2249 neique
842 2198 1008 2240 sexus
1065 2185 1354 2238 immortali
1404 2184 1582 2246 laude,
1642 2185 1825 2251 rejecti
1892 2185 2127 2240 fuerunt.

661 2271 1041 2340 Faunagustaui
1065 2289 1157 2341 per
1211 2275 1478 2343 integrum
1509 2290 1707 2328 annum
1733 2267 1967 2340 obsessi,
2014 2291 2132 2330 cum

595 2363 815 2417 fortiter
849 2364 1108 2420 hactenus
1132 2380 1343 2421 omnem
1385 2366 1490 2419 vim
1550 2367 1795 2420 hostilem
1846 2367 2134 2422 sustinuis-

595 2465 718 2513 sent
750 2471 766 2509 :
797 2455 1007 2512 tandem
1042 2458 1093 2512 in
1116 2466 1352 2512 extrema
1375 2474 1556 2511 rerum
1611 2461 1850 2512 omnium
1915 2462 2133 2528 penuria

597 2546 918 2600 deditionem
945 2546 1208 2610 fecerunt,
1239 2549 1322 2600 his
1354 2548 1561 2618 legibus
1595 2567 1608 2601 :
1635 2561 1691 2603 ut
1739 2549 1954 2602 Venetis
2014 2553 2136 2605 vita!

596 2638 980 2690 concederetur
1012 2638 1372 2700 incolumitas,
1403 2647 1454 2692 et
1485 2640 1565 2694 uti
1593 2655 1713 2692 cum
1746 2641 1910 2694 artnis
1940 2640 2051 2692 suis
2076 2655 2136 2693 ac

598 2728 944 2783 facultatibus
984 2728 1036 2782 in
1061 2729 1273 2790 Cretam
1300 2726 1689 2784 deducerentur
1719 2749 1732 2797 ;
1757 2731 1924 2785 ϐιωςὶ
1950 2731 2138 2787 domos

598 2835 722 2872 suat
774 2820 1090 2884 incolerent,
1147 2823 1579 2888 possessionibus
1642 2823 1753 2877 suis
1806 2824 2134 2888 fruerentur,

603 2915 705 2960 ritu
731 2908 1040 2964 Christiane
1093 2913 1353 2966 viverent.
1399 2915 1604 2978 Quibus
1659 2916 2057 2969 cotiditiouibus
2108 2933 2137 2969 a

601 2999 871 3066 illustapha
908 3002 1083 3064 bassa,
1123 3004 1277 3057 initio
1308 3007 1507 3059 mensis
1567 3009 1807 3074 Augusti,
1850 3025 1990 3062 :mno
2038 3010 2140 3063 979

601 3091 747 3155 (Chr.
781 3092 957 3161 1572),
999 3094 1228 3150 laudatis
1247 3107 1298 3148 et
1320 3097 1645 3165 approbatis.
1676 3099 1949 3167 ipsiusque
1981 3117 2137 3154 manu

602 3187 926 3252 subsignatis
953 3201 968 3238 :
1002 3187 1086 3240 die
1118 3194 1306 3254 quinto
1332 3188 1465 3241 dicti
1487 3188 1685 3241 mensis
1707 3190 1928 3256 Augusti
1949 3191 2141 3257 prodiit

2233 2008 2409 2070 batur,
2448 2007 2636 2059 classis
2657 2005 2887 2057 hostium
2922 2022 2932 2056 :
2969 2003 3054 2056 cui
3096 2018 3216 2055 cum
3260 2001 3484 2069 imperio
3508 2010 3773 2068 prmerant

2236 2095 2494 2148 Pertavus
2514 2095 2669 2148 bassa
2697 2095 2971 2162 copiarum
3007 2093 3367 2153 terrestrium,
3397 2101 3449 2143 et
3479 2090 3598 2144 'Alis
3615 2091 3777 2142 bassa

2234 2183 2501 2237 sociorum
2527 2183 2796 2236 navalium
2817 2185 2922 2234 dux
2968 2197 3272 2250 supremus.
3319 2180 3462 2232 inter
3524 2179 3643 2240 bos,
3689 2194 3786 2232 co-

2233 2273 2378 2339 gnito
2407 2272 2720 2327 Christianae
2747 2273 2937 2327 classis
2971 2274 3225 2335 adventu,
3259 2271 3644 2325 sententiarum
3693 2271 3779 2322 di-

2236 2353 2458 2419 versitas
2491 2366 2717 2420 exstitit.
2748 2363 3002 2418 Pertavus
3035 2364 3411 2417 abstinendum
3450 2361 3721 2430 judicabat
3747 2379 3782 2416 a

2236 2455 2440 2523 prtulio,
2481 2457 2621 2524 quod
2653 2445 3067 2522 conjunctajam
3087 2454 3514 2508 Christianorum
3569 2453 3779 2515 classis,

2238 2548 2396 2600 unius
2424 2548 2649 2615 imperio
2679 2548 2828 2602 ducis
2855 2557 3126 2615 regeretur
3156 2563 3169 2600 :
3207 2545 3640 2614 exspectandum;
3659 2561 3784 2599 esse

2238 2638 2581 2704 perexiguum
2612 2640 2676 2689 ad
2697 2647 2922 2704 tempus,
2948 2655 3055 2705 quo
3077 2639 3309 2691 futurum
3329 2642 3417 2702 sit,
3441 2648 3518 2708 ut,
3541 2640 3631 2693 illo
3645 2657 3788 2709 pra:—

2237 2729 2418 2781 set-tim
2446 2730 2570 2782 anui
2599 2740 2853 2798 trmpore,
2892 2731 3144 2783 solvatur.
3177 2731 3284 2782 Alis
3313 2733 3622 2784 crontrario
3655 2746 3788 2785 scn-

2240 2820 2426 2885 tiebat,
2455 2820 2673 2873 omnino
2713 2820 3097 2882 dimicandum.
3126 2823 3165 2873 A
3207 2821 3430 2875 l‘crtavo
3455 2822 3668 2875 stabant
3700 2825 3777 2876 rei

2240 2912 2441 2964 navalis
2461 2912 2766 2979 peritissimi
2800 2913 3149 2980 veteranique-
3176 2914 3362 2974 duces,
3397 2913 3615 2966 Sirocus
3651 2915 3785 2967 Ale-

2243 3003 2476 3056 xandriae
2508 3006 2811 3071 saugiacus,
2837 3004 3138 3058 Carabuces
3167 3005 3450 3071 sangiaeus
3482 3003 3786 3058 Sourisaris

2243 3094 2293 3145 in
2328 3095 2643 3149 Caramania
2695 3098 2806 3150 sive
2863 3098 3041 3150 Cilicia
3102 3096 3365 3148 maritima
3434 3079 3786 3151 Mechetnetes

2245 3187 2429 3253 begtts,
2461 3186 2597 3238 Salen
2635 3188 2776 3240 liaisi
2820 3188 2976 3250 filius,
3000 3186 3282 3253 sangiacus
3316 3185 3526 3239 Euboea:
3549 3187 3660 3240 sive
3679 3188 3789 3240 Ns—

602 3293 664 3327 ex
697 3277 826 3328 urbe
850 3274 1058 3329 Marcus
1094 3278 1359 3331 Antonius
1392 3278 1740 3346 Bragadinus,
1767 3282 1867 3333 sub
1903 3296 2010 3346 quo
2051 3281 2142 3334 tle-
2166 3277 2208 3334 C
2247 3279 2490 3346 gl'oponli
2519 3294 2532 3330 :
2567 3294 2686 3330 NIIII
2714 3279 2793 3330 Ali
2817 3293 2938 3344 νεὶςο
2958 3277 3278 3342 senliebam,
3299 3277 3572 3331 Chasane‘
3592 3277 3786 3348 beans.

604 3368 750 3421 fensa
780 3369 950 3421 fuerat
979 3369 1257 3426 hactenus.
1288 3379 1339 3421 et
1373 3386 1493 3422 cum
1525 3373 1712 3423 illustri
1751 3372 2013 3426 nobilium
2067 3373 2142 3424 vi-
2190 3363 2197 3370 ’

605 3475 783 3513 rerum
805 3461 1057 3518 comitatu
1083 3460 1134 3513 iu
1163 3459 1453 3528 Mustapltce
1479 3474 1650 3513 castra
1679 3464 1838 3524 venit,
1862 3465 2142 3531 eiqucela-

605 3564 693 3602 ves
721 3549 969 3610 civitatis,
1009 3551 1150 3618 quod
1170 3551 1220 3602 itt
1242 3549 1600 3604 deditionibus
1630 3550 1740 3604 fieri
1759 3553 1913 3614 solet,
1933 3553 2143 3605 obtulit.

608 3641 869 3704 Exrcptus
899 3641 1049 3694 initio
1081 3641 1305 3692 comiter
1342 3655 1370 3693 a
1403 3639 1678 3707 Mustaplta
1710 3641 1884 3700 bassa.
1917 3655 2036 3694 mox
2080 3643 2146 3694 ab

606 3731 690 3781 illa
724 3731 923 3783 crudeli
947 3731 1142 3792 bellua,
1173 3746 1262 3797 per
1299 3745 1569 3783 summum
1607 3731 1784 3783 scelus
1807 3731 2000 3784 violata
2022 3731 2142 3792 fide,

603 3837 726 3876 cum
761 3820 877 3872 aliis
902 3836 992 3888 per
1016 3821 1305 3873 ludibrium
1336 3820 1557 3873 aﬂicitur
1583 3821 1864 3886 exquisitis
1915 3821 2144 3890 injuriis,

608 3918 718 3963 nun
747 3911 811 3962 ad
847 3921 1146 3963 extremum
1204 3910 1356 3962 vivus
1413 3908 1737 3964 cxcoriatur.
1798 3909 2143 3963 Laurentium

608 3998 925 4064 Teupuitttll,
961 3999 1124 4065 Paphi
1161 4000 1490 4066 praefectum,
1512 3999 1602 4067 qui
1635 4008 1686 4051 et
1717 3999 1830 4066 ipse
1857 4014 1978 4053 cum
2029 4000 2146 4052 aliis

610 4069 983 4154 Famagustatn
1007 4090 1263 4159 singulari
1294 4092 1488 4142 virtute
1513 4099 1893 4159 propttguarat,
1926 4103 2147 4154 suspen-

610 4177 699 4228 dio
731 4175 1039 4245 Mttstaphas
1068 4179 1267 4242 necari,
1313 4189 1536 4233 czeteros
1591 4179 1863 4234 dedititios
1905 4181 2151 4232 immani-

614 4277 694 4320 ter
719 4268 1077 4321 contrucidari
1105 4269 1288 4337 jussit.
1342 4269 1663 4332 Turcorum,
1713 4272 1801 4338 qui
1852 4271 2147 4324 obsidionis

614 4357 874 4424 principio
902 4361 951 4412 in
974 4363 1276 4413 universum
1311 4361 1374 4414 ad
1405 4363 1633 4414 ducenta
1669 4362 1829 4413 tttillia
1857 4363 2145 4415 censeban-

615 4461 721 4511 tur,
755 4447 810 4500 in
837 4452 1030 4514 quibus
1063 4461 1217 4504 erant
1240 4456 1530 4518 Azaporum
1561 4453 1755 4512 80,000
1778 4457 2146 4521 geuizamrutn

623 4537 1115 4603 Ii,000,Volouutn
1179 4544 1462 4604 (Acanzios
1519 4544 1613 4611 ipsi
1660 4547 1871 4609 vocant)
1931 4543 2144 4605 60.000,

619 4631 840 4698 periisse
868 4641 1072 4682 constat
1106 4629 1386 4683 obsidione
1413 4631 1661 4694 durante,
1715 4650 1875 4700 supra
1930 4635 2144 4697 80,000.

625 4772 641 4786 κ
687 4723 812 4778 Erat
833 4723 983 4776 initio
1009 4723 1127 4776 belli
1149 4723 1348 4791 Cyprii,
1367 4725 1710 4778 defendendte
1731 4737 1912 4779 contra
1939 4726 2140 4780 Turco-

618 4831 735 4866 rum
773 4817 899 4874 vim,
929 4814 1226 4879 teipublica:
1257 4814 1570 4868 Christiana:
1605 4832 1781 4878 Causa,
1842 4833 2148 4883 percussum

622 4907 792 4958 fastus
823 4910 958 4957 inter
989 4904 1138 4955 Pium
1167 4905 1421 4966 Quintum
1475 4911 1774 4973 pontificem
1835 4910 2149 4978 tuaxituuni,

621 4998 918 5062 Philippum
952 5010 1125 5060 regem
1154 4994 1546 5060 Hispaniarum,
1581 5008 1632 5049 et
1673 5007 1915 5050 senatum
1983 4997 2152 5050 Vene-

624 5099 757 5138 tum.
791 5087 918 5153 Ejus
945 5085 1162 5139 foederis
1204 5086 1476 5152 c0piarum
1539 5093 1780 5140 omnium
1847 5089 2153 5154 designatus

624 5179 724 5230 fuit
757 5180 1048 5241 imperator
1090 5173 1324 5227 Joannes
1374 5175 1645 5241 Auatrius,
1702 5178 1882 5231 Karuli
1930 5177 2152 5241 Augusti

624 5267 783 5328 lilius,
807 5265 1020 5332 Hispani
1061 5267 1241 5320 frater.
1270 5266 1508 5319 Pontifex
1534 5273 1642 5320 suis
1673 5270 1978 5321 triremibus
2013 5269 2153 5319 Mar-

625 5370 745 5406 eum
777 5356 1062 5408 Antonium
1095 5357 1430 5419 Columnam,
1460 5359 1649 5412 ducem
1672 5359 2151 5413 Talliaeuccianutn

627 5445 920 5499 nobilitatis
963 5445 1212 5497 Romanae
1277 5449 1605 5516 principem,
1658 5451 1893 5518 prtcfecit
1925 5468 1937 5502 :
1974 5451 2154 5502 Veneti

632 5535 996 5603 amplissimae,
1022 5535 1583 5602 quatninstruxerant,
1623 5542 1814 5595 classis
1868 5542 2153 5610 imperium

632 5624 947 5678 Sebastiano
985 5624 1232 5687 Venerio,
1274 5640 1428 5691 quem
1467 5641 1645 5695 postea
1699 5633 1887 5684 durem
1941 5648 2159 5700 quoque

640 5732 796 5769 suum
823 5727 1094 5777 errarunt,
1157 5718 1486 5772 commisere.
1561 5725 1750 5774 Pt':t'.l0l‘
1815 5724 1914 5775 hos
1965 5733 2017 5775 et
2068 5723 2154 5774 alii

640 5810 737 5859 hac
797 5814 949 5859 erant
1020 5809 1070 5860 ia
1120 5807 1455 5869 expeditione
1510 5811 1769 5874 principes
1831 5822 1883 5866 et
1916 5813 2145 5867 illustres

2243 3367 2585 3420 Chairadinis
2615 3368 2951 3422 Barbarossze
2981 3367 3142 3431 ﬁlius,
3175 3367 3406 3422 Uluzalis
3441 3369 3794 3437 prosultanus

2243 3456 2588 3519 Cesait‘ettsis,
2622 3469 2670 3508 rt
2693 3457 2845 3511 Calas
2878 3457 3040 3524 begus
3067 3458 3412 3526 Smyrnensis
3465 3461 3749 3528 sangiacus
3773 3479 3791 3516 :

2245 3560 2474 3613 quorum
2515 3547 2780 3599 sententia
2813 3549 3021 3600 tandem
3054 3549 3202 3611 vicit,
3239 3546 3442 3600 Uluzali
3479 3549 3700 3616 iubente
3734 3553 3792 3604 itt

2245 3634 2478 3687 tnedium
2517 3636 2737 3702 proferri
2766 3645 2814 3688 et
2848 3637 3056 3689 recitari
3090 3637 3394 3688 mandatum
3427 3627 3623 3690 sultani
3656 3640 3796 3692 Seli-

2248 3729 2367 3787 luis,
2385 3721 2488 3791 quo
2509 3728 2780 3779 victoriam
2798 3727 2870 3780 ιιιί
2892 3740 3356 3794 prosequerentur,
3374 3726 3451 3780 eis
3477 3726 3793 3794 iniungeba-

2247 3824 2350 3867 tur.
2373 3817 2620 3867 Omnium
2637 3833 2763 3883 ergo
2779 3817 3056 3871 sententiis
3073 3816 3368 3880 decretum,
3387 3817 3626 3884 praelium
3643 3818 3794 3888 quod

2252 3922 2354 3958 non
2379 3905 2569 3959 minori
2610 3908 2908 3960 animorum
2933 3907 3210 3961 alacritate
3238 3909 3436 3963 nostris
3452 3910 3609 3962 etiam
3629 3923 3796 3977 expc-

2250 3999 2507 4062 tentibus,
2529 3999 2874 4051 commissum
2897 3997 2992 4050 fuit
3010 3998 3072 4051 ad
3097 4009 3202 4051 tres
3219 3998 3439 4066 exiguas
3457 3999 3682 4060 insulas,
3711 4003 3795 4052 vel

2251 4093 2484 4141 marinos
2519 4091 2693 4156 pouius
2715 4089 2987 4156 scopulos,
3022 4105 3155 4156 quos
3187 4091 3480 4143 Cuzolatos
3507 4089 3662 4142 hodie
3683 4099 3793 4140 tam

2249 4179 2438 4242 Gra'ei,
2473 4196 2628 4246 quam
2661 4182 2827 4232 nostri
2852 4189 3059 4233 vocant.
3083 4182 3310 4235 Victoria
3338 4181 3487 4248 potiti
3509 4189 3632 4233 sunt
3652 4185 3791 4232 ntul-

2254 4271 2318 4322 tis
2344 4290 2368 4320 τι
2407 4271 2863 4325 smeulisinaudita
2897 4273 3204 4324 Christiani.
3243 4258 3404 4326 Periit
3431 4275 3645 4326 occisus
3679 4273 3796 4325 Alis

2252 4358 2431 4414 bassa.
2476 4363 2731 4416 Pertavus
2767 4365 3136 4418 animadverso
3179 4366 3422 4432 przesenti
3458 4380 3674 4417 suorum
3714 4367 3800 4416 iit-

2253 4451 2433 4511 teritu,
2463 4468 2564 4503 non
2602 4468 2792 4519 magno
2821 4453 3028 4520 navigio
3062 4453 3267 4518 fugiens
3296 4454 3358 4504 ad
3381 4462 3576 4506 terrain
3601 4455 3793 4506 evasit.

2253 4540 2486 4594 Uluzalis
2522 4543 2650 4592 utari
2671 4543 2897 4608 profugit
2930 4560 3050 4594 cum
3094 4543 3306 4610 triginta
3379 4545 3495 4610 plus
3546 4545 3796 4597 minusve

2254 4635 2579 4687 triremibus.
2616 4637 2760 4686 Casa
2796 4637 3008 4686 fuerunt
3043 4636 3269 4686 hostium
3301 4636 3363 4685 ad
3396 4635 3585 4696 35M"),
3640 4646 3799 4700 capta

2251 4725 2407 4777 4000.
2443 4725 2643 4776 Classis
2678 4724 2884 4776 hostilis
2912 4726 3180 4783 universa.
3211 4739 3332 4774 cum
3362 4723 3798 4787 spoliisiutmetv

2252 4815 2346 4874 sis,
2371 4813 2793 4866 Christianorum
2833 4813 2882 4862 in
2916 4823 3229 4878 putestatem
3264 4811 3406 4863 venit
3435 4826 3450 4872 ;
3486 4811 3550 4862 iis
3583 4811 3798 4862 diluta-

2253 4915 2339 4957 xat
2366 4905 2603 4970 exceptis
2636 4904 2942 4956 triremibus
2997 4917 3059 4953 ac
3100 4901 3346 4971 navigiis,
3410 4916 3530 4953 cum
3597 4903 3801 4968 tlllilms

2255 4997 2513 5050 [ἷΙιιῑΊΙὶιιι
2536 4998 2772 5050 evasisse
2800 4996 3048 5047 diximus.
3068 4993 3307 5045 Liberata
3327 4993 3626 5046 Christiana
3648 5010 3804 5046 ruan-

2253 5089 2387 5152 t-ipia
2419 5101 2577 5153 supra
2618 5085 2802 5140 14000.
2839 5084 3136 5151 Pugnatum
3168 5084 3253 5136 die
3297 5085 3526 5150 διιῃιίιῐιο
3594 5087 3801 5136 mensis

2251 5177 2516 5232 Octobris.
2545 5192 2683 5227 anno
2717 5175 3088 5226 Slahuutctano
3119 5173 3220 5226 979
3257 5173 3402 5243 (Chr.
3470 5171 3648 5235 ιδη).

2324 5268 2431 5319 Hac
2462 5265 2653 5319 Turris
2685 5268 2828 5317 illata
2859 5265 3031 5328 clade,
3080 5262 3263 5317 Veneti
3285 5262 3706 5329 Margaritinutn,
3743 5263 3798 5312 itt

2251 5360 2697 5410 Chiumtiotarttnt
2735 5359 2965 5424 regione,
2985 5372 3102 5424 qtt.e
3127 5355 3361 5408 Albaniae
3382 5368 3508 5421 pars
3535 5361 3615 5404 est
3644 5353 3750 5420 (sic
3770 5369 3799 5404 a

2253 5447 2326 5500 Ce
2357 5443 2738 5499 auuiisdictam
2769 5447 3032 5497 montibus
3051 5445 3212 5511 aliqui
3249 5444 3477 5510 putant),
3505 5441 3643 5492 haud
3679 5457 3800 5506 pro-

2255 5542 2338 5591 c.tl
2367 5555 2394 5592 a
2421 5542 2648 5607 Corryra
2679 5541 2858 5598 situm,
2881 5539 3146 5590 deditione
3176 5543 3434 5600 ceperunt
3480 5533 3802 5584 duodecimo

2257 5631 2415 5700 365
2444 5633 2528 5703 die
2572 5629 2902 5687 Novembtis.
2964 5628 3120 5679 vitatu
3177 5625 3563 5690 facultatesque
3623 5622 3804 5672 salvas

2261 5724 2644 5790 pacisci-utilius
2675 5720 2919 5771 Barbaris
2945 5738 2957 5771 ;
2986 5729 3030 5769 et
3073 5717 3243 5782 ipsum
3268 5726 3502 5766 castrum
3525 5724 3643 5760 tuos
3681 5710 3802 5775 igne

2261 5824 2652 5867 cettcrngtnatu-u
2687 5814 2982 5863 dirucruut.
3015 5808 3340 5875 Suppotoum
3377 5814 3587 5868 quoque
3618 5799 3803 5852 des-ct"-
