4032 6344
627 402 724 465 675

1820 391 2141 453 JOANNIS
2191 391 2646 450 LEUNtILM'iI

3729 395 3834 457 676

626 513 885 565 adv-putus
925 504 1147 562 Octobri
1175 518 1357 557 mense
1386 501 1737 572 prmcetientis
1771 502 1898 554 anui
1944 500 2176 569 promis—
2205 511 2247 564 Α
2277 514 2369 554 sus
2388 500 2541 568 ejecti
2577 510 2704 553 sunt
2754 499 2976 570 Hispani
3007 517 3068 556 ex
3104 502 3461 565 Africa,intta
3498 505 3832 560 tricesimum

625 620 715 657 sus
738 602 933 661 fuerat,
980 614 1101 652 cum
1147 597 1214 651 80
1275 594 1610 658 triremibus,
1670 608 1900 662 qualum
1956 592 2175 646 navales

625 692 757 746 socii
792 705 976 744 muros
1006 686 1278 741 Tuuisinu‘.
1314 686 1464 738 urbis
1510 685 1574 737 ad
1626 692 1958 737 structuram
2018 698 2174 737 nova:

625 782 943 837 munitionis
980 778 1225 832 demoliri
1258 776 1554 830 debuerant
1592 792 1606 829 :
1643 777 1787 844 quod
1834 775 2028 829 factum
2064 791 2170 827 non

626 876 747 935 fuit,
775 870 1130 943 quantumvis
1153 869 1407 922 Austrius
1434 869 1484 919 in
1507 868 1681 921 vicina
1716 866 1899 933 Sicilia
1924 873 2165 935 degeret.

621 966 745 1018 Erat
807 964 971 1018 etiam
1032 962 1499 1030 pra-sidiatiorum
1568 960 1797 1013 militum
1859 960 2169 1012 deminutus

623 1072 901 1118 numerus,
964 1053 1331 1108 exauctoratis
1406 1061 1609 1105 temere
1671 1053 1967 1113 nonnullis,
2029 1068 2167 1121 quos

620 1163 833 1202 omnem
865 1148 916 1199 in
956 1154 1203 1199 eventum
1256 1153 1495 1198 retentos
1546 1144 1808 1211 oportuit.
1834 1142 1967 1197 ‘iioo
2006 1146 2167 1196 modo

622 1256 715 1308 per
769 1239 1034 1308 ignaviam
1088 1236 1507 1305 socordiamque
1546 1236 1769 1300 factum,
1828 1244 1887 1289 ut
1939 1236 1992 1288 in
2042 1236 2167 1289 hos-

620 1331 754 1383 tium
791 1335 1111 1397 potestatem
1160 1327 1489 1382 munitiones
1522 1328 1604 1381 hie
1652 1327 1800 1381 nullo
1850 1341 2017 1396 prope
2064 1342 2155 1380 ne-

619 1424 763 1491 gOtio
798 1421 1066 1475 venirent.
1706 1478 1707 1481 η

686 1514 843 1568 Turci
895 1510 1392 1582 primttniGuletam
1425 1511 1677 1566 obsidere
1723 1520 2033 1580 coeperunt,
2071 1513 2157 1567 cui

616 1602 809 1660 Petrus
863 1601 1092 1655 Carrera
1147 1599 1418 1669 Hispanus
1475 1611 1719 1669 praeerat.
1774 1600 1833 1654 Ei
1890 1600 2163 1655 Serbt-llo-

618 1693 766 1746 nittm
824 1694 889 1746 de
927 1692 1187 1746 subsidiis
1240 1691 1516 1745 mittendis
1565 1692 1800 1760 urgenti,
1851 1706 2160 1761 quanquam

616 1786 737 1840 loco
795 1786 1071 1840 munitiori
1119 1796 1279 1851 esset,
1343 1785 1752 1841 Serhelloniano
1806 1788 2035 1841 necdum
2094 1787 2160 1841 ad

616 1882 776 1938 tinem
820 1884 1082 1936 perducto
1112 1896 1126 1933 :
1158 1889 1337 1937 tamen
1385 1882 1488 1935 650
1538 1882 1744 1950 pedites
1779 1884 1971 1950 partim
2020 1883 2158 1947 itali,

614 1977 809 2036 partim
846 1972 1066 2041 iiispaui
1119 1972 1479 2035 fuereuttissi.
1525 1971 1661 2027 Hinc
1690 1990 1719 2026 a
1755 1974 1952 2028 Turcis
1996 1977 2158 2028 etiam

613 2065 984 2118 Scrbeitonius
1022 2066 1280 2120 obsessus
1309 2065 1431 2127 fuit,
1463 2080 1692 2133 quorum
1722 2066 2019 2120 exercitum
2066 2082 2160 2120 no-

611 2172 694 2209 vis
721 2158 965 2210 adductis
993 2156 1165 2224 copiis
1220 2155 1512 2210 [tantadem
1541 2157 1779 2212 Cesitiris
1810 2158 2159 2229 begletbegus

614 2257 925 2302 auauxeratt.
955 2248 1179 2301 Carrera
1219 2249 1395 2303 denuo
1424 2248 1724 2302 subsidium
1765 2250 1914 2317 petit.
1956 2249 2032 2303 Ea
2071 2266 2157 2305 res

614 2337 834 2389 anxium
871 2333 1197 2391 Serbelimtii
1236 2338 1495 2391 .animum
1530 2352 1634 2392 non
1666 2354 1853 2407 parum
1882 2350 2151 2411 torquere.

612 2428 668 2479 Si
712 2428 886 2482 nullos
921 2429 1175 2491 misisset,
1228 2427 1467 2482 futurum
1503 2430 1813 2494 verebatur,
1870 2443 1929 2485 ut
1956 2434 2028 2498 εἰη
2077 2434 2159 2501 ip-

608 2534 730 2571 sum
764 2520 979 2573 amissa
1004 2518 1208 2593 Quietae
1237 2519 1391 2586 culpa
1430 2520 1769 2575 conferretur
1794 2539 1809 2576 :
1836 2524 1918 2577 sin
1950 2536 2153 2589 autem,

610 2620 667 2663 ut
700 2624 799 2663 suo
826 2618 997 2664 semet
1026 2610 1275 2677 praesidio
1312 2611 1562 2665 nudaret.
1614 2610 1980 2669 Nihilominus
2021 2629 2155 2668 con-

608 2714 766 2753 cessa
791 2700 1031 2754 Carrera:
1066 2716 1257 2755 manus
1297 2701 1644 2757 subsidiaria.
1696 2703 1913 2756 Duobus
1949 2704 2153 2759 interea

613 2790 840 2859 navigiis
860 2796 1181 2861 appulerunt
1202 2807 1267 2847 ex
1288 2791 1544 2861 Hispania
1567 2794 1669 2849 600
1685 2794 1884 2848 milites
1907 2793 2151 2865 Hispani,

615 2883 707 2950 qui
739 2892 905 2935 noctu
938 2898 1032 2949 per
1067 2883 1211 2952 ipsas
1244 2881 1543 2940 Turcorum
1572 2887 1830 2940 eacubias
1870 2897 2155 2956 penetran-

610 2984 709 3039 tes,
741 2990 862 3029 cum
892 2976 1105 3029 vexillis
1140 2986 1193 3030 et
1236 2978 1478 3031 vestibus
1535 2976 1786 3031 Turcicis
1848 2970 2149 3040 uterentur,

552 3100 559 3107 -
607 3077 661 3118 et
709 3060 973 3134 quosdam
1020 3066 1250 3121 Turcice
1303 3061 1583 3136 loquentes
1634 3083 1815 3121 secum
1870 3069 2147 3132 haberent,

2273 600 2326 643 et
2356 601 2565 644 st-xtum
2589 592 2730 644 diem
2762 608 2774 644 :
2800 594 3114 660 amissaque
3142 606 3235 661 per
3265 608 3535 648 summam
3563 594 3833 664 ignaviam

2271 696 2331 737 ea
2357 699 2475 751 qua:
2500 683 2735 738 Karnlus
2759 685 3034 753 Augustus
3056 685 3107 737 in
3132 695 3452 753 potestatem
3478 688 3681 755 optimo
3701 702 3835 738 con-

2270 775 2393 827 silio
2429 774 2728 844 redegerat,
2759 785 2815 830 ut
2846 778 3120 831 securitati
3166 777 3386 842 Siciliae,
3428 794 3560 847 regn
3623 775 3834 847 Neapo-

2269 865 2418 919 litani
2450 868 2721 937 totiusque
2781 874 2890 927 tum
2921 868 3107 931 italiae.
3145 880 3254 923 tum
3289 868 3555 939 Hispania:
3582 872 3837 926 consule-

2269 967 2365 1012 ret.
2394 959 2636 1013 Fueruut
2658 972 2835 1015 autem
2860 961 2975 1016 inec
3006 977 3148 1015 anno
3171 962 3266 1016 981
3302 961 3453 1031 (Chr.
3480 962 3636 1032 15η)
3655 973 3831 1031 gesta,

2267 1048 2424 1115 cujus
2479 1049 2633 1103 initio
2676 1049 2858 1105 Veneti
2912 1035 3086 1106 certas
3119 1056 3405 1113 obcausas,
3463 1066 3571 1105 non
3609 1054 3834 1106 consut-

2268 1140 2335 1194 tis
2363 1149 2412 1193 et
2444 1140 2628 1195 invitis
2655 1143 2811 1205 adeo,
2849 1142 3098 1217 pontifice
3128 1151 3291 1211 atque
3349 1139 3616 1211 Hispano,
3638 1156 3829 1197 contra

2264 1230 2410 1297 leges
2443 1230 2679 1293 hederis,
2711 1248 2893 1299 pacem
2925 1249 3043 1287 cum
3068 1234 3282 1289 sultano
3311 1234 3511 1289 Seiime
3558 1234 3824 1288 fecerant.

2335 1318 2487 1375 Tunc
2513 1322 2673 1375 etiam
2695 1324 2940 1395 Corcyrae
2964 1315 3268 1381 munienda:
3315 1325 3532 1382 Venetis
3582 1330 3803 1381 orcasio

2230 1427 2389 1467 .nem
2453 1415 2679 1482 praebuit
2748 1430 3046 1472 exscensns
3093 1417 3336 1472 crudelis
3394 1418 3445 1471 in
3500 1433 3619 1473 eam
3676 1419 3832 1473 insn-

2270 1505 2373 1557 lam
2426 1503 2642 1561 Siuanis
2704 1505 2897 1571 bassae,
2952 1509 3230 1565 redeuntis
3272 1525 3337 1563 ex
3383 1510 3640 1565 Africano
3665 1511 3826 1565 bello.

2264 1596 2395 1650 Nam
2425 1599 2548 1652 licet
2578 1598 2646 1652 ab
2675 1599 2966 1665 insulanis,
2997 1600 3047 1654 ei
3077 1602 3322 1671 placandi
3366 1602 3605 1657 hominis
3633 1617 3829 1667 causa,

2264 1688 2425 1759 cujus
2457 1690 2760 1759 praesertim
2786 1701 2913 1746 tunc
2949 1692 3195 1749 victoriis
3216 1692 3565 1748 insolentiam
3603 1704 3826 1759 norant,

2268 1796 2486 1835 munera
2524 1782 2764 1849 quaedam
2797 1784 3120 1838 offerrentur
3154 1801 3168 1837 :
3223 1793 3401 1838 tamen
3454 1782 3565 1838 illis
3604 1783 3829 1852 rejectis

2267 1872 2576 1924 immaniter
2601 1874 2654 1926 in
2679 1888 2773 1927 eos
2803 1885 3085 1942 grassatus
3110 1883 3212 1928 est.
3270 1872 3415 1927 Missi
3445 1874 3547 1929 hoc
3600 1876 3829 1929 nomine

2265 1959 2486 2013 luerunt
2516 1961 2569 2014 iit
2607 1963 2898 2033 Corcyram
2930 1979 3053 2017 cum
3102 1964 3193 2018 alii
3256 1980 3435 2018 rerum
3495 1966 3823 2019 militarium

2263 2053 2442 2117 periti,
2489 2063 2601 2107 tum
2661 2055 2825 2108 etiam
2898 2055 3100 2110 Sfortia
3146 2056 3514 2122 Palavicinus,
3575 2058 3828 2113 Marchio

2258 2141 2439 2199 Curiis
2476 2145 2721 2212 majoris.
2756 2146 2960 2201 Horum
3008 2149 3255 2203 consiliis
3323 2150 3393 2203 ita
3428 2160 3540 2202 tum
3596 2152 3827 2205 munita:

2257 2248 2379 2288 cum
2404 2235 2600 2305 oppido
2639 2236 2858 2291 fuerunt
2880 2253 3033 2292 arces
3100 2239 3203 2293 illae
3234 2239 3469 2307 praealtis
3500 2241 3551 2293 in
3589 2242 3765 2309 rupiht
3795 2256 3826 2296 s

2257 2326 2393 2389 siue,
2424 2343 2654 2397 vereque
2702 2337 2863 2397 caput
2905 2332 3041 2385 inter
3073 2331 3254 2384 nubila
3276 2331 3440 2400 (quod
3469 2329 3616 2385 Maro
3655 2334 3822 2397 dixit)

2256 2421 2569 2485 candentes,
2593 2437 2729 2491 quas
2763 2424 2938 2492 ipsum
2973 2439 3127 2479 mare
3184 2421 3509 2478 circumfluit
3538 2440 3553 2477 :
3592 2424 3731 2479 nihil
3761 2435 3826 2480 ut

2254 2513 2503 2582 equidem
2564 2515 2792 2569 viderim
2834 2518 3094 2570 adversus
3146 2530 3360 2571 omnem
3406 2516 3512 2581 vim
3561 2516 3820 2572 hostilem

2256 2604 2484 2668 firmius,
2523 2605 2653 2659 nihil
2688 2608 3173 2676 incxpugnabilius.

2325 2698 2511 2751 Annus
2537 2697 2795 2766 982(Chr.
2821 2699 2980 2767 1575)
3014 2700 3381 2755 memorabilis
3403 2711 3487 2757 est
3538 2701 3725 2771 plures
3747 2703 3821 2755 ob

2255 2802 2471 2841 causas.
2527 2789 2661 2841 Nam
2721 2791 2991 2844 exstincto
3042 2792 3259 2845 sultano
3321 2790 3634 2850 Selimell.
3674 2792 3823 2848 filiis

2253 2877 2489 2935 Murates
2519 2880 2588 2936 lli
2619 2882 2739 2951 cjtrs
2771 2885 3029 2947 nominis,
3057 2884 3376 2953 auspicatus
3390 2894 3474 2939 est
3498 2886 3819 2953 imperium,

2252 2986 2371 3025 cum
2415 2973 2534 3042 ipso
2565 2976 2725 3043 hujus
2755 2977 2881 3029 anni
2938 2976 3236 3031 Christiani
3290 2977 3578 3046 principio.
3608 2976 3826 3048 Agebat

2253 3063 2303 3116 id
2337 3065 2591 3133 temporis
2620 3081 2818 3119 annum
2841 3068 3019 3121 aetatis
3039 3068 3130 3122 27.
3163 3070 3298 3126 Ante
3332 3070 3516 3123 omnia
3583 3080 3814 3140 recepto

608 3156 851 3209 (iuletam
893 3154 1120 3226 ingressi
1171 3166 1318 3212 sunt.
1362 3157 1598 3211 Tandem
1631 3168 1683 3211 et
1718 3159 1874 3213 tertio
1922 3162 2148 3212 Cari-era
2180 3167 2224 3227 ρ
2258 3168 2412 3208 more
2464 3154 2698 3209 barbaro
2746 3157 3072 3224 strangulari
3128 3157 3372 3228 quinque
3416 3157 3612 3217 fratres
3644 3166 3821 3225 suos.

612 3249 834 3301 militem
887 3249 987 3301 sibi
1028 3249 1272 3303 Submitti
1320 3264 1347 3302 a
1400 3250 1736 3302 Scrbellonio
1791 3252 2049 3319 postulat,
2103 3259 2158 3304 et

610 3340 940 3409 quingentos
996 3342 1251 3394 beneticio
1314 3343 1486 3395 noctis
1539 3357 1664 3395 usos
1713 3342 1983 3409 itttpetrst,
2034 3360 2155 3397 cum

608 3434 842 3501 egregiis
898 3430 1185 3500 praefectis,
1226 3448 1289 3486 ac
1331 3434 1470 3485 inter
1528 3435 1686 3497 alios,
1738 3434 1989 3488 Saiazaro
2041 3452 2155 3487 uta-

610 3540 725 3590 gnae
784 3522 993 3577 virtutis
1037 3531 1094 3581 et
1142 3521 1558 3575 existimationis
1598 3524 1731 3578 viro.
1797 3523 2158 3578 Nihilominus

610 3628 703 3666 arx
727 3612 984 3668 Guletana
1014 3611 1318 3667 Turcorunt
1352 3612 1405 3666 in
1430 3622 1748 3681 potestatem
1780 3617 1939 3669 venit.
1974 3616 2161 3685 Neque

610 3706 854 3766 defuere,
891 3706 984 3773 qui
1039 3704 1325 3762 Carreratn
1385 3706 1710 3774 proditionis
1758 3707 2155 3764 insimulart'nt.

615 3797 769 3849 i'rius
809 3794 1027 3863 quidem
1058 3807 1225 3860 certe,
1255 3812 1416 3865 quam
1466 3797 1625 3851 Tui-ci
1671 3798 2024 3867 appulissent,
2077 3802 2159 3855 vei

612 3904 704 3957 per
732 3886 1022 3948 inscitiam,
1060 3885 1140 3940 vel
1194 3888 1526 3955 superbiam,
1576 3890 1903 3959 quingentos
1960 3892 2159 3947 milites

613 3988 894 4032 vett-ranos
938 3977 1098 4031 italos
1130 3978 1413 4035 admittere
1462 3983 1632 4036 ttoluit
1664 4001 1713 4041 ε.
1738 3985 1878 4051 quod
1935 3984 2157 4037 minime

610 4086 996 4125 concessurum
1035 4086 1091 4125 se
1122 4070 1349 4135 diceret,
1382 4081 1434 4125 ut
1484 4074 1536 4125 itt
1571 4074 1689 4142 ejus
1727 4075 1907 4140 gloriae
1948 4084 2154 4143 partem

616 4164 856 4215 tenireut
914 4160 1048 4227 itali,
1106 4179 1269 4232 quam
1325 4164 1549 4231 Hispani
1584 4164 1771 4217 Guleta
1821 4164 2156 4218 defendenda

612 4258 956 4309 consecuturi
1009 4265 1210 4311 essent.
1260 4254 1521 4322 Equidem
1566 4258 1706 4324 apud
1758 4256 1904 4323 ipsos
1947 4256 2157 4309 Turcos

609 4361 671 4397 rx
720 4345 820 4399 fide
849 4346 1025 4417 dignis
1070 4348 1379 4401 hominibus
1408 4348 1607 4415 acet-pi,
1648 4346 1930 4400 Carreratn
1989 4346 2156 4401 fuisse

609 4437 779 4489 virum
812 4450 1031 4503 prorsus
1058 4438 1309 4504 ignavum
1339 4425 1862 4502 cliorlttidtilOSum,
1919 4439 2008 4504 qui
2042 4440 2156 4505 pul-

614 4528 753 4579 veris
799 4528 1135 4579 tortncntarii
1192 4527 1432 4578 nidorem
1474 4526 1613 4578 ferre
1650 4544 1751 4578 non
1804 4538 2002 4595 posset,
2057 4544 2155 4581 nec

613 4618 838 4668 tolerare
890 4616 1108 4667 l'oituina
1156 4615 1520 4683 tiispiosarnm
1558 4616 1986 4670 machinarum:
2037 4635 2154 4685 qua:

612 4721 737 4757 sane
762 4706 971 4773 quoties
996 4707 1048 4757 in
1085 4706 1294 4759 hostem
1316 4705 1777 4765 exonerabantur,
1803 4706 1918 4772 ipse
1946 4707 2156 4759 subter-

614 4798 786 4849 raneis
818 4812 874 4849 se
930 4799 1311 4859 testudinibus,
1369 4798 1863 4865 concatncrutisque
1893 4797 2021 4851 locis
2058 4799 2155 4851 ab~

610 4889 788 4953 debat,
837 4891 1201 4959 botnbaceque
1247 4906 1372 4944 suas
1416 4889 1699 4943 obturabat
1725 4906 1907 4943 aures.
1956 4891 2155 4944 Ferunt

608 4982 654 5035 ci
689 4982 847 5036 'i'urci
880 4982 1199 5051 proditionis
1224 4982 1485 5035 obtulisse
1514 4982 1787 5051 praemium
1845 4984 1991 5051 regni
2054 4981 2153 5052 Cy-

613 5072 713 5137 prii
749 5068 1117 5139 praefecturam
1157 5087 1169 5122 :
1206 5085 1379 5136 neque
1430 5078 1607 5122 tamen
1668 5071 1909 5125 dedititio
1957 5088 2149 5142 prper—

609 5179 751 5228 ccre,
790 5166 880 5217 sed
921 5173 1171 5232 tanquam
1202 5160 1287 5212 viii
1322 5162 1588 5229 mancipio
1648 5152 1773 5215 sunt
1829 5172 1929 5217 usi.
1985 5165 2150 5232 Capta

615 5258 824 5319 (.uieta,
864 5269 1055 5325 ptaeter
1080 5256 1237 5308 aliam
1294 5256 1525 5320 praedam
1586 5256 1787 5323 potitus
1828 5269 1910 5311 est
1983 5259 2151 5310 Sinan

612 5347 769 5399 bassa
793 5348 1099 5413 quingentis
1128 5346 1387 5398 machinis
1412 5345 1642 5410 bellicis,
1671 5362 1790 5399 cum
1821 5346 2016 5415 ingenti
2050 5356 2156 5399 tor-

615 5440 861 5492 menturii
886 5437 1120 5505 pulveris
1169 5438 1502 5505 aliarumque
1550 5440 1687 5492 bello
1718 5442 2151 5492 necessariarum

612 5546 813 5589 rerum,
844 5541 895 5583 et
927 5542 1154 5581 annona:
1187 5528 1361 5595 copia.
1400 5529 1541 5583 Nova
1576 5549 1787 5601 quoque
1812 5533 2009 5585 deinde
2038 5546 2156 5582 tnu-

616 5624 748 5675 nitio
774 5638 801 5674 a
831 5620 1022 5674 Turcis
1054 5630 1309 5686 occupatu
1350 5619 1465 5683 fuit,
1507 5638 1608 5675 non
1653 5636 1833 5677 tamen
1867 5623 2038 5675 multo
2075 5622 2144 5673 si-

616 5730 681 5766 ne
718 5720 1015 5779 sanguine:
1047 5722 1199 5781 capto
1234 5712 1395 5766 etiam
1433 5712 1784 5779 St‘beiiUlliU,
1810 5716 1900 5782 qui
1953 5715 2151 5767 crude-

610 5808 728 5856 liter
758 5820 785 5855 a
809 5804 1005 5856 Sanane
1026 5803 1185 5861 bassa
1209 5814 1467 5861 tractatus
1511 5807 1625 5857 fuit.
1653 5806 1758 5859 llic
1798 5804 1954 5859 modo
1981 5820 2146 5872 pror—

2260 3253 2389 3297 natu
2422 3260 2480 3300 se
2505 3247 2767 3312 minores,
2802 3248 2856 3302 in
2884 3250 3164 3317 praesentia
3201 3267 3298 3306 sua
3324 3244 3489 3318 jussit
3520 3268 3535 3305 :
3574 3267 3814 3321 quorum

2260 3336 2469 3389 minimi
2508 3338 2812 3395 cervicibus
2839 3353 2895 3394 et
2923 3342 3113 3411 jugulo
3144 3357 3268 3397 cum
3308 3357 3407 3411 pro
3432 3357 3580 3397 more
3607 3322 3822 3399 nervus

2259 3428 2637 3491 adhiberetur,
2664 3431 2933 3485 incertum
2974 3449 3039 3486 an
3073 3433 3361 3488 tenerioris
3404 3437 3457 3487 in
3487 3436 3634 3488 hunc
3660 3449 3822 3489 amo-

2260 3520 2334 3573 ris
2357 3535 2519 3573 causa
2568 3522 2730 3592 366
2785 3535 3010 3585 motum,
3052 3540 3119 3577 an
3193 3528 3524 3581 conscientia
3588 3537 3825 3595 patrata

2259 3608 2594 3665 crudelitatis
2629 3616 2682 3665 in
2718 3628 2926 3681 omnes,
2952 3616 3324 3688 iiiacrymasse
3370 3619 3587 3685 quidem
3630 3618 3820 3689 ipsum

2260 3720 2499 3764 constat.

2330 3801 2513 3855 itidem
2549 3810 2767 3856 mortuo
2808 3802 3017 3855 Scacho
3049 3802 3349 3857 Tecbmase
3386 3804 3659 3868 Parthico,
3691 3820 3816 3859 suc-

2258 3890 2425 3941 cessit
2457 3889 2597 3942 filius
2631 3905 2735 3942 non
2767 3890 3180 3959 primogenitns,
3235 3892 3595 3948 Muchemetes
3635 3894 3821 3948 Huds-

2259 3979 2457 4033 bendcs
2492 3997 2504 4043 ;
2540 3994 2639 4033 nec
2673 3980 2874 4043 lsmuil,
2928 3983 3045 4049 ejus
3079 3984 3316 4035 nominis
3352 3986 3402 4037 in
3438 3985 3541 4037 hac
3570 3986 3819 4052 Sophina

2259 4068 2479 4121 Familia
2507 4075 2801 4132 secundus,
2825 4072 3063 4125 secundo
3087 4074 3205 4125 ioco
3231 4074 3443 4140 genitus
3477 4115 3492 4135 .
3515 4076 3607 4127 sed
3630 4076 3820 4144 proxi-

2260 4174 2377 4210 mus
2406 4159 2471 4212 ab
2498 4161 2584 4213 his
2607 4161 2807 4214 liaidar
2846 4161 3081 4228 Mirises,
3112 4164 3200 4232 qui
3226 4165 3379 4216 annis
3413 4165 3618 4233 aliquot
3652 4178 3814 4220 auter

2258 4252 2427 4315 patris
2463 4249 2514 4301 in
2538 4266 2701 4319 regno
2742 4268 2995 4319 suprema
3045 4271 3169 4308 cum
3220 4265 3485 4324 potestate
3518 4257 3667 4312 vices
3698 4276 3819 4327 ges-

2258 4351 2417 4393 serat.
2456 4338 2503 4392 ls
2538 4352 2714 4395 tamen
2771 4346 2854 4396 vix
2900 4344 2961 4397 l5
3011 4346 3202 4401 diebus
3239 4364 3405 4415 regno
3442 4349 3545 4403 frtti
3614 4352 3814 4418 putuit,

2257 4434 2466 4486 occisus
2516 4450 2542 4486 a
2610 4436 2841 4489 suitanis
2893 4439 3242 4506 quibusdam,
3328 4441 3444 4494 sive
3489 4444 3819 4509 proceribus

2259 4529 2427 4594 regni,
2459 4531 2548 4593 qui
2583 4547 2702 4597 cum
2728 4530 2976 4599 odi-rant.
3002 4530 3063 4584 Ili
3085 4534 3276 4586 deinde
3296 4534 3535 4587 secundo
3568 4536 3814 4600 genitum

2261 4614 2455 4668 SCuClti
2490 4616 2805 4674 Teclttnasis
2855 4623 3037 4675 filium‘
3065 4622 3358 4685 ismaiiem,
3404 4626 3521 4689 ejus
3572 4628 3814 4680 nominis

2260 4707 2583 4771 secundum,
2616 4725 2644 4760 e
2682 4725 2903 4763 carcere
2948 4715 3266 4779 productum
3299 4728 3461 4778 regno
3489 4718 3811 4780 praeficiunt.

2259 4794 2455 4850 Fuerat
2479 4799 2621 4851 enim
2648 4817 2674 4852 a
2705 4811 2855 4869 patre
2885 4804 3165 4869 conjeclus
3202 4804 3254 4855 in
3290 4817 3584 4864 carcerem,
3647 4822 3812 4873 prop-

2260 4899 2337 4943 ter
2360 4892 2719 4958 quorumdam
2748 4909 3028 4960 procerum
3066 4894 3387 4952 delationes.
3419 4906 3466 4947 ct
3500 4894 3551 4947 itt
3577 4912 3642 4949 eo
3687 4898 3813 4963 pin-

2258 4982 2405 5034 ribus
2437 4985 2590 5035 annis
2625 4985 2870 5037 haeserat.
2901 4983 3016 5037 Jam
3043 4999 3205 5052 regno
3234 4987 3458 5053 potitus,
3497 4998 3547 5039 ut
3596 4992 3811 5042 animos

2257 5088 2475 5126 suorum
2506 5078 2827 5143 exploraret,
2865 5093 2927 5132 ac
2975 5078 3272 5145 praesertim
3332 5089 3803 5147 utcOgttoscert-t,

2257 5164 2473 5229 quinam
2535 5150 2712 5219 essent
2773 5168 2843 5218 illi
2905 5169 3126 5229 enitani,
3174 5184 3403 5236 quorum
3460 5172 3693 5238 impulsu
3753 5188 3809 5226 et

2258 5256 2484 5308 consilio
2515 5260 2773 5310 t‘tlsimiia'.
2803 5261 3138 5325 mancipatus
3189 5275 3217 5311 a
3247 5271 3399 5327 patre
3453 5263 3663 5326 fuisset,
3721 5284 3808 5318 st:-

2256 5358 2459 5399 crctuui
2482 5349 2532 5400 itt
2564 5349 2733 5403 locum
2756 5361 2929 5404 semet
2954 5352 3128 5412 abdit,
3152 5361 3201 5403 et
3226 5356 3578 5418 quorumdam
3612 5374 3802 5426 opera,

2255 5440 2451 5505 quibus
2474 5444 2705 5493 inaxitne
2765 5442 2987 5503 ﬁdebat,
3050 5452 3272 5494 mortem
3323 5461 3475 5499 suam
3536 5450 3807 5517 publicari

2254 5544 2430 5585 curat.
2460 5533 2585 5600 l‘ljus
2636 5534 2713 5585 rei
2750 5534 2887 5586 fama
2920 5534 3232 5588 diversostu
3268 5537 3542 5593 hominum
3599 5544 3807 5597 animis

2254 5634 2451 5686 motus,
2490 5636 2645 5690 prout
2684 5624 2907 5680 aiTectus
2957 5628 3006 5680 itt
3033 5627 3296 5681 Ismaiicm
3321 5631 3551 5699 quisque
3583 5632 3807 5697 inissa,

2255 5714 2546 5766 excitavit:
2577 5716 2628 5766 in
2681 5716 3005 5772 adversariis
3040 5726 3096 5771 et
3152 5719 3395 5773 hostibus
3426 5721 3691 5784 iaetiziatn,
3755 5739 3808 5774 ttt

2258 5805 2443 5858 amicis
2477 5806 2702 5861 iuctmn.
2738 5809 2847 5864 Hoc
2895 5810 3052 5866 modo
3085 5810 3430 5877 prodentibus
3491 5823 3663 5868 semet
3696 5815 3805 5866 ini-
