4032 6344
174 426 290 490 693

1288 434 1653 499 SUPI‘I.EM.
1689 438 1960 500 ANNAL.
1999 438 2300 497 'I'URCIC.

3295 432 3418 497 69(—
3494 506 3495 509 η

182 534 352 586 lebat.
391 532 655 589 adversus
706 549 883 616 regem
955 538 1096 605 regis
1155 553 1293 607 opus
1349 557 1468 596 esse
1531 557 1698 612 opera
1737 564 1749 607 ;
1785 550 1828 605 Α
1858 555 1980 597 octo
2012 544 2266 596 deeemvc
2324 542 2529 597 dierum
2567 541 2667 594 iter
2698 542 2763 593 ah
2801 540 2929 607 ipsis
2967 541 3158 595 vastati
3196 523 3411 604 Persis,
3444 549 3450 557 '

168 626 456 693 planeque
482 629 794 680 necessario
837 628 1035 697 requiri
1063 630 1125 683 ad
1155 630 1509 686 obtinendam
1563 634 1629 687 dc
1660 634 1755 686 bo-

179 727 270 768 ste
298 717 606 781 victoriam,
643 727 701 771 ιιι
737 720 848 788 ipse
875 720 1125 776 sultaous
1192 722 1429 777 Mur-ales
1461 725 1570 777 dux
1624 720 1751 779 belli

177 807 450 861 adversus
482 807 871 863 Muehetnetem
894 810 1179 880 Persarum
1212 813 1372 883 375
1409 828 1587 882 regem
1621 830 1747 883 pro-

180 890 550 974 ﬁcisceretur.
598 899 832 953 Murates
864 916 929 954 eo
971 901 1189 957 Sillanis
1228 890 1748 975 accepto‘responso

180 1001 310 1038 mox
338 986 606 1040 sultanam
635 998 861 1042 matrem
891 991 1028 1055 adit,
1063 1001 1117 1045 ct
1150 993 1220 1047 ab
1242 1009 1303 1047 ea
1355 996 1643 1049 consilium
1695 1000 1747 1050 in

180 1078 291 1129 hac
321 1093 483 1132 causa
512 1081 626 1132 dari
651 1080 754 1134 sibi
814 1082 979 1153 petit.
1027 1082 1162 1137 Tum
1194 1085 1282 1139 illa
1333 1105 1346 1141 :
1382 1087 1447 1141 Mi
1516 1090 1611 1151 illi,
1647 1089 1744 1151 ait,

181 1166 429 1221 ltzerciue
488 1178 616 1221 sunt
665 1171 751 1223 illa
832 1174 1116 1236 magnifica
1170 1180 1435 1243 premissa
1482 1176 1749 1235 Sillanis?

176 1257 331 1309 itane
362 1257 639 1325 pollicitus
670 1272 756 1315 est
778 1263 983 1317 iturum
1014 1280 1072 1319 se
1095 1270 1339 1334 rapiendi
1378 1270 1576 1324 Persici
1649 1289 1739 1327 re-

175 1347 267 1415 gis
302 1351 595 1413 causavel
632 1352 698 1405 ad
747 1354 991 1407 intimam
1021 1356 1304 1411 Persarum
1345 1361 1544 1427 regiam
1611 1362 1741 1414 Cas-

180 1438 444 1501 minnm‘;
476 1439 699 1496 ct‘nune
734 1452 927 1496 auctor
946 1461 1063 1499 esse
1092 1448 1205 1499 vult
1258 1449 1383 1527 tibi,
1417 1462 1473 1503 ut
1503 1451 1743 1518 ipsemet

180 1527 252 1579 ad
280 1530 575 1597 gerendum
606 1532 706 1587 hoc
740 1533 935 1588 bellum
966 1538 1371 1604 proﬁciscaris?
1400 1541 1516 1596 t‘iou
1547 1542 1744 1611 dignus

179 1628 296 1684 est,
360 1621 451 1688 qui
519 1622 772 1693 deinceps
830 1641 1053 1681 munere
1138 1632 1337 1683 veziris
1406 1633 1608 1687 azemis
1662 1634 1738 1687 tui

182 1710 469 1779 fungatur.
518 1713 634 1779 Quo
677 1717 911 1772 consilio
961 1716 1190 1774 sullana:
1252 1722 1742 1779 matrisintcllecto

180 1804 547 1872 probatoque,
605 1805 890 1861 confestim
937 1809 1170 1865 Murates
1232 1814 1487 1867 Sinonem
1551 1812 1734 1869 Masu-

181 1896 292 1947 I.’m
329 1898 668 1980 pronuntiat.
724 1899 827 1953 hoc
885 1909 992 1965 est,
1042 1902 1341 1956 honoribus
1386 1905 1636 1958 omnibus
1689 1919 1752 1957 ac

182 1987 493 2055 praesertim
543 1988 803 2053 dignitate
873 1993 1112 2061 supremi
1171 1994 1365 2048 veziris
1433 1997 1604 2051 exuit.
1654 1995 1753 2049 Pa-

184 2092 318 2130 rnm
341 2077 557 2146 quidem
582 2081 773 2146 abfuit,
812 2084 941 2149 quin
999 2066 1365 2138 occideretur.
1420 2086 1563 2140 Bona
1624 2103 1753 2141 con-

182 2168 432 2236 demnati
458 2168 589 2223 ﬁsco
618 2169 1149 2240 l‘ucrtlntapplieata.
1175 2175 1465 2244 Relegatus
1494 2187 1547 2229 et
1568 2179 1746 2233 exsul.

186 2260 462 2330 hodieque
494 2261 740 2332 Malagma
770 2265 1060 2333 degit.quo
1083 2269 1095 2319 l
1121 2267 1377 2334 oppidum
1410 2267 1741 2321 Macedonia:

186 2353 360 2406 situm
378 2363 461 2408 est
497 2356 549 2407 in
584 2356 797 2419 itinere,
819 2372 927 2426 quo
946 2356 1414 2426 Constantinopoli
1449 2359 1750 2427 llagnsium

186 2446 325 2498 itur.
362 2445 551 2499 Siuaoi
582 2446 848 2502 suﬂ‘ectns
875 2450 979 2502 l'ttit
1011 2451 1062 2503 in
1121 2451 1553 2506 vezirazemalus
1580 2451 1754 2506 ofﬁcio

187 2536 414 2589 Siauses
460 2536 639 2601 bassa,
686 2539 906 2591 natione
948 2539 1215 2609 ngarus,
1287 2558 1524 2610 quocum
1587 2526 1789 2611 nupta.

184 2626 393 2680 sultaui
421 2627 647 2683 Muralis
682 2646 837 2684 soror
861 2645 997 2686 erat.
1034 2633 1185 2697 Quod
1246 2650 1424 2688 mores
1494 2648 1542 2687 ct
1608 2637 1751 2697 inue-

189 2720 343 2772 niunt
380 2719 598 2773 Sillanis
619 2724 830 2784 attinet,
883 2725 1152 2777 erud-lem
1182 2734 1233 2777 ct
1253 2742 1469 2777 avarum
1498 2742 1555 2779 se
1582 2724 1753 2794 gessit

186 2825 319 2878 erga
338 2812 581 2878 quosvis,
614 2826 738 2880 erga
777 2812 1121 2868 Christianos
1183 2813 1614 2879 infestissimum,
1665 2830 1752 2866 sn-

189 2902 421 2969 pcrlmm
463 2911 516 2956 et
542 2912 886 2971 arrogantem
914 2918 1038 2972 erga
1090 2905 1324 2972 majores
1356 2916 1407 2958 et
1435 2921 1611 2972 pares.
1665 2903 1750 2958 Ja-

188 2993 395 3045 etantia
431 3002 577 3046 tanta
625 2992 751 3055 fuit,
800 3002 858 3047 ut
911 3010 1030 3046 cum
1077 2995 1367 3062 aliquando
1409 3000 1749 3061 negotiorum

191 3085 540 3154 publicorum
576 3102 740 3141 causa
784 3087 1165 3141 conveniretur
1193 3088 1258 3139 ab
1290 3087 1484 3140 illustri
1514 3098 1560 3137 rt
1597 3102 1751 3156 gene-

1858 649 2027 702 nsque
2062 635 2195 688 adeo
2221 633 2420 687 redarti
2460 642 2588 687 sunt
2618 632 2680 686 ad
2748 632 3110 698 solitudines,
3178 633 3262 686 vix
3331 634 3405 686 uti

1854 728 2069 793 paulum
2107 739 2259 791 aqure
2291 722 2613 790 reperiatur,
2662 721 2858 774 nedum
2908 723 3063 789 panis
3093 730 3185 775 aut
3212 735 3407 775 carnes

1852 824 1944 869 aut
1972 815 2089 868 alia:
2116 829 2222 877 res,
2265 824 2373 867 tam
2403 814 2469 867 ad
2495 815 2694 866 victum
2758 813 3059 875 hominum,
3103 827 3264 879 quam
3318 812 3403 879 jn-

1852 914 2158 960 mentorum
2213 906 2469 960 alimenta
2525 905 2870 959 necessariae.
2916 905 3045 968 Quae
3107 905 3220 956 sola
3261 913 3409 955 certe

1849 1013 2008 1053 causa
2031 1008 2138 1062 est,
2173 997 2523 1065 quamobrem
2554 998 2817 1051 hactenus
2876 997 3183 1049 Ostuaui-he
3235 996 3287 1047 in
3343 996 3409 1047 iis

1848 1088 1980 1141 locis
2016 1102 2245 1141 annona:
2266 1089 2492 1145 caritate
2526 1086 2910 1139 laboraverint.
2941 1086 3015 1138 Ac
3046 1095 3171 1137 sunt
3202 1086 3258 1137 in
3293 1085 3404 1151 ipsa

1847 1176 2043 1231 Turcia
2076 1177 2169 1245 qui
2194 1178 2529 1238 existiment,
2587 1174 2796 1245 Turcos
2830 1176 2930 1228 hoc
2999 1174 3139 1227 bello
3192 1189 3406 1240 semper

1848 1268 2127 1324 inferiores
2159 1262 2394 1333 futuros,
2425 1271 2545 1323 licet
2585 1267 2765 1337 plures
2790 1270 2854 1321 ad
2877 1269 3048 1321 annos
3064 1266 3221 1321 etiam
3244 1266 3293 1319 in
3314 1281 3409 1335 po-

1846 1369 2050 1412 sterum
2089 1360 2456 1414 contionetur.

1915 1448 2109 1502 Verum
2139 1467 2204 1503 ne
2229 1450 2439 1519 longius
2466 1461 2617 1504 extra
2643 1452 2811 1516 oleas,
2850 1451 2990 1518 quod
3014 1450 3180 1513 aiunt,
3216 1453 3280 1502 ad
3318 1466 3409 1500 an-

1843 1540 2041 1594 nalium
2063 1543 2255 1595 seriem
2285 1542 2592 1596 redeamus.
2632 1540 2773 1593 Misit
2805 1541 3106 1593 secundum
3144 1540 3254 1591 lucc
3307 1542 3408 1591 ali-

1841 1631 2053 1700 quoties
2077 1634 2276 1685 Osman
2311 1633 2468 1686 bassa
2504 1634 2725 1701 petitum
2762 1632 2959 1686 soltani
2996 1629 3221 1683 Muralis
3248 1645 3401 1697 opem

1843 1732 2006 1789 a"Ille
2041 1723 2261 1784 πῑικίιίτιν
2295 1738 2411 1790 ante
2443 1724 2784 1791 suppeditata
2813 1738 2933 1776 cum
2984 1722 3234 1782 fuissent,
3266 1721 3408 1785 jam-

1842 1825 1945 1877 quc
1998 1810 2356 1889 Temircapitn
2412 1814 2789 1874 accessiSsent,
2858 1812 2923 1865 ad
2980 1811 3194 1865 Sirvani
3276 1810 3406 1861 lines

1787 1879 1823 1933 υ
1854 1904 2125 1957 civitatem
2163 1884 2511 1959 Somaehiam
2548 1905 2709 1972 cepit.
2743 1904 2921 1973 ibique
2952 1903 3326 1971 beglcrbegntu
3359 1911 3411 1953 et
3466 1948 3477 1965 κ

1853 1995 2263 2065 dephlcrdarum
2301 1996 2604 2050 collocavit.
2636 1995 2895 2050 Przetcrca
2931 1996 3106 2047 locum
3136 1994 3298 2045 alium
3325 2007 3409 2045 rc-

1852 2088 1991 2154 degil
2032 2089 2082 2140 in
2122 2098 2465 2157 potestatem,
2528 2089 2615 2143 cui
2664 2105 2767 2142 non
2820 2087 2979 2156 longe
3021 2101 3049 2139 a
3106 2084 3409 2151 'l'cmircnpi

1852 2180 2040 2235 dissito
2071 2196 2267 2234 nomen
2313 2189 2394 2233 est
2433 2180 2793 2234 Tabassarau.
2835 2177 3002 2229 Paulo
3047 2184 3164 2243 post
3211 2172 3406 2226 ibidem

1853 2282 1905 2325 et
1945 2272 2102 2324 aliam
2132 2272 2400 2325 civitatem
2458 2272 2762 2341 occupavit,
2824 2286 2941 2340 qua:
2973 2268 3153 2322 (Zabba
3188 2268 3405 2321 dicitur.

1852 2360 1909 2417 ln
1939 2362 2189 2417 omnibus
2224 2363 2371 2417 hisce
2413 2363 2545 2417 locis
2573 2362 2962 2431 gubernatores
3004 2369 3057 2414 ct
3108 2358 3409 2430 pra-lectos.

1855 2453 2065 2508 idoneis
2092 2459 2213 2507 eum
2245 2453 2533 2521 praesidiis,
2564 2452 2829 2508 machinis
2878 2451 3107 2516 bellicis,
3150 2450 3310 2504 rebus
3345 2451 3408 2501 ad

1853 2558 1945 2596 eas
1977 2543 2299 2597 necessariis
2345 2545 2684 2612 attonitisque
2728 2543 2967 2613 reliquit.
3005 2543 3165 2598 Turri
3194 2544 3408 2611 (pridi-ni
3449 2541 3452 2545 ’

1853 2633 2024 2691 aiunt.
2083 2632 2373 2687 Osmauem
2419 2646 2618 2702 praeter
2666 2636 2893 2687 indicata
2943 2636 3055 2687 loca
3098 2644 3150 2687 et
3192 2635 3408 2701 oppida,

1852 2725 2160 2792 complures
2185 2725 2318 2777 alias
2340 2740 2553 2793 quoque
2579 2723 2822 2779 civitates
2856 2735 2909 2778 cl.
2938 2724 3154 2778 castella
3180 2724 3405 2791 cepisse.

1852 2814 1990 2881 Quin
2023 2817 2182 2868 etiam
2245 2824 2477 2879 mustal,
2518 2814 2805 2869 Osmanem
2868 2815 3108 2876 bassam,
3160 2829 3300 2868 anno
3328 2831 3411 2868 se-

1853 2908 2034 2975 qui-nti
2086 2910 2356 2976 proximo,
2411 2924 2518 2977 quo
2573 2918 2814 2976 tempore
2882 2889 3408 2973 Constatttinoiiolim

1854 2999 2143 3065 profectus,
2201 3014 2417 3050 manum
2469 2998 2687 3050 sultano
2734 2995 2921 3050 Mnrati
2971 2996 3407 3056 deoscolabaltlr.

1855 3089 1992 3139 inter
2026 3088 2125 3139 alia
2160 3104 2406 3151 munera,
2452 3104 2572 3155 qua:
2617 3102 2711 3156 pro
2742 3087 2956 3141 sultaoo
2988 3086 3192 3139 Mztrale
3225 3102 3406 3139 SCCll‘tl

190 3188 325 3229 roso
353 3174 622 3243 lludolphi
649 3179 870 3231 secundi
928 3178 1153 3247 Augusti
1188 3179 1385 3248 legato,
1456 3176 1748 3230 Frelerico
1779 3203 1819 3257 ϐ
1854 3178 2163 3241 advexerat,
2196 3178 2370 3231 eidem
2406 3179 2662 3232 obtulisse
2722 3179 3098 3245 septemdecim
3120 3162 3253 3246 plus
3310 3179 3409 3229 lni-

191 3266 478 3333 Brciocro,
519 3267 725 3324 Barone
751 3269 1087 3335 Fladizano,
1148 3269 1511 3324 inverecunde
1563 3269 1754 3337 praedi-

193 3370 373 3421 carel,
416 3374 503 3421 se,
533 3375 779 3427 suprema
821 3375 944 3414 cum
1011 3369 1279 3425 potestate
1335 3358 1634 3427 proiectum
1687 3357 1750 3411 ad

195 3449 493 3503 Persarum
528 3451 679 3514 lines,
722 3461 929 3504 tantum
971 3469 1021 3502 ιιι
1052 3452 1117 3504 iis
1150 3452 1284 3504 locis
1341 3466 1639 3518 occupasse
1673 3467 1753 3503 re-

194 3543 447 3611 gionum,
490 3552 546 3594 ut
581 3543 926 3611 sangiacatus
956 3541 1099 3596 ibidc
1125 3561 1153 3593 ιι
1193 3546 1583 3615 quinquagtnta
1620 3556 1753 3593 con-

196 3634 458 3688 stituerit.
494 3635 547 3687 Η
580 3648 705 3687 vero
735 3647 933 3702 quanta
998 3648 1122 3688 cum
1180 3633 1419 3686 vanitate
1483 3631 1645 3685 fuerit
1689 3631 1756 3683 ab

198 3729 317 3791 ipso
349 3727 579 3787 dictum,
616 3727 693 3778 vel
727 3741 791 3779 ex
821 3741 886 3780 eo
914 3736 1080 3793 patet,
1157 3725 1299 3793 quod
1357 3726 1609 3777 universa
1648 3720 1754 3773 llu-

199 3818 383 3881 ln'lia,
428 3830 530 3884 qua
566 3827 741 3869 tamen
772 3816 1123 3886 amplissimae
1154 3816 1470 3885 provinciae,
1524 3829 1619 3866 nec
1652 3827 1757 3866 uno

200 3928 225 3959 ιι
254 3906 453 3961 Turcis
521 3908 802 3976 acquisita?
845 3911 1066 3971 san-nlo,
1118 3907 1373 3971 Thracia,
1419 3902 1756 3963 Macedonia,

200 4001 421 4058 Servio.
454 3998 722 4073 Bulgaria,
771 3999 1020 4063 Albania,
1053 3999 1356 4061 Thessalia,
1419 3995 1593 4049 Morea
1645 3994 1759 4048 sive

206 4095 634 4160 l‘el0pouttesns,
682 4092 879 4144 Achaia
913 4093 1025 4144 sive
1082 4091 1325 4153 Livadia,
1394 4086 1591 4141 Atliolia
1650 4085 1761 4139 sive

205 4185 534 4255 D.spotaltts
594 4198 712 4236 eum
774 4184 895 4236 aliis
954 4184 1320 4242 continentur,
1379 4179 1516 4231 ultra
1578 4176 1759 4243 tigiltli

202 4282 342 4331 duos
368 4277 713 4346 saugiaCalus
743 4291 844 4327 non
904 4277 1115 4328 habeat.
1152 4275 1263 4327 luto
1314 4281 1547 4333 constat,
1608 4267 1763 4321 Sina-

203 4386 325 4424 nem
354 4370 415 4431 in
435 4370 497 4423 iis
518 4358 647 4422 locis
670 4368 799 4421 nihil
818 4368 1104 4421 admodum
1134 4362 1484 4418 memorabile
1506 4360 1761 4429 gessisse,

201 4465 305 4515 nisi
345 4461 492 4528 quod
528 4476 691 4512 nnttm
725 4469 777 4512 et
814 4461 1038 4512 alterum
1061 4454 1491 4525 beglerbegatuzn
1518 4452 1762 4505 inslitue'

1857 3286 2019 3325 mtch
2047 3271 2223 3325 claves
2254 3279 2555 3339 argenteas.
2596 3271 2661 3323 Et
2691 3270 2918 3337 singulis
2944 3252 3192 3324 clavibus
3216 3269 3405 3322 inseri.

1856 3372 2000 3429 ptum
2033 3377 2225 3415 nomen
2252 3371 2410 3414 certa!
2436 3360 2666 3414 civitatis
2695 3368 2787 3411 aut
2818 3352 3045 3420 castelli,
3083 3360 3148 3413 ab
3174 3357 3412 3413 Ostuaoe

1856 3452 1908 3503 in
1943 3460 2263 3518 potestatem
2301 3452 2524 3505 redacti.
2585 3450 2899 3513 Signiﬁcare
2945 3452 3197 3502 ltinlirnttt
3250 3452 3408 3517 hujus

1855 3544 2127 3597 oblatione
2182 3545 2306 3596 doni
2364 3542 2742 3611 septemdecim
2798 3542 3029 3594 claviunt
3084 3543 3314 3606 volebat,
3354 3560 3409 3596 ῑςς·

1858 3637 2073 3691 totidem
2096 3638 2302 3703 cepisse
2332 3637 2407 3698 vel
2448 3636 2660 3702 oppida.
2700 3634 2781 3686 vel
2822 3644 3019 3694 castra,
3062 3642 3194 3701 quot
3229 3646 3409 3685 essent.

1860 3728 1988 3795 ipsrc
2011 3744 2236 3781 numero
2283 3728 2481 3781 claves.
2501 3727 2655 3792 Quod
2690 3728 2933 3796 equidem
2972 3726 3189 3778 utcorlni
3218 3727 3407 3793 pleris-

1859 3833 1962 3886 que
1990 3818 2118 3871 viris
2150 3819 2526 3889 prudentibus,
2549 3825 2603 3869 et
2642 3816 3190 3869 rerumTureiearum
3224 3819 3407 3881 gnaris

1862 3925 2197 3977 nequaquam
2253 3923 2373 3961 vero
2435 3908 2607 3961 visum
2656 3909 2828 3961 simile
2888 3925 2901 3960 :
2953 3922 3073 3959 cum
3130 3907 3304 3975 potius
3346 3924 3405 3960 ra

1860 4016 2117 4071 pagorum
2151 4015 2273 4053 esse
2302 3998 2602 4065 jutlirarcut
2650 3998 2887 4057 nomina,
2941 4014 3100 4067 quam
3138 4001 3217 4053 vel
3265 4005 3409 4066 Oppi-

1861 4090 2176 4155 dorum,vel
2201 4089 2565 4143 c‘astellor‘hln.
2601 4087 2706 4141 Sed
2741 4089 2881 4141 enim
2915 4104 3010 4157 per
3033 4103 3125 4152 ,me
3183 4088 3405 4141 liberum

1863 4180 1963 4243 hac
1989 4181 2051 4233 de
2076 4194 2132 4232 re
2159 4179 2423 4248 judicium
2455 4177 2625 4230 cuivis
2656 4184 2791 4230 esto.

1932 4271 2065 4324 Cum
2097 4270 2184 4324 hic
2234 4285 2409 4323 rerum
2456 4270 2507 4322 itl
2539 4271 2602 4323 iis
2638 4270 2766 4322 locis
2798 4282 3082 4331 successus
3110 4276 3269 4330 esset,
3303 4269 3367 4320 de
3395 4299 3405 4307 -

1865 4374 1973 4411 ouo
1999 4373 2126 4411 suos
2166 4359 2229 4410 ad
2267 4359 2537 4413 suitauum
2570 4357 2829 4410 Moralem
2886 4357 3028 4409 misit
3061 4354 3283 4421 Osutan,
3319 4362 3407 4422 qui

1867 4457 2108 4515 peterent
2137 4458 2193 4500 ιιι
2215 4451 2509 4517 ipsttmtllet
2536 4447 2767 4501 Tatat'ia:
2830 4462 3005 4513 regem
3030 4447 3409 4501 Mttcbcutelem

205 4559 298 4612 rit.
333 4522 403 4605 Ait
437 4551 622 4619 quales
643 4522 1245 4619 beglerbcgatushllba
1275 4522 1454 4599 Gfrzuca
1494 4545 1572 4596 vel
1627 4544 1758 4603 Alba
1796 4522 1837 4576 θ
1867 4537 2007 4593 ferre
2064 4540 2166 4593 sibi
2223 4540 2500 4609 suppetias
2554 4540 2783 4608 inberet,
2845 4536 2991 4592 Fecit
3043 4540 3141 4591 hoc
3196 4539 3409 4605 quidem

203 4642 448 4713 regalis;
484 4640 813 4710 Strigouium
869 4641 953 4693 vel
1009 4636 1367 4705 Sigclivarum
1404 4651 1441 4703 ςΔ
1468 4649 1587 4702 qua:
1640 4632 1758 4686 loca

199 4736 621 4806 saagiaeatuttnt
656 4730 873 4784 nomine
906 4727 1279 4782 tantummodo
1317 4736 1607 4779 censentur
1637 4725 1761 4777 bac-

204 4842 393 4892 teutts,
436 4825 961 4895 l'cetejutl'cautintn
1009 4822 1262 4891 Opinione
1300 4820 1506 4888 singula
1570 4816 1761 4884 pratic-

212 4921 380 4972 renda
415 4919 639 4971 veniunt
669 4925 905 4984 qttatthr
952 4913 1220 4981 ejusmodi
1260 4910 1340 4961 vel
1384 4910 1624 4977 quinque
1676 4909 1765 4958 bc—

213 4995 782 5077 g'lcrbegatis.llident
832 5004 1048 5073 quidem
1114 5012 1262 5056 certe
1299 5003 1395 5053 viri
1450 5002 1763 5068 prudentes,

219 5114 517 5166 rermnque
561 5096 909 5152 Turcirarutn
967 5105 1022 5147 et
1068 5094 1281 5146 illorum
1347 5094 1529 5145 tioium
1588 5092 1764 5160 periti,

216 5211 340 5247 cum
379 5191 596 5245 recitari
636 5200 712 5244 tot
747 5189 1152 5255 beglerbt-gatus
1191 5202 1374 5238 CO‘lllIl
1407 5187 1644 5237 locorum
1672 5199 1767 5235 att-

216 5261 375 5335 tfiuitt
400 5297 413 5333 :
442 5276 792 5346 Tipblisiuiu,
817 5275 1186 5339 'l‘schildirim,
1225 5274 1575 5336 Soeltumant,
1633 5272 1769 5325 Car-

218 5389 395 5435 seunt,
430 5370 958 5429 B;ttintlitt,ctalios.
1035 5367 1306 5420 “eranum
1363 5362 1518 5417 facile
1575 5366 1767 5416 nomen

221 5468 321 5519 hoc
359 5476 564 5519 tuetur.
596 5461 782 5514 Itidem
817 5461 1103 5514 Sim-anum
1127 5475 1335 5528 quoque
1364 5457 1769 5525 beglcrliegalus

224 5560 441 5611 titulum
477 5562 794 5616 mereretur,
822 5553 864 5607 si
897 5553 1197 5607 Turcormu
1240 5558 1383 5604 esset.
1413 5549 1462 5600 in
1486 5557 1771 5614 potestate,

223 5648 682 5718 qucntatlmoluln
719 5645 870 5711 initio
902 5645 1046 5707 belli,
1093 5643 1261 5697 ductu
1289 5640 1581 5709 Mustapbzt‘
1603 5639 1774 5694 bassm

227 5742 424 5795 veziris
490 5737 906 5794 Osmauidarntu
962 5737 1189 5803 imperio
1252 5735 1428 5789 fuerat
1480 5731 1771 5801 adjectum.

232 5832 335 5889 Sed
370 5830 783 5902 bcglcrbegalus
834 5828 1009 5885 ca-tm-i
1038 5829 1149 5881 suis
1176 5843 1293 5881 eum
1353 5823 1658 5880 lerritorils.
1690 5825 1773 5877 ‘ad

1864 4631 2119 4687 Osotauis
2145 4642 2328 4700 rogatu
2364 4632 2619 4695 Murates,
2657 4630 2746 4684 sed
2789 4628 3015 4683 Tatartts
3041 4629 3153 4682 suis
3186 4632 3412 4680 hornini-

1865 4729 1965 4782 bus
2014 4728 2077 4780 ad
2132 4726 2391 4779 Mnraleut
2446 4720 2732 4791 ablegatis,
2776 4724 2942 4776 libere
2995 4723 3289 4791 respondit,
3352 4737 3409 4775 se.

1870 4814 2123 4872 mandato
2156 4817 2377 4870 Muralis
2433 4816 2804 4882 superioribus
2857 4814 3016 4867 annis
3058 4813 3192 4867 duos
3222 4814 3412 4868 fratres

1867 4927 1994 4966 suos
2031 4924 2153 4963 cum
2193 4908 2375 4961 multis
2402 4907 2640 4961 millibus
2668 4897 3185 4961 hominum‘misissc
3208 4906 3409 4959 Tenuit--

1867 5003 2043 5073 capim
2082 5018 2098 5059 :
2132 5016 2361 5070 quorum
2397 5014 2552 5053 nemo
2580 5014 2699 5052 cum
2730 4998 2909 5051 salvos
2934 4998 3146 5049 domum
3174 4998 3409 5052 redierit.

1867 5096 2030 5150 etiam
2082 5093 2309 5148 fratrum
2362 5093 2529 5146 altero
2571 5104 2731 5147 ett-so.
2784 5089 2953 5140 altero
3008 5087 3057 5137 in
3109 5087 3412 5137 carceribus

1868 5189 2006 5253 apud
2036 5189 2219 5240 hostes
2252 5192 2480 5245 mortuo,
2512 5180 2675 5234 videri
2708 5180 2807 5232 sibi
2844 5193 3037 5230 uovttm
3072 5163 3233 5245 376
3256 5175 3379 5240 quid

1870 5284 1989 5333 dam
2014 5286 2066 5329 t-t
2088 5276 2350 5338 insolens,
2375 5290 2429 5328 se
2458 5269 2857 5341 qooqtlejuberi
2883 5267 3092 5319 tandem
3124 5267 3189 5318 ad
3220 5266 3411 5319 bellu-n

1876 5375 1975 5423 hoc
2009 5366 2301 5436 proﬁcisci,
2329 5366 2466 5435 quod
2504 5379 2594 5431 per
2622 5364 2823 5429 legatos
2855 5358 2965 5412 aeri
3012 5358 3195 5423 possit.
3242 5358 3415 5411 Nihilo

1877 5474 2049 5516 tamen
2083 5459 2265 5513 minus
2306 5474 2381 5520 se,
2416 5455 2628 5524 quando
2680 5452 2924 5507 Mtu'ates.
2956 5450 3025 5501 ita
3068 5464 3161 5517 pro
3198 5450 3277 5500 sui
3322 5464 3415 5500 au-

1876 5551 2123 5607 ctoritate
2153 5548 2361 5616 imperii
2394 5547 2726 5616 ιιι-ινιίνυτιιι,
2753 5552 3125 5608 suscepturum
3162 5540 3296 5588 hanc
3323 5553 3414 5589 cx-

1879 5646 2200 5716 peditioncm
2233 5659 2243 5693 :
2270 5639 2427 5693 modo
2444 5639 2544 5691 sibi
2568 5639 2700 5691 mitti
2731 5643 2942 5690 curaret
2965 5647 3133 5691 arma,
3163 5630 3411 5695 pecunias

1881 5740 1930 5791 in
1964 5736 2186 5788 militum
2212 5730 2500 5801 stipendia,
2546 5746 2667 5783 cum
2714 5728 2832 5784 aliis
2885 5728 3042 5779 rebus
3089 5720 3388 5774 lzc;'t‘ss;lris

1894 5828 2145 5895 Murates,
2174 5831 2391 5892 acueplo
2420 5820 2599 5876 Talat‘i
2633 5834 2911 5890 responso,
2942 5833 3047 5869 rem
3082 5830 3199 5868 eum
3231 5827 3419 5883 supre-
