4032 6344
664 407 772 470 091

666 517 984 586 posuerant.
1016 510 1337 561 Accesserat
1379 501 1464 555 vir
1499 501 1706 565 integer
1752 510 1817 550 ac
1853 495 2076 549 minime
2126 507 2215 546 su-
2250 496 2296 551 Α

668 587 959 673 spiciosus.
994 596 1335 656 Monebatnr.
1391 587 1733 647 Cosacosuti
1787 587 2082 644 desereret,
2111 591 2217 636 sta-

671 699 872 763 timque
896 706 1075 761 regem
1106 688 1281 742 adiret
1315 702 1329 739 :
1384 699 1543 753 quem
1581 691 1768 736 sancte
1829 678 2221 747 pollicebantur

671 788 802 842 nihil
834 788 886 839 in
912 798 1033 839 eum
1070 788 1399 835 statuturum
1433 777 1701 840 asperius.
1736 771 1867 825 Cum
1918 768 2020 821 hoc
2059 764 2221 819 modo

671 880 964 944 deceptus,
1022 871 1086 923 ad
1139 865 1355 922 comitia
1410 878 1468 919 se
1513 860 1828 915 Varsoviatn
1879 856 2219 919 contulisset,

672 968 1030 1023 deliberatum
1071 962 1123 1014 in
1155 969 1342 1014 senatu
1392 955 1519 1025 qttid
1553 954 1818 1023 agendum
1851 950 1952 1003 hoc
1986 958 2131 1003 esset
2165 946 2218 999 in

672 1053 907 1123 negotio.
940 1039 1124 1102 Visuin
1149 1044 1337 1113 majori
1361 1052 1671 1099 senatorum
1699 1040 1856 1108 parti,
1878 1051 2217 1108 nequaquam

601 1199 608 1204 ,
672 1140 947 1196 hominem
995 1136 1390 1196 Christianum,
1423 1131 1650 1185 militem
1709 1129 2000 1193 Polonum,
2034 1126 2219 1179 virum

585 1254 587 1261 ι
672 1233 908 1298 denique
966 1226 1183 1289 fortem,
1253 1224 1346 1292 qtti
1373 1225 1570 1276 robore
1616 1220 1862 1288 corporis
1918 1216 2221 1271 admirabili

675 1320 882 1374 cunctis
908 1320 959 1371 in
991 1331 1054 1371 eo
1092 1327 1257 1382 regno
1315 1319 1619 1380 praestaret,
1655 1309 1888 1362 barbaro
1916 1316 2118 1360 certam
2154 1303 2220 1357 ad

675 1426 862 1465 necem
890 1406 1247 1476 prodendum.
1293 1407 1360 1455 At
1405 1403 1683 1460 Zausiutn.
1712 1413 1869 1465 quant
1895 1392 2223 1451 commodis-

677 1501 831 1556 simis
867 1499 979 1553 fieri
1004 1506 1202 1567 posset,
1220 1493 1555 1565 purgandum
1585 1490 1912 1544 rationibus.
1939 1484 2095 1541 Omni
2128 1486 2217 1538 de-

678 1590 841 1659 nique
867 1586 1025 1641 ruodo
1068 1584 1458 1639 consulendum
1497 1580 1667 1647 ipsius
1697 1578 1877 1639 saluti,
1938 1574 2029 1644 qui
2087 1573 2219 1628 salvi

674 1689 1014 1738 commeatus
1068 1677 1202 1746 regii
1239 1675 1507 1744 promisso
1541 1671 1732 1729 fretus,
1768 1665 2086 1721 Varsoviam
2128 1677 2221 1716 ve-

678 1776 795 1831 nire
823 1789 930 1826 non
992 1769 1312 1824 dubitasset.
1345 1763 1457 1815 Rex
1511 1761 1817 1829 Stephanus
1846 1774 1874 1810 e
1904 1757 2119 1810 diverso
2149 1754 2222 1807 di-

1865 356 2201 450 reximus
2241 382 2697 445 LEUNCLAVII

3773 361 3875 423 τί)οτ

2324 506 2417 544 cos
2444 489 2701 550 venisset,
2774 498 2892 553 qua:
2942 480 2995 535 in
3045 478 3278 534 medium
3314 477 3381 532 ab
3413 486 3645 544 utroque
3676 471 3862 541 profer-

2322 589 2527 641 rentur,
2566 575 2738 630 audit.
2775 572 2932 627 Jtzbet
2958 570 3203 626 exhiberi
3254 569 3357 623 sibi
3402 578 3512 622 tam
3564 564 3860 625 Podolovio,

2321 686 2480 738 quam
2503 668 2701 722 Zausio
2725 666 2877 720 datas
2903 678 2930 717 a
2953 663 3166 731 sultano
3195 660 3403 714 litteras
3428 677 3444 714 ι
3474 658 3681 728 quibus
3703 658 3861 723 in'pc-

2320 762 2443 823 etis.
2477 776 2595 814 cum
2627 758 2808 812 Zausii
2860 754 3171 809 mandatum
3197 752 3474 829 recentius
3504 765 3627 804 esse
3675 764 3861 816 cogno-

2321 854 2507 913 visset,
2564 851 2666 904 vim
2701 848 2900 919 prioris
2930 846 3261 915 exspirasse.
3298 844 3621 913 posterioris
3656 854 3863 894 exsecu-

2323 946 2523 998 tiouem
2567 942 2792 1009 requiri.
2834 939 3173 1008 pronuntiat.
3230 936 3474 1001 Cmptum
3506 947 3638 1001 ergo
3666 930 3819 985 rediri
3849 947 3860 979 :

2322 1050 2553 1104 cumque
2576 1035 2640 1086 de
2673 1034 2754 1086 via
2789 1031 2931 1099 regia
2986 1044 3107 1083 cum
3143 1020 3224 1082 eis
3259 1025 3494 1080 Zausius
3545 1024 3860 1075 deﬂecteret.

2325 1138 2575 1180 monetur
2623 1140 2650 1177 a
2699 1124 2874 1192 legato
2896 1122 3037 1175 viam
3074 1119 3150 1173 uti
3178 1118 3380 1187 regiam
3437 1125 3636 1170 teneat.
3683 1113 3863 1166 Occia—

2326 1228 2435 1271 mat
2471 1218 2752 1288 barbarus,
2796 1216 2981 1283 ipsene
3018 1212 3236 1267 sultano
3293 1208 3758 1262 Musuhnauorum
3814 1218 3863 1252 ac

2325 1311 2438 1365 Silis
2482 1312 2535 1363 in
2570 1324 2735 1383 regno
2767 1321 2868 1360 suo
2891 1303 3243 1375 praescribere
3279 1301 3426 1368 leges
3452 1299 3632 1356 vellet,
3655 1310 3763 1364 quo
3789 1310 3861 1345 re-

2326 1400 2602 1455 ducendus
2636 1409 2776 1453 esset
2805 1397 2997 1450 itinere
3029 1396 3051 1447 ?
3079 1393 3172 1447 Sic
3200 1392 3367 1461 igitur
3398 1390 3533 1443 ittttn
3570 1388 3622 1441 in
3662 1387 3860 1441 silvau‘.

2329 1494 2419 1547 ubi
2456 1493 2520 1544 ad
2559 1500 2781 1544 mortem
2814 1501 3004 1555 parare
3035 1502 3091 1539 sc
3121 1484 3375 1553 iubentur
3420 1497 3627 1545 omnes,
3658 1495 3717 1533 ex
3752 1492 3865 1529 sco-

2331 1582 2498 1637 tentia
2532 1581 2765 1634 mandati
2801 1577 3081 1636 sultanini.
3125 1576 3291 1629 Erant
3321 1574 3367 1627 ei
3396 1574 3614 1643 triginta
3647 1581 3863 1638 quatuor

2331 1675 2538 1737 famuli,
2573 1675 2772 1744 quibus
2800 1672 2990 1725 ordine
3034 1669 3323 1722 trucidatis
3367 1667 3498 1733 (uno
3534 1674 3734 1717 tantum
3783 1677 3864 1711 cs-

2332 1776 2487 1836 cepto
2519 1782 2702 1834 puero.
2740 1765 2831 1833 qui
2859 1758 3086 1816 solerter
3118 1760 3170 1812 in
3203 1749 3391 1811 silvam
3427 1754 3729 1823 profugiens
3753 1766 3865 1803 cra-

678 1878 826 1925 cere.
862 1861 966 1915 sub
1002 1858 1105 1911 fide
1135 1846 1353 1926 quidem
1387 1852 1596 1922 publica
1649 1849 1970 1901 Potocovam
2002 1845 2228 1898 arcessi—

2333 1860 2469 1913 sissc
2495 1856 2854 1926 perhibetur),
2887 1853 3083 1907 ultimo
3105 1849 3423 1909 Podolovio,
3452 1856 3569 1917 post
3598 1854 3863 1909 coner-pm

679 1967 818 2019 tttm,
884 1952 975 2007 sed
1000 1951 1156 2004 aliter
1191 1962 1308 2002 eam
1336 1948 1515 2000 datam
1546 1958 1653 1996 non
1687 1938 1932 2007 intelligi,
1962 1937 2062 1992 nisi
2092 1952 2226 2006 qua-

679 2058 837 2112 tenus
855 2057 1073 2099 causam
1103 2056 1254 2096 suam
1283 2039 1484 2108 justam
1512 2036 1709 2089 docere
1746 2032 2079 2102 probarcque
2107 2043 2227 2097 pos-

680 2146 780 2196 set.
821 2137 975 2191 Nunc
1006 2149 1131 2188 vero
1177 2147 1302 2186 eum
1367 2138 1565 2199 pateat,
1603 2142 1726 2180 cum
1778 2134 1966 2178 contra
2008 2121 2228 2197 foederis

678 2238 836 2302 pacta
868 2208 1130 2284 conventa
1156 2224 1371 2289 fecisse,
1400 2222 1537 2292 quod
1574 2218 1950 2289 indignissime
1979 2216 2228 2270 sultanus

682 2321 915 2383 llurratcs
968 2318 1162 2372 ferat:
1221 2331 1325 2370 non
1385 2328 1543 2382 posse
1579 2310 1920 2379 fatdifraguzn
1972 2307 2227 2376 pacisque

651 2410 653 2412 ’
681 2412 911 2483 publica:
942 2411 1254 2463 violatorem
1313 2407 1442 2460 salvi
1477 2413 1814 2458 commeatus
1845 2399 1976 2467 regii
2022 2384 2223 2451 beneﬂ-

682 2505 768 2558 cio
818 2502 947 2555 frui.
982 2502 1204 2554 Auditus
1239 2513 1360 2550 csse
1410 2496 1650 2548 minaces
1692 2490 1890 2546 sultani
1925 2490 2229 2543 Turcorum

682 2593 909 2656 litteras,
933 2592 1092 2657 cujus
1115 2589 1223 2640 iras
1250 2585 1294 2637 si
1330 2585 1462 2638 tanti
1494 2600 1601 2636 non
1629 2582 1882 2646 facerent,
1915 2594 1975 2633 ac
2001 2578 2227 2655 lfotoco-
2288 2648 2294 2654 ‘

680 2699 801 2738 vam
834 2681 1014 2751 potius
1060 2688 1331 2732 servatum
1364 2677 1575 2737 vellent,
1633 2690 1690 2727 se
1733 2672 1947 2742 quidem
1983 2671 2225 2740 ipsorum

682 2774 943 2829 voluntati
976 2787 1080 2825 non
1106 2775 1538 2830 adversatur-um,
1570 2768 1809 2833 satisque
1842 2765 2110 2819 facturum
2148 2761 2231 2815 oi"

685 2867 807 2921 ficio
840 2881 937 2918 suo
984 2876 1169 2919 contra
1203 2862 1423 2932 quosvis
1456 2861 1603 2930 regni
1642 2861 1862 2912 hostes:
1898 2870 2121 2910 monere
2152 2864 2229 2907 ta-

685 2973 809 3012 men
841 2972 906 3009 ne
928 2955 1068 3009 bello
1088 2954 1434 3006 Moscovitico
1469 2952 1697 3003 necdum
1729 2947 1999 3008 coniecto,
2064 2960 2230 2997 novas

686 3058 885 3103 temere
906 3047 1007 3100 sibi
1048 3045 1392 3097 cumularent
1423 3041 1753 3094 inimicitias.
1804 3036 1914 3092 Hoc
1946 3036 2105 3090 modo
2144 3052 2231 3090 ce-

2332 1954 2397 2005 ad
2426 1938 2590 2004 Deum
2627 1963 2837 2016 preces.
2888 1955 3048 2014 caput
3094 1952 3429 2011 amputatum
3465 1956 3491 1991 a
3528 1938 3717 1993 Zausio
3750 1935 3859 1987 fuit.

2332 2043 2439 2096 Res
2473 2056 2663 2094 omne;
2693 2038 2855 2108 379
2881 2037 3051 2106 ipsius
3075 2044 3128 2089 et
3170 2020 3426 2090 comitum
3484 2032 3703 2085 Zausius
3734 2028 3862 2079 Coa-

2332 2131 2892 2200 stantinppolim.cum
2910 2128 3064 2196 equis
3086 2127 3272 2195 regiis,
3289 2125 3531 2179 deduxit.
3558 2121 3705 2189 Equi,
3722 2119 3859 2184 jussu

2332 2224 2578 2280 Muralis.
2610 2223 2801 2289 partim
2845 2220 3176 2277 snltaninum
3217 2220 3269 2270 in
3321 2217 3581 2270 sarainm.
3612 2214 3673 2265 ad
3708 2213 3861 2277 ipsius

2331 2315 2553 2368 Muralis
2582 2329 2725 2372 tis-ts.
2748 2311 2944 2379 recepti
2970 2329 2982 2362 :
3006 2311 3200 2375 partim
3222 2308 3362 2359 inter
3384 2307 3569 2359 bassas
3588 2301 3860 2356 distributi.

2329 2406 2621 2475 digitisque
2657 2403 3068 2473 singulari'cnm
3103 2398 3400 2468 ignominia
3442 2396 3694 2467 Stephani
3733 2391 3861 2460 regis

2332 2498 2535 2570 passim
2568 2495 2851 2551 monstrati
2885 2494 3124 2547 fuerunt.

2399 2590 2533 2645 Cum
2580 2589 2693 2642 hate
2746 2601 2834 2655 per
2880 2593 3192 2638 autumnum
3248 2582 3736 2639 accitlisscnt.auui
3784 2592 3860 2626 se-

2331 2682 2546 2754 qucntis
2580 2679 2676 2734 991
2718 2678 2884 2742 (Chr.
2937 2675 3104 2743 1584)
3160 2676 3314 2729 initio
3393 2676 3537 2727 venit
3584 2671 3857 2725 Croduam.

2332 2790 2449 2845 quae
2489 2774 2541 2827 in
2583 2771 2870 2825 Litltuania
2904 2770 3005 2824 sita
3038 2778 3141 2828 eSt.
3172 2768 3235 2822 ad
3276 2768 3606 2845 Stephanum
3657 2761 3863 2815 Polnnim

2332 2881 2508 2935 regem
2537 2864 2733 2917 missus
2776 2879 2803 2915 a
2832 2864 3043 2917 sultano
3070 2838 3612 2920 Muratc'lliustapbas
3639 2852 3857 2906 Zittsius.

2332 2954 2422 3023 qui
2463 2954 2658 3007 caulem
2713 2953 2869 3017 legati
2927 2951 3057 3019 regii
3109 2948 3406 3010 Pndolovii,
3462 2946 3530 3000 de
3580 2961 3676 3013 qua
3725 2944 3863 2994 modo

2332 3046 2555 3107 dictum,
2602 3051 2917 3097 excusaret...
2964 3042 3153 3095 Aiebat
3209 3040 3274 3105 is,
3347 3039 3484 3093 falso
3553 3049 3717 3089 tamen
3768 3051 3860 3084 rrnt

683 3139 938 3193 dentibus
970 3137 1129 3206 regite
1156 3134 1435 3188 sententia:
1459 3132 1710 3192 Polouis.
1731 3141 1998 3199 sumptum
2032 3130 2096 3183 de
2132 3128 2228 3182 Po-
2260 3169 2303 3226 ϐ
2335 3153 2563 3192 narrans
2601 3176 2619 3204 ,
2691 3138 2839 3189 in...“
2888 3133 3057 3187 fuisse
3130 3140 3404 3188 necatum.
3470 3131 3617 3183 ηυιιο
3693 3126 3863 3181 sum";

686 3239 875 3281 tocova
900 3226 1220 3294 supplicium
1265 3224 1380 3277 fuit.
1423 3224 1730 3277 Secundum
1764 3223 1897 3285 hatc,
1934 3236 2077 3273 anno
2124 3218 2231 3272 ilia-

2336 3232 2556 3284 Muralis
2587 3212 2974 3283 interveniente
2997 3228 3176 3295 jussu,
3231 3240 3353 3279 cum
3382 3225 3716 3294 prrescriptos
3742 3223 3864 3285 lega-

689 3322 979 3374 htnuetano
1007 3319 1109 3373 990
1138 3316 1286 3385 (Chr.
1314 3316 1494 3384 1585),
1524 3315 1743 3383 quidam
1772 3312 2096 3367 [‘odolovius
2128 3310 2232 3365 P0-

688 3414 845 3467 lonus
902 3413 1027 3469 {hoc
1064 3411 1283 3465 nomine
1313 3409 1786 3477 Constantinopoli
1828 3407 2229 3476 appellabatur,

689 3504 779 3557 alii
816 3502 1153 3556 Polidovinm
1185 3502 1401 3555 voeanti
1430 3500 1596 3551 nobili
1624 3513 1819 3567 genere
1841 3496 2233 3558 natus,stalmli

692 3592 822 3661 regii
843 3591 1127 3659 przefectus
1147 3589 1438 3652 secundus,
1460 3606 1617 3658 quem
1644 3590 1799 3658 vulgo
1823 3588 2234 3656 subprzefct-lum

691 3692 910 3743 vocant,
973 3682 1172 3736 missus
1224 3680 1322 3734 fuit
1375 3691 1524 3735 extra
1554 3681 1798 3734 ordinem
1827 3682 2032 3748 legatus
2063 3696 2089 3731 a
2125 3680 2239 3732 Ste-

693 3775 870 3843 phano
905 3790 1029 3842 rege
1077 3788 1199 3827 cum
1245 3772 1439 3827 litteris
1507 3774 1571 3827 ad
1623 3774 1895 3827 sultanum
1953 3772 2236 3832 Moralem,

692 3864 890 3934 quibus
922 3866 1061 3918 inter
1093 3865 1195 3918 alia
1216 3866 1516 3933 petebatur,
1556 3876 1613 3918 ttt
1644 3866 1690 3919 ei
1725 3867 1861 3933 regis
1893 3865 1974 3918 sui
2023 3867 2240 3918 nomine

696 3959 879 4010 liceret
903 3971 1074 4023 equos
1102 3957 1304 4023 aliquot
1345 3972 1639 4023 generosos
1672 3959 1723 4009 in
1764 3959 2005 4011 Anatolia
2025 3972 2241 4025 compa-

696 4058 839 4102 rare.
871 4037 1067 4111 quibus
1103 4043 1155 4095 in
1194 4042 1467 4095 Polouiam
1502 4046 1747 4098 deductis
1783 4061 1876 4114 pro
1909 4061 1967 4099 se
2001 4061 2091 4098 rex
2131 4054 2243 4101 ute-

698 4144 868 4187 retur.
896 4136 1183 4202 ltupetrato
1212 4133 1433 4188 Muratis
1456 4150 1746 4205 consensn.
1779 4137 1832 4187 in
1866 4137 2046 4189 Asiam
2083 4136 2243 4204 profi-

696 4226 945 4285 ciscitur,
1006 4236 1058 4278 et
1116 4226 1304 4292 viginti
1359 4237 1594 4293 quatuor
1661 4241 1831 4293 equas
1889 4226 2129 4293 insignes
2181 4241 2245 4280 ac

698 4319 854 4386 plane
890 4319 1061 4387 regius
1098 4322 1246 4371 emit.
1275 4320 1407 4371 Cum
1457 4319 1539 4372 his
1571 4317 1622 4371 in
1654 4316 1921 4387 Europam
1952 4319 2242 4388 transjicit,

697 4410 919 4463 domum
962 4427 1065 4461 non
1108 4411 1224 4462 sine
1276 4412 1424 4463 salvo
1470 4412 1661 4464 sultani
1686 4411 1910 4465 Muralis
1940 4423 2243 4466 commeatu

2337 3322 2469 3376 tioni
2522 3321 2716 3373 limites
2756 3334 3021 3387 egressus,
3055 3317 3239 3387 copias
3274 3316 3543 3384 ~aneicas
3596 3319 3862 3382 spectatum

2335 3413 2596 3475 venisset,
2634 3427 2750 3479 qute
2780 3422 2889 3463 tum
2945 3410 3204 3479 temporis
3254 3419 3441 3463 contra
3499 3407 3684 3459 Persas
3717 3407 3864 3456 mitte-

2341 3507 2573 3558 bantur.
2624 3502 2776 3556 Nunc
2853 3504 2919 3555 ab
2989 3517 3046 3555 se.
3107 3502 3359 3554 mandato
3433 3498 3652 3551 Muralis
3703 3492 3863 3547 adduci

2340 3596 2499 3649 caedis
2536 3604 2817 3658 auctores,
2862 3593 2927 3646 de
2966 3594 3160 3658 quibus
3211 3608 3295 3643 rex
3346 3588 3649 3658 Stephanus
3691 3585 3863 3654 suppli-

2341 3686 2481 3738 cium
2533 3693 2783 3738 snmeret.
2822 3682 2954 3747 Quia
2990 3697 3113 3733 vero
3166 3680 3359 3733 Cosaki
3408 3695 3599 3735 recens
3646 3692 3861 3744 magnum

2343 3777 2537 3831 [iuilrus
2558 3775 2800 3830 Turcicis
2818 3777 3072 3827 damnum
3109 3772 3437 3838 intulissent;
3457 3772 3689 3826 vicissim
3715 3780 3864 3837 peteri-

2343 3870 2635 3931 Muratem,
2684 3876 2740 3920 ut
2779 3868 2950 3920 ablata
3009 3866 3439 3926 restituerentur.
3488 3867 3538 3918 ei
3572 3863 3862 3917 Cosaltortlm

2344 3961 2448 4014 dux
2481 3959 2544 4011 ad
2586 3974 2765 4013 necem
2802 3960 2902 4012 sibi
2945 3958 3251 4012 dederetur.
3279 3955 3511 4011 Venerat
3552 3958 3596 4009 is
3628 3956 3719 4007 hoc
3760 3963 3865 4003 tvm-

2346 4066 2476 4119 pore
2542 4049 2810 4105 Grodnam
2845 4091 2859 4115 ,
2926 4050 3110 4104 eadem
3171 4049 3384 4102 illectus
3437 4046 3884 4101 fraudulentoruzu,

2350 4143 2632 4197 verborum
2698 4158 2858 4205 esca,
2906 4157 3011 4210 qua
3066 4140 3212 4209 prius
3268 4140 3429 4192 etiam
3482 4140 3863 4191 circumventum

2348 4235 2514 4290 fuisse
2559 4236 2884 4290 Potocovam
2923 4233 3177 4286 diximus.
3225 4229 3315 4283 Vir
3354 4241 3469 4284 crat
3507 4230 3789 4286 bellicosus,
3828 4231 3867 4272 rt

2349 4325 2556 4378 Turcos
2581 4325 2630 4375 in
2663 4323 2857 4375 tinibus
2894 4338 3043 4375 more
3077 4337 3176 4375 suo
3234 4329 3405 4375 semet
3455 4319 3757 4375 insolentius
3797 4330 3869 4383 εισ-

2352 4426 2553 4478 rentes,
2589 4412 2899 4485 "aliquoties
2949 4414 3241 4469 ceciderat.
3289 4414 3443 4467 llnnc
3496 4398 3595 4468 sibi
3655 4396 3867 4467 Murates.

702 4498 997 4551 rediturus.
1034 4496 1135 4550 Sed
1164 4514 1283 4551 cum
1316 4499 1453 4551 forte
1482 4510 1589 4551 tum
1624 4503 1745 4552 novi
1772 4502 2095 4555 Cosacorum
2138 4515 2236 4552 mo-

2356 4510 2472 4562 Ioco
2507 4509 2732 4560 duorum
2777 4508 2860 4559 vix
2915 4507 3285 4560 triobolarium
3320 4506 3676 4561 nebulonum,
3708 4502 3869 4566 quiqu:

704 4598 790 4642 tus
819 4599 871 4648 et
897 4588 1235 4641 excursionis
1266 4589 1483 4640 nuntius
1524 4590 1594 4641 ad
1636 4589 1845 4641 Portam
1879 4591 2134 4654 venisset,
2189 4589 2248 4641 il-

702 4680 806 4734 lico
834 4680 1066 4733 Slurates
1101 4680 1353 4733 Zausium
1387 4680 1849 4748 Constantitmpoli
1888 4680 2117 4749 ablegat,
2154 4681 2244 4747 qui

704 4772 1053 4826 l’odoloviutn
1087 4783 1367 4825 assecutus
1396 4773 1447 4824 in
1486 4774 1694 4830 itinere.
1744 4788 1863 4824 cum
1903 4773 2015 4825 suis
2038 4772 2250 4840 jugula-

707 4874 808 4937 rct,
867 4874 919 4917 ct
945 4878 1111 4931 equos
1142 4866 1334 4932 regios,
1373 4879 1494 4917 cum
1535 4865 1746 4918 cmtcris
1778 4865 1934 4931 legati
1963 4866 2250 4916 comitum-

704 4968 810 5022 quc
842 4955 1023 5015 relms,
1064 4955 1584 5022 Constantinopolim
1614 4955 1912 5009 reduceret.
1959 4952 2119 5007 Venit
2162 4956 2247 5008 hic

708 5043 771 5095 ad
805 5043 1150 5099 Podolotium
1205 5061 1309 5099 non
1343 5046 1526 5115 procul
1561 5044 1967 5111 Hadrianopoli,
2026 5045 2245 5097 manda-

707 5143 928 5201 tquue
962 5136 1065 5191 sibi
1107 5146 1288 5188 narrat
1329 5151 1357 5188 a
1414 5135 1731 5203 prmpoteuti
1764 5134 1977 5189 sultauo
2007 5149 2127 5193 suo,
2167 5135 2251 5184 lit-

707 5223 836 5279 teris
863 5224 1021 5293 etiam
1054 5226 1297 5291 prolatis,
1326 5233 1383 5276 ut
1414 5239 1675 5276 eumeum
1708 5223 1857 5289 equis
1886 5232 1936 5275 ct
1962 5223 2249 5275 comitibus

706 5317 1234 5385 Constantinopolim
1261 5318 1567 5368 reduceret.
1604 5314 1848 5384 Negatid
1886 5330 1944 5367 se
1977 5314 2271 5368 facturttm'

708 5405 1055 5470 l'olodOrius,
1098 5408 1414 5471 litterasrptc
1449 5404 1579 5457 salvi
1620 5417 1954 5460 commeatus
1986 5409 2243 5461 ostendit.

710 5495 817 5552 Nec
841 5497 958 5559 ltas,
988 5512 1086 5548 nec
1118 5494 1275 5565 legati
1308 5510 1616 5563 personam,
1654 5505 1838 5550 contra
1864 5496 1953 5565 jus
2012 5499 2249 5567 gentium

708 5589 894 5644 violari
925 5591 1141 5650 debere,
1176 5589 1471 5656 prwsr-rtint
1499 5604 1528 5642 a
1563 5587 2080 5656 ροιιῐωιιθῐτιιῑς,τιίι.
2115 5590 2252 5641 Zan-

710 5683 822 5735 eius
851 5682 916 5734 ad
949 5682 1178 5749 proximi
1206 5682 1342 5734 caiii
1379 5680 1710 5750 sivejudicis
1734 5683 2093 5747 cogo'tionetn
2138 5698 2256 5746 pro-

714 5782 890 5835 vocat,
925 5772 1013 5840 qui
1042 5788 1071 5827 c
1100 5773 1216 5831 loco
1245 5764 1476 5829 maxime
1506 5773 1682 5828 vicino
1711 5774 2024 5841 arcessitus,
2052 5789 2169 5827 cum
2191 5774 2253 5827 ad

2361 4599 2602 4652 fortassis
2635 4599 2775 4649 aliud
2808 4598 2875 4648 ob
2910 4596 3230 4649 maleficium
3262 4598 3453 4664 capitis
3499 4592 3743 4661 anquisiti
3779 4588 3866 4640 fue-

2362 4697 2502 4750 rant,
2551 4690 2685 4739 tnitti
2732 4690 2965 4740 volebat.
3029 4688 3498 4741 intercctlenlibtts
3552 4690 3684 4755 apud
3723 4694 3865 4744 ινφ-πη

2362 4793 2456 4845 pro
2486 4776 2600 4841 ejus
2644 4777 3011 4829 incolumitate
3052 4776 3335 4842 pra‘cipuis
3375 4776 3519 4843 regni
3572 4773 3865 4843 proceribus.

2363 4885 2466 4921 non
2494 4868 2580 4921 ille
2607 4869 2820 4936 quidem
2871 4871 3046 4922 Turre
3090 4869 3321 4931 delitus,
3374 4868 3465 4921 sed
3516 4878 3685 4921 tamen
3731 4868 3868 4917 inccr-

2362 4968 2472 5012 tttm
2504 4974 2609 5027 quo
2632 4961 2963 5028 deportutus.
3004 4974 3267 5027 nusquam
3298 4975 3361 5011 ex
3417 4975 3481 5009 co
3514 4969 3741 5028 tempore
3764 4971 3865 5007 cutt-

2361 5060 2577 5120 spcctus
2626 5052 2741 5105 fuit.
2817 5052 3027 5105 Solebat
3102 5067 3320 5103 narrare
3384 5047 3861 5117 Constantinopolim

2362 5156 2608 5194 reversus
2666 5144 2762 5193 iste
2822 5141 3132 5208 illustaphas
3203 5140 3469 5197 Z‘tflslttS.
3532 5146 3620 5210 qui
3679 5155 3767 5193 non
3812 5151 3857 5185 rt
3932 5200 3937 5212 .

2367 5231 2655 5297 primariis,
2693 5232 2783 5285 sed
2827 5232 2941 5283 vilis
2974 5232 3115 5283 inter
3167 5249 3297 5285 suos
3342 5243 3481 5292 erat.
3536 5251 3591 5287 so:
3633 5250 3656 5281 a
3698 5226 3858 5298 princi-

2370 5323 2453 5390 pio
2488 5323 2851 5389 conspicatum
2889 5323 3153 5376 terribiles
3186 5339 3247 5377 ac
3297 5324 3536 5375 minaces
3586 5323 3856 5375 l‘olrmoru'n

2368 5409 2572 5465 oculos.
2602 5412 2668 5461 ob
2702 5411 2971 5475 indignant
3002 5422 3051 5463 ct
3084 5424 3265 5464 contra
3296 5414 3381 5475 jus
3418 5415 3649 5479 gentia-ir
3703 5408 3859 5465 avla-is-

2369 5515 2483 5554 sam
2519 5502 2672 5577 Irgati
2713 5502 2837 5567 regii
2874 5506 3068 5554 θιὼ-ιιι
3125 5506 3359 5572 gravitr-t-
3402 5506 3749 5565 it‘t'tttt‘nlitttn,
3783 5513 3857 5552 tum

2375 5594 2570 5663 exiguo
2605 5593 2704 5647 sibi
2747 5588 2917 5643 visum
2957 5595 3006 5646 in
3030 5596 3265 5663 periculo
3297 5597 3518 5649 versari.
3550 5594 3728 5648 Verum
3754 5587 3857 5655 quod

2377 5694 2532 5741 antea
2568 5686 2887 5738 Potocovatn
2930 5686 2992 5737 de
3030 5687 3227 5750 tut-dio,
3262 5701 3370 5753 pra:
3415 5685 3693 5740 formidine
3710 5678 3858 5737 sultatii

2367 5778 2471 5844 sui,
2507 5777 2775 5831 sublatum
2814 5778 3177 5832 meminisset;
3242 5780 3422 5833 animo
3472 5794 3685 5848 pro-5a.-
3739 5772 3859 5827 oblit-
