4032 6344
115 420 205 482 ’ΞΠ

1235 419 1565 477 PANDEL‘T
1581 422 1617 476 lt}
1657 423 1701 477 ll
1721 421 1848 478 lS'l‘.
1886 421 1982 477 TU
1997 421 2180 477 [ιρις.

1679 569 1902 578 .-__———_

3167 411 3282 476 718

1907 569 2019 577 ..-ι-

2285 579 2754 589 -ρ--ι--ηυσ-...ς-ο--ο

535 774 1416 953 JOANNIS
1567 764 2872 978 LEUNCLAVII

1437 1108 2019 1188 PANDECTES

780 1316 1723 1471 HISTORI/E
1799 1306 2642 1469 TUBCIC/E
2755 1363 2757 1365 ·

1349 1581 1574 1640 LIBER
1641 1579 1705 1639 Si
1717 1577 2104 1641 NGULARIS

1207 1727 1288 1803 an
1366 1757 1822 1803 ILLUSTBANDOS
1887 1753 2188 1800 ΑΝΝΑιιιε.

183 2072 348 2145 389
376 2071 759 2152 DcOgenealogia
785 2069 1132 2152 saltauerunt,
1155 2056 1581 2152 Osntqnidarum,
1676 2085 1726 2146 Α
1755 2069 2060 2133 Persarum,
2095 2069 2309 2124 nomine
2337 2064 2743 2129 Cossorassatli,
2778 2062 2873 2118 fuit
2898 2063 3098 2129 primus
3127 2075 3290 2116 ausus
3318 2133 3320 2135 ῠ

254 2137 364 2195 ῖαῖη
397 2137 552 2194 etiam
573 2177 586 2202 ,
616 2137 738 2208 quid
762 2142 947 2198 acac/1,
982 2138 1118 2206 σαεξ,
1154 2137 1331 2199 zelebi,
1361 2141 1514 2190 emir.

183 2249 318 2302 Ante
356 2246 538 2301 omnia
592 2245 777 2300 lectori
814 2245 1068 2299 duximus
1125 2245 1508 2313 dcpingendain
1567 2244 1654 2298 hic

116 2340 304 2393 seriem
341 2339 646 2407 principum
683 2335 1143 2402 Maelianensium,
1175 2351 1203 2387 a
1236 2339 1437 2404 quibus
1466 2336 1655 2388 Osma-

123 2433 267 2485 nidas
292 2439 469 2494 ortos,
498 2429 716 2483 annales
736 2429 792 2481 hi
821 2427 1035 2482 Turcici
1067 2426 1285 2480 tradunt
1309 2441 1323 2478 :
1351 2441 1468 2479 cum
1492 2426 1654 2478 arbo-

121 2537 195 2587 re,
247 2535 414 2588 quam
474 2531 668 2574 vocant
723 2518 1075 2587 Genealogica
1132 2516 1487 2579 sultanorutn,
1531 2517 1654 2570 inde

120 2627 283 2678 usque
315 2612 388 2663 ab
417 2607 649 2664 Osmane
704 2610 897 2678 primo,
933 2609 997 2662 ad
1054 2608 1310 2661 Muratem
1351 2608 1493 2661 buuc
1547 2617 1653 2660 ter-

119 2701 270 2772 tium,
298 2702 548 2768 {ejusque
582 2699 744 2752 lilium
785 2691 1194 2752 Mucliemetem.
1257 2697 1312 2749 ln
1350 2699 1448 2751 hac
1478 2707 1651 2750 autem

121 2781 432 2860 genealogia
473 2790 669 2844 retinui
706 2791 917 2842 nomina
952 2790 1178 2842 barbara
1214 2788 1546 2854 simpliciter,
1576 2788 1652 2839 uti

121 2881 538 2947 pronuntiantur
571 2895 601 2933 a
635 2878 864 2933 Turcis:
896 2877 1093 2946 quibus
1134 2886 1308 2930 tamen
1342 2876 1392 2929 in
1423 2876 1656 2943 explica-

120 2972 259 3027 tione
305 2973 596 3026 Annalium
629 2987 746 3026 eam
799 2972 927 3025 dare
978 2970 1204 3024 formam
1259 2970 1435 3032 libuit,
1493 2984 1654 3038 quam

122 3063 314 3118 Graecis
354 3061 569 3130 probari
597 3061 770 3115 video.
800 3060 982 3114 Obiter
1014 3060 1172 3112 etiam
1209 3058 1384 3118 lector
1413 3058 1656 3110 animad-

121 3161 309 3216 vertat,
343 3149 583 3221 Uguzem
632 3151 715 3205 vcl
750 3149 980 3219 Oguzem
1009 3150 1097 3202 liic
1140 3157 1336 3216 quarto
1359 3147 1476 3203 loco
1508 3147 1655 3211 poni,

122 3261 148 3297 a
177 3259 281 3312 quo
314 3243 572 3296 familiam
612 3243 748 3294 hanc
770 3242 1024 3310 Oguziam
1059 3241 1221 3294 Turci
1256 3242 1451 3294 dictam
1483 3244 1655 3306 aiunt,

123 3351 274 3402 quam
307 3334 582 3387 Laonicus
625 3331 1101 3400 Clialeocondyles,
1133 3331 1321 3386 Latine
1345 3331 1656 3399 Galliceque

1762 2157 2122 2212 Romanorum
2149 2158 2374 2225 imperio
2413 2156 2692 2216 rebellare,
2723 2167 2785 2206 ac
2809 2167 2866 2215 se
2894 2151 3018 2206 fecit
3061 2151 3290 2219 impera-

1758 2256 1925 2317 torem
1947 2248 2088 2301 Asia:
2112 2247 2398 2301 nominari.
2431 2246 2635 2312 Quippe
2662 2258 2761 2296 vox
2797 2243 2886 2318 illa
2911 2241 3292 2296 Cnssorassatlr

1761 2334 2008 2390 mutanda
2038 2352 2256 2406 prorsus
2288 2338 2337 2389 in
2364 2336 2631 2390 Chosroas
2657 2332 2819 2397 Sach,
2853 2331 2996 2402 quod
3020 2325 3292 2386 Cliosr'Oas

1761 2427 2038 2489 Scach,'-id
2069 2437 2171 2491 est,
2210 2442 2299 2479 rex
2334 2425 2623 2487 Cbosroes,
2655 2423 3062 2476 enuntiandum.
3111 2422 3295 2475 Obiter

1759 2516 1862 2570 hoc
1885 2519 2120 2572 indicare
2142 2527 2420 2586 propterea
2442 2516 2617 2578 libuit,
2642 2515 2782 2582 quod
2811 2500 3039 2580 insignis
3069 2512 3292 2565 histori-

1759 2626 1856 2663 cus
1890 2609 2228 2672 lleiueccius,
2254 2616 2444 2662 auctor
2460 2607 2710 2660 editionis
2731 2603 2959 2674 Aythoni
2988 2611 3292 2670 postremae,

1759 2700 1824 2753 de
1845 2700 2265 2754 Chossorassatli
2294 2701 2556 2768 putaverit
2580 2700 2926 2752 Artaxerxem
2945 2697 3252 2752 faciundum
3279 2715 3291 2749 :

1761 2790 1848 2858 qui
1883 2799 2061 2843 tamen
2104 2790 2265 2858 390
2303 2791 2542 2859 Agathitn
2594 2804 2783 2846 nostro
2834 2806 2940 2844 non
2975 2790 3298 2842 Artaxerxes

1760 2890 1860 2943 est,
1897 2882 1988 2934 sed
2020 2880 2327 2944 Artaxares,
2362 2881 2438 2933 uti
2479 2880 2712 2949 liyza‘rns
2738 2895 2954 2950 quoque
3000 2889 3202 2940 noster,
3231 2879 3294 2932 V.

1759 2968 1820 3024 C.
1852 2985 1913 3023 ex
1961 2971 2428 3024 observationibus
2484 2971 2686 3024 nostris
2745 2969 3040 3022 adnotavit.
3090 2967 3303 3038 Rursus

1761 3059 1886 3112 alibi
1918 3059 2056 3128 apud
2086 3061 2330 3113 eumdem
2359 3059 2661 3126 Aythonum
2689 3059 2928 3112 Solimau
2956 3059 3050 3122 Sa,
3082 3074 3188 3111 non
3215 3071 3300 3111 est

1763 3152 1999 3205 Soliman
2036 3153 2214 3214 bassa,
2257 3152 2397 3204 sicut
2429 3151 2480 3202 in
2514 3150 2816 3217 Appendiee
2843 3165 2940 3204 sua
2975 3145 3299 3204 Reineccius

1760 3245 2122 3312 Opinatusest,
2140 3240 2485 3295 sed-Soliman
2501 3240 2691 3296 Seaeli.
2724 3241 2943 3295 Ertucnl
2964 3252 3017 3296 et
3033 3240 3283 3295 Ertucrnl

1763 3334 1990 3404 (diversa
2012 3347 2236 3400 namque
2247 3333 2510 3399 scriptura
2530 3329 2812 3400 reperitur)
2834 3347 2861 3383 a
2881 3330 3068 3384 Turcis
3082 3331 3298 3393 dicitur,

123 3443 220 3480 non
281 3442 480 3494 magna
544 3441 665 3480 cum
727 3425 1073 3493 interpretum
1135 3423 1292 3477 laude
1332 3425 1654 3490 publicatus,
1690 3409 2972 3492 8quemLaonicusOrtogulcmvocat,Osmanis
2994 3421 3298 3489 patretn’.Et

122 3519 348 3585 appellat
404 3517 602 3573 tribum
630 3512 884 3585 Oguziam
915 3529 930 3567 :
969 3511 1242 3580 viderique
1277 3511 1414 3579 apud
1463 3508 1658 3562 Latini-

119 3606 639 3678 cum,Oguzalpein
700 3606 847 3675 (licet
908 3603 1149 3658 confusis
1210 3610 1509 3667 temporum
1568 3616 1657 3654 ra-

121 3697 384 3763 tionibus)
438 3694 684 3747 eumdem
740 3709 878 3756 esse,
930 3693 1022 3761 qui
1059 3690 1273 3760 Oguzcs
1315 3689 1506 3743 Turcis
1565 3697 1671 3742 vo-‘

118 3794 289 3838 catur.
309 3783 608 3852 Oguzalpes
638 3783 780 3836 enim
835 3783 1053 3844 dicitur,
1083 3782 1228 3835 velut
1256 3779 1400 3847 Ogul
1456 3778 1570 3845 Elp,
1603 3777 1653 3829 id

118 3884 197 3926 est
229 3874 444 3942 Ognzcs
477 3873 684 3940 Elpius.
716 3871 797 3923 vel
834 3871 1035 3923 familia
1065 3880 1218 3922 nutus
1282 3870 1451 3935 Elpia,
1503 3868 1655 3935 cujus

122 3963 168 4014 in
193 3963 485 4016 annalibus
515 3961 714 4014 mentio
746 3961 802 4013 lit
829 3960 880 4012 in
911 3958 1032 4016 Vita
1085 3958 1290 4010 Sullani
1339 3955 1560 4008 Muralis
1591 3953 1656 4019 ll,

121 4069 258 4107 anno
289 4054 674 4105 Maliutuetatno
699 4051 822 4115 849,
856 4048 1302 4104 sive—Christiano
1332 4045 1486 4108 MM,
1514 4059 1659 4112 quae-

121 4161 219 4214 que
272 4145 494 4200 videtur
537 4143 721 4196 eadem
771 4156 890 4194 esse
942 4154 1062 4192 cum
1125 4137 1345 4204 Oguzia.
1399 4135 1658 4188 Praeterea

118 4235 430 4302 Giokclpem
470 4248 570 4286 nos
607 4245 880 4290 vocatnus,
937 4227 1108 4282 secuti
1156 4227 1500 4284 Gauderium,
1556 4226 1660 4278 lin-

120 4341 232 4392 gua‘:
257 4323 509 4378 Turcicae
532 4315 832 4376 Cicsareutn
862 4320 1227 4385 interpretem,
1247 4317 1338 4382 qui
1362 4314 1555 4367 Turcis
1578 4325 1662 4367 est

120 4418 345 4467 aliorum
395 4412 834 4479 pronuntiatione
902 4407 1164 4475 Kukelpes
1232 4405 1313 4460 vel
1375 4403 1658 4469 GukeIpes.

121 4505 204 4562 Sic
243 4508 390 4572 apud
425 4502 764 4558 Vincentium
795 4499 1437 4564 Belvacensemconupte
1469 4497 1660 4566 legitur

122 4601 334 4663 quidam
370 4595 594 4662 KiOCay,
645 4605 742 4660 pro
773 4589 902 4642 Kioc
930 4589 1102 4649 Citati,
1138 4588 1534 4655 pronuntiando
1568 4603 1662 4639 vo—

123 4705 234 4740 cem
261 4685 397 4741 Kioc
429 4688 586 4738 unica
617 4693 822 4738 tantum
856 4683 1073 4752 syllaba,
1103 4682 1191 4747 qui
1224 4680 1349 4732 alibi
1374 4679 1486 4748 Gog
1511 4680 1658 4730 Clian

1761 3515 2043 3568 Osmanem
2089 3516 2231 3565 hunc
2281 3511 2425 3573 dico,
2483 3527 2586 3565 non
2623 3512 2925 3574 Otmanetn,
2972 3513 3054 3565 vel
3085 3513 3301 3566 Otoma-

1763 3620 1933 3670 num;
1986 3605 2221 3672 itemque
2273 3618 2380 3657 non
2420 3601 2750 3667 Otmanidas,
2796 3604 2889 3656 sed
2939 3602 3301 3662 Osmanidas:

1763 3695 1902 3762 quod
1938 3695 2007 3748 ita
2047 3696 2276 3763 postulet
2301 3693 2542 3748 Arabica:
2573 3694 2920 3762 ‘l‘urcicreque
2951 3695 3144 3760 lingua:
3175 3709 3300 3761 pro-

1765 3786 2069 3837 nuntianda:
2098 3785 2249 3845 ratio,
2279 3785 2373 3837 cui
2409 3783 2590 3837 Graeca
2627 3783 2855 3851 prolatio
2913 3785 3169 3845 nominis,
3204 3763 3314 3851 per:

1763 3875 1916 3927 Thita
1963 3874 2194 3928 litteram
2261 3873 2465 3940 scripti.
2516 3887 2624 3925 non
2675 3874 2993 3926 adversatur
3032 3883 3046 3926 :
3085 3874 3300 3940 quando

1763 3967 1910 4019 istaec
1945 3967 2117 4018 littera
2150 3979 2252 4017 non
2300 3963 2497 4016 Latina:
2520 3963 2561 4015 Τ
2586 3963 2667 4016 vel
2734 3962 2826 4014 ΤΗ
2860 3963 3166 4032 respondet.
3203 3965 3298 4017 sed

1763 4069 1826 4108 ex
1855 4070 1952 4108 usu
2001 4054 2334 4119 Graecorum,
2381 4054 2594 4123 gemino
2647 4053 2836 4122 potius
2875 4055 2936 4116 S,
2967 4067 3089 4108 eum
3144 4054 3299 4108 sibilo

1764 4137 1994 4213 quodam
2024 4151 2299 4212 expre‘ssn.
2334 4147 2420 4197 Sic
2445 4147 2587 4198 enim
2629 4145 2944 4198 Assmanem
2984 4148 3300 4212 pronuntia.

1766 4237 1839 4288 vit
1882 4233 2352 4299 Clialcocondyles,
2417 4247 2518 4283 non
2597 4232 2936 4283 Athmanem.
2989 4231 3096 4285 Nec
3151 4235 3294 4287 aliud

1767 4326 1866 4377 hoc
1909 4323 2156 4376 Osmanis
2208 4322 2348 4373 illius
2404 4331 2482 4372 est
2543 4335 2757 4378 nomen,
2827 4335 2984 4386 quam
3039 4321 3291 4377 Osmanis

1766 4413 1953 4474 bassae,
1972 4411 2061 4480 qui
2080 4418 2201 4465 ante
2229 4409 2498 4464 biennium
2525 4409 2661 4461 bello
2689 4408 2900 4462 Persico
2934 4412 3109 4478 periit.
3136 4409 3300 4468 Orte-

1766 4507 1890 4558 lium
1923 4518 2051 4559 sane
2091 4506 2256 4556 miror
2287 4504 2592 4563 Osmanem,
2629 4517 2786 4568 quem
2833 4501 3172 4556 Ottomanum
3206 4520 3298 4554 vn-

1765 4606 1869 4659 cat,
1901 4594 2049 4648 Ziclti
2087 4595 2250 4647 lilium
2286 4595 2476 4656 facere,
2513 4604 2620 4645 tam
2655 4593 2874 4657 Graecis,
2913 4609 3070 4661 quam
3105 4592 3294 4646 Turcis
3332 4605 3338 4609 ‘

1769 4688 2206 4756 repugnantibus.
2239 4686 2600 4753 Guhduselpis
2637 4703 2849 4747 nomen,
2881 4688 2969 4752 qui
2993 4697 3045 4739 et
3072 4688 3297 4743 Gundus

125 4780 316 4830 dicitur
348 4793 366 4829 :
405 4787 464 4828 ut
493 4775 652 4829 etiam
680 4773 904 4842 Cttkelp.
935 4782 987 4827 et
1019 4770 1130 4836 Gog
1180 4771 1294 4838 Elp,
1345 4786 1438 4837 pro
1471 4771 1654 4824 eodem
1695 4749 1735 4800 Β
1768 4796 1795 4833 a
1825 4778 2014 4831 Turcis
2059 4786 2297 4837 vocatur,
2325 4777 2461 4828 idem
2503 4749 2722 4842 prorsus
2778 4788 2858 4831 est
2893 4749 3013 4830 eum
3068 4778 3298 4841 Duzalpe

126 4869 442 4933 accipiatur.
482 4867 635 4929 Quod
661 4879 854 4918 nomen
887 4865 1229 4917 indicandum
1258 4862 1459 4929 putati,
1504 4876 1657 4927 prop--

126 4965 197 5006 ter
249 4956 666 5022 appellationem
715 4955 907 5022 gentis,
961 4968 1080 5021 qua:
1129 4951 1295 5005 sacris
1351 4951 1402 5002 in
1443 4949 1658 5001 Litteris

127 5056 313 5099 exstat.
353 5045 548 5097 Scaclti
585 5057 757 5100 autem
791 5044 1097 5110 appellatio,
1130 5059 1248 5109 qua:
1282 5041 1530 5092 tribuitur
1562 5039 1660 5091 So-

127 5138 365 5198 leimani,
404 5137 674 5190 Ertuculis
709 5139 842 5203 patri
886 5139 964 5189 vel
999 5150 1201 5200 regum,
1234 5132 1314 5183 vel
1349 5147 1670 5198 magnorum

126 5235 202 5278 est
229 5226 564 5294 principum,
601 5229 892 5294 praesertim
919 5227 1054 5295 apud
1088 5224 1278 5277 Persas
1308 5239 1320 5274 :
1354 5225 1494 5275 sicut
1520 5223 1661 5288 apud

131 5316 393 5384 HESpanos
424 5314 561 5368 Doni
588 5318 906 5368 vocabulum
949 5322 1000 5368 in
1032 5332 1131 5370 usu
1175 5327 1272 5367 est.
1316 5312 1464 5379 Apud
1502 5312 1662 5365 Jaco-

132 5407 248 5458 bum
285 5405 595 5460 Fontanum
637 5405 872 5459 TSaccus
907 5422 1093 5460 nomen
1127 5415 1229 5465 est,
1260 5406 1400 5471 quod
1445 5404 1528 5452 vix
1566 5417 1654 5468 ag-

133 5496 332 5548 noverit
360 5495 561 5561 aliquis
602 5496 740 5548 idcm
773 5491 891 5548 esse
918 5511 1034 5548 cum
1066 5497 1291 5548 Seacho.
1324 5491 1428 5544 Nec
1475 5508 1658 5544 rcccns

133 5586 223 5638 hoc
244 5601 366 5640 esse
394 5585 589 5638 Scnclii
617 5588 953 5650 vocabulum,
980 5590 1062 5639 vel
1110 5604 1174 5639 ex
1231 5602 1293 5638 eo
1323 5594 1482 5652 patet,
1520 5585 1659 5650 quod

131 5681 260 5737 apud
289 5679 602 5746 Aytbonum
640 5681 749 5730 lucc
798 5677 1006 5730 decimo
1051 5680 1240 5744 quinto
1287 5678 1453 5742 Capiti:
1483 5679 1659 5733 vmlm.

137 5764 248 5819 iiect
277 5775 552 5834 corrupte,
598 5768 879 5834 lcgantur:
916 5766 1253 5820 Postmodum
1308 5767 1518 5833 quidam
1572 5780 1658 5814 rex

1766 4871 1998 4929 Laoniei,
2023 4884 2112 4936 per
2131 4868 2462 4933 apincresim,
2482 4883 2638 4934 quam
2664 4877 2874 4930 vocant,
2890 4868 3298 4921 detractionem-

1765 4976 1865 5027 quc
1893 4961 2176 5028 primarum
2208 4958 2523 5008 iitterat'um.
2550 4956 2610 5009 Et
2639 4956 2687 5008 in
2718 4957 2950 5025 margine
2976 4957 3144 5011 Latini
3166 4957 3300 5013 Lao-

1765 5050 2193 5115 niciascriptum
2218 5047 2404 5112 legitur
2433 5047 2590 5115 hujus
2623 5048 2863 5114 Duzzilpis
2909 5063 3099 5102 nomen
3150 5054 3295 5105 aliud

1765 5159 1826 5195 ex
1854 5143 1958 5194 alio
1983 5141 2134 5200 libro,
2158 5137 2649 5204 .ludisalpeszqnod
2683 5138 2746 5189 ad
2785 5136 3181 5205 Gunduselpem
3216 5145 3297 5193 vel

1765 5214 2144 5297 JunduSclpem
2207 5231 2423 5295 propius
2462 5231 2688 5282 accedit.
2717 5227 2869 5279 Frrat
2907 5239 3083 5281 autem
3121 5235 3171 5281 in
3210 5234 3295 5283 bis

1765 5324 2021 5378 Laonicus
2043 5323 2179 5387 quod
2205 5320 2485 5384 l)uzalpem
2510 5320 2656 5385 ponit
2683 5319 2913 5384 primum
2945 5321 2995 5371 in
3020 5321 3114 5371 hac
3142 5321 3244 5373 fam
3272 5352 3296 5361 -

1767 5407 2203 5476 lia..quiGundus
2228 5414 2279 5455 et
2309 5405 2637 5471 liumlusclp,
2667 5408 2930 5459 llrtuculis
2951 5407 3089 5459 {ilius
3114 5429 3125 5460 :
3153 5413 3296 5473 quod

1765 5499 2080 5565 Oguzalpem
2103 5495 2347 5560 Duzalpis
2378 5495 2501 5546 facit
2533 5497 2717 5558 lilium,
2746 5499 2833 5562 qui
2863 5499 2927 5548 ab
2961 5499 3057 5548 hoc
3089 5499 3296 5550 decimo

1769 5591 1921 5638 tertio
1940 5588 2103 5654 gradu
2121 5597 2200 5639 est
2218 5590 2353 5636 inter
2370 5587 2758 5639 ascendentes:
2793 5587 2929 5650 quod
2948 5586 3295 5653 Orthogulem

1770 5680 2050 5745 Ogumlpis
2107 5679 2292 5737 tilium,
2333 5676 2579 5742 Dnzalpis
2632 5687 2874 5743 nepotem
2921 5681 3126 5738 statuit,
3172 5696 3235 5733 cu
3265 5702 3294 5734 η

1769 5771 2078 5819 duodecimo
2114 5770 2274 5835 gradu
2313 5769 2448 5817 absit
2507 5769 2568 5816 ali
2624 5769 2820 5834 ()gttzc,
2887 5772 2974 5822 qui
3028 5784 3110 5825 (“St
3162 5783 3300 5826 tuter
