4032 6344
743 451 858 552 .719

1942 466 2282 529 ~.lOA't‘v'NlS
2327 463 2783 528 LEUNCLAVH

3850 452 3944 518 720

724 669 727 673 _
759 600 1130 662 ascendentes,
1158 607 1209 651 et
1235 579 1599 663 Gunduselpis
1623 606 1719 646 seu
1754 587 2000 656 Duzalpis
2025 587 2185 642 fuerit
2215 603 2305 654 pa-
2336 597 2378 652 Α
2411 587 2559 640 ribus
2580 587 2634 640 in
2669 586 2828 640 rebus
2869 581 3348 636 animadvertimus
3381 597 3393 634 :
3427 580 3477 633 in
3529 580 3723 645 titulis,
3775 578 3946 632 ciliciis

761 701 861 747 ter.
903 689 1099 746 Osman
1150 702 1187 740 a
1214 697 1387 740 morte
1437 683 1605 752 patris
1644 695 1816 735 annos
1859 678 2075 747 triginta
2118 693 2306 732 novem

759 779 1167 834 Maltuinetanus
1219 791 1285 828 cx
1318 773 1596 830 annalium
1651 769 1978 844 auctoritate.
2026 768 2179 831 vixit,
2216 767 2308 822 sed

2417 678 2762 747 militaribus,
2819 677 3220 744 provinciarum
3253 673 3614 742 praefecturis,
3653 672 3880 741 legibus,
3901 682 3948 722 et

2412 770 2661 823 universo
2701 766 2924 834 imperio
2951 765 3349 820 constituendo.
3383 764 3498 819 .lant
3541 764 3683 832 quod
3715 763 3951 829 Bajazitis

762 853 946 938 viginti
991 882 1182 922 novem
1226 873 1428 920 tantum
1492 864 1785 930 imperasse
1819 859 2138 913 “scribitur:
2170 858 2311 928 quod
2406 857 2720 914 Bilderunis
2751 857 2862 910 sive
2897 855 3125 923 Lmlapis
3159 855 3295 909 lilios
3340 855 3554 918 attinet,
3593 855 3645 905 in
3671 852 3752 906 eis
3778 868 3954 904 reccno

761 955 950 1024 primis
994 953 1175 1007 decem
1220 951 1379 1006 annis
1426 950 1784 1028 principatum
1838 947 2228 1029 acquisiverit,’
2257 957 2314 1000 et

721 1065 725 1068 '
761 1034 1126 1101 constituerit.
1161 1042 1371 1097 Sullani
1410 1057 1602 1096 nomen
1640 1041 1761 1094 huic
1792 1041 1859 1093 ab
1908 1039 2180 1093 annalium
2216 1053 2316 1092 au-

765 1147 914 1201 ctore
947 1147 1052 1187 non
1082 1133 1359 1197 tribuitur,
1397 1132 1490 1186 sed
1529 1129 1720 1184 Murali
1770 1131 1999 1198 primum
2038 1130 2238 1198 nepoti,
2264 1134 2317 1182 et

766 1224 1013 1291 abnepoti
1044 1221 1237 1277 deinde
1273 1221 1590 1274 Mucbemeti
1623 1235 1636 1272 :
1679 1220 1822 1288 quod
1867 1221 1932 1274 de
1958 1221 2057 1273 hoc
2098 1217 2315 1272 llucbeo

767 1327 905 1370 mete
923 1313 1240 1368 Theodorus
1263 1313 1422 1365 etiam
1456 1310 1837 1380 Spauduginus
1864 1310 2160 1383 adnotavit.
2187 1306 2315 1363 (ἱειί

683 1457 687 1460 έ
768 1423 894 1461 vero
922 1402 1459 1475 cognomenOsmani
1483 1403 1662 1467 datur,
1689 1400 1829 1469 sicut
1850 1411 1901 1454 et
1923 1397 2160 1455 Urclraui
2187 1399 2316 1462 lilio,

771 1503 1069 1572 Muratique
1098 1502 1296 1570 nepoti,
1324 1491 1463 1570 quod
1504 1507 1782 1552 strenuum
1803 1494 2321 1565 magnanimumqnc

734 1578 738 1582 ’
769 1595 989 1648 militem
1021 1593 1306 1662 significat.
1366 1588 1422 1655 lu
1477 1587 1729 1643 Urebane
1762 1587 1873 1656 (sic
1901 1586 2045 1641 enim
2080 1587 2322 1640 scriben-

769 1670 937 1756 dum)
994 1684 1225 1738 notanda
1256 1696 1402 1756 _cum
1458 1679 1540 1734 Ali
1591 1672 1968 1740 bassa'fratrc
2012 1678 2321 1755 concordia,

743 1792 893 1848 cum
940 1789 1132 1830 omnes
1165 1751 1299 1835 alii,
1341 1783 1572 1841 quorum
1630 1769 1696 1824 de
1756 1757 1917 1822 rebus
1947 1766 2191 1822 Turcicis
2225 1751 2324 1818 cx-

769 1875 914 1920 stant
948 1865 1170 1935 scripta,
1201 1865 1384 1919 dicant
1417 1863 1482 1916 ab
1519 1853 1770 1918 Urcliane
1817 1857 2323 1931 principatusinitio

771 1958 1014 2013 sublatos
1047 1956 1212 2011 fuisse
1256 1955 1322 2010 de
1365 1951 1540 2006 medio
1587 1950 1778 2006 fratres
1802 1951 1940 2005 duos
1975 1966 1990 2004 ι
2027 1959 2206 2018 aperte
2237 1964 2322 2002 re-

771 2048 1130 2105 clamantibus
1156 2043 1565 2101 bisceTureicis
1586 2043 1891 2106 annalibus,
1919 2042 2010 2112 qui
2040 2041 2273 2110 primum
2297 2053 2326 2092 a

766 2141 1004 2215 .Bajasite
1027 2139 1319 2195 Giiderune
1347 2136 1541 2192 Chan'e
1571 2134 1921 2212 parricidium,
1947 2134 2098 2202 regni
2159 2146 2324 2187 causa

771 2239 1122 2292 commissum
1167 2229 1360 2296 luisse,
1411 2239 1601 2282 necato
1654 2225 1859 2296 Jacupe
1905 2224 2085 2280 Zelebi
2137 2223 2326 2285 fratre,

771 2329 987 2390 docent,
1018 2314 1230 2378 Zelcbis
1254 2336 1475 2384 nomen,
1504 2317 1647 2388 quod
1679 2318 1910 2372 nobilem
1958 2315 2254 2384 signiﬁcat,
2297 2328 2326 2366 a

773 2417 966 2476 Turcis
991 2415 1224 2469 arbitror
1254 2423 1594 2481 usurpatum,
1629 2409 1695 2463 ad
1728 2407 2086 2462 imitatioiiem
2135 2404 2328 2457 Roma-

774 2498 972 2561 norum
992 2513 1046 2557 et
1071 2494 1406 2562 Graecorum,
1436 2512 1668 2568 quorum
1693 2497 1748 2549 bi
1777 2496 1917 2550 ﬁlios
1942 2496 2326 2562 imperatorum

775 2602 903 2646 natu
932 2591 1169 2644 minores
1197 2587 1566 2641 nobilissimos
1591 2585 1876 2646 vocabant,
1922 2583 1996 2635 illi
2030 2581 2332 2635 novellissi-

777 2698 914 2750 mos,
938 2699 1065 2738 voce
1091 2681 1335 2739 nonnihil
1362 2689 1640 2750 corrupta,
1664 2679 1803 2735 sicut
1821 2687 1964 2748 path
1986 2694 2048 2732 ex
2069 2677 2330 2740 bistmiis,

777 2775 1244 2846 inscriptionibus,
1307 2772 1724 2828 numismatibus
1777 2770 2010 2838 antiquis
2061 2778 2114 2823 et
2158 2767 2331 2820 fastis.

782 2865 1002 2923 Unicam
1037 2873 1244 2918 tantum
1273 2861 1376 2916 hoc
1406 2864 1522 2915 loco
1550 2861 1699 2938 lubet
1725 2859 2158 2927 inscriptionem,
2205 2854 2329 2908 lidei

778 2973 960 3024 causa,
1025 2957 1151 3010 licet
1183 2955 1235 3008 in
1292 2969 1349 3008 re
1389 2953 1696 3013 manifesta.
1737 2965 1934 3020 ponere
1971 2967 1986 3003 :
2025 2958 2136 3001 tum
2190 2946 2332 3014 quod

781 3069 877 3124 pro
906 3067 963 3106 se
994 3059 1165 3110 vetus,
1196 3046 1302 3116 jam
1331 3060 1466 3099 nova
1499 3044 1589 3107 sit,
1620 3029 1854 3104 boc'est,
1889 3055 2079 3095 recens
2102 3038 2331 3107 primum

764 3150 996 3199 inventa
1055 3155 1070 3190 :
1125 3149 1236 3192 tum
1291 3135 1433 3206 quod
1493 3133 1867 3203 antiquitatem
1917 3131 2112 3186 nobilis
2183 3129 2335 3204 urbis

2403 950 2595 1005 sendis
2616 934 3109 1015 auctoruin‘niagna
3133 944 3416 1000 diversitas
3444 957 3544 1000 Cal.
3570 944 3736 998 Terei
3769 936 3950 1011 primo-

2415 1041 2652 1109 genitum
2673 1033 2876 1093 faciunt
2897 1039 3118 1092 entirem
3148 1036 3540 1099 Soleimanem,
3561 1051 3700 1104 quos
3719 1035 3952 1102 equidem

2416 1148 2635 1202 sequor.
2666 1132 2730 1185 Et
2758 1133 3092 1187 Soleitnanes
3123 1133 3211 1184 hic
3235 1131 3412 1186 dictus
3465 1127 3566 1182 fuit
3592 1129 3752 1189 emir,
3788 1125 3954 1179 aucte-

2419 1229 2593 1282 ritatis
2628 1227 2850 1296 majoris
2900 1241 3085 1281 causa.
3125 1224 3258 1280 Nam
3309 1226 3506 1280 emires
3533 1223 3789 1293 appellati
3840 1231 3958 1275 sunt

2419 1320 2676 1412 praesides
2705 1331 2758 1374 et
2780 1313 3167 1389 propagatores
3201 1319 3409 1394 imperii
3443 1316 3788 1381 Ilahnmetis,
3817 1328 3954 1383 quasi

2420 1406 2721 1482 superiores
2750 1407 3066 1480 (Gulielmus
3094 1406 3189 1481 Tyi
3207 1410 3290 1465 ius
3314 1420 3552 1477 satrapas
3579 1424 3674 1464 seu
3701 1408 3958 1476 principes

2422 1503 2654 1573 majores
2715 1503 3130 1572 interpretatur)
3163 1484 3300 1571 quos
3330 1501 3502 1555 Graeci
3527 1494 3728 1553 amires
3754 1508 3807 1552 et
3833 1498 3961 1551 ami-

2423 1596 2578 1650 rades
2598 1603 2884 1656 vocarunt.
2918 1594 2983 1648 de
3009 1593 3208 1662 quibus
3230 1592 3387 1662 391
3422 1606 3525 1648 non
3553 1601 3699 1650 recte
3718 1592 3800 1645 vel
3828 1605 3961 1642 anu-

2427 1702 2530 1748 res,
2564 1685 2644 1738 vel
2666 1685 2962 1742 amerades.
2995 1683 3074 1738 vel
3106 1683 3422 1747 admiratos,
3450 1681 3529 1735 vel
3555 1679 3860 1735 admirale's.
3887 1679 3962 1730 νυι

2424 1775 2756 1829 admiraidos
2773 1773 2949 1828 fecere
2968 1773 3326 1836 Belvacensis,
3358 1781 3408 1826 et
3439 1771 3711 1840 interpres
3734 1768 3939 1824 Cedrin’

2353 1894 2398 1953 Β
2426 1876 2477 1920 et
2501 1866 2611 1920 alii.
2643 1864 2750 1918 Nec
2783 1865 3044 1932 hodieque
3092 1876 3290 1916 nomen
3323 1862 3427 1916 hoc
3481 1852 3842 1930 aspernantur
3876 1859 3924 1927 ip
3954 1859 3964 1909 i

2427 1957 2725 2010 Turcorum
2755 1956 2981 2028 sultani.
3011 1955 3277 2011 Laonicus
3303 1962 3432 2008 vero
3462 1963 3584 2023 post
3607 1954 3788 2007 .lcsum
3817 1968 3965 2005 suum

2428 2046 2710 2115 majorem,
2741 2061 2900 2114 quem
2920 2045 3232 2112 simpliciter
3255 2045 3391 2100 lsatn
3417 2044 3575 2098 Turci
3603 2036 3966 2110 vocantiqnml

2427 2153 2621 2193 nomen
2653 2137 2812 2192 etiam
2839 2139 3067 2206 'pro'pius
3098 2139 3341 2193 imitatus
3385 2148 3469 2192 est
3514 2128 3780 2190 LaoniCus
3845 2134 3912 2185 Iil.
3944 2149 3970 2181 n

2427 2239 2599 2292 sexto.
2626 2245 2790 2300 quum
2808 2221 3267 2283 Jessen'Brenezis
3289 2228 3450 2290 filius.
3473 2242 3634 2297 quem
3658 2226 3780 2278 alibi
3795 2223 3967 2278 Jesua.

2429 2331 2604 2382 vocat,
2629 2319 2835 2384 scribit)
2857 2319 3139 2388 quemdam
3165 2318 3552 2393 Mulsumanem
3571 2317 3786 2376 nomine
3809 2315 3970 2382 ponit.

2423 2412 2572 2465 ldem
2612 2409 2738 2463 lacit
2774 2409 3190 2480 primogenitum
3222 2409 3596 2469 Ortliobnlem,
3627 2422 3656 2461 a
3702 2412 3858 2475 patre
3887 2404 3973 2457 Se-

2433 2501 2618 2556 bastiaa
2647 2499 2980 2568 pra:fectum,
3005 2509 3058 2554 ct
3089 2500 3282 2555 ibidem
3311 2498 3380 2553 ab
3406 2484 3652 2554 hostibus
3676 2499 3811 2552 urbe
3833 2511 3974 2565 capta

2432 2605 2651 2645 caesunt.
2692 2586 2909 2644 Turcici
2977 2604 3106 2643 vero
3155 2589 3375 2643 annales
3430 2604 3682 2658 expresse
3744 2589 3975 2648 tradunt,

2435 2676 2736 2732 Sebastiani
2786 2677 2938 2732 cmiri
2998 2675 3425 2732 Soleimaniﬁlio
3481 2689 3606 2733 natu
3671 2680 3975 2738 inuitum:

2434 2778 2584 2836 patre
2613 2768 2793 2821 datam
2859 2769 3069 2823 fuisse:
3124 2769 3215 2837 qui
3263 2777 3445 2824 tamen
3499 2787 3529 2824 a
3577 2769 3790 2825 Temire
3831 2782 3977 2836 capta

2441 2860 2711 2924 Sebastia,
2752 2876 2858 2915 non
2893 2859 3053 2916 fuerit
3089 2861 3423 2920 interfectus.
3464 2859 3623 2916 Plura
3655 2865 3719 2917 de
3749 2853 3978 2919 liis'alla-

2435 2958 2540 3007 turi
2585 2941 2914 3022 deincepsio
2951 2956 3188 3011 medium
3223 2971 3435 3021 sumus,
3473 2957 3535 3009 ad
3569 2963 3859 3010 numerum
3894 2973 3980 3008 no-

2437 3061 2611 3102 tarum
2643 3048 2711 3103 59
2735 3047 2895 3102 et‘67.

2507 3138 2672 3228 Tertii
2705 3141 2918 3210 quidem
2950 3113 3330 3210 Cyriscebelim
3356 3141 3524 3212 patris
3587 3140 3845 3212 Bajazitis
3876 3159 3984 3196 sur-

785 3233 1013 3289 Austrim
1040 3229 1384 3288 Viennensis,
1412 3225 1682 3307 quondam
1712 3239 1805 3280 seu
1846 3223 2198 3284 Vindobona',
2241 3236 2334 3275 seu

2441 3223 2708 3286 cessbrem
2734 3231 2973 3298 faciunt,
3023 3233 3180 3302 cujus
3228 3248 3421 3288 nomen
3475 3249 3573 3288 nec
3630 3237 3678 3288 in
3743 3233 3983 3289 Turcicis

786 3322 1162 3386 Vindonianw,
1198 3320 1337 3388 quod
1389 3318 1561 3385 magis
1592 3315 1905 3385 probamus,
1942 3311 2224 3379 insigniter
2277 3313 2336 3364 il-

787 3420 1000 3470 lustret.
1037 3409 1165 3464 Eam
1218 3407 1484 3477 magnitici
1516 3405 1709 3473 equitis
1742 3419 1829 3456 οη.
1872 3402 2170 3455 Htsaourut
2200 3399 2338 3452 Bson

786 3523 818 3560 Α
851 3503 1286 3563 Leorosnsnonr,
1319 3499 1520 3553 Caesar.
1556 3495 1846 3565 Majcstatis
1879 3493 2118 3548 Camerar:
2152 3493 2339 3546 aulica:

755 3639 757 3641 .
789 3593 1106 3654 consiliarii,
1145 3589 1324 3646 studio
1360 3587 1565 3643 lberali
1599 3586 1858 3640 debemus
1893 3603 1907 3638 :
1946 3585 2038 3653 qui
2077 3584 2341 3638 columnae

790 3686 1147 3754 fragmentum
1177 3680 1394 3742 veteris.
1427 3695 1544 3747 quae
1577 3659 1781 3747 integra
1804 3677 2108 3729 Milliarium
2148 3675 2340 3728 Roma-

793 3771 1139 3834 nnniiuit,in
1167 3771 1320 3824 vinea
1351 3767 1605 3837 quadam,
1659 3765 1801 3818 haud
1859 3765 2048 3832 procul
2097 3779 2123 3814 a
2162 3762 2343 3817 Sancti

793 3866 952 3921 Marci
989 3863 1321 3927 ncsocomio,
1353 3861 1417 3914 ad
1453 3837 1616 3928 unum
1660 3873 1701 3910 a'
1730 3854 1934 3909 Vienna
1979 3853 2230 3922 lapidem,
2265 3872 2344 3907 rc-

795 3968 1007 4028 pertum
1040 3971 1160 4008 cum
1196 3953 1534 4022 intelligeret,
1564 3963 1782 4028 operam
1841 3946 1989 4000 dedit
2032 3956 2088 3996 ut
2119 3944 2339 3997 domum

797 4065 950 4102 suam
979 4048 1336 4117 deportatum,
1389 4024 1691 4112 posteritati
1743 4037 2342 4104 conserv‘areturquus

801 4139 1171 4208 inscriptionis
1203 4139 1314 4190 lucc
1345 4134 1508 4188 verba
1540 4139 1666 4211 sunt
1690 4131 1883 4185 litteris
1907 4143 2162 4196 expressa
2193 4127 2347 4180 nobis

799 4231 1178 4288 fariiiliaribns.
1202 4226 1334 4280 Nam
1361 4225 1556 4278 ductus
1585 4236 1796 4290 earum,
1835 4221 2024 4289 quales
2079 4221 2130 4272 in
2161 4218 2350 4272 arche-

801 4342 810 4375 ι
823 4315 923 4400 “to
952 4320 1386 4390 conspiciuntur,
1424 4316 1521 4369 hoc
1563 4305 1777 4384 quidem
1808 4321 2046 4380 tempore
2091 4306 2217 4361 date
2247 4321 2349 4358 non

802 4434 834 4487 p
857 4417 1094 4491 .tuitnus.

1425 4559 1509 4596 ιιι)
1537 4559 1647 4596 (ΖΑ-28

1225 4631 1253 4667 1⁵
1289 4627 1485 4666 LICINIO
1514 4626 1713 4665 CORNELI.

1228 4695 1518 4736 VALERIANO
1557 4693 1835 4732 NOD.LISS.o

1223 4770 1360 4806 cr:s..
1395 4765 1614 4803 rumeno
1648 4812 1650 4814 τ

1227 4839 1356 4876 ιυν..
1389 4835 1579 4873 Ντγτῐς
1616 4837 1721 4872 νΑ..

1229 4911 1293 4947 ΕΤ
1335 4905 1532 4943 ΡΟΝΤΕΒ
1570 4905 1804 4943 κ’[ῐτιιετΑ

1292 4977 1453 5016 CONLA
1463 4975 1553 5013 ι’ςι
1588 4976 1734 5012 lilile

1301 5049 1328 5084 Δ
1375 5045 1537 5083 ηδῡ..
1573 5044 1608 5081 Ι
1641 5046 1666 5082 Ρ

885 5245 1201 5314 lntelligitur
1243 5246 1419 5292 autem
1461 5235 1675 5288 nomine
1712 5231 2056 5296 nobilissimi,
2103 5226 2383 5299 juventa?

818 5340 995 5408 lisque
1025 5333 1304 5403 principis.
1367 5327 1541 5379 minor
1574 5333 1696 5376 natu
1758 5322 1922 5377 frater
1975 5319 2202 5374 Gallieni
2251 5318 2363 5370 Au-

821 5429 982 5499 gusti.
1017 5423 1106 5477 Sic
1173 5423 1334 5488 igitur
1389 5424 1442 5470 et
1502 5412 1665 5501 Turci
1705 5412 1921 5466 Zelebcs
1977 5427 2104 5464 suos
2159 5410 2362 5471 dixere,

821 5528 1128 5588 quanquam
1167 5513 1218 5564 in
1249 5506 1536 5562 annalibus
1590 5499 1673 5556 his
1707 5502 2132 5556 animadvertere
2186 5499 2363 5563 liceat,

826 5603 1171 5661 Mucbemctis
1222 5595 1463 5656 secundi,
1523 5600 1575 5644 ct
1642 5604 2020 5644 successorum
2086 5589 2222 5640 lilios
2263 5602 2364 5639 non

824 5699 1054 5766 amplius
1113 5691 1352 5748 Zelebes,
1414 5683 1503 5737 sed
1540 5681 1781 5734 sultanos
1813 5679 2019 5747 cepisse
2077 5678 2363 5731 nominari.

822 5794 1081 5842 ueterum
1111 5799 1228 5837 esse
1269 5779 1473 5834 'I‘urcos
1507 5771 1667 5825 veluti
1727 5772 1912 5822 simius
1964 5771 2223 5838 quasdam
2267 5769 2367 5819 llo-

825 5893 1104 5938 ntattot‘um
1135 5875 1530 5931 ercorumvc,
1581 5863 1772 5933 qurbus
1807 5870 2200 5925 sticcesserunl,
2250 5860 2366 5927 plu-

2437 3322 2864 3385 commentariis,
2899 3338 3005 3378 nec
3050 3325 3192 3392 apud
3243 3322 3536 3381 Laonicum
3605 3326 3914 3394 rep-ritur-
3944 3334 3984 3377 at

2441 3414 2687 3498 (lctitium
2709 3415 2866 3483 plane
2895 3417 3126 3471 videtur.
3161 3417 3294 3471 Eum
3323 3417 3513 3472 dicunt
3537 3433 3566 3470 a
3585 3417 3802 3471 Tcmire
3829 3418 3983 3470 fuisse

2439 3515 2671 3575 captum,
2704 3506 2797 3560 scd
2825 3523 2854 3560 e
2889 3508 3131 3562 custodia
3196 3519 3374 3562 tamen
3405 3509 3660 3563 evasisse.
3724 3507 3982 3562 Laonicus

2441 3608 2619 3652 autem
2679 3598 2921 3667 scripsit,
2972 3597 3154 3666 praalio
3203 3597 3513 3669 Ter‘niriano
3564 3611 3782 3667 captum
3833 3598 3982 3654 fuisse

2445 3689 2666 3751 Mosem,
2701 3683 3099 3765 quivideretut;
3120 3687 3340 3758 reliquis
3398 3689 3743 3757 prrestantior
3782 3691 3982 3743 robore.

2445 3777 2681 3860 Proinde
2731 3776 2919 3832 Teruir
2974 3793 3096 3832 eum
3159 3772 3547 3842 circumduxit,
3605 3789 3657 3832 et
3697 3794 3882 3833 secum
3943 3781 3980 3828 in

2443 3867 2635 3922 castris
2663 3869 2868 3933 habuit,
2892 3868 3090 3923 vietum
3121 3867 3459 3923 ntitiistrans.
3495 3867 3686 3922 Postea
3721 3867 3914 3921 ιοηκὶι
3935 3884 3984 3917 us

2445 3958 2559 4011 inec
2601 3959 2816 4026 subjicit
2847 3978 2858 4012 :
2895 3953 3078 4012 Temir
3121 3955 3367 4012 Cberiam
3411 3960 3738 4026 properavit,
3791 3946 3985 4027 Bajui-

2447 4056 2551 4100 tem
2578 4059 2632 4100 et
2668 4048 2829 4102 filiuni
2871 4049 2988 4116 ejus
3044 4063 3225 4102 secum
3262 4042 3487 4109 vehens,
3550 4049 3708 4116 cujus
3775 4064 3984 4118 parvum

2430 4147 2747 4205 respectum
2775 4140 2901 4207 egit.
2930 4137 3162 4192 Proinde
3195 4139 3246 4191 in
3270 4138 3501 4206 patriam
3565 4139 3842 4207 regionem
3879 4141 3984 4208 iuga

2448 4228 2636 4282 evasit.
2671 4228 2907 4296 Denique
2931 4229 3086 4282 tertio
3115 4229 3305 4296 repetit
3340 4226 3610 4282 Laenicus
3637 4229 3793 4285 initio
3824 4240 3983 4299 quarta

2451 4318 2814 4382 libri,Mosem
2869 4318 3156 4398 dimissum
3211 4333 3239 4375 a
3294 4335 3418 4390 rege
3474 4318 3708 4398 tenore,
3760 4323 3894 4396 mari
3932 4327 3982 4373 ad

2454 4408 2726 4483 regionem
2753 4411 2976 4481 patriam
3011 4395 3262 4466 rediisse.
3295 4395 3511 4466 Similis
3532 4419 3613 4465 est
3667 4414 3914 4467 conlusio
3944 4431 3984 4462 ιι.

2457 4504 2723 4558 minorum
2761 4512 2886 4555 natu
2939 4500 3474 4571 Bajazitisiﬁliorum
3523 4503 3818 4557 mentione.
3870 4503 3986 4555 Nam

2378 4578 2726 4649 DLaonicus'
2767 4603 2819 4646 et
2848 4591 3030 4647 Jesum
3105 4593 3366 4663 minorem
3432 4591 3822 4647 commemorat
3847 4633 3862 4657 ,
3912 4594 3988 4655 qui

2463 4701 2726 4753 nusquam
2757 4701 2805 4736 .n
2834 4686 3115 4738 annalibus
3149 4683 3390 4737 TurCieis
3421 4685 3710 4758 reperitur,
3741 4693 3792 4737 et
3824 4687 3991 4737 ultima

2459 4776 2596 4828 inter
2628 4791 2813 4830 omnes
2857 4778 2977 4838 loco
3008 4776 3153 4844 ponit
3208 4775 3547 4840 llustapliam-
3589 4777 3885 4841 respiciens
3924 4785 3990 4838 (tl

2459 4867 2712 4933 arbitror)
2742 4866 2806 4917 ad
2839 4866 2986 4917 illum
3012 4864 3368 4931 Muslaphatn,
3421 4867 3505 4917 cui
3544 4863 3762 4920 Dusmis
3815 4882 3988 4934 cogno-

2462 4971 2580 5010 men
2621 4956 2872 5035 a‘Turcis
2931 4956 3108 5015 datur,
3160 4954 3360 5022 quique
3424 4954 3681 5024 Bajuzitis
3735 4974 3795 5013 se
3845 4960 3989 5011 lilium

2461 5044 2842 5111 mentiebatur.
2887 5045 3046 5114 Atqui
3107 5045 3306 5098 diserte
3337 5045 3495 5098 Turci
3544 5049 3786 5112 tradunt,
3848 5052 3990 5102 mini-

2463 5152 2608 5188 inutn
2643 5144 2766 5187 natu
2817 5135 2983 5187 fuisse
3012 5133 3270 5187 Casanem
3311 5134 3562 5200 Zelebitn,
3622 5139 3712 5205 qui
3777 5152 3994 5206 tempore

2465 5224 2784 5277 calamitatis
2804 5235 3032 5290 paterna:
3051 5223 3210 5275 fuerit
3238 5224 3412 5277 adhuc
3434 5237 3588 5278 tetate-
3615 5239 3801 5280 tenera
3834 5244 3846 5290 ;
3883 5241 3992 5278 nar-

2466 5325 2692 5383 t‘antque
2761 5313 3021 5378 deinceps
3083 5313 3150 5364 ab
3207 5315 3372 5366 emire
3431 5314 3738 5370 Soleirnane
3795 5318 3989 5369 fratrem.

2467 5406 2604 5457 hunc
2671 5414 2794 5457 natu
2864 5402 3170 5466 minimum,
3230 5403 3488 5457 Casanem
3549 5405 3809 5470 Zrlehim,
3853 5408 3994 5457 fuisse

2463 5495 2984 5561 Constantinopolim
3023 5495 3269 5557 missum,
3321 5507 3380 5546 ut
3421 5497 3622 5550 obsidis
3674 5501 3790 5551 loco
3821 5497 3986 5551 ibidem

2463 5598 2624 5639 esset.
2685 5585 2954 5636 Laonicns
3010 5584 3171 5636 etiam
3229 5585 3420 5636 alicubi
3473 5584 3656 5638 les-nn
3711 5589 3989 5639 minorem.

2470 5673 2596 5724 fac.t
2631 5673 2908 5723 minimum
2944 5683 3092 5731 natu,
3165 5680 3216 5724 ct
3263 5671 3721 5741 Constantinopoli
3781 5676 3984 5740 liaptiu-

2472 5777 2578 5817 tum
2610 5766 2674 5818 ait
2709 5784 2720 5816 :
2755 5767 2816 5816 de
2845 5779 2949 5832 quo
2982 5780 3108 5817 sane
3137 5780 3266 5818 vero
3324 5768 3379 5818 lit
3439 5769 3633 5824 simile.
3688 5767 3868 5820 Jesnm
3919 5785 3940 5814 ιι
3983 5793 3988 5796 -

2474 5872 2654 5912 norem
2687 5855 2927 5922 Laonici,
2954 5867 3082 5910 esse
3137 5858 3286 5912 illiilli
3315 5861 3487 5926 ipsum
3546 5871 3672 5911 izatn
3735 5859 3986 5910 lliittl-‘LLM
