4032 6344
751 499 852 563 7Ξῖ

749 703 970 776 dimcili.
1002 706 1209 762 relicto.
1260 709 1407 764 lenii
1461 711 1625 767 fuisse
1657 704 1863 780 tilium,
1901 716 2064 769 tradit
2115 717 2273 770 etiam

751 795 1076 849 secretarius
1141 797 1466 866 Sigismundi
1503 801 1812 867 Malatesue,
1885 804 2183 874 quimuitis
2223 806 2276 857 in

750 882 951 939 Graecia
993 894 1117 941 tunc
1143 899 1197 942 et
1223 891 1346 942 Asia
1373 893 1535 959 gestis
1583 895 1744 949 rebus
1775 895 2042 948 interluit.
2091 894 2279 946 Fortu-

751 989 870 1026 nam
905 976 1085 1044 hujus,
1117 989 1167 1031 et
1192 981 1509 1046 liberorum,
1543 986 1817 1039 memoria:
1837 986 2071 1052 prodidit
2109 987 2278 1054 Span-

750 1065 1001 1134 duginus,
1033 1068 1124 1121 sed
1159 1072 1377 1124 nomina
1405 1087 1510 1126 non
1537 1077 1805 1142 exposuit.
1843 1075 1972 1130 Vide
1994 1092 2114 1145 quas
2141 1078 2276 1129 intra

753 1155 1076 1244 notabimus,
1135 1161 1308 1244 capite
1365 1162 1485 1217 155.
1553 1162 1830 1220 Sullanum
1883 1166 2277 1230 Soleimanem,

752 1243 964 1299 Selimis
1001 1243 1195 1312 tilium,
1223 1252 1518 1307 secundum
1551 1271 1703 1318 voco,
1758 1272 1864 1309 non
1903 1267 2148 1325 respectu
2183 1258 2280 1309 So—

753 1335 1018 1402 leimanis,
1081 1336 1346 1398 Urcbanis
1407 1343 1523 1408 filii,
1582 1346 1673 1414 qui
1708 1362 1811 1399 non
1876 1349 2142 1409 suitanus,
2188 1353 2280 1402 sed

702 1441 704 1446 ·
750 1427 1035 1494 sangiacus
1064 1431 1322 1485 duntaxat
1355 1434 1474 1498 fuit,
1508 1451 1604 1490 nec
1664 1439 1798 1506 patri
1857 1440 2147 1493 succedere
2179 1454 2279 1507 po-

755 1515 875 1580 tuit,
907 1530 1030 1570 cum
1062 1529 1186 1574 ante
1211 1531 1415 1589 patrem
1457 1525 1529 1579 sit
1580 1537 1865 1581 mortuus:
1921 1528 2015 1581 sed
2077 1529 2282 1583 ratione

753 1606 896 1662 illius
935 1607 1118 1665 emiris
1146 1610 1486 1678 Soleimanis,
1522 1616 1770 1686 Bajazitis
1795 1618 2104 1674 Gilderunis
2163 1619 2282 1684 filii,

753 1697 1083 1754 suitanorum
1125 1700 1176 1755 in
1213 1703 1407 1759 ordine
1427 1707 1621 1771 quinti,
1654 1723 1812 1776 quem
1863 1723 2143 1777 perperam
2193 1709 2283 1762 alii

753 1782 1140 1843 Mulsumanem
1165 1800 1378 1845 vocant.
1410 1793 1649 1863 Denique
1709 1799 1974 1851 monitum
2028 1799 2281 1854 lectorem

757 1874 897 1940 volo,
938 1892 1022 1933 me
1051 1878 1150 1932 hac
1211 1881 1265 1934 in
1313 1885 1622 1954 genealogia
1679 1897 1898 1941 notasse
1952 1889 2283 1943 sultanorum

754 1981 942 2029 annos,
967 1969 1163 2037 quibus
1200 1972 1534 2039 imperarint,
1567 1975 2011 2033 Mahumetanos:
2045 1981 2134 2048 qui
2165 1980 2284 2049 qui-
2317 1959 2356 2011 Β

758 2056 880 2110 dem
906 2059 969 2111 ad
1001 2075 1173 2116 annos
1213 2062 1545 2120 Christianos
1606 2082 1709 2136 qua
1747 2070 1948 2123 ratione
1997 2071 2161 2140 redigi
2192 2071 2280 2125 de-

761 2148 940 2213 beant,
969 2153 1126 2218 paulo
1165 2164 1284 2222 post
1309 2157 1602 2224 exposituri
1641 2159 2072 2214 sunius.C;etera
2127 2160 2286 2229 hujus

758 2241 1101 2311 genealogim,
1133 2247 1438 2312 prolixioris
1488 2249 1855 2316 explicationis
1918 2251 2055 2302 haud
2110 2261 2285 2319 egent.

761 2327 934 2386 Unum
965 2334 1229 2390 duntaxat
1263 2338 1363 2392 hoc
1410 2339 1568 2402 addo,
1631 2340 1830 2408 liquere
1885 2341 1951 2393 de
2001 2341 2100 2395 bac
2148 2343 2288 2396 serie

760 2421 1107 2478 Sullanorum
1162 2423 1611 2490 Osmauidarum,
1703 2431 1959 2486 hactenus
2041 2447 2290 2501 regnasse

762 2513 1004 2568 sultanos
1027 2515 1332 2579 duodecim,
1374 2519 1511 2573 linea
1544 2521 1768 2582 directa,
1816 2520 1936 2574 filiis
1993 2522 2044 2573 in
2083 2531 2286 2590 patrum

764 2604 874 2657 loca
905 2605 1308 2662 succedentibus
1339 2623 1353 2657 :
1387 2609 1519 2663 duos
1563 2625 1707 2673 vero,
1768 2611 2012 2664 videlicet
2072 2613 2288 2666 emirem

760 2693 1156 2762 Soleintanem,
1208 2707 1261 2750 et
1311 2698 1514 2752 Musam
1571 2699 1815 2764 zelebim,
1870 2715 1932 2752 ex
1988 2713 2292 2754 transverso

764 2785 1065 2853 irrepsisse.
1091 2788 1252 2843 nullis
1285 2790 1336 2843 in
1361 2790 1584 2858 imperio
1618 2799 1736 2859 post
1772 2806 1830 2844 se
1852 2791 2052 2844 relictis
2085 2789 2288 2864 liberis:

761 2865 1462 2948 quodvaticiniicujusdam
1496 2881 1698 2948 antiqui
1742 2895 1900 2934 causa
1951 2880 2294 2934 dissimulare

765 2984 868 3023 non
899 2969 1077 3035 debui,
1098 2972 1252 3040 cujus
1275 2972 1476 3028 exitum
1509 2973 1739 3027 fortasse
1765 2973 1978 3025 tandem
2010 2972 2294 3038 aliquando

763 3059 1081 3113 vidrbimus.

972 3196 1024 3247 i.
1052 3195 1128 3249 De
1159 3196 1356 3265 erit/ine
1379 3199 1704 3253 saltauerunt
1737 3199 2088 3256 Tun-irarum.

842 3326 956 3393 Equ
983 3329 1101 3381 dem
1131 3330 1264 3382 nihil
1313 3331 1568 3384 hactenus
1612 3332 1792 3385 inveni
1845 3331 2116 3383 memoriae
2154 3343 2295 3396 pro-

768 3416 938 3470 ditum
969 3426 1060 3469 aut
1086 3417 1318 3484 plenius,
1350 3428 1440 3471 aut
1472 3419 1677 3480 verius,
1711 3429 1803 3471 aut
1834 3418 2022 3472 saltem
2043 3417 2296 3481 similius,

769 3509 838 3563 de
868 3508 1076 3578 origine
1107 3509 1442 3562 sultanorum
1475 3509 1910 3575 Ostnanidarutn,
1945 3524 2105 3578 quam
2158 3509 2298 3578 quod

771 3598 858 3651 hic
883 3598 936 3651 in
969 3598 1262 3652 Annalibus
1293 3598 1504 3666 legitur.
1561 3596 1756 3652 Facere
1788 3608 1963 3652 tamen
2019 3614 2124 3650 non
2181 3612 2303 3664 pos-

773 3699 916 3749 sum,
941 3686 1070 3751 quin
1099 3685 1315 3739 lectoris
1338 3701 1496 3740 causa
1523 3725 1538 3750 ,
1595 3687 1949 3755 cognoscendi
2000 3702 2085 3739 res
2119 3685 2303 3738 Turci-

773 3789 864 3827 cas
888 3777 1135 3838 studiosi,
1168 3776 1410 3844 quaedam
1445 3777 1543 3830 hoc
1572 3778 1691 3832 loco
1733 3777 2041 3844 subjiciam,
2075 3791 2104 3828 a
2127 3776 2302 3830 Theo-

775 3864 911 3928 doro
941 3863 1286 3934 Spandugino
1309 3866 1682 3921 Cantacuseno
1713 3868 1927 3920 tradita.
1982 3865 2174 3918 Narrat
2235 3867 2301 3928 is,

777 3970 834 4009 se
853 3966 1052 4026 quanta
1085 3957 1317 4010 maxima
1345 3958 1581 4026 potuerit
1602 3958 1871 4026 diligentia
1916 3956 2305 4024 conquisivisse

777 4051 1064 4116 scriptores
1121 4064 1299 4102 rerum
1363 4048 1732 4113 Turcicarum,
1769 4048 1856 4116 qui
1913 4047 2174 4114 originem
2205 4045 2306 4101 Os-

780 4139 1002 4191 manica:
1037 4138 1251 4190 familia:
1305 4140 1585 4191 retulerint
1620 4139 1674 4190 in
1709 4139 1937 4197 litteras.
1996 4139 2170 4205 deque
2221 4137 2305 4190 his

781 4233 988 4279 tandem
1046 4227 1414 4280 intellexisse:
1478 4228 1798 4294 principium
1851 4228 2010 4294 hujus
2067 4228 2309 4281 extitisse

780 4315 1098 4382 quibusdam
1155 4317 1223 4368 ab
1261 4317 1636 4379 armentariis,
1690 4318 1904 4369 natione
1963 4315 2191 4377 Tataris,
2244 4329 2308 4368 ex

781 4408 1091 4473 posteritate
1118 4407 1394 4477 cujusdam
1433 4406 1650 4478 Oguzis.
1680 4404 1872 4459 Multas
1899 4407 2039 4458 enim
2087 4404 2310 4458 Tataro-

783 4516 898 4551 rum
929 4499 1159 4553 familias
1191 4499 1242 4551 id
1277 4498 1549 4564 temporis,
1583 4511 1702 4548 cum
1752 4495 1994 4550 sultanus
2029 4496 2306 4555 Aladines,

1940 513 2253 573 JOANNIS
2288 513 2638 571 LEUNCL!’

750 624 956 680 puerat.
1015 615 1251 671 Asiatico
1295 621 1461 683 magis
1511 622 1937 690 compendiario,
1990 628 2272 691 minusque
2307 630 2346 682 Α
2377 637 2562 694 prope.

2686 644 2768 679 ius
2792 623 2958 679 αι’ωυί
3019 627 3289 688 virtutem,
3346 625 3611 694 fortiaque
3643 627 3904 691 facinora,

2377 713 2579 767 territis
2611 712 2878 788 omnibus,
2903 727 3059 766 nemo
3102 728 3222 766 eum
3249 713 3351 767 hoc
3382 714 3742 769 dimicaturus
3791 730 3906 768 cer-

2381 806 2575 857 tamine
2632 804 2890 873 singulari
2965 807 3222 872 prodiret,
3277 807 3488 860 tandem
3546 811 3908 863 armentarius

2377 894 2595 962 quidam
2620 909 2685 947 ex
2729 895 2958 962 posteris
3011 896 3224 962 Oguzis.
3284 912 3440 964 quem
3480 912 3641 951 nemo
3686 902 3908 969 scripto-

2381 1001 2495 1037 rum
2520 984 2870 1038 Turcicorum
2894 985 2999 1039 aiio
3019 1001 3178 1054 quam
3208 987 3347 1041 Delis
3399 989 3636 1051 nomine,
3689 998 3908 1057 propte-

2379 1091 2466 1128 rea
2497 1077 2637 1144 quod
2666 1075 2825 1129 stulte
2863 1060 3196 1140 temerarius,
3261 1086 3313 1131 et
3341 1078 3534 1131 intima:
3585 1078 3911 1132 conditionis

2381 1169 2536 1220 homo
2563 1168 2738 1230 fuerit,
2763 1169 3011 1234 appellat,
3063 1168 3307 1222 Aladinis
3338 1169 3390 1222 in
3430 1181 3773 1238 conspectum
3823 1184 3916 1221 ve-

2382 1260 2547 1318 niens,
2585 1259 2972 1312 vindicaturum
3018 1262 3077 1313 se
3108 1261 3383 1327 profitetur
3433 1259 3654 1329 injurias
3705 1261 3773 1312 ab
3822 1260 3916 1312 illo

2379 1345 2681 1400 Christiano
2707 1355 2785 1400 tot
2819 1347 2944 1400 viris
2990 1347 3219 1401 fortibus
3249 1349 3437 1402 illatas.
3467 1348 3672 1414 Quibus
3694 1348 3914 1408 auditis.

2384 1439 2577 1491 mirum
2615 1437 2717 1491 sibi
2749 1437 2912 1491 videri
2947 1437 3077 1491 dixit
3108 1438 3377 1502 Aladines,
3419 1453 3480 1492 ex
3517 1440 3629 1492 suis
3689 1447 3768 1492 tot
3818 1439 3918 1490 mi-

2383 1528 2628 1582 litaribus
2652 1527 2778 1581 viris
2847 1528 3075 1602 reperiri.
3115 1528 3401 1582 neminem.
3453 1529 3542 1597 qui
3603 1543 3700 1580 sua
3757 1541 3921 1580 causa

2385 1627 2459 1673 tot
2489 1619 2605 1673 neci
2631 1619 2785 1673 datas
2824 1620 3032 1674 animas
3061 1619 3242 1674 ulcisci
3280 1619 3455 1681 vellet,
3513 1628 3704 1686 prmter
3754 1634 3919 1673 unum

2387 1711 2529 1762 hunc
2550 1709 2773 1763 stultum
2803 1709 3094 1762 hominem.
3124 1708 3174 1762 is
3238 1723 3363 1762 vero
3417 1709 3610 1762 iterum
3637 1725 3651 1757 :
3683 1707 3922 1762 Obsecro

2387 1809 2459 1862 te,
2501 1801 2785 1868 princeps,
2834 1799 3024 1867 inquit,
3085 1807 3138 1851 ut
3176 1812 3305 1864 pace
3349 1807 3436 1850 tua
3459 1813 3578 1851 cum
3638 1797 3740 1852 hoc
3791 1798 3921 1850 mihi

2385 1889 2690 1944 Christiano
2723 1903 2960 1959 pugnare
2987 1891 3163 1951 liceat.
3199 1889 3406 1957 Quippe
3435 1888 3478 1941 si
3515 1887 3748 1942 maxime
3811 1904 3928 1967 mo:

2390 1980 2516 2044 riar,
2551 1980 3243 2048 exiguam-ipsejacturam
3299 1978 3482 2044 facies,
3552 1980 3747 2034 amisso
3787 1981 3928 2032 dun-

2389 2078 2532 2123 taxat
2581 2069 2797 2123 bomine
2847 2071 3029 2124 stulto.
3098 2070 3193 2122 liis
3253 2071 3429 2136 dictis,
3490 2070 3773 2138 impetrata
3833 2085 3928 2137 pu-

2390 2159 2584 2226 gnandi
2615 2160 2850 2224 licentia,
2891 2161 3136 2228 quamvis
3196 2175 3335 2227 aegre
3385 2161 3675 2228 permoveri
3713 2175 3788 2213 se
3840 2174 3930 2226 pa-

2393 2260 2594 2304 teretur
2644 2251 2935 2312 Aladines.
2985 2259 3042 2304 ut
3070 2251 3118 2304 ei
3146 2265 3267 2305 cum
3326 2252 3491 2304 altero
3541 2248 3929 2318 congrediundi

2391 2351 2703 2410 potestatem
2733 2341 2952 2405 faceret,
3013 2342 3192 2410 prodit
3219 2342 3270 2393 in
3305 2343 3538 2403 hostem,
3576 2341 3934 2409 manibusque

2392 2447 2512 2485 cum
2545 2449 2607 2486 eo
2683 2434 2966 2494 consertis,
2998 2442 3245 2485 .strenue
3296 2431 3600 2485 dimicando
3645 2433 3933 2488 victoriam

2393 2525 2604 2576 tandem
2650 2523 2928 2590 apiscitur.
2955 2521 3258 2580 'Aladines,
3317 2528 3373 2572 ut
3405 2521 3632 2575 hominis
3673 2523 3931 2575 virtutem

2393 2613 2569 2679 aliquo
2595 2612 2808 2676 praemio
2838 2619 3289 2670 remuneraretur,
3316 2609 3362 2659 ei
3395 2607 3573 2661 villam
3621 2609 3933 2670 Otomanzi-

2395 2717 2508 2753 rain
2540 2704 2681 2754 dono
2707 2699 2886 2763 dedit;
2915 2716 2944 2752 a
2978 2714 3080 2766 qua
3113 2713 3304 2751 nomen
3359 2698 3768 2762 Otomanorum,
3832 2698 3934 2752 De-

2397 2790 2458 2842 lis
2489 2789 2643 2856 hujus
2671 2790 2864 2856 posteri
2917 2790 3398 2856 sumpsere.-Cum
3457 2791 3597 2844 enim
3661 2805 3757 2859 per
3816 2805 3935 2842 eam

2395 2895 2553 2949 quam
2635 2879 2890 2940 diximus,
2959 2879 3256 2945 victoriam,
3311 2880 3546 2934 nominis
3594 2880 3675 2939 sui
3725 2877 3934 2931 famam

2396 2975 2549 3041 longe
2580 2974 2792 3042 lateque
2819 2983 3175 3044 propagasset,
3230 2990 3332 3027 nou
3384 2974 3497 3040 ipse
3539 2975 3935 3034 tantummodo,

2398 3079 2581 3116 verum
2610 3054 2766 3116 etiam
2809 3064 3110 3130 complures
3140 3065 3251 3127 alii,
3301 3079 3434 3131 quos
3496 3077 3525 3116 e
3571 3063 3787 3116 Tataria
3846 3077 3936 3114 ve-

2400 3155 2542 3208 nisse
2562 3154 2998 3216 memoravimus,
3025 3153 3315 3206 habitatum
3347 3154 3396 3204 in
3425 3150 3765 3206 Otomanzica
3804 3167 3940 3219 pago

2397 3257 2454 3295 se
2487 3244 2843 3295 contulerunt.
2872 3242 3074 3308 Quippe
3100 3240 3308 3293 volebat
3362 3255 3447 3293 res
3483 3241 3598 3292 istic
3620 3253 3745 3291 suas
3814 3253 3936 3289 cum

2400 3333 2518 3384 aliis
2561 3334 2658 3385 sibi
2723 3345 3037 3384 communes
3071 3344 3228 3384 esse:
3282 3344 3385 3397 qua
3445 3329 3511 3383 de
3563 3343 3724 3381 causa
3787 3329 3938 3382 nullo

2401 3438 2562 3490 prope
2595 3423 2808 3490 negotio
2839 3420 3078 3487 perfecit,
3119 3431 3175 3472 ut
3203 3436 3266 3474 eo
3334 3431 3521 3488 sponte
3552 3436 3646 3472 sua
3706 3434 3936 3486 magnus

2403 3513 2673 3564 hominum
2704 3521 3043 3564 concurreret
3072 3525 3350 3572 numerus,
3378 3511 3596 3576 ipseque
3637 3524 3811 3577 pagus
3841 3509 3938 3560 in-

2400 3613 2727 3653 caemcntum
2763 3615 2866 3654 non
2899 3601 3146 3666 exiguum
3192 3607 3422 3665 caperet.
3482 3600 3546 3650 Et
3578 3600 3700 3665 quia
3750 3597 3938 3650 Chris-

2404 3691 2669 3741 tianorum
2709 3689 2759 3739 in
2793 3688 2858 3739 iis
2887 3688 3016 3740 lo«-is
3045 3687 3337 3749 excidium,
3361 3703 3388 3737 a
3424 3689 3538 3739 suis
3573 3686 3937 3752 profecturum

2403 3778 2653 3844 posteris,
2715 3777 3071 3843 prtevidebat,
3131 3776 3288 3829 etiam
3340 3775 3657 3829 dutantihus
3710 3776 3938 3829 induciis

2403 3867 2747 3920 excursiones
2775 3867 2826 3918 in
2855 3880 3017 3934 pagos
3040 3865 3466 3920 Christianorum
3510 3865 3758 3926 faciebat,
3816 3882 3939 3920 eos-

2404 3971 2506 4024 que
2525 3956 2760 4023 direptos
2792 3955 2934 4009 ferro
2985 3965 3038 4009 et
3069 3955 3174 4025 igni
3230 3955 3673 4024 depopulabatur.
3725 3955 3941 4009 Primus

2404 4061 2468 4100 ex
2504 4046 2588 4099 his
2633 4046 2781 4113 pagis
2833 4045 3052 4100 Dimbos
3109 4045 3487 4114 appellabatur,
3544 4044 3685 4113 quod
3745 4060 3939 4099 nomen

2405 4137 2584 4196 lingua
2615 4135 2986 4189 Turcicatidei
3024 4137 3374 4189 mutationem
3427 4135 3722 4204 signiﬁcat,
3781 4151 3938 4202 quam

2409 4241 2589 4279 revera
2622 4240 2960 4280 successores
2986 4227 3154 4294 ipsius
3203 4226 3636 4279 introduxerunt.
3688 4225 3942 4278 Aladines

2411 4316 2691 4369 intellectis
2733 4316 2878 4369 hisce
2911 4315 3051 4369 Deiis
3106 4316 3344 4382 rapinis,
3375 4315 3520 4368 misit
3554 4331 3616 4368 es
3660 4318 3800 4378 suis,
3858 4317 3941 4385 qui

2412 4419 2530 4456 cum
2554 4411 2865 4457 arcesseret.
2900 4403 3030 4455 Nam
3060 4418 3196 4472 aegre
3226 4402 3448 4465 ferebat,
3477 4403 3590 4455 haec
3625 4403 3690 4456 ab
3748 4418 3818 4456 eo
3859 4419 3942 4471 pa-

2409 4493 2486 4545 cis
2515 4493 2922 4546 etinduciarum
2950 4503 3187 4559 tvtnpore
3211 4492 3493 4546 committi.
3543 4492 3684 4546 Delis
3728 4495 3798 4547 ab
3857 4495 3943 4548 ilio

783 4591 950 4645 lconii
972 4591 1235 4658 princeps,
1273 4604 1448 4642 rerum
1478 4589 1529 4640 in
1572 4589 1695 4640 Asia
1759 4589 1964 4640 minore
2021 4587 2304 4656 potiretur,
2341 4591 2381 4646 ο
2410 4583 2548 4638 domi
2582 4599 2691 4638 sua:
2712 4583 2997 4651 quaesitus,
3024 4583 3162 4636 forte
3195 4591 3322 4638 tunc
3381 4583 3586 4647 aberat,
3639 4585 3939 4640 excursioni

784 4679 996 4732 venisse
1038 4677 1317 4741 quaesitum
1376 4678 1528 4729 sedes
1585 4676 1684 4728 sub
1738 4677 1977 4730 Aladinis
2037 4678 2305 4744 imperio:

786 4768 1083 4835 quasinter
1108 4775 1160 4819 et
1187 4765 1285 4818 ista
1339 4763 1522 4818 fuerit.
1582 4764 1833 4818 Aladines
1891 4776 2068 4818 autem
2125 4767 2309 4832 gravia

787 4861 921 4911 bella
963 4857 1195 4926 gerebat,
1224 4855 1415 4924 inquit,
1451 4864 1710 4910 adversus
1769 4856 2143 4923 imperatorem
2176 4854 2311 4907 Con-

790 4948 1332 5016 stantinopolitanum,
1361 4948 1451 5015 qui
1485 4958 1599 5000 erat
1644 4961 1707 4999 ex
1764 4945 1964 4998 familia
2016 4945 2310 4998 Somnena.

791 5045 848 5094 lu
883 5042 1025 5094 hisee
1053 5039 1206 5094 bellis
1245 5040 1462 5101 accidit,
1519 5049 1574 5091 ut
1604 5039 1818 5106 quidam
1849 5053 2035 5104 eques,
2100 5038 2314 5090 natione

785 5133 1023 5190 Graecus,
1055 5128 1529 5196 virmagnanimus
1577 5134 1629 5178 et
1663 5127 1968 5188 bellicosus,
2033 5128 2085 5177 in
2139 5127 2311 5178 omni-

785 5218 886 5269 bus
915 5212 1107 5267 ducllis
1173 5223 1355 5264 contra
1423 5211 1639 5278 quosvis
1697 5213 1939 5278 supcrior
1978 5212 2134 5281 393
2193 5229 2315 5264 eva-

788 5309 955 5370 deret,
1014 5315 1174 5372 atque
1207 5302 1348 5355 inter
1383 5301 1519 5353 alios
1549 5302 1706 5353 etiam
1757 5303 2038 5368 quemdam
2094 5305 2146 5355 in
2207 5305 2315 5370 pri-

793 5398 895 5450 mis
948 5397 1163 5448 sultano
1220 5392 1424 5446 Aladini
1508 5393 1769 5453 charum,
1831 5395 2009 5460 proelio
2059 5395 2316 5461 singulari

796 5490 1020 5546 \it'lttltt,
1051 5485 1340 5537 occideret.
1370 5481 1618 5533 Aladincs
1643 5496 1836 5549 magno
1882 5500 2002 5536 eum
2033 5483 2196 5535 animi
2227 5483 2318 5554 do-

792 5580 907 5631 lore
938 5591 1229 5629 conversus
1260 5575 1323 5625 ad
1368 5588 1533 5625 suos:
1571 5573 1700 5636 Quis
1759 5584 2012 5636 vestrum,
2058 5575 2151 5634 ait,
2187 5588 2318 5625 con-

796 5664 943 5732 gredi
971 5679 1087 5717 cum
1125 5665 1221 5715 ltoc
1255 5661 1394 5714 ausit
1449 5659 1770 5723 Christiano,
1812 5663 1901 5729 qui
1959 5672 2031 5714 tot
2064 5663 2321 5713 hactenus

794 5773 856 5805 ex
890 5750 1137 5814 meisfet
1167 5766 1306 5802 nunc
1339 5750 1624 5816 praesertim
1680 5755 1759 5802 vel
1809 5753 2037 5803 maxime
2097 5751 2318 5802 fannlia-

799 5861 911 5902 teut
966 5847 1106 5901 hunc
1171 5844 1294 5898 mihi
1328 5843 1391 5896 de
1448 5842 1618 5896 medio
1651 5842 2078 5897 -sustuiit'.’Cum
2143 5852 2319 5895 autem

2418 4689 2566 4727 nova:
2595 4675 2853 4736 intentus,
2880 4689 2981 4740 qua
3015 4688 3203 4741 pagum
3249 4673 3546 4739 occupavit,
3583 4675 3672 4741 qui
3722 4673 3830 4727 Sar
3870 4675 3942 4728 di-

2416 4765 2570 4816 citur.
2604 4762 2657 4815 In
2689 4763 2896 4824 itinere,
2925 4778 3029 4829 quo
3054 4763 3272 4816 domum
3324 4778 3445 4816 cum
3485 4764 3661 4830 praeda
3712 4775 3941 4819 reverte-

2417 4851 2783 4914 batur,asuis
2818 4852 2864 4903 ei
2921 4851 3275 4917 signiﬁcatum
3331 4852 3465 4916 fuit,
3519 4851 3794 4905 Aiadinem
3847 4870 3947 4906 tuo-

2419 4943 2545 4993 lcste
2572 4940 2726 5001 ferre,
2745 4940 2884 5006 quod
2910 4956 3002 5008 per
3029 4942 3272 4994 inducias
3293 4941 3358 4994 ab
3386 4955 3450 4996 eo
3475 4942 3713 5007 Dimbos,
3750 4943 3940 5013 aliique

2422 5033 2535 5097 pagi
2577 5033 2714 5098 capti
2741 5030 3006 5093 fuissent;
3075 5033 3296 5100 ideoque
3345 5033 3574 5097 misisse,
3616 5035 3704 5101 qui
3762 5049 3938 5089 coram

2421 5120 2641 5171 Aladine
2675 5118 2838 5172 Delim
2880 5119 3088 5186 juberct
3139 5136 3464 5188 comparere.
3529 5124 3668 5178 Deiis
3719 5125 3823 5176 hoc
3863 5140 3940 5178 co-

2420 5211 2588 5278 gnito,
2612 5224 2730 5262 mox
2755 5225 2933 5263 secum
2973 5211 3154 5263 statuit
3184 5212 3353 5279 prius,
3387 5228 3542 5279 quam
3590 5229 3710 5266 cum
3769 5215 3938 5282 [mula

2423 5302 2632 5352 domum
2665 5300 2874 5361 rediret,
2909 5301 3114 5354 Aladini
3148 5316 3206 5354 se
3228 5303 3414 5358 sistere
3444 5341 3460 5366 ,
3499 5320 3605 5371 quo
3668 5319 3823 5357 suam
3874 5303 3935 5355 illi

2423 5392 2808 5443 demonstraret
2867 5391 3243 5444 obedientiam.
3319 5392 3373 5444 Id
3427 5395 3768 5459 conspicatus
3833 5395 3940 5445 Ala-

2425 5481 2596 5542 dines,
2657 5483 2867 5548 culpant
2915 5480 3024 5532 Deli
3064 5480 3458 5534 condonavitea
3489 5481 3621 5550 lege,
3687 5499 3753 5536 ne
3800 5484 3936 5534 dein-

2425 5588 2548 5640 ceps
2571 5574 2760 5626 vicinis
2786 5576 3041 5625 molestus
3069 5582 3246 5626 esset:
3282 5588 3342 5626 ac
3394 5573 3621 5625 retinere
3647 5574 3746 5626 sibi
3801 5589 3935 5624 man-

2426 5662 2559 5728 cipia
2583 5663 2765 5730 jussit,
2796 5677 2824 5713 e
2847 5659 2962 5714 Sari
2995 5676 3125 5729 pago
3177 5673 3365 5730 rapta;
3425 5663 3580 5728 cujus
3607 5679 3635 5712 a
3681 5664 3800 5730 pagi
3856 5678 3938 5714 no-

2428 5754 2569 5807 mine
2588 5753 2825 5808 derivata
2858 5752 3096 5803 creditur
3127 5755 3192 5806 ab
3253 5753 3522 5821 aliquibus
3571 5751 3821 5820 deinceps
3853 5754 3937 5805 Gc-

2429 5859 2730 5900 uzzarot‘um
2759 5842 3059 5910 appellatio,
3113 5857 3227 5910 qua:
3258 5841 3478 5896 'l‘urcica
3504 5841 3679 5911 lingua
3735 5843 3935 5914 juvenes
