4032 6344
198 481 307 544 ’ἷξῦ

1326 481 1710 541 PANDECTE
1738 484 1779 540 l.’
1796 484 1931 540 [δι’.
1970 484 2264 541 TCHCIC.

3257 473 3356 535 τρι

189 604 222 642 e
249 589 372 643 Sari
404 604 538 658 pago
566 589 848 659 significet.
890 589 1089 644 Pra-ter
1114 592 1233 652 ista,
1281 591 1408 644 nihil
1440 593 1513 645 ait
1559 591 1731 658 Span-
1761 593 1802 643 A
1833 600 2155 659 recuperate
2184 609 2211 642 ιι
2247 588 2499 641 Micliacle
2553 585 2866 654 i‘alacologo,
2930 585 3206 640 historiam
3272 599 3359 638 sc-

191 679 429 746 dnginus
479 689 687 732 exstare
727 681 791 732 de
816 681 934 734 'lioc
985 680 1097 734 Deli
1139 692 1433 735 memoratu
1475 683 1729 750 dignum:

189 768 298 821 nisi
322 769 459 834 quod
491 768 737 822 historici
769 768 1063 823 Turcorum
1095 769 1330 833 tradant,
1358 785 1480 824 eum
1539 771 1731 824 sultani

189 855 439 922 Aladinis
468 857 622 922 jussu
682 874 886 911 veneno
931 859 1198 913 sublatum
1264 860 1450 925 fuisse,
1527 875 1625 914 nec
1664 860 1733 913 ab

195 946 294 998 illo
351 955 586 1014 tempore
647 948 714 1002 de
784 954 880 1002 hac
927 951 1130 1004 familia
1188 951 1474 1019 quidquam
1520 951 1729 1005 recitari

195 1051 380 1102 posse,
409 1037 549 1101 quod
573 1053 746 1104 opera:
781 1042 1014 1107 pretium
1037 1042 1126 1105 sit,
1177 1041 1345 1095 donec
1374 1041 1582 1094 tandem
1625 1039 1732 1109 pri-

192 1123 318 1179 mus
342 1125 636 1181 Turcorum
691 1131 936 1184 suitanus
971 1132 1168 1185 Osman
1203 1133 1255 1185 in
1311 1133 1377 1185 iis
1404 1130 1535 1185 locis
1588 1131 1732 1199 prin-

189 1216 427 1280 c'patum
460 1218 783 1272 constituere
807 1222 1048 1287 cmperit.
1093 1220 1214 1274 Haec
1236 1223 1403 1290 prima
1453 1221 1518 1275 de
1545 1219 1730 1276 Osma-

190 1304 442 1357 nidarum
499 1307 702 1375 origine
754 1307 1083 1379 Spandugini
1135 1313 1370 1364 narratio
1408 1319 1524 1374 est,
1580 1310 1732 1375 cujus

194 1394 330 1446 tides
367 1409 526 1460 penes
555 1409 829 1452 auctorem
883 1405 1023 1468 esto;
1067 1399 1263 1454 Deinde
1303 1403 1515 1471 subjicit
1562 1402 1732 1456 sulta-

199 1496 332 1533 num
390 1481 807 1550 Mucbemetemr
848 1489 938 1555 qui
1000 1489 1518 1558 Constantinopolim
1571 1492 1729 1559 cepit,

191 1571 342 1624 nullo
372 1574 526 1626 modo
552 1589 781 1643 unquam
813 1577 1090 1631 admittere
1113 1580 1345 1634 voluisse
1385 1581 1720 1636 narrationes

195 1662 439 1724 illorum,
503 1669 591 1730 qui
657 1665 913 1720 familiam
974 1666 1384 1723 Osmanidarum
1441 1686 1472 1740 a
1525 1671 1732 1726 Tataris

196 1755 542 1808 armentariis
588 1765 756 1810 artam
815 1760 1125 1813 traderent:
1159 1776 1280 1814 cum
1347 1763 1458 1829 ipse
1513 1764 1732 1817 referret

192 1843 460 1910 originem
490 1845 608 1910 ejus
639 1850 702 1899 ad
744 1847 1047 1905 Comnenos
1083 1853 1432 1919 imperatores
1463 1845 1730 1912 Constan-

197 1932 597 1999 tinupolitanos.
631 1939 818 1991 Aiebat
842 1941 1008 2002 enim,
1041 1943 1092 1994 in
1146 1943 1211 1996 iis
1240 1943 1393 1998 bellis
1418 1961 1536 2014 qua:
1588 1957 1729 2016 gesta

200 2023 403 2078 fuerint
451 2027 589 2081 inter
647 2028 1022 2098 imperatorem
1073 2033 1426 2098 Comnenum,
1469 2048 1519 2090 et
1554 2037 1731 2091 Sulta-

185 2132 336 2178 _num
393 2118 690 2183 Aladiuem,
750 2123 1043 2189 quemdam
1079 2138 1284 2192 magna:
1337 2127 1633 2182 nobilitatis
1671 2146 1733 2185 ac

198 2206 423 2260 virtutis
456 2195 628 2263 virum
655 2211 721 2263 ab
749 2209 1034 2266 Occidente
1068 2228 1125 2268 se
1145 2217 1436 2271 contulisse
1460 2219 1523 2270 ad
1576 2220 1729 2273 Com-

201 2309 426 2357 nenum,
461 2306 518 2351 ut
577 2299 622 2351 ei
680 2300 956 2354 militando
1007 2303 1307 2357 subsidium
1355 2305 1538 2360 ferret.
1599 2307 1730 2362 Eum

196 2386 383 2451 prndio
417 2389 644 2454 quodam
677 2390 727 2442 in
767 2394 974 2445 hostem
1022 2393 1308 2450 fortissime
1365 2399 1727 2466 dimicantem,

195 2475 506 2530 confossum
539 2479 602 2531 ab
633 2483 878 2536 hostibus
931 2497 1126 2550 equum
1159 2487 1419 2542 amisisse.
1459 2490 1591 2543 Tum
1631 2493 1730 2545 im-

200 2576 506 2633 peratorem
540 2567 874 2624 Comuenum
903 2576 1082 2630 fratris
1132 2578 1212 2630 sui
1247 2578 1371 2639 lilio,
1406 2580 1488 2632 eui
1537 2595 1729 2634 nomen

193 2664 341 2708 esset
370 2653 585 2715 lsacius.
649 2661 929 2715 mandasse
980 2672 1038 2716 ut
1086 2680 1151 2718 ex
1196 2681 1331 2731 equo
1361 2667 1729 2733 descendens,

194 2757 323 2795 eum
357 2744 468 2794 viro
494 2743 565 2796 illi
600 2744 720 2798 forti
748 2749 999 2803 traderet.
1034 2751 1144 2814 Qua
1181 2754 1393 2820 quidem
1427 2769 1482 2807 re
1535 2754 1728 2810 factam

196 2832 408 2884 lsacius
441 2834 698 2900 insignem
733 2836 833 2888 sibi
872 2849 1016 2890 ratus
1045 2839 1295 2911 injuriam
1318 2880 1331 2902 ,
1369 2841 1732 2910 desperabun-

193 2922 303 2973 dus
361 2922 424 2975 ad
476 2924 750 2978 sultanum
817 2926 1089 2980 Aladinem
1174 2944 1231 2982 se
1305 2933 1614 2995 contulerit,
1671 2947 1733 2988 ac

196 3010 400 3075 rejecta
434 3010 749 3078 desertaque
802 3013 901 3067 lidc
946 3015 1265 3079 Christiana,
1302 3017 1729 3074 Mallumetanam

197 3101 514 3168 religionem
552 3104 823 3170 amplexus
865 3104 1041 3158 fuerit.
1099 3106 1229 3160 ilinc
1279 3109 1553 3163 Aladinem
1591 3113 1638 3165 ci
1677 3113 1732 3164 li-

194 3192 327 3244 liam
357 3206 506 3244 suam
539 3194 750 3248 dedisse
781 3211 1022 3259 uxorem,
1053 3199 1299 3266 dolisque
1326 3204 1539 3254 nomine
1571 3204 1735 3258 multa
1762 3213 1804 3268 α

196 3280 402 3348 praedia
451 3296 566 3333 cum
597 3284 743 3349 pagis
799 3285 1142 3353 assignasse:
1197 3303 1331 3356 quos
1375 3290 1513 3344 inter
1568 3294 1727 3346 etiam

196 3370 514 3426 Otmanzica
549 3370 726 3424 fuerit.
760 3373 1014 3441 Adeoque
1048 3377 1584 3435 statuebatsultanus
1617 3380 1733 3434 Mu-
1787 3402 1789 3404 ·

195 3464 495 3523 chemetes,
522 3461 588 3512 ab
616 3460 715 3514 hoc
755 3461 924 3515 lsacio
955 3463 1227 3515 sultanum
1279 3465 1588 3530 Osinanem,
1640 3469 1734 3539 qui

197 3560 357 3619 pater
387 3559 439 3604 et
471 3558 660 3604 auctor
680 3559 761 3605 est
789 3551 972 3619 stirpis
1002 3551 1436 3618 Osmanidarum,
1469 3558 1730 3624 originem

196 3640 446 3696 duxisse.
478 3637 744 3693 Hactenus
773 3656 800 3692 a
833 3640 1183 3709 Spandugino
1241 3646 1432 3699 tradita
1484 3647 1736 3703 duximus

197 3728 695 3793 commemoranda,
737 3731 802 3782 de
858 3731 1052 3797 quibus
1094 3733 1358 3799 integrum
1415 3736 1597 3790 lectori
1651 3739 1738 3804 jn-

198 3819 408 3873 dicium
435 3817 807 3883 relinquimus.
841 3817 982 3871 Sane
1039 3822 1304 3888 reperitur
1340 3825 1477 3889 apud
1526 3826 1737 3883 Gracos

200 3909 515 3968 historicos,
550 3919 616 3959 ac
634 3907 925 3972 praesertim
962 3909 1101 3976 apud
1132 3907 1369 3962 Niectam
1400 3910 1733 3978 Cboniatem,

199 3998 408 4052 mentio
427 3995 685 4050 Comneni
723 3989 1019 4064 apostatae,
1059 3999 1152 4065 qui
1179 4008 1354 4052 tamen
1387 4016 1488 4054 non
1544 4002 1734 4070 lsacii,

197 4088 294 4140 sed
329 4083 550 4138 Joannis
581 4098 777 4137 nomen
818 4083 1082 4138 habuerit.
1112 4085 1317 4154 Quippe
1339 4103 1458 4142 cum
1502 4089 1748 4150 Joannes

197 4179 514 4230 (Iomneuus
572 4175 901 4244 imperator,
961 4191 1122 4245 quem
1173 4175 1552 4244 Calojoannem
1628 4199 1735 4237 non

198 4266 401 4328 forma,
437 4265 530 4318 sed
558 4264 795 4318 bonitate
824 4266 1105 4330 vocabant,
1162 4268 1218 4320 in
1249 4268 1526 4325 obsidione
1581 4272 1751 4344 395,

199 4355 571 4409 Neocaesaream
623 4354 825 4408 diutius
855 4355 1081 4411 haereret
1125 4373 1140 4410 :
1177 4356 1411 4412 Joannes
1462 4361 1610 4416 lsacii
1658 4378 1739 4417 se-

199 4443 616 4504 bastocratoris,
647 4443 829 4498 fratris
875 4446 994 4512 ejus
1047 4445 1210 4509 ﬁlius,
1265 4450 1355 4499 tali
1410 4450 1638 4518 quadam
1674 4453 1739 4504 ab

204 4537 540 4601 imperatore
573 4541 758 4599 patruo
793 4533 1032 4586 irritatus
1059 4534 1272 4602 injuria,
1295 4537 1505 4602 qualem
1553 4537 1732 4606 Span-
1765 4557 1813 4610 ι)

199 4624 443 4691 duginus
483 4621 751 4688 exposuit,
823 4620 960 4675 {cede
1005 4624 1289 4691 transfugit
1349 4627 1414 4679 ad
1475 4627 1740 4684 sultanum

201 4712 561 4773 luoniensem,
591 4711 857 4779 simulque
889 4711 1406 4768 musulmanissavit.
1444 4716 1592 4771 lianc
1637 4718 1744 4774 for-

202 4802 367 4854 lassis
403 4799 471 4851 ad
503 4799 782 4853 historiam
819 4801 896 4854 vel
944 4800 1340 4870 Spanduginus,
1395 4807 1478 4857 vel
1527 4805 1743 4860 Muelle-

202 4903 378 4944 metes
413 4891 731 4956 respexerit.
793 4890 868 4944 Ac
920 4890 1238 4945 Muchemeti
1299 4893 1537 4960 quidem,
1593 4895 1746 4963 longe

201 4981 454 5035 omnium
480 4982 779 5033 mortalium
830 4980 1297 5041 ambitiosissime,
1336 4984 1539 5035 natales
1584 4985 1747 5048 majo-

204 5089 331 5126 rum
373 5070 634 5122 obscuros
667 5071 1022 5136 displicuisse,
1056 5086 1162 5127 non
1195 5072 1389 5124 mirum
1433 5081 1513 5126 est
1540 5091 1572 5140 :_
1603 5074 1746 5126 idco-

202 5179 312 5230 que
343 5161 499 5213 iacile
532 5160 869 5222 crediderim,
915 5163 983 5212 ab
1014 5175 1078 5213 eo
1136 5162 1411 5228 quaesitam
1463 5161 1625 5217 fuisse
1680 5163 1745 5217 de

204 5251 477 5303 industria
514 5250 800 5316 quamdam
841 5264 1058 5301 suorum
1106 5251 1171 5303 ab
1200 5253 1406 5320 origine
1467 5253 1633 5321 magis
1686 5254 1743 5307 il-

206 5339 366 5394 lustri
414 5337 951 5391 commendationem.
1017 5335 1123 5390 lloc
1177 5348 1351 5393 tamen
1412 5345 1626 5396 minime
1668 5343 1743 5396 si-

207 5432 375 5484 lentio
410 5428 860 5496 praetereundum,
890 5428 1114 5493 Tui-cos,
1170 5438 1446 5483 auctorum
1483 5433 1742 5488 bonorum

209 5531 499 5576 consensu,
564 5529 667 5566 non
720 5530 750 5567 e
804 5514 1039 5578 Tataria,
1089 5518 1178 5569 scd
1242 5515 1420 5568 Persia
1451 5559 1464 5579 ,
1514 5521 1743 5584 pulsosa

217 5610 442 5668 l‘ataris,
471 5605 524 5658 in
579 5602 756 5655 Asiam
789 5603 1048 5654 minorem
1107 5603 1500 5671 commigrasse.
1539 5606 1649 5669 Qua
1680 5608 1745 5659 de

214 5713 373 5754 causa
402 5693 620 5749 Graecia:
683 5691 880 5742 Praetor
930 5706 1076 5744 meus
1135 5693 1356 5746 necdum
1409 5695 1597 5755 editus,
1654 5698 1740 5762 qui

216 5783 754 5850 Uouslmntinnpulcus
812 5795 838 5832 a
877 5777 1117 5833 Flandris
1175 5790 1358 5849 Captae,
1422 5799 1742 5853 rursumque

1833 679 2042 744 xaginta
2067 680 2182 748 plus
2225 680 2397 731 minus
2445 691 2706 730 annorum
2762 675 3065 744 descripsit,
3113 677 3354 728 suitanos

1831 769 2280 824 Musulma‘norum
2343 767 2687 828 iconienses,
2767 765 3006 818 Aladinis
3065 763 3354 832 posteros,

1830 861 2176 915 Azatinemet
2204 856 2500 912 Jathatines
2527 857 2684 919 duos,
2709 853 3032 910 Persarchas
3101 845 3352 922 appellat,

1830 949 1970 1016 quod
2004 964 2033 1002 e
2060 947 2243 1022 Persia
2274 946 2522 1015 profectis
2571 947 2621 998 in
2665 958 2724 997 ea
2781 944 3004 998 minoris
3054 944 3190 997 Asia
3243 942 3354 996 loca

1830 1037 2041 1107 populis
2070 1053 2192 1092 cum
2251 1037 2477 1106 imperio
2528 1043 2834 1103 praeessent.
2884 1033 3027 1088 idem
3076 1033 3361 1088 observare

1829 1128 1970 1190 licet,
1999 1129 2063 1181 ab
2092 1128 2211 1184 aliis
2248 1127 2406 1180 etiam
2457 1126 2566 1178 tieri
2597 1124 2794 1178 Graecis
2819 1123 3109 1178 historicis.
3154 1123 3235 1179 Au
3264 1138 3359 1176 au-

1830 1228 2020 1272 tcmex
2049 1215 2366 1270 Tatarorum
2394 1215 2720 1282 regionibus.
2767 1221 2820 1266 et
2843 1205 3036 1280 quibus
3103 1213 3360 1280 tempori—

1831 1308 1952 1371 bus,
1998 1307 2048 1358 in
2105 1303 2340 1358 Persiam
2401 1302 2828 1372 eommigrarint,
2885 1303 2972 1355 hic
3020 1301 3212 1367 exponi
3252 1315 3358 1356 nou

1830 1407 1912 1448 cst
1944 1408 2181 1456 necesse,
2211 1407 2274 1446 ne
2305 1392 2466 1446 nimis
2490 1400 2763 1445 excrescit
2791 1389 3200 1445 commentatio.

2167 1505 2220 1558 2.
2250 1503 2414 1568 Aiem,
2462 1501 2774 1565 Padiscach,
2815 1498 3022 1554 Sultan.

1899 1618 2048 1683 Quod
2077 1616 2399 1685 Oguziorum
2451 1615 2657 1670 familia
2708 1614 3047 1668 successione
3107 1619 3357 1679 perpetua

1833 1724 2008 1761 rerum
2034 1708 2171 1776 apud
2223 1705 2450 1761 Parthos
2492 1707 2657 1776 potita
2694 1706 2859 1759 fuisse
2899 1702 3129 1763 dicitur,
3186 1701 3236 1753 id
3273 1699 3358 1752 his

1832 1798 1941 1849 fere
1963 1797 2136 1851 verbis
2168 1797 2219 1848 iu
2264 1795 2553 1863 archetypo
2578 1793 2803 1846 Turcico
2831 1791 3050 1858 legitur:
3076 1787 3148 1841 De
3189 1786 3356 1854 stirpe
3424 1839 3440 1857 ,,

1766 1885 1885 1955 Bin
1916 1886 2137 1952 stirpem
2206 1885 2352 1957 fuere
2416 1880 2829 1937 Padischachler
2874 1881 2925 1933 in
3003 1878 3174 1930 Aiem.
3235 1867 3362 1938 Quin

1832 1976 1991 2029 verba
2026 1985 2081 2027 ut
2124 1975 2505 2040 intelligantur,
2558 1972 2854 2035 sciendum,
2905 1986 2934 2024 a
2977 1969 3166 2023 Turcis
3212 1969 3359 2020 Aiem
3398 1977 3411 2011 κ

1835 2063 2056 2131 Vilaget,
2083 2064 2163 2116 vel
2193 2065 2342 2117 Aiem
2387 2061 2680 2126 Memleket,
2739 2062 2914 2114 vocari
2966 2061 3234 2128 regionem
3280 2059 3360 2110 vel

1833 2167 2056 2221 regnum
2110 2151 2390 2205 Persarum
2425 2163 2486 2203 ac
2537 2149 2904 2203 Parthorum:
2953 2145 3369 2201 Padischarbler.

1833 2251 2010 2296 autem
2065 2256 2292 2296 numero
2360 2239 2754 2303 multitudinis,
2813 2252 2841 2291 a
2902 2235 3158 2306 singulari
3210 2233 3361 2286 Padiv

1831 2332 2050 2391 srbach,
2080 2346 2201 2385 esse
2225 2345 2508 2399 supremos
2562 2329 2833 2396 principes
2860 2331 2973 2382 sive
3014 2326 3266 2382 Scachos.
3296 2313 3364 2376 ile
3393 2372 3396 2374 .

1832 2436 1933 2489 qua
1959 2435 2083 2474 voce
2123 2420 2282 2489 paulo
2309 2429 2431 2472 ante
2484 2418 2704 2472 dictum.
2750 2407 2968 2471 Rectius
3009 2416 3147 2468 enim
3203 2413 3361 2466 Padi-

1833 2513 2026 2568 schach
2076 2511 2443 2578 interpreteris
2489 2508 2892 2571 Pantocratora,
2959 2505 3105 2557 velut
3169 2503 3365 2556 haben-

1835 2614 1934 2658 tem
1966 2603 2270 2656 universum
2299 2600 2603 2669 imperium,
2628 2612 2910 2667 regemque
2939 2611 3140 2662 regum,
3198 2610 3355 2662 quam

1833 2694 1875 2750 si
1905 2708 2083 2748 vocem
2117 2692 2310 2746 sultani
2341 2693 2421 2745 sic
2453 2691 2708 2759 explices,
2739 2689 2877 2757 quod
2909 2686 3171 2740 Cedrinus
3215 2687 3355 2740 fecit.

1833 2783 2034 2836 Etenim
2068 2784 2157 2850 qui
2183 2781 2374 2836 Turcis
2429 2783 2676 2835 sultanus
2711 2790 2814 2840 est,
2872 2781 3073 2835 Graecis
3105 2780 3363 2844 hodieque

1834 2888 2015 2926 vocem
2077 2874 2216 2924 hanc
2286 2872 2464 2939 lingua
2546 2885 2639 2925 sua
2691 2869 3057 2932 reddentibus,
3107 2867 3363 2936 Aphentis

1835 2963 1911 3016 vel
1952 2964 2135 3031 Megas
2189 2963 2450 3030 Aphentis
2504 2961 2697 3014 dicitur
2729 2967 3031 3027 :‘corrupto
3095 2955 3360 3016 nonnihil,

1834 3053 2037 3104 ratione
2058 3051 2520 3118 pronuntiationis,
2546 3051 2762 3117 antiquo
2786 3049 3042 3102 vocabulo
3067 3046 3353 3109 αὐθέντης.

1834 3143 1988 3208 cujus
2014 3151 2097 3193 est
2145 3154 2270 3194 nuta
2317 3139 2654 3205 signiﬁcatio.
2714 3137 2978 3192 Laonicus
3033 3136 3168 3188 libro
3220 3145 3362 3186 nono

1836 3231 2152 3285 lliuchemeti
2186 3231 2421 3286 secundo
2454 3231 2665 3285 titulum
2695 3231 2835 3284 hunc
2860 3228 3062 3283 tribuit.
3095 3225 3361 3292 Plaueque

1833 3313 2029 3376 nostris
2067 3321 2225 3375 etiam
2271 3320 2570 3376 Turcorum
2625 3322 2889 3390 princeps,
2924 3321 2977 3373 in
3034 3315 3363 3388 quotidianis

1836 3413 2191 3474 sermonibus,
2228 3427 2504 3481 nunquam
2539 3413 2714 3475 aliter,
2739 3426 2896 3479 quam
2921 3409 2959 3462 il
2984 3407 3152 3477 grand
3177 3404 3366 3473 Siguor

1835 3497 2159 3566 appellatur;
2189 3500 2328 3568 quod
2381 3499 2595 3567 quidem
2629 3500 2684 3552 lit
2737 3497 3031 3551 imitatione
3070 3493 3364 3547 Turcorum

1829 3574 2273 3655 Grzecorunique.
2337 3587 2412 3640 Ne
2480 3587 2651 3640 dicam
2705 3588 3004 3656 Aythonum
3055 3583 3363 3638 Armenium

1836 3691 2049 3745 quoque
2109 3678 2339 3741 tradere,
2401 3679 2667 3732 sultanum
2727 3676 3012 3747 Agarensis
3063 3674 3364 3743 signiﬁcare

1815 3750 2135 3824 ‘dominum.
2193 3767 2344 3833 Quod
2417 3777 2592 3821 autem
2672 3767 2811 3836 apud
2888 3764 3362 3833 Chalcocondylem

1839 3854 2017 3906 Parthi
2042 3865 2096 3908 et
2125 3853 2269 3906 Pera:
2301 3855 2432 3907 dicti
2490 3855 2740 3921 leguntur
2795 3853 3049 3916 Arzamii,
3117 3867 3178 3906 ex
3236 3853 3367 3906 scri-

1837 3953 1991 4010 ptura
2061 3945 2245 3997 vitiosa
2298 3943 2589 4012 profectum
2658 3951 2805 4010 puto.
2855 3943 2988 3995 Nam
3023 3942 3224 3996 Azamii
3282 3943 3364 3996 vel

1839 4033 2038 4087 Azemii
2100 4033 2298 4089 rectius
2353 4035 2677 4096 scribentur,
2731 4031 2873 4100 quod
2932 4030 3070 4084 idem
3124 4040 3204 4085 est
3242 4045 3363 4085 cum

1838 4123 2060 4178 Aiemiis
2090 4135 2306 4193 propter
2334 4124 2639 4179 afﬁnitatem
2671 4125 2966 4177 litterarum
3026 4120 3065 4183 l,
3098 4121 3162 4186 G,
3196 4132 3246 4174 et
3302 4122 3364 4185 Ζ,

1839 4221 1962 4268 ante
2011 4214 2237 4269 litteram
2276 4215 2316 4268 Ε
2348 4217 2664 4283 positarum,
2722 4215 2882 4269 etiam
2948 4213 3084 4281 apud
3111 4211 3266 4264 italos
3318 4223 3371 4263 et

1840 4301 2039 4356 Gallos.
2069 4301 2335 4366 Geufrzeo,
2366 4303 2455 4372 qui
2481 4303 2754 4356 Azamiam
2779 4301 2973 4354 dictam
3004 4299 3113 4351 vult
3154 4299 3219 4350 ab
3267 4298 3367 4353 As-

1841 4390 2094 4458 sambego
2149 4393 2278 4460 (quo
2314 4392 2530 4445 nomine
2589 4389 2715 4444 alibi
2766 4399 2938 4454 vocat,
2993 4402 3149 4456 quem
3200 4385 3367 4441 Usum

1841 4480 2134 4533 Chasanem
2169 4479 2326 4533 Turei
2350 4480 2552 4547 dixere)
2585 4479 2724 4533 sicut
2750 4493 2778 4531 a
2825 4477 3224 4548 Caramanbego
3271 4477 3374 4531 Ca-

1839 4571 2271 4639 ramaniam,per
2297 4585 2378 4624 me
2424 4569 2664 4638 quidem,
2706 4577 2762 4622 ut
2814 4570 2882 4622 ita
2942 4569 3156 4632 sentiat,
3206 4567 3368 4621 licet:

1843 4661 2057 4729 quando
2103 4661 2267 4714 libere
2328 4661 2509 4729 quivis
2559 4645 2863 4728 opinionem
2925 4671 3074 4712 suam
3136 4657 3373 4725 proferre

1845 4759 2036 4816 potest.
2069 4747 2197 4801 Nam
2223 4747 2436 4803 tametsi
2468 4762 2573 4801 non
2632 4749 2726 4801 abs
2762 4760 2819 4801 re
2844 4747 2964 4812 quis
2989 4746 3238 4813 objecerit
3269 4746 3373 4800 dis-

1844 4838 2246 4890 similitudinem
2271 4834 2458 4890 vo’cum
2490 4836 2639 4888 Aiem
2665 4844 2715 4889 et
2742 4835 2974 4898 Cbasan,
3004 4842 3178 4909 tamen
3207 4835 3373 4901 pluris
3430 4878 3433 4882 .

1845 4926 1942 4979 hoc
1978 4925 2312 4987 faciundum,
2344 4924 2480 4992 quod
2519 4924 2656 4978 idem
2706 4923 2805 4976 sibi
2860 4935 3047 4991 parum
3079 4921 3201 4975 alibi
3243 4936 3372 4974 con-

1846 5026 1967 5079 stat,
2000 5017 2123 5069 dum
2155 5016 2228 5068 ait
2252 5015 2316 5067 ab
2348 5016 2568 5079 Aramo,
2618 5013 2767 5068 Semi
2792 5012 2853 5067 F.
2883 5011 3046 5066 Nolim
3077 5012 3143 5065 N.
3169 5011 3369 5079 Syriam

1844 5110 2034 5162 dictam
2066 5109 2358 5170 Azatuiam,
2390 5107 2542 5174 quasi
2585 5105 2878 5160 Aramiam.
2934 5103 3047 5155 Non
3079 5105 3216 5156 enim
3284 5115 3372 5167 pa-

1848 5212 2009 5249 ruma
2046 5196 2238 5259 Persis,
2266 5204 2319 5249 et
2350 5195 2579 5257 Parthis,
2603 5192 2719 5260 Syri
2747 5191 2946 5244 distant
2976 5207 2996 5242 ξ
3023 5199 3077 5243 ut
3117 5207 3219 5245 non
3275 5192 3369 5242 im-

1847 5285 2034 5336 mcrito
2066 5284 2185 5350 quis
2239 5283 2480 5335 Geume
2534 5280 2868 5350 proverbium
2930 5289 3080 5333 vetus
3127 5279 3368 5335 Grmcum

1845 5372 2095 5439 objecerit
2129 5391 2139 5423 :
2176 5370 2309 5424 Sunt
2360 5371 2586 5439 separati
2616 5370 2746 5423 lines
2794 5370 3054 5438 Lydorum
3117 5380 3166 5422 et
3207 5370 3373 5442 Pliry-

1845 5480 1986 5530 gum.

1844 5555 1894 5606 5.
1927 5551 2088 5609 Chan,
2131 5550 2233 5602 Ulu
2267 5550 2406 5603 Chan
2433 5591 2447 5616 ,
2483 5550 2785 5618 Huuggiar,
2831 5551 3085 5613 Ilurtclter,
3139 5552 3366 5615 Seriplte,

1913 5621 2158 5738 gitali]:e,
2206 5620 2452 5681 Clu'tat'a,
2508 5620 2768 5671 Chorasan
2798 5658 2812 5681 ,
2870 5619 3042 5682 Belcli,
3107 5620 3368 5683 Mucium,

1961 5699 2113 5738 ulut't.

1915 5778 2014 5841 Qui
2049 5776 2236 5828 Turcis
2268 5786 2344 5828 est
2370 5775 2546 5843 lingis
2571 5776 2736 5839 Cbun,
2773 5774 3073 5828 licit'accnsi
3106 5787 3181 5828 cst
3209 5773 3372 5829 Chilto
