4032 6344
628 507 635 514 .
675 453 782 516 797

1876 457 2188 518 JOANNIS
2216 419 2671 526 Lstiscmrtt
3673 461 3678 463 ‘
3767 459 3832 522 72

675 567 757 628 gis
791 564 983 624 Cbam,
1015 562 1156 629 qttod
1191 561 1326 615 idem
1368 571 1449 616 est
1500 564 1938 631 pronuntiatione
1994 570 2221 624 Gallica.
2256 575 2292 626 Α
2328 582 2566 623 εει-οτιιω
2595 571 2954 638 Augustorum
2987 571 3308 634 respondere
3328 569 3658 640 volunt,quo
3680 587 3738 625 se
3773 572 3874 625 im-

675 656 746 710 Ex
779 647 1155 724 Pa'ebymetio,
1220 657 1530 722 rmterisque
1579 655 1910 717 Grzecisnton
1975 659 2213 722 Tzinkis,

656 747 755 801 xei
784 745 1020 806 Taiocis,
1056 745 1152 801 sed
1177 746 1393 815 Tzingis
1423 746 1532 800 Cen
1569 749 1729 801 scribi
1763 749 1940 809 debet,
2005 750 2219 802 ratione

675 835 1123 903 pronuntiationis
1154 838 1383 891 usitatas.
1433 824 1597 892 'Estat
1641 838 1772 892 liber
1833 839 2061 909 Aytboni
2119 844 2217 892 Ar-

650 946 706 990 ,n
731 927 856 988 enii,
887 928 977 994 qui
1011 940 1062 981 t-t
1097 927 1405 983 Curchinus
1439 924 1674 992 vocatur,
1711 942 1761 983 et
1811 931 2074 984 Antonius
2103 946 2220 984 rre-

614 1015 616 1017 ’
676 1017 820 1069 ditur
856 1032 884 1070 a
920 1017 1241 1085 quibusdam
1292 1020 1457 1074 fuisse
1515 1021 1690 1073 dictus
1758 1031 1872 1088 post.
1941 1033 2212 1090 sumptum

675 1107 1032 1160 monasticum
1071 1109 1348 1161 habitum:
1383 1124 1503 1162 cum
1544 1110 1980 1178 Aytbonusidt-m
2035 1112 2213 1164 videa-

673 1208 759 1248 tur
808 1213 928 1251 esse
984 1214 1102 1252 cum
1159 1199 1433 1252 Antonio:
1487 1211 1540 1254 et
1591 1201 1895 1257 Curehinus
1954 1220 1980 1260 a
2032 1214 2218 1257 sancto

672 1288 900 1352 Georgio
932 1289 1132 1342 factum
1184 1306 1378 1344 nomen
1425 1291 1515 1351 sit,
1581 1295 2035 1360 quemadmodum
2082 1293 2217 1347 Cur-

670 1379 812 1432 chini
846 1381 926 1433 vel
957 1375 1179 1450 Curgini
1203 1384 1454 1438 dicuntur
1491 1384 1653 1437 etiam
1700 1385 1858 1436 hodie
1903 1383 2213 1451 Georgiaui,

671 1472 760 1536 qui
793 1473 1062 1528 Armeniis
1101 1476 1263 1530 vicini
1299 1491 1327 1530 a
1375 1476 1544 1531 sancti
1602 1475 1815 1544 Georgii
1867 1476 2214 1528 veneratione

669 1563 793 1617 dicti
831 1572 1084 1630 putantur
1124 1565 1434 1634 Georgiani,
1489 1566 1634 1624 sicut
1691 1581 1720 1619 a
1785 1575 1971 1620 sancto
2015 1563 2214 1618 Jacobo

666 1653 906 1709 Jacohini
934 1666 984 1708 et
1010 1655 1291 1721 Jacobitae,
1349 1673 1578 1725 quorum
1641 1656 1958 1726 patriarcha:
2015 1671 2208 1710 nomen

666 1744 857 1803 vitiose
890 1746 1148 1814 set-iptum
1176 1746 1366 1816 legitur
1395 1749 1538 1813 apud
1574 1745 1810 1799 Marcum
1845 1745 2069 1819 Paulum
2109 1746 2210 1798 Ve.-

667 1846 845 1890 netum
878 1836 1128 1900 lacelieh,
1163 1853 1258 1904 pro
1289 1837 1555 1898 Catolich.
1611 1837 1704 1904 qui
1752 1835 2060 1891 Catholicus
2108 1848 2206 1891 est.

623 1958 625 1961 -
666 1926 714 1982 Is
755 1929 983 1997 Aythoni
1037 1928 1172 1982 liber
1196 1943 1391 1982 nomen
1442 1928 1600 1982 habet
1628 1927 1809 1996 Zingis
1856 1928 2014 1997 hujus
2076 1945 2210 1982 non-

668 2019 799 2073 nihil
832 2019 1193 2082 immutatum,
1223 2019 1470 2084 videlicet
1497 2019 1755 2085 Changis,
1785 2018 1926 2072 unde
1973 2019 2207 2088 Congius

664 2113 825 2166 etiam
856 2112 965 2165 Can
997 2112 1065 2165 ab
1093 2112 1213 2166 aliis
1242 2121 1484 2166 vocatur.
1537 2111 1740 2166 Cbanis
1773 2113 1853 2166 vel
1902 2089 2066 2165 lianis
2096 2113 2207 2180 (as-

661 2203 931 2268 piratione
965 2201 1112 2272 forti)
1143 2201 1424 2270 appellatio
1465 2217 1720 2271 perquam
1779 2203 1972 2257 usitata
2027 2202 2206 2257 Persis

601 2358 605 2363 _
659 2303 713 2347 t-t
745 2291 957 2347 Tataris
992 2303 1093 2355 est,
1123 2295 1265 2360 apud
1291 2307 1427 2361 quos
1457 2307 1606 2357 reges
1632 2302 1685 2346 et
1716 2294 2008 2362 principes,
2035 2294 2197 2348 etiam

663 2384 928 2451 minorum
955 2383 1038 2454 (ιιι
1065 2383 1171 2436 dici
1199 2383 1358 2452 solet)
1383 2384 1644 2452 gentium,
1682 2383 1895 2438 Cbanes
1923 2385 2199 2438 dicuntur:

658 2475 805 2530 verbi
830 2475 1021 2544 gratia,
1079 2473 1238 2528 Kerai
1293 2474 1465 2534 Cltan,
1498 2474 1730 2528 Crimski
1765 2475 1950 2539 Chan,
1994 2475 2200 2544 Precop

654 2566 823 2623 Chan.
862 2565 1026 2635 Νοεθί
1058 2565 1228 2630 Chan,
1259 2565 1732 2630 SebemhalChan,
1785 2565 1977 2619 Masud
2025 2568 2197 2630 Cban,

654 2667 708 2710 et
736 2657 850 2722 alii,
881 2657 1107 2726 quurum
1137 2658 1189 2710 in
1229 2657 1515 2712 Annalium
1550 2673 1765 2732 quoque
1820 2657 2200 2726 Supplementa

655 2748 791 2805 facta
817 2749 1038 2804 mentio.
1070 2749 1158 2804 Sic
1184 2749 1346 2804 etiam
1379 2749 1519 2803 inter
1573 2748 1985 2806 Osmanidarutn
2034 2751 2199 2819 majo-

655 2856 742 2896 res
802 2841 853 2894 in
884 2840 1189 2911 genealogis
1249 2841 1468 2909 quidam
1527 2841 1662 2897 Cara
1738 2841 1875 2895 chan
1961 2843 2192 2911 legitur,

652 2946 762 3002 quo
790 2930 1121 2998 signiﬁcatur
1145 2947 1238 2985 rex
1272 2940 1365 2988 aut
1415 2931 1662 3000 princeps
1692 2932 1860 3001 niger.
1916 2933 2192 2988 Cou-imili

651 3020 859 3075 ratione
882 3019 970 3074 lilii
999 3020 1302 3089 principum
1333 3021 1663 3090 Chanoglaui
1710 3033 1989 3090 vocantur.
2025 3022 2192 3092 [tepe-

653 3112 787 3166 ritur
813 3113 865 3169 in
895 3113 1135 3168 historiis
1165 3110 1365 3168 Grecis
1383 3122 1434 3166 et
1461 3113 1666 3168 Latinis
1707 3128 1901 3169 nomen
1954 3115 2190 3181 (Πιθεπηί

649 3204 996 3274 395-399
1021 3205 1279 3269 Avarum,
1302 3204 1444 3272 quod
1475 3205 1614 3258 idem
1648 3217 1730 3259 est
1759 3221 1880 3258 eum
1907 3203 2009 3258 hoc
2039 3207 2187 3260 Chao

2329 672 2611 727 pet-atores
2639 661 2877 715 (ἕαδεν-εδ
2902 661 3189 726 appelhut.
3219 660 3280 713 Et
3305 663 3534 729 printum
3559 677 3624 716 eo
3653 665 3871 717 tradunt

2323 769 2475 802 nsum
2513 750 2901 806 .‘lluchemetent
2963 753 3282 817 secundum,
3310 762 3427 820 post
3481 763 3691 822 captam
3728 755 3866 807 Con-

2321 839 2750 908 stantinopolim,
2810 841 2990 894 sedem
3065 841 3347 894 orientalis
3411 843 3646 910 imperii,
3705 860 3869 912 quem

2319 931 2507 984 imitati
2541 940 2667 984 sunt
2696 919 2962 999 Bajazites
2997 931 3175 990 ﬁlius.-
3197 941 3250 984 et
3279 930 3504 987 Selimes
3533 949 3718 1002 nepos.
3747 936 3869 999 Qua

2318 1021 2383 1074 de
2406 1037 2591 1085 causa,
2625 1021 2818 1089 partim
2877 1032 2933 1073 ut
2959 1022 3333 1085 ambitionem,
3365 1027 3557 1092 partim
3595 1036 3652 1080 ut
3679 1043 3871 1096 super.

2318 1112 2590 1166 Stitiouem
2623 1126 2832 1179 eorum.
2863 1113 2932 1166 ab
2970 1130 3061 1168 esu
3092 1115 3262 1168 suilla:
3283 1115 3711 1183 abhorrentium,
3740 1119 3867 1172 irri-

2317 1202 2468 1256 deret
2497 1205 2727 1280 scachus
2758 1204 2936 1257 Ismail
2967 1205 3192 1271 primus.
3224 1222 3252 1260 a
3316 1223 3420 1276 quo
3485 1208 3862 1276 Sophinorum

2316 1293 2454 1360 aptul
2489 1291 2680 1346 Persas
2731 1294 3027 1362 profectum
3095 1312 3288 1349 nomen
3338 1306 3439 1359 est,
3497 1298 3864 1366 prmpingucnt

2316 1384 2456 1434 alere.
2494 1397 2720 1450 porcum
2782 1383 3008 1447 Solebat,
3043 1385 3130 1438 cui
3163 1399 3360 1438 nomen
3390 1385 3510 1452 ejus
3561 1385 3865 1440 'l'urcornm

2316 1471 2533 1524 imlehat
2557 1472 2835 1540 principis,
2891 1472 2984 1541 qui
3013 1483 3138 1526 tunc
3187 1489 3363 1527 rerum
3403 1476 3713 1544 potiebatur
3747 1495 3761 1530 :
3803 1488 3865 1530 ιιι

2315 1561 2396 1611 vel
2428 1557 2646 1614 Hunker
2671 1560 2893 1629 Bajazit,
2923 1564 3004 1616 vel
3041 1563 3259 1617 lluuker
3279 1565 3442 1619 Selim
3475 1568 3861 1635 appellaretur.

2318 1651 2554 1718 Denique
2583 1651 2932 1720 Seripharum
2961 1655 3120 1707 etiam
3162 1656 3374 1709 titulum
3422 1657 3542 1714 sibi,
3587 1659 3862 1717 tribuunt.

2312 1750 2365 1793 et
2395 1740 2727 1795 Chalifarunt
2759 1759 2954 1799 nomen
2982 1761 3047 1800 ne
3069 1747 3226 1802 hodie
3257 1749 3472 1816 quidem
3509 1750 3698 1815 vitant,
3720 1751 3865 1802 velut

2314 1831 2660 1896 invidiosum,
2694 1837 2981 1905 potiusque
3012 1846 3326 1905 competens
3353 1839 3513 1892 editis
3537 1839 3863 1894 Mabumetis

2315 1923 2600 1990 sanguine,
2669 1926 3122 1993 quemadmodum
3190 1925 3460 1982 Reinerus
3514 1919 3861 1993 Reineccins,

2313 2011 2518 2067 amicus
2544 2023 2726 2068 uoster
2757 2017 2982 2083 putavit.
3015 2016 3145 2070 Nam
3176 2018 3262 2072 hic
3293 2011 3509 2088 quoque
3531 2019 3766 2074 Mural‘es
3795 2037 3864 2074 eo

2311 2117 2366 2156 se
2394 2115 2552 2163 ornat
2589 2106 2751 2159 titulo
2774 2107 2824 2160 in
2854 2107 3046 2160 litteris
3063 2107 3540 2176 aii-imperatorem
3581 2121 3860 2176 nostrum,

2307 2208 2533 2258 quarunt
2573 2197 2815 2264 exempla
2849 2196 2979 2263 vidi,
3033 2183 3382 2267 ersnperius
3411 2203 3612 2256 de'hoc
3637 2217 3665 2254 a
3702 2203 3865 2256 nobis

2309 2285 2765 2351 notataqumdatn
2795 2295 2920 2340 sunt
2953 2288 3365 2357 inespositione
3415 2306 3701 2343 causarum
3761 2292 3862 2345 de-

2303 2374 2543 2430 cennalis
2570 2365 2726 2444 hujus
2750 2377 2896 2440 belli,
2922 2379 3064 2447 quod
3098 2381 3240 2433 inter
3303 2379 3576 2448 Supitinos
3639 2391 3694 2436 et
3753 2382 3863 2438 Os-

2303 2465 2541 2519 nianicos
2561 2465 2733 2518 adhuc
2789 2469 3014 2534 geritur.
3061 2469 3302 2524 Diximus
3355 2470 3522 2534 enim,
3569 2470 3858 2541 Chaliphis

2303 2571 2494 2608 nomen
2525 2556 2832 2626 signiﬁcare
2861 2558 3145 2625 vicarium,
3201 2564 3279 2616 vel
3311 2577 3709 2624 successorem.
3767 2566 3858 2618 ve!

2303 2646 2566 2700 bmredem
2599 2649 2880 2718 prapheta:
2908 2649 3230 2706 Mabumetis
3261 2675 3272 2708 :
3300 2654 3668 2710 etOsntanicis
3732 2672 3858 2724 per-

2299 2751 2520 2790 suasum
2555 2754 2694 2804 esse,
2730 2742 3022 2810 principem
3059 2749 3218 2796 suum
3269 2759 3388 2799 esse
3414 2746 3709 2815 Chaliphen
3749 2750 3857 2800 hu-

2293 2829 2382 2896 jus
2412 2831 2617 2885 sa’culi.
2645 2830 2950 2886 Secundum
2973 2835 3305 2904 Chaliphon,
3342 2839 3622 2904 prosimus
3639 2847 3721 2891 est
3747 2839 3852 2892 Se-

2297 2922 2466 2989 riphis
2497 2923 2664 2992 logus.
2709 2925 2797 2980 Sic
2819 2928 2961 2979 enim
2985 2937 3036 2979 et
3061 2920 3351 2993 Cedrinus,
3386 2943 3438 2983 et
3466 2929 3707 2982 Zonaras
3739 2939 3860 2982 tra-

2295 3013 2566 3075 dideruut,
2592 3014 2840 3085 Seriphis
2861 3005 3055 3072 nomen
3088 3023 3227 3089 apud
3277 3021 3692 3075 Mahnmetanos
3724 3039 3855 3076 eain

2297 3114 2535 3170 respectu
2564 3105 2839 3176 Chaliplm
2903 3108 3168 3163 rationem
3222 3113 3439 3172 trahere,
3503 3126 3623 3178 quae
3683 3113 3858 3168 fuerit

2274 3197 2431 3263 apud
2462 3196 2678 3252 Graecos
2711 3200 2838 3250 oliui
2879 3201 3101 3269 syucelli
3154 3201 3227 3253 ad‘
3272 3202 3655 3268 patriarchant,
3719 3219 3853 3257 cum

651 3292 729 3345 νρι
761 3292 1006 3345 cnam",
1038 3288 1168 3345 Nam
1195 3291 1430 3346 Avarum
1466 3293 1576 3346 sive
1603 3293 1966 3347 Chazarorum
2020 3297 2189 3363 patria
2213 3317 2259 3380 α
2297 3297 2509 3341 mortuo
2544 3290 2876 3353 patriarcha,
2917 3307 3032 3342 mox
3071 3292 3123 3344 in
3142 3292 3262 3360 ejus
3320 3293 3512 3347 solium
3572 3295 3856 3364 syncellus

647 3382 1015 3438 Chersonesus
1037 3392 1119 3437 est
1142 3381 1393 3449 Taurica,
1427 3400 1544 3450 qua:
1581 3383 1842 3452 hodieque
1870 3398 2000 3440 suos
2032 3387 2189 3441 habet

644 3475 928 3529 Chahattes
957 3492 973 3529 :
998 3473 1263 3529 Maximus
1288 3489 1414 3528 vero
1437 3475 1759 3530 Tatarorum
1780 3478 2022 3531 omnium
2049 3479 2186 3532 chan

605 3612 608 3614 .
647 3571 732 3621 cui
773 3568 1002 3638 sutjceti
1037 3579 1166 3624 sunt
1195 3567 1411 3624 Chanes
1443 3569 1642 3630 caeteri,
1677 3571 1875 3638 quique
1907 3569 2187 3624 Chitaiuus

645 3659 897 3726 appellari
923 3659 1080 3721 solet,
1099 3658 1173 3710 uti
1199 3661 1380 3712 statim
1406 3659 1600 3712 dicturi
1617 3641 1830 3714 sumus.
1855 3660 2186 3712 excellentia:

643 3766 830 3815 causa,
859 3766 962 3820 qua
991 3752 1199 3805 cunctis
1228 3751 1349 3804 aliis
1400 3762 1636 3816 praestat,
1675 3750 1775 3804 Ulu
1807 3752 1955 3804 Chan
2013 3754 2184 3804 nomi-

645 3853 820 3905 natur,
848 3845 944 3898 hoc
970 3853 1073 3906 est,
1096 3858 1344 3912 magnus,
1371 3844 1448 3898 vel
1509 3844 1682 3912 potius
1717 3845 1964 3898 exCelsus
2011 3844 2178 3900 Clum.

647 3935 794 3989 Unde
833 3938 1051 3998 factum,
1087 3943 1144 3989 ut
1195 3936 1574 4004 Spandugiuus
1609 3946 1660 3989 ct
1711 3935 1896 3990 Jovins
1943 3937 2181 3990 Chanem

645 4029 1064 4092 interpretentur
1087 4026 1484 4092 imperatorem.
1521 4024 1729 4079 Turcici
1764 4041 2009 4094 ,quoqne
2037 4025 2182 4079 «Sul-

640 4117 748 4172 tani
775 4127 891 4185 post
914 4117 1201 4170 Osmanem
1225 4105 1428 4180 Casini,
1450 4117 1726 4172 seilbaues
1753 4119 1858 4171 dici
1877 4120 2180 4184 voluerunt,

641 4223 695 4262 ut
727 4227 788 4263 ex
813 4211 1116 4279 genealogis
1148 4218 1315 4277 paret,
1351 4209 1511 4275 idqnc
1541 4210 1768 4261 retinent
1793 4211 1842 4261 in
1865 4210 2179 4263 hodiernum

639 4314 808 4364 usque
837 4297 1000 4351 diem.
1034 4298 1180 4351 Solet
1209 4299 1376 4361 cnim,
1411 4313 1559 4350 more
1606 4298 1890 4365 majorum,
1949 4299 2181 4354 Muratcs

641 4391 738 4441 iste
770 4389 959 4440 tertius
976 4393 1077 4442 hoc
1103 4387 1181 4441 uti
1209 4388 1522 4456 plerumque
1557 4389 1710 4443 titulo
1742 4407 1753 4442 :
1784 4387 1969 4442 Sultan
2005 4390 2177 4444 Muret

634 4483 787 4540 chon,
817 4479 1102 4532 biitsultait
1153 4479 1316 4532 Selim
1349 4481 1502 4542 cltan,
1566 4481 1887 4546 clntuzufcru
1944 4484 2118 4534 daima
2156 4501 2174 4545 ;

2291 3376 2670 3433 conocaretur.
2695 3378 2804 3434 Hoc
2832 3381 2917 3435 die
2949 3399 3072 3436 vero
3099 3394 3309 3444 notum,
3339 3394 3541 3453 quanto
3565 3388 3676 3439 sint
3699 3388 3853 3455 apud

2291 3465 2698 3522 Mabumetanos
2760 3472 3068 3534 inhonore,
3105 3473 3195 3542 qui
3259 3483 3399 3528 recta
3452 3475 3590 3529 linea
3653 3487 3760 3529 tam
3820 3496 3852 3531 a

2291 3563 2544 3626 propheta
2571 3560 2895 3626 Mahumete,
2930 3581 3090 3633 quam
3115 3565 3180 3618 ab
3216 3568 3320 3631 Ali,
3382 3566 3705 3622 Mahumetis
3756 3587 3850 3638 ge-

2291 3664 2442 3710 nero.
2478 3652 2833 3717 descendunt,
2869 3665 2962 3706 aut
2990 3655 3306 3724 se’l‘tngunt
3366 3657 3720 3715 descendere.
3780 3660 3848 3715 lli

2289 3742 2479 3797 Turcis
2501 3736 2838 3814 'Tatarisqne
2873 3742 3041 3799 Seithi
3064 3747 3224 3816 vulgo
3256 3748 3533 3814 dicuntur,
3564 3753 3848 3809 Arabibus

2287 3843 2464 3887 autem
2500 3837 2780 3902 Seriphos:
2835 3852 2971 3904 quos
3003 3839 3234 3892 maxima
3294 3856 3427 3896 sane
3496 3848 3847 3904 veneratione

2287 3933 2445 3988 atque
2472 3921 2813 3977 observantia
2845 3941 2964 3978 cum
3023 3941 3441 3997 prosequantur,
3500 3936 3662 3987 etiam
3735 3937 3844 4005 ipsi

2286 4015 2485 4069 sultani
2524 4015 2875 4084 Seripharum
2911 4021 3270 4087 appellatione
3319 4024 3464 4077 velut
3494 4028 3845 4092 angustiores

2285 4120 2341 4160 se
2366 4107 2586 4161 reddere
2619 4109 2823 4162 volunt.
2861 4108 2940 4162 Ad
2975 4109 3300 4166 Tatarorttm
3339 4114 3582 4168 Chanem
3637 4124 3697 4168 tit
3752 4134 3838 4170 re-

2285 4199 2462 4264 deam,
2501 4201 2784 4254 traditura
2841 4203 3115 4272 plerisque
3166 4207 3444 4269 omnibus,
3510 4206 3598 4260 hic
3651 4208 3843 4277 lingis

2283 4288 2430 4341 Cban
2462 4292 2511 4341 in
2548 4292 2732 4357 primis
2758 4293 3022 4346 claruisse
3050 4309 3192 4348 anno
3215 4297 3521 4351 Christiano
3561 4301 3719 4366 1202,
3752 4304 3840 4355 vel

2286 4383 2439 4445 l205,
2466 4399 2573 4451 quo
2604 4393 2842 4451 tempore
2865 4385 3046 4437 'l‘atari
3069 4386 3256 4455 jugutn
3291 4388 3568 4458 Indorum,
3600 4395 3702 4448 hoc
3731 4407 3837 4463 est,

2280 4473 2394 4540 ejus
2418 4474 2581 4538 regis,
2616 4488 2771 4546 quem
2813 4474 2879 4525 ah
2935 4475 3267 4544 aliquotjatu
3323 4482 3536 4536 saeculis
3588 4485 3840 4552 Preteja-

637 4572 737 4623 lmc
765 4576 864 4630 est,
904 4567 1152 4620 Dominus
1187 4566 1426 4621 Murates
1451 4586 1556 4628 rex,
1596 4571 1794 4622 domini
1853 4569 2062 4624 Selimis
2098 4589 2176 4624 ιε-
2204 4564 2254 4622 ῐ)
2284 4580 2407 4615 num
2437 4564 2550 4616 sive
2602 4567 2970 4632 presbyterum
3027 4564 3288 4622 Joannem
3358 4573 3517 4639 vulgo
3571 4588 3839 4627 vocamus

635 4661 711 4729 gis
730 4660 893 4727 ﬁlius,
917 4661 1220 4712 victoriosus
1253 4677 1472 4726 semper.
1507 4660 1714 4724 Quibus
1745 4663 1795 4712 in
1845 4665 2020 4716 verbis
2083 4665 2176 4717 ob-

604 4759 850 4802 "servare
879 4751 997 4804 licet
1024 4750 1195 4804 obiter
1221 4750 1572 4803 imitationem
1617 4751 1920 4814 titulorum,
1979 4755 2175 4816 quibus

635 4844 984 4909 imperatores
1022 4844 1213 4904 nostri,
1248 4851 1456 4906 veteres
1481 4853 1533 4897 et
1566 4853 1831 4909 recentes,
1894 4859 2088 4898 vocare
2121 4862 2177 4899 se

636 4931 869 4986 victores
896 4947 958 4986 ac
992 4935 1434 5000 triumphatores,
1501 4949 1827 5002 semperque
1877 4935 2172 5004 Augustos,

633 5034 1043 5076 consueverunt.
1081 5026 1184 5078 Sed
1221 5025 1320 5078 bos
1354 5025 1538 5079 titulos
1573 5027 1695 5080 aliis
1757 5028 2028 5081 interdum
2081 5031 2174 5082 ad-

628 5116 784 5182 jectis
827 5114 1136 5167 nominibus
1172 5123 1388 5182 augent,
1416 5115 1467 5168 in
1499 5116 1694 5182 quibus
1713 5126 1838 5168 sunt
1889 5118 2058 5183 Etnir,
2109 5119 2173 5171 de

631 5222 736 5273 quo
766 5208 1015 5274 superius
1043 5207 1265 5268 dictum,
1297 5215 1348 5258 et
1373 5206 1531 5273 paulo
1565 5217 1687 5276 post
1707 5208 1916 5260 dicetur
1947 5223 2174 5261 numero

633 5298 720 5358 14,
749 5308 802 5351 et
827 5298 1139 5359 Padiscaeh,
1173 5300 1314 5366 quod
1352 5299 1532 5352 itidem
1582 5300 1903 5365 explicatum
1941 5310 2037 5350 :et
2062 5298 2173 5349 Μιι-

633 5391 1001 5441 suhnanorum
1027 5389 1345 5452 Padiscaclt,
1377 5406 1483 5458 quo
1517 5407 1684 5457 nuper
1750 5390 1988 5443 Blurates
2041 5405 2174 5441 usus

630 5490 706 5532 est
736 5482 785 5531 in
816 5481 1010 5533 litteris
1039 5481 1102 5533 ad
1138 5483 1386 5535 ordinum
1448 5482 1598 5551 regni
1649 5481 1884 5532 Polonize
1933 5480 2170 5541 comitia,

629 5572 865 5624 creando
890 5586 1032 5639 rege,
1085 5573 1269 5626 missis
1335 5582 1429 5626 :et
1487 5572 1740 5624 Hnncher
1801 5571 1879 5621 vel
1933 5568 2169 5632 llunker,

629 5661 770 5726 quod
800 5662 1176 5730 Spanduginus
1199 5663 1416 5730 scripsit
1446 5661 1796 5723 Condicltiar,
1863 5659 2169 5712 Ludovicus

633 5755 897 5810 liassanus
923 5755 1203 5811 Jadrensis
1231 5754 1557 5816 Chttnchier,
1589 5769 1708 5806 cum
1765 5754 1952 5805 Italico
2013 5755 2172 5804 modo

632 5848 832 5902 rectius
856 5852 1175 5918 exprimatur
1217 5847 1502 5918 [lunggiar
1546 5847 1595 5899 Μ
1629 5849 1839 5915 proprie
1873 5847 2029 5898 titulo
2075 5862 2168 5896 no-

2279 4665 2656 4708 cxcusserunt.
2695 4655 2760 4706 Et
2785 4665 2993 4708 exstant
3047 4659 3297 4727 pleraque
3330 4661 3395 4714 de
3461 4661 3543 4716 his
3601 4664 3764 4719 rebus
3809 4681 3838 4716 a

2284 4747 2566 4801 Vincentio
2594 4746 2926 4812 Belvacensi,
2959 4747 3208 4801 etllarco
3231 4729 3398 4805 Paulo
3443 4752 3668 4816 Veneto,
3721 4772 3838 4809 me-

2280 4839 2461 4891 moria:
2497 4837 2733 4906 prodita,
2769 4839 2904 4891 lectu
2938 4855 3045 4892 non
3096 4839 3334 4909 indigna.
3371 4843 3579 4896 Cbitaia
3643 4847 3834 4913 (quam

2280 4930 2460 4982 itidem
2518 4928 2753 4983 Joannes
2794 4931 2858 4983 de
2916 4930 3076 4996 plano
3121 4930 3304 5000 Carpi,
3351 4932 3443 4999 qui
3497 4933 3629 4985 visit
3681 4951 3836 4989 anno

2278 5015 2587 5072 Christiano
2625 5020 2780 5086 1243,
2810 5021 3015 5090 legatus
3045 5022 3110 5074 ad
3145 5023 3234 5075 illa
3264 5004 3378 5075 loca
3402 5022 3599 5078 missus
3630 5042 3658 5078 a
3692 5042 3831 5095 papa

2283 5111 2544 5173 llomano,
2571 5111 2753 5165 Kithai
2788 5115 2964 5181 vocat)
3011 5112 3242 5166 Laonicu
3271 5112 3489 5168 Cliataia
3515 5131 3532 5181 ;
3587 5117 3831 5172 Cltitaini

2278 5203 2480 5265 'l‘atari,
2505 5203 2776 5260 Chataidze
2817 5205 3089 5266 dicuntur,
3117 5214 3172 5257 et
3189 5221 3311 5260 vero
3340 5218 3420 5260 est
3449 5208 3650 5276 simile,
3676 5209 3833 5264 Cbze‘

2280 5306 2358 5347 tas
2397 5295 2686 5357 l‘tolemzri,
2723 5296 3046 5349 etChataeos
3094 5295 3298 5359 Ariani,
3346 5297 3446 5352 hos
3496 5299 3642 5368 ipsos
3705 5318 3835 5356 esse

2275 5384 2556 5438 Cltitaiuos
2583 5388 2776 5440 horum
2818 5385 3127 5452 Annalium,
3159 5389 3239 5443 vel
3276 5389 3565 5447 Chataidas
3591 5392 3832 5446 Chalce-

2278 5477 2540 5547 condylis,
2579 5480 2658 5532 vel
2689 5479 2851 5530 alarii
2906 5477 3050 5544 Nigri
3103 5479 3422 5535 Chatainos.
3490 5482 3831 5542 Cltorasanis

2278 5569 2510 5635 regionis
2536 5583 2729 5619 nomen
2785 5582 2850 5619 ne
2903 5566 3058 5622 hodie
3107 5571 3319 5638 quidem
3362 5572 3654 5625 obscurum
3717 5584 3828 5638 est,

2275 5677 2336 5712 cx
2374 5659 2762 5713 recentioribus
2819 5657 3057 5713 historiis
3092 5679 3104 5713 :
3138 5662 3364 5730 populos
3423 5665 3570 5730 ipsos
3632 5662 3828 5720 Jovius

2275 5754 2582 5807 Coraxenos
2611 5751 2720 5802 vult
2773 5749 2946 5803 dictos
3002 5754 3322 5820 antiquitus.
3377 5751 3600 5806 Cedreni
3657 5759 3827 5813 verba

2277 5855 2396 5897 Mitti
2436 5840 2810 5897 inlustiniano
2844 5843 3177 5899 liliinottnito
3216 5863 3229 5910 ;
3273 5843 3555 5914 subiugata
3585 5845 3690 5902 fuit
3756 5852 3828 5906 ab
