4032 6344
260 473 369 536 729

259 589 540 644 Arabibus
565 584 662 661 ("id
693 599 775 645 est
795 591 1105 670 Saracenis)
1140 593 1302 648 etiam
1340 595 1519 655 Persis
1559 599 1804 658 interior,

260 695 385 748 quae
413 679 692 736 Chorosan
713 682 931 739 dicitur.
960 683 1238 740 Chorasau
1258 687 1326 740 ab
1348 687 1548 742 Ortelio
1575 690 1808 744 Charas-

261 786 365 822 san
395 772 678 838 scribitur,
733 783 787 828 et
849 774 1009 830 Belch
1075 786 1182 830 tam
1240 779 1389 841 urbs,
1425 795 1608 848 quam
1669 783 1814 847 regio

260 859 564 918 Cborasani
602 866 795 930 vicina,
823 866 983 922 Baleh
1037 870 1207 924 eidem
1259 881 1363 934 est,
1425 887 1615 926 versus
1658 873 1814 927 Tata-

264 960 399 1013 riam
426 963 652 1018 tendens
681 980 696 1028 ;
720 980 878 1033 quam
911 955 1129 1022 annales
1147 972 1320 1022 nostri
1353 969 1576 1024 Maeban
1601 981 1811 1032 vocant,

264 1051 389 1104 urhl
419 1054 734 1122 regionique
756 1059 1031 1110 communi
1082 1060 1345 1120 nomine;
1379 1061 1516 1112 haud
1549 1060 1661 1130 scio
1685 1075 1814 1112 uum

263 1142 452 1196 eadem
489 1146 704 1200 sitcum
747 1147 856 1213 illa,
889 1164 1006 1217 quae
1033 1148 1245 1204 Macran
1269 1152 1336 1204 ab
1363 1148 1569 1206 Orteliu
1592 1150 1810 1212 dicitur,

263 1249 458 1289 versus
495 1235 674 1290 sinum
727 1238 1026 1303 Persicum,
1093 1249 1144 1293 et
1209 1247 1358 1294 mare
1413 1241 1651 1294 Rubrum
1687 1242 1808 1296 sita.

266 1324 501 1381 Tataros
537 1328 738 1392 scribo,
775 1345 880 1383 non
911 1329 1187 1398 Tartaros,
1226 1343 1337 1386 tum
1388 1334 1527 1398 quod
1555 1333 1624 1384 ita
1682 1329 1809 1382 dicti

265 1415 380 1468 sint
407 1430 436 1469 a
467 1413 923 1483 Tatarollumine,
965 1421 1122 1489 cujus
1166 1422 1364 1475 accolae
1433 1420 1670 1490 Sumuin
1732 1416 1810 1469 vel

223 1524 226 1527 ν
269 1505 551 1576 Sumunin
588 1508 864 1572 dicuntur,
909 1511 1014 1564 hoc
1070 1521 1153 1564 est
1215 1511 1395 1581 Mogli,
1449 1513 1531 1564 vel
1589 1510 1806 1578 Mongli,

265 1595 521 1652 Tatarivc
545 1599 782 1667 aquatiei
811 1617 826 1666 ;
863 1609 972 1653 tum
999 1601 1158 1654 etiam
1200 1616 1264 1657 ex
1298 1602 1621 1656 auctoritate
1641 1600 1811 1655 Saxo.

265 1704 397 1766 num
427 1696 759 1755 nostrorum,
815 1691 1004 1759 eisque
1056 1691 1383 1752 vicinorum,
1447 1692 1538 1760 qui
1580 1690 1810 1745 Tataros

262 1779 557 1846 appellant,
573 1787 627 1832 et
650 1778 958 1835 Grecorum
981 1783 1338 1852 quorumdam
1361 1783 1644 1847 librorum,
1672 1799 1810 1851 quos

186 1911 202 1926 .-
264 1870 667 1951 manuscriptos
724 1870 941 1944 habeo;
989 1875 1040 1925 in
1085 1873 1282 1942 quibus
1345 1884 1428 1929 est
1471 1873 1672 1928 Prmtor
1722 1875 1810 1929 ille

1403 483 1786 544 PANDECTE
1812 485 2009 545 HIST.
2056 488 2350 550 TURCIC.

3364 499 3476 562 730

1919 601 2156 652 Aladiuis
2189 602 2478 657 habuerint
2505 621 2722 675 nomen,
2752 610 3072 665 Osmanidas
3119 626 3309 667 omnes
3347 611 3473 666 Ala-

1916 691 2070 744 dines
2100 687 2345 754 vocatos,
2371 710 2469 748 ceu
2519 710 2881 765 cognomento
2898 703 3155 778 quodam,
3190 702 3485 770 autdigni-s

1916 783 2050 834 tatis
2081 786 2457 852 appellatione.
2491 789 2756 845 Similiter
2808 803 2859 846 et
2890 794 3030 847 alius
3084 801 3248 848 restat
3315 811 3469 850 scru-

1913 873 2075 940 pulus
2102 873 2165 925 de
2193 891 2281 939 eo,
2309 879 2452 946 quod
2493 866 2664 943 addit,
2707 880 2874 935 videri
2906 884 3194 950 quemdam
3249 900 3312 937 ex
3345 885 3468 938 Gia-

1915 965 2118 1019 zadiuis
2139 967 2325 1021 liberis
2349 969 2628 1024 Ala-dinem
2661 973 2952 1036 nominari,
2985 975 3075 1041 qui
3132 973 3468 1028 Chalcocon-

1913 1056 2047 1126 dyla:
2083 1059 2152 1112 sit
2187 1058 2532 1116 Germianus.
2576 1060 2684 1117 Nos
2705 1063 2768 1116 de
2794 1063 2943 1132 begis
2996 1063 3307 1118 Germianis
3366 1082 3465 1119 suo

1915 1147 2256 1201 locudicturi
2295 1152 2503 1206 sumus.
2538 1151 2740 1206 Ibidem
2795 1153 3065 1209 Sivastam
3114 1157 3499 1232 scripsimus.
3554 1178 3555 1181 η

1909 1253 2030 1304 qua:
2060 1243 2219 1307 vulgo
2271 1241 2446 1305 Sivas,
2500 1243 2656 1310 quasi
2726 1243 2926 1307 Sivast,
3010 1246 3138 1300 urbs
3191 1248 3465 1300 Armenia:

1911 1329 2196 1396 (minorem
2237 1330 2502 1402 intelligo)
2532 1331 2826 1390 secundum
2857 1338 3296 1392 constitutiOnem
3325 1336 3462 1392 Leo-

1911 1420 1997 1474 nis
2026 1420 2254 1490 Augusti
2286 1423 2582 1482 de_ordiue
2629 1427 2976 1487 thronorum.
3030 1430 3124 1496 qui
3185 1427 3457 1482 Constan-

1912 1511 2272 1581 tinopolitano
2301 1513 2620 1581 patriarchze
2639 1506 2871 1583 subjecti
2895 1501 3049 1583 sunt,
3077 1532 3239 1587 quam
3263 1533 3459 1570 manu-

1909 1601 2166 1667 scriptam
2200 1603 2483 1660 habemus.
2541 1604 2599 1658 In
2651 1607 2749 1660 hac
2808 1605 3055 1661 Scbastia
3109 1618 3358 1670 vocatur,
3406 1615 3461 1675 et

1907 1689 2209 1745 Camacbus
2239 1692 2286 1747 ei
2323 1693 2498 1746 vicina
2535 1695 2813 1755 statuitur.
2848 1711 3011 1764 quam
3035 1695 3173 1751 idem
3199 1695 3307 1749 Leo
3327 1695 3455 1750 facit

1908 1777 2430 1847 archiepiscotiatum
2469 1780 2581 1834 sive
2609 1782 2951 1849 metropolim
3002 1780 3288 1835 Armenias.
3345 1778 3456 1832 Ke-
3497 1814 3504 1822 -

1908 1868 2063 1922 macb
2090 1868 2252 1923 hodie
2274 1871 2604 1931 nominatur,
2629 1871 2790 1925 etiam
2809 1871 3057 1926 Turcicis
3082 1873 3136 1924 in
3168 1870 3458 1924 annalibus

257 1943 485 2016 Gracia:
519 1970 724 2027 noster,
760 1970 816 2018 et
840 1963 1154 2032 Pululogus,
1211 1965 1304 2035 qui
1345 1964 1544 2034 ubique
1583 1965 1811 2021 Tataros
1838 1959 1884 2018 B
1912 1943 2169 2034 expressa
2202 1975 2351 2015 voce.
2381 1961 2533 2029 Apud
2559 1961 2856 2018 Laonicum
2883 1962 2937 2016 in
2961 1958 3195 2030 Bajszite
3242 1959 3459 2030 La-lape

258 2062 479 2108 voeaut.
510 2052 671 2124 ωο
696 2055 846 2109 Adde
877 2056 1244 2111 testimonium
1291 2056 1491 2111 veteris
1545 2057 1807 2125 epigram-

259 2145 442 2204 matis.
477 2156 603 2199 ante
627 2155 893 2202 trecentos
932 2160 1104 2201 annos
1127 2144 1382 2200 Ottocaro
1408 2147 1521 2215 t'egi
1541 2147 1808 2200 Eoltentiae

170 2256 177 2260 ί
256 2237 420 2302 positi
454 2253 469 2299 ;
500 2238 593 2305 qui
627 2252 657 2290 a
703 2236 992 2306 Rudulpho
1066 2239 1390 2307 imperatore
1449 2252 1623 2292 cmsus
1670 2237 1809 2291 inter

250 2321 552 2382 auxiliares
585 2327 812 2384 Tataros
839 2327 1113 2383 Comatios
1143 2332 1245 2385 hoc
1267 2329 1622 2399 epitaphium,
1692 2345 1809 2382 ver-

252 2418 411 2477 sibus
442 2418 638 2474 tactum
678 2418 952 2479 Leoniuis.
977 2434 1075 2488 pro
1091 2421 1305 2475 illorum
1332 2436 1481 2476 more
1509 2432 1805 2490 tempnruzu

254 2507 468 2571 habuit,
490 2516 781 2578 ,repertum
809 2511 862 2561 in
887 2509 1022 2564 libro
1050 2510 1334 2563 Annalium
1356 2509 1768 2563 Austriacorum
1786 2550 1800 2573 ,

253 2601 652 2667 ntauuscripto.
673 2617 831 2670 quem
884 2597 1203 2670 magniﬁcus
1244 2601 1497 2657 dominus
1543 2601 1806 2671 Hierony-

252 2706 380 2746 mus
398 2690 537 2744 Beck
567 2690 1015 2758 aLeopoldsdorf
1061 2695 1333 2760 utendum.
1380 2691 1510 2744 mihi
1565 2706 1659 2758 pro
1707 2706 1804 2746 sua

251 2784 591 2840 humanitate
616 2766 930 2841 coitcesslt:
1268 2801 1274 2812 -
1689 2781 1693 2785 ·

327 2898 380 2967 Οί
398 2915 486 2952 rea:
514 2902 752 2951 Otlocare
783 2899 1042 2967 quondam
1066 2899 1309 2963 pugnasti
1338 2901 1563 2967 honeste.

323 2966 481 3022 Nunc
516 2978 622 3022 stas
651 2970 705 3021 in
732 2966 919 3037 pannis
941 2968 1174 3036 depictus
1213 2985 1330 3020 cum
1364 2966 1661 3021 Tateranis.

530 3084 584 3146 4.
623 3080 696 3135 οε
731 3079 856 3134 urbe
887 3079 1115 3150 Bagdat,
1136 3080 1242 3134 sive
1262 3079 1550 3149 Bagam“.-

322 3192 518 3247 Urbem
546 3177 858 3265 Bagadatim
884 3194 1066 3264 accipe
1094 3195 1168 3249 de
1191 3193 1451 3248 hodierna
1523 3193 1801 3256 Babylone

1908 2051 2114 2105 lamaca
2141 2051 2334 2106 vitiose
2362 2051 2577 2119 legitur.
2609 2053 2739 2106 Vide
2765 2062 2948 2107 notata
2988 2054 3242 2122 deinceps
3267 2053 3441 2114 capite

1904 2140 2029 2196 204.
2075 2140 2250 2194 Libuit
2284 2129 2460 2195 autem
2490 2143 2605 2197 hinc
2634 2158 2756 2196 eam
2808 2143 2878 2197 ob
2903 2160 3122 2217 causam
3185 2144 3448 2206 indicare,

1907 2229 2047 2297 quod
2089 2229 2326 2285 Ortelius
2355 2231 2554 2296 varias,
2579 2238 2781 2304 etlnter
2807 2251 2862 2289 se
2888 2229 3456 2309 diSsidentes'npinin-

1908 2339 2003 2376 nev
2033 2322 2097 2378 de
2127 2324 2372 2379 Sebastia
2410 2325 2652 2398 proferat
2685 2342 2698 2378 τ
2724 2326 2846 2389 aliis
2877 2341 2996 2379 eam
3033 2340 3138 2378 nou
3173 2326 3360 2395 procul
3382 2325 3450 2378 ab

1907 2415 2179 2482 Euphrate
2201 2415 2583 2481 statuentibus,
2613 2417 2734 2468 aliis
2786 2416 3093 2469 inCilicia:
3147 2417 3271 2469 c’um
3333 2418 3440 2468 Δι’-ι
3494 2415 3498 2419 ’

1907 2505 2093 2556 meuim
2125 2503 2195 2558 sit
2226 2504 2336 2566 illa,
2360 2520 2480 2574 quze
2506 2504 2660 2559 Sivas
2715 2507 3042 2574 appellatur,
3075 2504 3268 2559 Turcis
3297 2492 3453 2560 Sivas

1905 2594 2149 2657 scheller,
2175 2594 2279 2649 hoc
2307 2604 2388 2651 est
2419 2597 2519 2650 ubs
2554 2585 2786 2651 Sivaste.
3287 2589 3290 2592 ’

1904 2707 1956 2762 6.
1982 2706 2226 2778 Erzinga,
2252 2707 2506 2769 Romauia
2523 2711 2777 2778 Asiatica,
2799 2694 3030 2781 Amasie,
3051 2714 3243 2779 Clmlrp
3260 2713 3448 2796 Syrian

1975 2822 2244 2890 Ertzinga,
2284 2823 2440 2890 cujus
2465 2825 2550 2878 hic
2585 2826 2785 2878 mentio
2820 2826 2906 2888 ﬁt,
2940 2836 2995 2880 et
3025 2843 3146 2896 qme
3177 2825 3442 2880 Erziuzatt

1904 2929 2118 2982 quoque
2138 2915 2415 2978 seribitur,
2444 2916 2573 2970 urbs
2595 2925 2676 2970 est
2706 2917 2991 2975 Armeniae.
3027 2918 3186 2986 cujus
3235 2934 3434 2972 nomen

1904 3007 1954 3059 iu
1986 3006 2131 3059 edito
2155 3005 2389 3061 Laouico
2413 3007 2621 3062 diverse
2675 3008 2890 3078 legitur,
2951 2992 3006 3064 et
3064 3010 3132 3064 ad
3203 3009 3439 3063 vicinam

1901 3097 2166 3151 Armenia:
2193 3097 2587 3168 Cappadociam
2637 3099 2890 3162 refertur,
2947 3101 3109 3170 modo
3163 3099 3445 3169 Artziuga,

1904 3187 2067 3241 modo
2091 3188 2429 3258 Artzinganis
2467 3189 2616 3243 urbs.
2675 3190 2960 3260 Arzingam
3007 3199 3179 3266 vocat
3240 3190 3448 3260 Aytho-
3512 3176 3513 3179 η

242 3295 475 3357 propter
493 3286 685 3356 prisce
707 3287 1003 3356 Babylonis
1022 3288 1210 3340 ruinas
1243 3301 1272 3338 a
1297 3286 1527 3340 sultanis
1569 3286 1800 3354 caliphis
1823 3295 1867 3356 ο
1902 3295 2024 3334 n'ts.
2053 3279 2339 3350 Reperitur
2392 3281 2536 3348 apud
2587 3279 2886 3357 Laonicum
2940 3275 3254 3343 et'Ertzica,
3302 3283 3445 3338 sicut

240 3385 547 3433 exstructa.
574 3376 796 3430 Zonaras
824 3376 1030 3447 Bagdas
1077 3391 1273 3446 genere
1301 3378 1544 3432 masculo
1578 3365 1791 3442 iliciLur.

243 3467 521 3522 Laonicus
555 3465 826 3536 Pogdatim
869 3476 1050 3531 vocat,
1071 3475 1124 3520 et
1149 3466 1499 3534 Pogdatinam
1557 3467 1637 3520 vel
1666 3465 1800 3534 Pag-

242 3559 488 3612 datinam
545 3557 867 3625 Babylonem
908 3557 1092 3625 :apud
1152 3572 1314 3626 quem
1374 3567 1494 3610 nota
1548 3568 1798 3625 corrupte

241 3649 512 3717 scriptum
545 3649 647 3702 hoc
677 3648 926 3701 ultimum
986 3647 1038 3698 in
1066 3646 1270 3700 Latinis
1320 3647 1502 3709 editis,
1553 3647 1798 3711 Padagti-

237 3756 375 3794 nam
409 3733 1056 3809 Bahylonem.Petrarcha
1086 3739 1199 3792 suis
1233 3738 1283 3792 in
1331 3739 1666 3807 poematibus
1695 3721 1819 3791 lia-~-

240 3831 370 3882 licis
400 3829 714 3883 Bahlaccum
748 3829 1011 3883 nominat.
1091 3833 1099 3840 ’
1390 3837 1392 3839 ’
1797 3842 1799 3844 ·

363 3942 422 3998 5.
445 3941 517 3994 De
549 3941 797 4003 Alm/ine,
827 3933 1064 4010 Selgure,
1103 3941 1480 4011 Tangrolipice,
1511 3942 1686 3997 Si'vas.

313 4053 560 4106 Aladinis
581 4053 737 4121 origo
756 4069 784 4105 a
803 4050 994 4105 Turcis
1015 4051 1244 4107 refertur
1272 4052 1336 4105 ad
1368 4049 1673 4119 Selgucem,
1698 4052 1792 4117 qtti

233 4144 510 4200 Gulielmo
541 4143 728 4214 Tyrio.
767 4141 997 4196 fortasse
1023 4142 1228 4196 librarii
1260 4144 1413 4211 culpa
1441 4142 1651 4206 vitiose,
1673 4143 1792 4198 Sel-
1827 4150 1833 4158 '

233 4239 384 4292 duch
423 4236 640 4288 dicitur.
667 4232 820 4288 lluuc
854 4231 1200 4297 Reineccius,
1225 4234 1307 4285 vir
1340 4233 1707 4291 doctissimus.
1738 4247 1790 4289 et

231 4324 691 4391 diligentissimus
717 4324 767 4374 in
787 4321 1124 4388 explicandis
1149 4321 1478 4390 genealogiis
1496 4322 1787 4386 historicis,

234 4419 397 4479 putat
425 4411 672 4464 eumdem
730 4424 850 4464 esse
883 4426 1006 4464 cum
1046 4407 1422 4479 Tangrelipice
1462 4409 1786 4482 (Tragnlipix

233 4515 352 4560 non
393 4508 533 4552 recte
551 4499 829 4566 scribitur)
858 4499 1541 4555 Grrecarumhistoriarum
1577 4518 1590 4553 :
1643 4504 1786 4569 quod

229 4603 372 4643 vero
395 4599 506 4640 non
536 4587 805 4651 absimile,
833 4604 955 4647 cum
985 4586 1334 4656 Tangrolipix
1367 4600 1784 4656 cognomentum

231 4677 511 4746 quoddam
535 4691 657 4731 esse
710 4676 976 4739 videatur,
1003 4688 1032 4727 a
1072 4674 1271 4745 Tangri
1304 4675 1613 4739 deductum,
1641 4679 1782 4743 quod

230 4769 436 4824 Turcis
475 4768 637 4822 Deum
671 4769 967 4836 signiﬁcat,
994 4767 1203 4836 adjecta
1257 4782 1410 4833 voce,
1439 4760 1601 4838 quam
1635 4769 1789 4838 equi-

228 4862 363 4913 dem
387 4859 628 4918 divinare
667 4874 771 4913 non
804 4872 1046 4925 possum.
1080 4857 1285 4912 Fratris
1342 4859 1462 4928 ejus
1519 4858 1660 4913 ﬁlius
1733 4860 1788 4912 in

226 4951 470 5008 Cedrino
508 4965 626 5005 meo
655 4952 1044 5018 manuscripto,
1080 4965 1190 5018 quo
1218 4950 1336 5015 ejus
1382 4951 1624 5004 auctoris
1677 4965 1784 5004 non

113 5026 116 5028 Ὺ
191 5045 194 5048 ’
225 5042 396 5096 edita.
415 5039 711 5108 fragmenta
739 5051 995 5107 quatuor,
1015 5051 1136 5091 cum
1167 5040 1372 5108 aliquot
1395 5039 1782 5106 imperatorum

230 5133 366 5185 vitis
391 5131 646 5186 hactenus
675 5131 999 5185 desideratis
1051 5126 1418 5193 cautinentur,
1487 5145 1594 5184 non
1648 5130 1784 5182 Cut-

228 5224 440 5283 ltttltll.
471 5223 563 5276 sed
593 5219 942 5276 Cutlumuses
989 5233 1214 5275 vocatur
1256 5239 1271 5275 :
1313 5213 1454 5292 quod
1513 5221 1785 5290 signiﬁcat

229 5309 464 5371 Musem.
489 5311 601 5365 sive
640 5310 838 5364 Mosem
867 5309 1196 5364 fortunatum
1230 5327 1293 5365 ac
1322 5311 1556 5370 felicem.
1589 5311 1778 5364 Aladin

229 5402 321 5456 vel
347 5401 527 5455 Aledin
557 5403 830 5469 signiﬁcat
872 5402 1137 5456 divinum.
1166 5403 1482 5457 Reineccius
1510 5403 1785 5459 existimat

225 5509 360 5549 esse
379 5508 669 5547 commune
692 5507 892 5548 nomen
915 5494 1169 5547 omnibus
1197 5494 1407 5546 Turciae
1435 5495 1514 5550 vel
1541 5495 1782 5549 lconicn-

223 5589 388 5640 sthus
415 5584 664 5646 sultanis,
694 5599 791 5638 ceu
856 5595 1298 5653 c0gnomentuut,
1353 5586 1436 5637 vel
1503 5587 1816 5654 dignitatis.

219 5677 670 5744 appellationem,
708 5675 848 5741 quod
874 5675 1120 5743 equidem
1153 5675 1379 5743 probare
1413 5689 1517 5728 non
1558 5690 1780 5744 possum

167 5800 172 5802 -
221 5768 451 5836 perinde
477 5784 544 5822 ac
595 5766 778 5820 dicere
821 5781 929 5820 non
983 5782 1208 5836 possum
1266 5775 1570 5837 propterea,
1626 5763 1773 5835 quod

217 5858 406 5934 plures
436 5860 583 5916 inter
605 5856 952 5922 Osmanidas,
992 5859 1187 5913 velutc
1244 5857 1547 5928 genealogis
1612 5867 1774 5927 patet,

1904 3370 2042 3439 apud
2070 3369 2303 3427 Leonem
2333 3370 2631 3440 Augustum
2665 3371 2716 3424 in
2777 3374 2961 3442 eadem
2988 3371 3238 3426 Armenia
3288 3373 3444 3440 poni-

1906 3472 1992 3517 tur
2019 3463 2250 3529 Artzice,
2313 3465 2413 3519 sub
2446 3464 2730 3535 metropoli
2793 3463 3059 3520 Keltzina.
3124 3463 3441 3518 Romaniam

1904 3570 2047 3614 vero.
2079 3569 2182 3610 non
2209 3571 2304 3624 pro
2333 3555 2594 3624 Europam
2613 3555 2840 3619 Grmeia,
2873 3557 2926 3607 in
2957 3556 3058 3610 hoc
3081 3555 3295 3623 quidem
3322 3555 3443 3608 loco
3540 3555 3547 3561 ’

1901 3646 2155 3717 accipies,
2214 3645 2308 3700 sed
2337 3660 2433 3714 pro
2459 3642 2828 3700 Romanorum
2862 3646 2966 3716 (sic
2998 3645 3169 3700 Graeci
3207 3662 3265 3699 se
3289 3645 3438 3699 vole—

1903 3738 2028 3790 bant
2060 3735 2262 3805 vocari)
2294 3736 2606 3805 provinciis
2654 3736 2930 3814 Asiaticis,
2989 3751 3092 3807 qua
3145 3737 3303 3792 etiam
3357 3750 3440 3810 re:

1899 3827 2169 3882 ccutiores
2196 3823 2442 3882 historici
2473 3827 2641 3882 Graeci
2671 3827 2946 3882 Bouiania
2970 3827 3230 3882 vocabulo
3285 3842 3436 3880 com-

1901 3920 2035 3988 plexi
2072 3927 2220 3974 sunt.
2273 3919 2489 3973 Amasia
2533 3934 2724 3976 nomen
2758 3921 3026 3987 hodieque
3059 3918 3272 3980 retinet,
3307 3917 3435 3972 urbs

1896 4009 2248 4077 Cappadocia:
2289 4026 2304 4063 :
2345 4009 2468 4063 licet
2497 4010 2550 4064 in
2580 4010 2970 4064 constitutione
3000 4008 3195 4063 Leonis
3264 4008 3432 4076 imprco

1899 4097 2117 4160 ratoris,
2151 4112 2310 4164 quam
2341 4097 2600 4163 diximus,
2627 4098 2691 4152 ad
2720 4096 3427 4170 Helenopoutiprovinciam

1895 4178 2097 4255 tle-qua
2149 4187 2200 4242 in
2248 4186 2543 4242 'Justiniaui
2604 4190 2829 4258 Augusti
2905 4190 3130 4246 novellis
3183 4190 3436 4260 pleraque

1895 4279 2189 4331 constituta
2221 4278 2488 4346 leguntur.
2520 4279 2668 4332 velut
2694 4279 2810 4349 ejus
2874 4272 3185 4348 metropolis
3233 4281 3435 4333 refers-

1898 4379 2002 4433 tur,
2028 4372 2127 4423 sub
2153 4385 2258 4438 qua
2289 4372 2640 4438 pratteralios
2655 4372 3016 4439 episcopatus,
3042 4374 3202 4426 etiam
3231 4363 3430 4440 Sinope

1893 4471 2222 4517 recensctur.
2249 4463 2538 4530 Chalepum
2557 4461 2721 4531 Syria:
2735 4461 3071 4514 notissimam
3105 4475 3249 4515 nunc
3275 4462 3432 4512 etiam

1894 4553 2103 4613 urbem,
2135 4562 2187 4604 et
2217 4550 2451 4605 Orientis
2487 4551 2792 4620 emporium
2826 4550 3260 4616 celeberrimum,
3291 4550 3426 4602 male

1817 4633 1864 4690 1)
1890 4643 2340 4713 Chalcocondylis
2367 4645 2632 4713 interpres
2671 4659 2793 4698 cum
2823 4643 3072 4698 chfraao
3129 4643 3254 4696 facit
3305 4639 3429 4708 Epi-

1891 4733 2166 4799 phaniam,
2201 4732 2848 4807 Belloniusllierapulim,
2915 4734 3199 4794 Seidlizius
3250 4729 3428 4782 Antio-

1888 4824 2063 4880 chiam
2117 4839 2363 4892 magnam
2421 4823 2474 4879 in
2538 4823 2864 4892 Comagena,
2913 4824 3082 4892 magis
3138 4818 3423 4888 imperite:
3506 4828 3511 4831 '

1886 4929 2021 4973 cum.
2049 4912 2306 4976 Zonaras,
2333 4912 2617 4985 Cedrinus,
2653 4911 2886 4985 Nicetas,
2940 4927 3194 4981 expresse
3223 4909 3422 4977 Cbalep

1884 5005 2084 5058 dictam
2112 5003 2236 5056 olim
2294 4979 2502 5052 tradant
2535 4979 2869 5057 Bcrrhmam.
2912 4979 3107 5067 llalepo
3127 4995 3236 5064 jam
3263 4995 3423 5061 vulgo

1884 5094 2106 5147 dic-itur.
2138 5090 2380 5144 Ridicula
2405 5087 2632 5144 Geufrmi
2660 5089 2826 5150 notio,
2845 5089 2941 5156 qui
2970 5087 3135 5153 Aleph
3173 5083 3287 5135 vult
3335 5083 3422 5136 di-‘

1884 5193 2044 5247 ctam,
2077 5190 2129 5236 et
2162 5197 2192 5235 a
2227 5182 2396 5249 prima
2444 5179 2790 5237 Hebraeorum
2819 5179 2997 5232 littera
3026 5175 3254 5255 derivat,
3279 5174 3421 5242 quod

1883 5276 2052 5345 prima
2081 5274 2250 5338 Syria:
2292 5262 2484 5328 civitas
2511 5274 2580 5329 sit
2608 5313 2623 5338 ,
2653 5285 2776 5327 cum
2828 5270 3092 5338 hodieque
3138 5264 3430 5320 Damascus

1882 5381 1998 5420 eam
2031 5366 2190 5434 longe
2219 5375 2454 5432 superet.

2106 5475 2158 5530 7.
2203 5475 2436 5546 Mapalia
2468 5474 2751 5529 Turcarum
2778 5483 2826 5527 et
2860 5471 3200 5526 Talai-orum.

1951 5591 2079 5658 Quae
2103 5592 2168 5645 de
2202 5591 2500 5659 mapalibus
2545 5587 2814 5642 Ertuculis
2874 5587 3144 5647 dicuntur,
3200 5584 3422 5652 intelligi

1881 5683 2166 5736 commode
2199 5689 2450 5750 poterunt
2497 5696 2559 5734 ex
2588 5674 2755 5734 hisce
2805 5676 2969 5731 Marci
3019 5674 3166 5728 Pauli
3231 5671 3422 5727 Veneti

1884 5774 2086 5836 verbis.
2127 5775 2379 5828 aediculas
2418 5772 2764 5835 Tatarorum,
2812 5772 2926 5824 sive
2962 5765 3183 5836 mapalia
3245 5765 3423 5832 potius

1883 5866 2254 5934 describentis,
2290 5867 2526 5936 antiquis
2587 5865 2733 5919 hisce
2792 5860 3034 5918 Turcicis
3097 5855 3422 5913 simillima:
