4032 6344
610 479 701 539 731

1799 479 2113 539 JO.~\N.\'IS
2149 479 2605 538 ιΕυΝοωνιι

3679 471 3785 531 ΤΞ

611 584 988 644 Dozuunculas,
1021 585 1212 649 inquit,
1242 586 1432 640 habent
1489 589 1540 640 in
1571 590 1784 642 modum
1819 591 2132 669 taberttacu-
2166 635 2169 644 .

2239 580 2383 639 modi
2419 605 2432 641 :
2470 589 2672 646 κτίσας
2699 586 2754 639 δὲ
2790 588 2990 648 πόλεις.
3029 588 3154 655 μίαν
3203 585 3262 635 ὲν
3303 583 3374 649 τῷ
3430 584 3630 648 Πόντῳ,
3683 584 3780 632 καὶ

608 669 798 741 Ion-unt.
833 673 986 742 ἀοι
1017 676 1155 726 liltru
1192 687 1489 741 coopertus,
1515 694 1649 746 quas
1675 695 1856 733 secum
1895 679 2142 733 deferunt

606 777 923 830 quocunque
964 763 1208 830 migrant.
1245 764 1518 820 Laonicns
1549 770 1778 821 tentoria
1837 769 2027 835 pileata
2064 768 2142 820 di-

607 864 732 902 cere
760 851 988 910 videtur,
1007 852 1202 918 quibus
1229 861 1450 905 utantur
1478 865 1717 918 pastores
1755 857 1890 922 apud
1914 853 2138 911 Turcns.

642 959 694 1011 8.
737 956 984 1010 Bouiania
1011 959 1220 1024 duplex,
1259 961 1518 1026 Anatolia,
1556 961 1810 1028 Rumelia,
1839 963 2086 1020 Rumiler.

674 1067 806 1120 Cum
847 1068 1100 1146 Aladines
1133 1084 1424 1132 occupasse
1451 1073 1754 1138 complures
1807 1075 1856 1127 in
1877 1076 2134 1128 Rotnania

609 1157 912 1223 provincias
943 1170 1210 1222 narratur,
1235 1161 1419 1229 accipe
1475 1162 1784 1217 ﬂomaniam
1841 1165 2134 1218 Asiaticam

607 1245 687 1296 vel
710 1244 1037 1300 Anatolicam
1059 1285 1073 1309 ,
1113 1247 1392 1314 Romanis,
1443 1250 1547 1304 hoc
1569 1261 1671 1313 est,
1691 1252 1890 1307 Graacis
1912 1255 2132 1320 impera-

606 1334 808 1386 toribus
831 1345 953 1388 ante
989 1336 1077 1389 illa
1111 1347 1350 1405 tempora
1393 1340 1683 1402 subiectam
1715 1380 1728 1402 ,
1789 1344 2135 1410 quemadmo-

604 1422 729 1475 dum
759 1423 917 1488 paulo
951 1433 1075 1478 ante
1103 1428 1434 1482 notavimus.
1480 1428 1611 1482 Nam
1637 1430 1834 1497 alioqui
1889 1443 2072 1484 notum
2103 1448 2131 1483 a

605 1513 793 1567 Turcis
815 1513 1134 1577 Anatoliam,
1160 1533 1262 1585 qna
1290 1518 1465 1572 minor
1492 1521 1613 1573 Asia
1639 1521 2129 1587 comprehenditur,

605 1617 633 1653 a
663 1600 902 1656 Runtelia
929 1604 1210 1670 distingui,
1282 1616 1337 1661 et
1375 1608 1694 1672 Rumcliam,
1723 1612 1830 1664 sive
1862 1610 1998 1665 Rttm
2055 1615 2131 1667 vi-

606 1689 759 1756 laget,
797 1693 1006 1760 proprie
1039 1693 1414 1749 diciGrteciam
1441 1697 1771 1765 Europtuam,
1799 1701 1878 1753 vel
1912 1702 2126 1754 verbum

603 1779 765 1832 verbo
793 1781 836 1832 si
878 1782 1094 1844 reddas,
1131 1783 1348 1837 Graeciae
1397 1788 1667 1853 regionem
1699 1805 1711 1840 :
1738 1776 1868 1841 cum
1899 1788 2068 1844 Graaci
2099 1807 2126 1843 a

603 1866 793 1922 Turcis
821 1872 1089 1937 eleganter
1111 1874 1479 1940 loquentibus,
1505 1876 1746 1930 Ilumilcr
1776 1879 1857 1930 vel
1892 1877 2129 1932 Rutuilar
2161 1894 2199 1954 Β

603 1959 958 2024 appellentur.
992 1960 1266 2016 Urnntilar
1314 1979 1342 2016 a
1372 1967 1546 2032 vulgo.
1579 1963 1780 2020 Rumes
1831 1966 2034 2022 Garzim
2063 1970 2129 2021 ab

601 2045 751 2110 Orta,
783 2049 938 2117 cujus
960 2050 1151 2118 interp.
1177 2053 1308 2106 clar.
1335 2063 1386 2106 et
1415 2065 1527 2122 opt.
1553 2057 1690 2117 viro,
1726 2058 1928 2110 Karulo
1948 2061 2130 2112 Clusio

602 2148 787 2194 nostro
818 2140 1096 2201 debemus.
1133 2145 1369 2199 Thraces
1404 2157 1560 2209 sunt,
1615 2147 1739 2198 dunt
1774 2158 1974 2214 partem
2033 2164 2127 2217 pro

601 2232 717 2279 toto
752 2229 936 2283 sumit.
979 2231 1185 2299 Quippe
1211 2233 1458 2286 universa
1492 2234 1749 2304 Europam
1779 2236 2004 2300 Graecia,
2031 2253 2126 2292 ceu

600 2317 851 2383 diximus,
882 2321 1138 2374 Romania
1163 2330 1390 2377 vocatur
1418 2343 1431 2377 :
1465 2325 1620 2393 cujus
1643 2334 1696 2378 et
1753 2336 1936 2396 partes
1985 2327 2124 2393 duae,

602 2407 828 2461 Thracia
857 2411 1079 2472 scilicet,
1112 2412 1416 2480 Argivaque
1455 2417 1623 2484 regio,
1651 2416 1806 2484 cujus
1852 2417 1979 2470 urbs
2007 2434 2124 2470 mu-

602 2495 861 2550 nitissima
901 2497 1085 2564 Napoli
1122 2500 1172 2552 di
1203 2499 1460 2554 Romania
1486 2503 1701 2570 dicitur,
1727 2505 1999 2559 Romanize
2035 2521 2127 2558 no-

601 2599 717 2634 n.en
749 2587 1009 2640 obtinent.

599 2694 652 2747 9.
697 2695 985 2764 Tam/tari,
1033 2699 1278 2771 Tungori,
1320 2701 1575 2757 Tunc/tari
1608 2703 1916 2757 Talarorum
1964 2706 2125 2758 natio.

667 2810 867 2862 Nomen
903 2808 1152 2873 nationis,
1212 2829 1329 2879 qu'e
1398 2814 1590 2866 bclhnn
1656 2814 1862 2867 Aladini
1923 2814 2124 2877 fecerit,

599 2900 834 2952 Annales
867 2900 916 2952 Iti
950 2915 1054 2954 non
1085 2903 1392 2967 exprimunt
1425 2905 1549 2956 :scd
1573 2921 1636 2956 cx
1661 2905 1889 2960 Prmtore
1912 2906 2128 2960 Grtecize

600 2999 783 3040 nostro
832 3001 1002 3057 paret,
1053 2991 1664 3048 sultanislconiensibus
1689 3007 1936 3063 perpetua
1963 2997 2127 3052 fuisse

596 3093 718 3130 cum
781 3079 847 3134 iis
906 3079 1113 3135 Tataris
1139 3080 1290 3146 bella,
1320 3099 1455 3152 quos
1485 3087 1599 3152 ipse
1616 3086 1927 3140 'I'ancharos
1952 3098 2124 3150 vocat,

2242 677 2408 744 ἄλλην
2438 679 2493 729 ἐν
2519 679 2584 745 τῇ
2633 677 2882 746 'Apaﬁig,
2917 679 3010 728 καὶ
3043 676 3229 737 ἑτέραν
3255 678 3311 727 ὲν
3343 675 3514 742 Συρία
3538 688 3780 727 καταπε-

2244 765 2437 817 σοῦσαν
2473 766 2576 817 ὑπὸ
2604 765 2915 832 Θεομηνὶας,
2956 764 3173 833 ὀνόματι
3208 765 3535 834 Σαλαμὶνην,
3567 767 3776 831 ἀνεγεῖ-

2243 868 2369 921 ραςο
2404 855 2620 910 ἐκάλεσε
2645 855 2740 922 τὴν
2767 855 2880 922 μὲν,
2915 855 3215 924 Ἄγκυραν,
3247 855 3333 906 διὰ
3373 854 3432 906 τὸ
3473 854 3644 921 μέσην
3673 855 3776 906 αὑ-

2239 943 2336 1007 τὴν
2365 937 2502 994 εἶναι
2536 944 2641 994 τῶν
2669 945 2761 995 δύο
2803 945 3101 1007 θαλασσῶν,
3135 944 3231 1010 τῆς
3261 961 3320 995 τε
3352 943 3618 1006 Ποντικῆς
3675 944 3771 994 καὶ

2235 1031 2332 1098 τῆς
2367 1032 2618 1098 Ἀσιανῆς
2641 1047 2654 1061 ·
2688 1033 2785 1101 τὴν
2812 1033 3172 1106 δὲιθόστραν,
3212 1033 3287 1092 si;
3316 1032 3481 1098 ὄνομα
3511 1031 3616 1081 τῶν
3651 1032 3770 1082 κτε-

2237 1137 2422 1182 σαντος
2453 1121 2618 1188 αὐτὴν
2644 1121 2942 1190 στρατηγοῦ
2971 1122 3226 1186 Βῆςπροι.»⁸
3269 1121 3368 1190 τὴν
3411 1121 3473 1174 δὲ·
3536 1121 3768 1186 μετωνό-

2240 1225 2380 1274 μασε
2404 1209 2697 1263 Διόσπολιν.
2723 1209 2961 1274 Quorum
2993 1210 3079 1264 hic
3107 1225 3300 1264 sensus
3323 1217 3443 1264 est:
3473 1208 3605 1263 Cum
3637 1223 3769 1261 con-

2234 1297 2459 1351 didisset
2490 1304 2754 1365 Augustus
2786 1299 2965 1361 urbes,
3012 1314 3172 1352 unam
3201 1299 3254 1352 in
3286 1299 3482 1361 Ponto,
3539 1297 3764 1349 alteram

2235 1388 2284 1439 itt
2322 1387 2536 1451 Arabia,
2577 1389 2786 1442 tertiam
2850 1391 2901 1442 in
2963 1388 3113 1458 Syria
3175 1389 3367 1458 Cypro,
3419 1388 3468 1440 vi
3522 1386 3765 1440 numinis

2232 1477 2352 1530 irati
2387 1477 2702 1546 collapsam,
2737 1480 2956 1531 nomine
3010 1467 3338 1538 Salamiuén,
3393 1475 3713 1530 restituisset
3746 1514 3759 1536 ,

2231 1566 2754 1634 primamappellavit
2801 1572 3088 1635 Ancyram,
3147 1567 3247 1618 hoc
3278 1574 3364 1618 est
3443 1563 3758 1624 anchoram,

2230 1667 2508 1723 propterea
2538 1657 2680 1723 quod
2712 1666 2855 1711 esset
2875 1657 3050 1710 medio
3075 1655 3174 1708 sita
3198 1656 3317 1708 loco
3345 1655 3480 1707 inter
3504 1655 3608 1706 duo
3638 1668 3760 1706 rna-

2229 1745 2330 1805 ria,
2357 1743 2636 1797 Ponticum
2669 1754 2719 1798 et
2773 1745 3069 1799 Asianum:
3126 1744 3351 1797 alteram
3406 1743 3670 1801 Bostram.
3725 1757 3756 1794 a

2227 1850 2256 1887 a
2307 1844 2528 1902 prmtore
2587 1835 2785 1890 Bostrtf
2839 1851 2998 1905 quem
3051 1844 3342 1890 strncturre
3398 1835 3758 1903 praefecerat:

2226 1925 2393 1978 tertia:
2423 1939 2615 1978 nomen
2647 1929 2698 1978 in
2735 1925 3028 1994 DiOSpolim
3093 1927 3347 1980 mutavit.
3397 1913 3773 1991 Busbequius:

2228 2017 2308 2069 vir
2334 2015 2576 2078 illustris,
2611 2016 2666 2067 in
2693 2016 2980 2069 Itinerario
3013 2016 3277 2076 meminit.
3308 2017 3444 2069 hanc
3472 2015 3656 2068 urbem
3687 2015 3758 2067 ab

2225 2103 2364 2158 Asia:
2388 2105 2770 2157 communitate
2788 2106 2866 2174 (τὸ
2885 2103 3056 2157 κοινὸν
3079 2106 3173 2171 τῆς
3211 2101 3591 2166 ’Λσίαςόίιθτο
3610 2103 3761 2156 Gra-

2223 2196 2296 2261 εἰ)
2336 2195 2573 2262 Augusto
2605 2193 2772 2248 fuisse
2803 2195 3056 2248 dicatam.
3086 2193 3274 2248 Merito
3325 2193 3537 2260 quidem
3565 2192 3613 2244 id
3679 2191 3760 2244 l'a—

2227 2293 2389 2346 ctum,
2420 2285 2463 2336 si
2506 2283 2586 2335 vel
2607 2281 2876 2346 conditor,
2935 2283 3016 2336 vel
3079 2281 3408 2337 instaurator
3463 2281 3581 2347 ejus
3637 2293 3758 2333 erat

2226 2373 2520 2438 Augustus.
2545 2370 2774 2440 Ideoque
2805 2387 2909 2424 non
2943 2372 3037 2425 abs
3064 2387 3122 2425 re
3152 2371 3322 2424 voluit
3369 2371 3505 2422 idem
3563 2369 3750 2437 Angu-

2227 2474 2342 2516 stus
2376 2477 2554 2515 rerum
2592 2463 2686 2515 abs
2713 2477 2768 2515 se
2832 2472 3125 2529 gestarum,
3177 2475 3311 2529 quas
3365 2459 3525 2512 incidi
3571 2458 3758 2511 Roma:

2227 2555 2442 2606 dnahns
2480 2555 2531 2606 in
2569 2555 2791 2608 aheneis
2822 2555 2944 2623 pilis
2971 2554 3225 2618 iusserat,
3247 2553 3517 2618 exemplar
3537 2550 3625 2604 hic
3663 2565 3726 2604 θ.-
3748 2579 3761 2589 -

2227 2651 2388 2694 stare.
2447 2644 2864 2711 Conspiciuntnr
2929 2651 3107 2696 autem
3164 2642 3540 2712 qnalcsquales
3597 2638 3761 2704 hujus

2227 2733 2464 2799 reliquite
2495 2733 2813 2785 marmoreis
2846 2731 3129 2795 insculptas
3192 2731 3489 2800 parietibus
3545 2728 3755 2781 aedilicii

2226 2823 2445 2885 veteris,
2489 2822 2627 2889 quod
2661 2822 2825 2876 aedem
2857 2821 3120 2890 Apollinis
3141 2821 3304 2875 fuisse
3346 2828 3532 2886 putant
3559 2816 3751 2884 aliqui,

2228 2912 2565 2984 Busbequius
2593 2911 2923 2980 prmtorium.
2952 2911 3002 2964 Id
3035 2925 3160 2965 vero
3193 2919 3298 2964 tam
3331 2910 3538 2979 insigne
3565 2921 3760 2958 monu-

2227 3013 2464 3055 mentum
2497 3001 2832 3070 antiquitatis
2857 3000 3134 3063 Romana),
3191 3002 3315 3068 quia
3359 3001 3525 3053 lector
3574 2999 3760 3051 existi-

2228 3108 2374 3146 mare
2402 3093 2554 3146 facile
2587 3102 2781 3160 potest,
2807 3107 2835 3145 a
2865 3093 2932 3146 '54
2965 3100 3016 3144 et
3043 3092 3269 3159 amplius
3288 3091 3439 3142 annis
3469 3090 3758 3142 admodum

597 3170 869 3237 Aythonus
922 3169 1213 3238 Tanguros.
1241 3171 1352 3226 Non
1385 3175 1522 3227 enim
1551 3176 1758 3241 Tangot
1787 3177 1924 3243 apud
1985 3178 2127 3230 hunc
2154 3203 2194 3259 ο
2228 3198 2347 3236 esse
2382 3181 2758 3243 deformatum,
2783 3191 2836 3234 et
2872 3183 2938 3234 ab
2969 3181 3178 3235 inIestis
3212 3181 3357 3234 omni
3404 3180 3600 3234 Gratum
3650 3179 3762 3233 Rue

595 3259 961 3322 scribendum,
990 3263 1084 3314 sed
1131 3262 1367 3330 Tangor.
1415 3265 1603 3318 Itidem
1653 3264 1858 3320 Ortelio
1917 3267 2126 3334 TatthI

599 3348 742 3414 regio
777 3360 1017 3415 vocatur,
1044 3365 1163 3420 quae
1190 3355 1387 3407 rectius
1418 3352 1657 3423 Tangnr.
1711 3357 1861 3424 Apud
1915 3357 2124 3428 Pachy-

599 3440 851 3504 tneriutn,
874 3450 926 3493 et
946 3441 1079 3495 alios
1101 3440 1338 3505 Graecos,
1388 3443 1640 3510 Tochari,
1665 3445 1904 3502 detracta
1948 3448 2128 3503 littera-

596 3545 648 3594 γ,
684 3530 964 3597 leguntur:
997 3534 1087 3599 qui
1141 3535 1323 3590 verius
1371 3536 1783 3604 appellabuntur
1831 3538 2119 3593 Tonchari.

595 3642 681 3697 10.
707 3644 830 3698 Urbs
851 3643 1070 3712 Enguri,
1090 3646 1317 3716 Ancyra.
1334 3649 1712 3706 Monumentum
1735 3663 1873 3707 vetus
1898 3653 2123 3722 Ancyra-

1281 3733 1423 3770 nam.

663 3805 916 3870 Enguritn
945 3807 1106 3862 Turci
1135 3821 1328 3862 vocant
1379 3812 1566 3864 urbem
1605 3812 1853 3867 Asiatica:
1875 3814 2121 3882 Galatiae,

593 3911 711 3962 qtue
743 3897 887 3951 dicta
946 3899 1138 3967 priscis
1191 3900 1290 3953 fuit
1345 3905 1576 3970 Ancyra,
1605 3910 1660 3957 et
1685 3901 2120 3974 LeoniAugusto

593 3998 781 4052 quarta
809 3989 1122 4042 thronornm
1185 3991 1238 4044 in
1269 3992 1459 4047 ordine
1508 3997 1822 4064 metropolis
1884 4006 1970 4052 est
2021 3998 2122 4052 sub

595 4073 898 4139 patriarcha
925 4074 1519 4145 Constantinopolitano
1549 4099 1564 4134 :
1592 4083 1728 4136 satis
1787 4084 1915 4138 olim
1983 4086 2122 4140 cele-

595 4161 706 4214 bris
729 4160 886 4213 etiam
917 4160 988 4214 ob
1040 4162 1478 4230 antiquissimam
1548 4167 1974 4222 Christianorum
2033 4185 2122 4239 sy-

594 4249 812 4312 nodum,
842 4265 960 4319 qua:
982 4250 1106 4304 istic
1139 4251 1315 4307 habita
1347 4251 1466 4315 fuit,
1493 4263 1547 4307 et
1607 4253 1763 4323 cujus
1784 4265 1903 4310 acta
1933 4256 2120 4311 decre-

594 4347 752 4401 taque
774 4341 927 4407 plena
980 4340 1194 4408 pietatis
1231 4349 1470 4395 exstant.
1535 4343 1701 4398 IIodie
1753 4359 1946 4416 magna
2009 4347 2119 4402 illic

592 4428 743 4495 copia
787 4431 1052 4498 cymatilis
1118 4432 1201 4486 vel
1257 4432 1498 4487 undulati
1545 4435 1708 4502 panni
1771 4436 2114 4502 (camelotnm

2226 3287 2500 3339 manasque
2535 3273 2811 3340 elegantia:
2841 3269 3088 3325 Barbarie
3118 3269 3358 3338 quotidie
3387 3269 3554 3338 magis
3593 3271 3757 3323 etiam

2224 3360 2447 3414 lacerari
2481 3374 2539 3414 ac
2565 3359 2702 3412 dirui
2735 3375 2747 3410 :
2778 3358 2947 3425 placet
2970 3372 3156 3412 eorum
3180 3371 3368 3417 causa.
3403 3358 3493 3424 qui
3519 3359 3756 3426 antiqui-

2225 3459 2389 3503 tatum
2426 3464 2552 3502 vere
2589 3449 2766 3517 magni
2827 3446 3269 3501 aastimandarnm
3329 3446 3551 3500 studiosi
3606 3458 3759 3508 sunt,

2222 3545 2298 3597 sic
2328 3555 2638 3609 expressum
2672 3542 2771 3592 hoc
2797 3541 2914 3594 loco
2938 3537 3205 3605 subjicere
3236 3553 3251 3592 :
3303 3537 3756 3604 quemadmodum

2221 3632 2270 3684 id
2305 3631 2563 3698 temporis
2594 3630 2798 3696 legatus
2825 3628 3061 3682 Caesaris
3109 3625 3455 3691 Ferdinandi,
3514 3627 3761 3681 maxima:

2219 3723 2300 3776 vir
2317 3719 2588 3790 dignitatis
2605 3719 2870 3774 Antonius
2887 3717 3192 3778 Verantius,
3217 3717 3502 3786 episcopus
3527 3719 3757 3787 Agrien-

2221 3815 2318 3875 sis,
2351 3828 2442 3878 pcr
2459 3825 2584 3864 suos
2612 3810 2898 3864 transcribi
2957 3809 3197 3863 curavit.
3229 3808 3433 3862 Mecum
3465 3823 3594 3862 vero
3612 3823 3764 3861 com-

2221 3901 2528 3956 municabat
2563 3909 2688 3954 ante
2728 3899 3116 3969 profectionem
3148 3895 3212 3952 ad
3239 3897 3446 3958 Turcos
3499 3908 3758 3962 nostram,

2219 3989 2299 4043 vir
2358 3987 2576 4051 nobilis,
2633 3998 2688 4041 et
2733 3987 2954 4054 antiqua
3002 3984 3197 4038 virtute
3226 3999 3289 4039 ac
3348 3985 3475 4047 ﬁde,
3517 3984 3756 4037 Karulus

2216 4078 2432 4134 Clusius
2466 4076 2713 4138 Atrebas,
2775 4081 3056 4142 acceptum
3117 4073 3184 4126 ab
3240 4073 3456 4126 Antonii
3513 4073 3762 4141 praesulis

2222 4176 2439 4236 nepote,
2473 4163 2671 4220 Fausto
2700 4163 2952 4218 Verantio
2985 4179 3000 4215 :
3057 4177 3284 4229 quorum
3335 4161 3571 4213 omnium
3619 4175 3753 4237 sane

2218 4256 2546 4311 mentionem
2580 4253 2716 4317 fieri,
2746 4253 2918 4308 visum
2948 4251 3051 4307 fuit
3082 4251 3469 4320 equissimum.
3527 4252 3600 4305 uti
3622 4267 3751 4305 con-

2218 4353 2552 4400 servatorum
2575 4343 2854 4413 fragtnenti
2878 4342 3091 4410 penitus
3122 4341 3295 4406 aurei,
3327 4341 3471 4408 quod
3531 4341 3654 4395 coeli
3684 4356 3746 4395 ac

2219 4426 2513 4489 Turcorum
2547 4433 2760 4500 injuriis
2782 4431 3107 4500 expositum,
3143 4444 3208 4485 ne
3240 4430 3529 4498 cateroqni
3583 4430 3742 4484 nobis

593 4517 746 4582 vulgo
768 4521 980 4584 vocant)
1009 4519 1166 4587 longe
1196 4523 1628 4589 praestantissimi
1679 4525 1904 4596 tingitur
1931 4538 1983 4582 et
2006 4528 2115 4582 ela-
2147 4520 2191 4575 Β
2218 4527 2443 4593 Ancyra:
2469 4536 2712 4591 prorsus,
2780 4535 2844 4575 ac
2878 4521 3028 4574 brevi
3084 4519 3306 4588 quidem
3352 4528 3550 4588 pereat,
3612 4520 3755 4575 haud

593 4605 832 4669 boratur,
863 4609 1075 4677 alioque
1103 4609 1446 4664 distrahenda
1471 4614 1715 4666 vehitur.

661 4695 897 4758 Quodam
923 4700 972 4751 in
1034 4701 1272 4755 historiae
1321 4700 1518 4755 Graeca
1574 4703 1728 4766 libro,
1785 4705 1941 4770 cujus
1989 4708 2118 4773 quia

596 4784 823 4850 perierat
847 4788 1078 4852 initium,
1115 4805 1182 4844 ne
1203 4791 1416 4860 quidem
1457 4793 1690 4847 auctoris
1725 4793 1853 4848 sciri
1915 4808 2111 4849 nomen

596 4881 818 4938 poterat,
876 4877 1052 4945 legere
1107 4881 1350 4944 memini,
1408 4881 1474 4935 de
1531 4881 1796 4950 Ancyran'i
1861 4885 2111 4948 mancipii

593 4960 863 5016 co:tditore
891 4968 1146 5035 Auguste.
1179 4967 1367 5024 Verbis
1413 4986 1473 5023 ea
1536 4971 1843 5026 releruntur
1927 4975 2113 5041 hujus-

2218 4613 2422 4680 absquc
2440 4625 2602 4665 causa
2636 4610 3001 4682 metuendum.
3037 4609 3141 4662 Sed
3176 4608 3410 4675 reliquas
3451 4607 3666 4662 tandem
3727 4624 3766 4664 θ

2220 4701 2507 4770 naufragio.
2533 4708 2639 4753 tam
2666 4699 2906 4768 prmclari
2942 4698 3152 4752 tabulas
3201 4698 3381 4765 operis
3416 4698 3586 4750 lector
3616 4699 3761 4750 acci-

2219 4793 2327 4860 piat
2364 4791 2434 4844 ita
2462 4791 2619 4843 dictis
2648 4789 2705 4841 in.
2732 4788 3026 4856 parietibus
3075 4795 3348 4841 exstantes
3381 4805 3393 4840 :
3421 4795 3476 4840 ut
3528 4787 3762 4842 dimidia

2217 4896 2342 4950 pars
2380 4873 2704 4933 intrantibus
2727 4877 3011 4932 aedilicium
3045 4877 3111 4931 ad
3145 4879 3406 4942 dextram,
3447 4876 3624 4930 altera
3676 4891 3767 4931 se-

2220 4980 2327 5026 met
2352 4971 2414 5024 ad
2437 4971 2712 5024 sinistram
2744 4966 2966 5024 onerata

1889 5112 2152 5170 SERIES
2181 5109 2452 5170 PRIMA.

1092 5244 1322 5284 RERVM.
1352 5243 1703 5286 GESTARVM.
1747 5241 1897 5285 DIVI.
1933 5243 2212 5284 AVGI'STI.
2239 5220 2480 5293 ῥγιιιγδ.
2509 5242 2732 5285 ΟΗΒΕΜ.

1085 5319 1416 5362 TERRARVM
1454 5349 1468 5362 .
1501 5304 1779 5360 lapsum.
1812 5319 2048 5360 POPVLI.
2071 5320 2324 5361 ROMANI.
2363 5318 2660 5360 svumcrr.

1091 5394 1183 5434 ΕΤ.
1209 5396 1623 5438 IMPENSARVM.
1653 5395 1831 5445 QVAS.
1856 5394 1939 5437 IN.
1965 5396 2422 5440 RENIPVBLICAM.
2441 5394 2552 5436 ΡΟ·

1098 5470 1443 5521 I’VLVMQVE.
1473 5470 1798 5514 ROMANVM.
1839 5473 2027 5514 FECIT.
2060 5475 2322 5516 INCISARV
2343 5477 2408 5515 Μ.
2433 5471 2516 5514 ΙΝ.

1112 5545 1347 5589 DVABUS
1374 5547 1650 5590 AHENEIS.
1694 5549 1864 5590 PILIS.
1896 5551 2030 5600 (ΝΛΞ

1098 5621 1346 5664 ΡΟΒΙΤἈΕ.
1378 5625 1720 5667 EXEMPLAR.
1755 5626 2095 5669 SUBJECTI‘SI
2108 5655 2119 5667 .

2088 5551 2264 5592 SVNT.
2299 5551 2498 5593 ROhix‘E.

1101 5699 1322 5763 ANNOS.
1353 5701 1754 5746 VNDEVICINTI.
1789 5703 1998 5746 NATVS.
2032 5703 2401 5746 EXEBCITUM.
2423 5705 2710 5746 PRIVATO.

1103 5777 1398 5822 CONSILIO.
1437 5781 1526 5822 ΕΤ.
1555 5781 1835 5825 I’RIVATA.
1875 5782 2150 5823 IMI'IINSA.
2177 5781 2536 5825 (IUNII’AIIAVI.
2574 5779 2834 5827 TERQV’K.
