4032 6344
132 410 220 473 ’ΞΠ

908 561 1205 570 —_——.———————
1218 562 1537 571 ...ν-...ΗΜ
1550 561 1582 567 ,ς

1000 579 1045 587 —
1057 575 1728 589 -υ-υ--υ-υ-ο-ιο--η--υα-
1741 574 1780 584 -1
1793 574 1824 583 σιν

1252 407 1634 466 PANDEtLTl'J
1672 409 1865 466 lllST.
1902 408 2196 466 TURCIC.

1584 556 1919 567 ,μη--η-αυ--ι

3183 398 3299 463 ’118

1923 556 2051 567 ...ιι-ς

550 762 1434 942 JOANNIS
1584 751 2890 967 LEUNCLAVII

1455 1096 2037 1177 PANDECTES

797 1305 1741 1460 HISTORI/E
1816 1294 2660 1457 TURCIG/E
2770 1348 2776 1354 '

1366 1569 1592 1629 LIBER
1659 1568 1723 1628 Si
1733 1564 2122 1629 NGULARIS

1224 1716 1306 1791 Αὸ
1384 1744 1840 1792 ιιωετιιωοοε
1904 1736 2207 1788 manus.

200 2061 366 2134 389
392 2059 778 2135 Degenealogirz
802 2058 1151 2135 saltauerunt,
1173 2044 1599 2135 Osntqnidarttnt,
1694 2074 1745 2135 Α
1773 2026 2079 2121 Persarum,
2113 2057 2328 2112 nomine
2354 2051 2761 2117 Cossorassatli,
2795 2049 2891 2105 fuit
2915 2049 3116 2117 primus
3144 2062 3309 2103 ausus
3337 2121 3339 2123 ι

270 2125 382 2185 ἵαῖη
413 2125 571 2183 etiam
590 2166 606 2191 ,
634 2125 757 2199 quid
780 2130 965 2187 acac/1,
1000 2127 1136 2195 gasi,
1172 2125 1348 2188 zelebi,
1380 2129 1533 2179 emir.

201 2238 337 2292 Ante
373 2235 556 2291 omnia
610 2234 795 2290 lectori
831 2233 1086 2288 duximus
1142 2233 1527 2303 depingendam
1585 2233 1672 2286 hic

134 2330 323 2383 seriem
359 2328 666 2397 principum
701 2324 1162 2390 Machanensium,
1192 2339 1221 2377 a
1254 2326 1455 2393 quibus
1484 2325 1673 2378 (isma-

140 2422 285 2476 nidas
309 2428 488 2484 ortos,
517 2418 735 2473 annales
755 2418 810 2471 bi
840 2415 1053 2470 Turcici
1085 2414 1303 2469 tradunt
1326 2429 1341 2467 :
1369 2429 1487 2468 cum
1510 2414 1673 2467 arbo-

140 2526 215 2577 re,
265 2525 433 2578 quam
491 2520 687 2564 vocant
741 2507 1093 2577 Genealogica
1150 2504 1506 2568 sultanorum,
1548 2505 1673 2559 inde

138 2616 302 2670 usque
334 2601 408 2654 ab
436 2596 667 2654 Osmane
722 2600 916 2668 primo,
952 2598 1016 2651 ad
1073 2596 1329 2650 Muratem
1369 2596 1512 2649 hunc
1565 2605 1672 2649 ter-

140 2690 290 2763 tium,
315 2692 568 2758 :ejusque
600 2689 763 2742 lilium
802 2677 1214 2741 Muchemetem.
1275 2686 1332 2739 In
1368 2687 1468 2740 hac
1496 2695 1670 2739 autem

141 2771 451 2851 genealogia
492 2779 688 2835 retinui
724 2779 937 2832 nomina
970 2779 1198 2831 barbara
1232 2776 1566 2843 simpliciter,
1595 2776 1670 2829 uti

139 2871 558 2937 pronuntiantur
590 2884 621 2922 a
654 2867 883 2923 Turcis:
915 2866 1112 2935 quibus
1152 2874 1327 2920 tamen
1360 2864 1411 2918 in
1441 2865 1675 2932 explica-

142 2962 279 3017 tione
324 2962 615 3017 Annalium
648 2976 766 3016 eam
818 2961 947 3015 dare
997 2960 1223 3013 formam
1278 2959 1454 3021 libuit,
1513 2972 1673 3027 quam

142 3052 336 3108 Grecis
375 3050 588 3120 probari
616 3050 789 3105 video.
819 3049 1001 3103 Obiter
1032 3048 1191 3102 etiam
1228 3047 1405 3108 lector
1432 3046 1675 3099 animad-

142 3151 331 3205 vertat,
362 3138 603 3211 Uguzem
650 3140 735 3195 vel
769 3138 1000 3209 Oguzem
1028 3139 1116 3193 hic
1159 3145 1355 3205 quarto
1378 3136 1496 3193 loco
1527 3135 1674 3201 poni,

144 3250 171 3287 a
200 3248 303 3303 quo
334 3232 592 3286 familiam
631 3232 767 3285 lianc
789 3231 1043 3299 Oguzinm
1078 3229 1241 3284 Turci
1275 3230 1471 3283 dictam
1502 3232 1675 3295 aiunt,

144 3340 296 3392 quam
329 3322 602 3378 Laonicus
644 3320 1121 3390 Clialcocondyles,
1152 3320 1341 3374 Latine
1365 3318 1676 3388 Galliceque

1780 2144 2141 2201 Romanorum
2167 2145 2392 2213 imperio
2431 2143 2711 2204 rebellare,
2741 2154 2804 2194 nc
2826 2154 2885 2202 se
2912 2138 3037 2193 fecit
3078 2138 3309 2206 impera-

1776 2245 1943 2306 torem
1965 2236 2106 2309 Asia:
2130 2234 2417 2289 nominari.
2449 2234 2653 2301 Quippe
2681 2244 2780 2285 vox
2815 2230 2905 2307 illa
2928 2228 3310 2284 Cossorassatlt

1779 2322 2027 2379 mutanda
2055 2339 2275 2393 prorsus
2306 2325 2355 2378 in
2382 2323 2651 2390 Chosroas
2675 2319 2839 2385 Sach,
2871 2318 3015 2389 quod
3038 2312 3311 2373 Cliosroas

1778 2414 2057 2479 Scnchpid
2088 2424 2190 2479 est,
2229 2429 2319 2468 rex
2352 2413 2642 2474 Chosroes,
2673 2410 3081 2473 enuntiandum.
3129 2408 3314 2462 Obiter

1777 2505 1880 2559 hoc
1903 2507 2140 2560 indicare
2160 2514 2439 2574 propterea
2461 2503 2637 2566 libuit,
2660 2502 2801 2570 quod
2830 2486 3058 2568 insignis
3087 2499 3311 2553 histori-

1776 2614 1875 2651 cus
1908 2597 2247 2661 Iteineccius,
2272 2604 2463 2650 auctor
2478 2578 2729 2649 editionis
2750 2590 2978 2662 Aytboni
3006 2598 3311 2658 postremae,

1776 2688 1843 2741 de
1863 2688 2285 2742 Cbossorassath
2312 2688 2576 2756 putaverit
2599 2688 2944 2739 Artaxerxem
2963 2683 3271 2739 faciundum
3298 2701 3311 2737 :

1778 2778 1868 2846 qui
1902 2787 2081 2831 tamen
2123 2778 2284 2847 390
2321 2779 2561 2848 Agathim
2612 2791 2802 2833 nostro
2852 2793 2959 2832 non
2994 2776 3317 2830 Artaxerxes

1778 2877 1879 2932 est,
1916 2870 2008 2923 sed
2038 2868 2347 2933 Artaxares,
2380 2864 2457 2921 uti
2496 2868 2732 2937 liyza‘rus
2756 2882 2973 2937 quoque
3018 2875 3221 2928 noster,
3250 2866 3313 2920 V.

1778 2956 1840 3013 Ο.
1870 2972 1933 3012 cx
1979 2959 2447 3012 observationibus
2503 2957 2705 3012 nostris
2763 2956 3059 3010 adnotavit.
3109 2938 3323 3025 Rursus

1780 3048 1905 3101 alibi
1937 3047 2076 3117 apud
2105 3049 2350 3102 eumdem
2378 3047 2680 3115 Aythonum
2708 3046 2947 3099 Solimau
2975 3046 3068 3109 Sa,
3101 3060 3207 3099 non
3234 3058 3320 3099 est

1782 3140 2019 3194 Solimau
2054 3141 2234 3203 bassa,
2276 3140 2417 3192 sicut
2447 3139 2500 3191 in
2533 3137 2836 3205 Appendice
2863 3151 2960 3191 sua
2994 3132 3318 3192 Reineccius

1778 3233 2141 3300 opinatusest,
2159 3234 2249 3284 sed
2265 3228 2505 3283 Solimau
2520 3228 2710 3284 Scach.
2743 3228 2963 3283 Ertucnl
2984 3238 3036 3283 et
3052 3224 3303 3283 Ertucrul

1782 3322 2010 3393 (diverSa
2031 3330 2256 3388 namque
2266 3320 2529 3388 scriptura
2550 3316 2834 3388 reperitur)
2852 3334 2881 3372 a
2900 3318 3088 3371 Turcis
3101 3318 3317 3381 dicitur,
3368 3370 3371 3372 .

145 3432 243 3471 non
302 3430 500 3484 magna
564 3430 685 3469 cum
746 3414 1093 3482 interpretum
1154 3411 1312 3466 laude
1351 3412 1674 3479 publicatus,
1709 3412 1747 3465 Β
1775 3393 2992 3481 quemLaonicusOrtogulcmvocat,Osm‘anis
3013 3418 3236 3477 patrem’.
3254 3408 3318 3463 Et

144 3508 371 3576 appellat
424 3506 622 3563 tribum
649 3502 904 3575 Oguziam
935 3518 950 3556 :
988 3500 1262 3569 viderique
1296 3499 1435 3568 apud
1484 3497 1678 3551 Laoni-

142 3594 659 3667 cum,Ognzalpem
720 3594 866 3665 (licet
928 3592 1169 3647 confusis
1229 3599 1529 3657 temporum
1587 3604 1677 3642 ra-

143 3686 406 3753 tionibus)
458 3682 713 3737 eumdem
758 3697 898 3746 eSSe,
949 3682 1042 3750 qui
1078 3679 1293 3749 Oguzes
1334 3677 1527 3733 Turcis
1585 3685 1691 3731 vo-'

141 3783 312 3829 eatur.
332 3771 629 3841 Oguzalpes
659 3772 800 3825 enim
854 3771 1073 3834 dii-itur,
1102 3770 1248 3824 velut
1275 3767 1421 3837 Oguz
1475 3766 1590 3834 Elp,
1622 3765 1673 3817 id

140 3873 221 3916 est
252 3856 466 3931 Oguzes
497 3861 705 3929 Elpias.
736 3860 817 3913 vel
853 3858 1055 3912 latnilia
1084 3868 1238 3911 natus
1301 3857 1472 3925 Elpia,
1523 3856 1675 3924 cujus

144 3951 193 4003 in
217 3952 507 4007 annalibus
536 3951 735 4003 mentio
766 3950 822 4002 lit
848 3948 902 4001 in
929 3947 1053 4005 Yila
1105 3946 1311 3999 Sullani
1358 3943 1580 3997 Muralis
1611 3941 1677 4008 ll,

143 4058 283 4097 anno
313 4042 695 4095 Maliuinetnno
719 4039 842 4105 849,
876 4036 1323 4093 sive-Christiano
1353 4033 1507 4097 1444,
1533 4047 1680 4101 quas.

143 4150 245 4203 que
297 4134 514 4189 videtur
558 4131 743 4186 eadem
790 4145 911 4184 esse
962 4142 1082 4181 cum
1145 4125 1366 4193 Oguzia.
1419 4125 1679 4177 Praeterea

142 4224 452 4291 Giokclpem
491 4237 590 4276 nos
626 4234 901 4279 vocamus,
957 4216 1129 4272 secuti
1176 4214 1521 4273 Gauderium,
1576 4214 1680 4266 lin-

143 4330 257 4382 guae
281 4312 530 4367 Turcica:
552 4304 852 4365 Cisareum
882 4308 1249 4374 interpretem,
1267 4305 1358 4371 qui
1382 4302 1576 4356 Turcis
1598 4312 1683 4356 est

143 4406 371 4457 aliorum
417 4400 855 4468 pronuntiatione
921 4395 1186 4464 Kukelpes
1252 4393 1334 4449 vel
1394 4390 1678 4458 Gukclpes.

145 4493 229 4551 Sic
268 4496 414 4561 apud
445 4490 785 4547 Vincentium
815 4488 1188 4543 Belracensem
1206 4497 1457 4553 corrupte
1488 4485 1682 4555 legitur

145 4589 361 4653 quidam
394 4584 615 4651 KiOCay,
666 4593 762 4648 pro
793 4577 923 4631 Κίος
950 4578 1123 4638 Cbau,
1159 4576 1555 4644 pronuntiando
1588 4591 1683 4629 vo-

144 4693 259 4729 cem
285 4675 422 4730 Kioc
449 4676 607 4728 unica
637 4682 844 4727 tantum
876 4671 1093 4742 syllaba,
1123 4670 1212 4736 qui
1244 4667 1371 4721 alibi
1394 4668 1507 4738 Gog
1532 4668 1679 4719 Elian

148 4768 343 4819 dicitur
375 4781 392 4818 :
429 4776 486 4818 ut
513 4764 673 4818 etiam
701 4762 926 4832 Gtikelp,
956 4770 1008 4816 et
1040 4759 1151 4826 Gog
1200 4759 1315 4827 Elp,
1365 4774 1459 4825 pro
1491 4760 1676 4813 eodem

148 4858 463 4922 accipiatur.
504 4855 656 4919 Quod
682 4868 875 4908 nomen
908 4853 1251 4907 indicandum
1279 4850 1481 4918 putati,
1524 4864 1679 4915 prop.-

148 4954 225 4996 ter
274 4944 688 5011 appellationem
737 4944 928 5012 gentis,
982 4957 1102 5010 qua
1150 4939 1316 4995 sacris
1372 4940 1423 4991 in
1463 4937 1680 4991 Litteris

150 5044 340 5088 evstat.
380 5033 569 5087 Scachi
606 5047 779 5089 autem
812 5034 1118 5100 appellatio,
1152 5047 1269 5099 qum
1303 5029 1553 5082 tribuitur
1582 5027 1682 5081 So-

148 5126 393 5187 leimani,
429 5125 696 5185 Ertuculis
730 5128 863 5193 patri
906 5127 986 5179 vel
1020 5138 1223 5190 regum,
1255 5121 1337 5173 vel
1370 5136 1693 5188 magnorum

148 5224 228 5267 est
254 5214 586 5284 principum,
622 5218 913 5283 prasertim
940 5216 1075 5285 apud
1108 5212 1342 5267 Persas:
1375 5214 1516 5265 sicut
1541 5211 1683 5277 apud

152 5305 420 5373 HiSpanos
447 5303 583 5358 Doni
609 5307 929 5358 vocabulum
970 5311 1021 5357 in
1053 5321 1153 5359 usu
1197 5315 1294 5356 est.
1337 5300 1487 5368 Apud
1523 5300 1684 5353 Jaco-

153 5396 274 5447 bum
310 5392 617 5448 FOntauuin
657 5394 894 5449 Tsuccus
928 5411 1115 5449 nomen
1148 5382 1251 5455 est,
1282 5384 1427 5460 quod
1467 5393 1551 5441 vix
1587 5405 1677 5457 ag-

153 5484 361 5537 noverit
388 5484 584 5551 aliquis
624 5485 763 5538 idem
794 5480 913 5538 esse
940 5500 1056 5538 cum
1087 5485 1314 5537 Scaclio.
1346 5479 1450 5533 Nec
1496 5484 1680 5533 recens

154 5574 250 5629 hoc
269 5589 396 5629 esse
421 5574 612 5628 Scncbi
639 5577 975 5640 vocabulum,
1001 5578 1085 5629 vel
1132 5592 1197 5628 ex
1252 5590 1315 5627 eo
1345 5582 1504 5642 patet,
1542 5573 1681 5639 quod

151 5669 288 5727 apud
316 5668 625 5735 Aytlionum
662 5670 772 5720 lucc
819 5667 1029 5719 decimo
1072 5669 1262 5733 quinto
1308 5666 1476 5731 capite
1504 5666 1682 5723 verba,

157 5754 274 5808 licet
304 5765 577 5824 corrupte,
622 5756 901 5823 legantur:
938 5755 1276 5811 Postmodum
1330 5754 1541 5822 quidam
1595 5768 1681 5803 rex

1780 3503 2063 3556 Osmanem
2108 3503 2250 3553 hunc
2300 3498 2445 3561 dico,
2502 3514 2606 3553 non
2642 3499 2945 3562 Otmanem,
2991 3500 3075 3553 vel
3104 3500 3321 3553 Otomn-

1782 3608 1953 3658 num;
2005 3593 2241 3661 itemque
2292 3606 2400 3644 non
2440 3588 2770 3655 Otmanidas,
2816 3590 2909 3644 scd
2958 3589 3321 3650 Osmanidas:

1782 3683 1921 3750 quod
1957 3683 2027 3737 ita
2066 3684 2297 3752 postulet
2320 3681 2562 3736 Arabicae
2593 3681 2940 3750 Turcicreque
2970 3682 3165 3748 lingua:
3193 3695 3320 3749 pro-

1784 3750 2089 3826 nuntianda:
2118 3773 2269 3834 ratio,
2299 3772 2393 3825 cui
2429 3771 2610 3825 Graeca
2647 3770 2875 3839 prolatio
2932 3771 3190 3833 nominis,
3224 3750 3335 3838 per:

1782 3863 1936 3916 Thita
1982 3862 2214 3916 litteram
2281 3861 2485 3928 scripti,
2535 3874 2645 3914 non
2695 3861 3013 3914 adversatur
3052 3870 3067 3914 :
3104 3861 3321 3928 quando

1782 3955 1931 4008 istaec
1964 3955 2137 4007 liltera
2169 3966 2273 4005 non
2318 3949 2518 4005 Latina:
2540 3951 2581 4003 1'
2606 3950 2687 4005 vel
2754 3949 2846 4003 ΤΗ
2879 3951 3187 4019 respondet.
3223 3952 3318 4006 sed

1782 4057 1846 4097 ex
1874 4058 1973 4097 usu
2020 4041 2355 4108 Gracornm,
2401 4042 2615 4112 gemino
2667 4040 2857 4110 potius
2895 4041 2957 4105 S,
2986 4054 3109 4097 cum
3164 4042 3320 4096 sibilo

1784 4124 2320 4201 qumlamexprésso.
2354 4134 2440 4186 Sic
2465 4134 2607 4186 enim
2649 4132 2965 4186 Assmaneui
3004 4136 3321 4200 pronuntia.

1786 4224 1860 4277 vit
1902 4221 2373 4287 Cbalcocondyles,
2437 4235 2539 4272 non
2616 4219 2957 4272 Athmanem.
3009 4219 3117 4274 Nec
3171 4222 3314 4275 aliud

1787 4314 1887 4365 hoc
1929 4310 2177 4364 Osmanis
2228 4310 2368 4360 illius
2424 4318 2503 4361 est
2563 4323 2779 4367 nomen,
2847 4323 3006 4375 quam
3059 4308 3312 4365 Osmanis

1786 4401 1975 4462 bassae,
1993 4399 2222 4468 quiante
2249 4396 2519 4452 biennium
2546 4396 2682 4449 bello
2709 4396 2921 4451 Persico
2954 4399 3130 4467 periit.
3156 4394 3321 4456 one-

1786 4495 1911 4546 lium
1943 4506 2072 4547 sane
2112 4493 2278 4545 miror
2308 4491 2614 4551 Osmanem,
2649 4504 2807 4557 quem
2853 4490 3193 4543 Ottomanum
3226 4508 3319 4543 vo-

1786 4594 1890 4648 cat,
1921 4582 2071 4637 Zicbi
2108 4583 2272 4636 lilium
2307 4582 2497 4645 facere,
2534 4592 2642 4633 tam
2677 4582 2895 4645 Grzccis,
2934 4596 3092 4649 quam
3126 4579 3314 4635 Turcis
3350 4592 3360 4597 '

1789 4676 2227 4745 repugnantibus.
2261 4673 2621 4742 Gunduselpis
2658 4690 2870 4735 nomen,
2901 4674 2991 4740 qui
3013 4680 3066 4727 ct
3093 4675 3318 4732 Gumlus

1788 4785 1817 4822 a
1846 4766 2036 4820 Turcis
2079 4774 2319 4826 vocatur,
2346 4766 2483 4817 idem
2523 4781 2743 4831 prorsus
2799 4775 2880 4819 est
2913 4780 3034 4818 cum
3088 4764 3319 4830 Duzalpc

1787 4858 2020 4919 Laonici,
2045 4872 2135 4925 per
2152 4856 2484 4922 aplut‘t‘esim,
2503 4870 2660 4923 quam
2686 4864 2895 4918 vocant,
2910 4855 3320 4909 detractionem-

1785 4964 1888 5016 que
1914 4950 2199 5017 primarum
2229 4946 2545 4997 litterarum.
2572 4943 2632 4997 Et
2660 4944 2708 4996 in
2739 4944 2972 5013 margine
2997 4944 3166 4999 Latini
3187 4944 3321 5000 Lao-

1786 5039 2215 5104 nici_ascriptum
2239 5036 2427 5100 legitur
2454 5035 2613 5103 hujus
2643 5036 2885 5101 Duzalpis
2929 5050 3120 5089 nomen
3171 5041 3317 5093 aliud

1786 5147 1848 5184 ex
1875 5131 1980 5183 alio
2005 5129 2156 5189 libro,
2179 5125 2671 5192 Judisalpeszquoil
2705 5126 2767 5177 ad
2806 5123 3203 5192 Gunduselpem
3237 5132 3318 5180 vel

1786 5221 2167 5285 Junduselpcm
2228 5219 2446 5283 propius
2484 5218 2710 5269 accedit.
2738 5215 2891 5267 Errat
2927 5225 3104 5268 autem
3142 5220 3193 5268 in
3231 5219 3317 5270 bis

1786 5312 2043 5366 Laonicus
2065 5311 2201 5376 quod
2226 5307 2507 5372 llnzalpem
2531 5308 2678 5373 ponit
2705 5307 2934 5373 primum
2967 5307 3017 5358 in
3041 5307 3136 5358 hac
3162 5307 3266 5359 iam
3292 5338 3318 5348 -

1789 5399 1986 5465 ἥδη(ιυί
2005 5395 2225 5447 Gunrlus
2250 5401 2301 5445 et
2330 5393 2659 5460 Gunduselp,
2688 5395 2953 5447 Ertuculis
2972 5394 3111 5447 filius
3135 5415 3147 5446 :
3174 5400 3318 5461 Quod

1786 5486 2103 5554 Oguzalpem
2124 5482 2370 5548 Duzalpis
2400 5483 2524 5534 facit
2555 5484 2739 5545 lilium,
2767 5486 2855 5549 qui
2885 5486 2949 5535 ab
2982 5486 3080 5536 hoc
3111 5485 3318 5537 decimo

1790 5578 1944 5627 tertio
1962 5576 2126 5643 gradu
2144 5584 2223 5627 εει
2239 5577 2375 5625 inter
2392 5574 2742 5625 ascendentes
2767 5589 2781 5627 :
2815 5574 2951 5637 quod
2970 5573 3317 5640 Orthogulem

1792 5668 2072 5733 0,-nmlpis
2128 5666 2315 5725 lilium,
2354 5664 2602 5730 Duzalpis
2654 5674 2897 5731 nepotem
2943 5668 3148 5725 statuit,
3194 5682 3259 5721 cu
3288 5688 3317 5721 ιι

1790 5759 2102 5809 duodecimo
2136 5756 2297 5824 grmlu
2335 5756 2471 5805 absit
2528 5757 2591 5805 ab
2645 5756 2843 5822 ()guze,
2908 5759 2998 5817 qui
3050 5770 3132 5813 est
3185 5766 3324 5814 inter
