4032 6344
141 441 283 510 721,

1290 452 1671 521 PA‘NDECTE
1709 453 1900 512 llIST.
1943 455 2234 515 TURCIC.

3205 444 3314 518 τῃ

128 561 382 630 Βιιῇειοὶιὶε
413 562 601 646 filium,
647 579 800 634 quem
859 541 1073 620 animlrs
1139 567 1346 621 Tua-cici
1401 571 1661 622 Casanem
1692 567 1893 625 A-lant.
1928 567 2134 644 Quippe
2198 568 2370 622 solent
2414 568 2478 622 iis
2524 569 2850 630 nominibus,
2900 584 3068 637 quam
3099 572 3309 642 gemina
3372 605 3377 610 -

127 652 611 715 Ζι·1εὶιὶιιινρο²ιιι.
653 651 817 708 Error
853 657 1136 711 Sansovini
1189 659 1376 726 duplex
1422 660 1698 714 Osmani-~

124 743 320 794 durum
353 742 407 794 in
436 745 644 806 arbore,
675 760 783 814 quo
817 744 1073 807 Sultauus
1122 749 1231 818 jam
1291 752 1607 816 superstites
1641 767 1668 803 a
1714 765 1718 768 '

120 831 459 898 Cyriscelebi
495 842 772 905 prepagat,
819 845 874 890 et
924 837 1171 904 Bajaziti's
1217 854 1278 892 ex
1341 838 1670 910 Cyriscelebi

125 931 377 991 nepotem
413 924 538 997 facit
585 923 972 982 Mncbemetem
1014 929 1282 997 primum,
1332 938 1439 984 tam
1500 932 1671 984 mani-

125 1013 303 1068 festus
325 1025 428 1076 cst,
495 1017 693 1070 nullius
739 1028 798 1071 ut
853 1018 1190 1074 refutatiouis
1251 1021 1501 1090 indigeat.
1559 1023 1681 1088 Alis,

123 1116 302 1165 vero,
359 1105 451 1170 qui
506 1097 1027 1176 CounStantinopolim
1081 1108 1304 1182 ct’ipse‘
1357 1111 1672 1180 profugerit,

125 1194 277 1246 nulla
310 1192 553 1250 Turcicis
600 1198 652 1260 in
709 1199 1013 1253 annalibus-
1056 1203 1276 1257 mentio.
1323 1202 1704 1271 Rrposuimus.

121 1282 291 1335 etiam
319 1296 417 1338 suo
445 1284 563 1337 loco
580 1299 892 1354 germanum
916 1289 1089 1352 illum,
1120 1299 1172 1340 et
1213 1292 1487 1345 natalibus
1509 1307 1671 1360 opera

124 1383 314 1428 nostra
350 1390 494 1429 nunc
540 1377 882 1442 restitutum,
932 1380 1181 1448 Bajazltis
1234 1381 1422 1447 lilium,
1474 1369 1699 1438 Mustao.

123 1464 292 1531 pliam
333 1456 557 1521 zelebim
580 1486 594 1533 ;
619 1470 708 1536 qui
745 1480 802 1524 ut
829 1469 1133 1526 Temiriano
1154 1473 1364 1540 praelia,
1396 1475 1474 1529 sic
1511 1475 1671 1529 etiam

128 1557 396 1631 hactenus
426 1572 489 1610 ex
542 1559 955 1635 Usmanidarum
1017 1572 1318 1628 stemmate,
1375 1565 1674 1620 itaud'scio

125 1662 236 1711 quo
279 1645 426 1702 fatali
452 1663 580 1717 casu
610 1650 883 1716 exclusus,
938 1654 1150 1724 periit:
1188 1654 1364 1709 locum
1426 1657 1542 1727 eius
1595 1658 1675 1710 in-

125 1737 362 1814 vadente
433 1739 736 1810 Mnstaplta,
785 1747 1169 1815 .supposititio
1235 1749 1485 1819 Bajazitis
1545 1751 1674 1814 filio,

90 1843 288 1894 quem
324 1829 638 1895 Aimales‘bi
703 1831 916 1889 Dusmis
975 1837 1244 1903 appellant
1299 1825 1673 1908 cognomento.

1773 667 2099 728 consonante
2134 657 2411 726 incipiunt,
2456 657 2759 722 litteram-l,
2785 658 2943 728 392
2969 661 3047 711 vel
3076 658 3112 710 ι’
3145 660 3337 713 (ἳτιιιίαδΔ

1772 757 1892 794 cum
1910 731 2225 810 ‘prmponerc
2250 761 2264 808 ;
2298 745 2440 800 verbi
2463 746 2654 814 gratia,
2677 759 2796 816 eum
2820 762 2915 814 pro
2941 747 3207 799 Sceniere
3230 747 3325 800 di-‘

1773 842 1900 884 cunt
1924 832 2297 901 lscclientler‘;
2320 852 2415 903 pro
2437 835 2632 890 Scodra
2657 835 2899 890 lscoilara
2927 853 2942 902 ;
2975 830 3070 904 pro
3094 837 3308 906 Scopia,

1777 921 2028 990 llscopia.
2048 924 2322 994 Frequens
2343 938 2468 981 vero
2491 927 2541 979 in
2560 927 2840 981 annalibus
2862 926 3006 994 hisce
3036 928 3232 982 mentio
3257 929 3313 980 tit

1776 1014 2136 1077 lsvendiaris,
2174 1017 2312 1086 quod
2363 1025 2778 1088 cognomentum
2834 1018 3164 1091 principibus
3209 1016 3314 1071 illis

1776 1106 1930 1158 datur
1955 1147 1967 1167 ,
2001 1123 2229 1175 quorum
2275 1118 2389 1162 erat
2425 1108 2493 1161 ad
2513 1107 2740 1163 Pontum
2790 1110 3056 1164 Euxinum
3085 1110 3234 1172 ditio,
3261 1111 3316 1170 in.

1780 1197 1888 1265 ipsa
1931 1197 2097 1253 Ponto
2125 1199 2420 1266 provincia,
2444 1200 2723 1270 vicinaque
2755 1200 3138 1270 Paphlagonia.
3159 1201 3316 1255 Chal-

1778 1289 2097 1358 cocomlylcs
2122 1289 2403 1357 quemdam
2435 1303 2499 1344 ex
2530 1291 2608 1345 eis
2638 1292 2877 1344 nominat
2899 1290 3204 1355 ‘lsmailem,
3229 1288 3316 1352 Si-

1778 1395 1929 1448 uopaa
1959 1380 2277 1447 principem,
2298 1390 2350 1434 ct
2373 1381 2496 1434 alibi
2522 1382 2816 1449 principem
2846 1381 3057 1450 Sinopa:
3094 1390 3148 1436 et
3187 1380 3314 1437 Cas-

1779 1470 2029 1533 tamonis,
2061 1470 2293 1530 amicum
2316 1480 2367 1524 et
2397 1472 2605 1526 socium
2651 1471 2830 1525 Hosis.
2867 1471 2947 1524 ‘l'n
3001 1472 3197 1529 nostris
3222 1487 3316 1528 au-

1779 1568 1886 1611 tem
1913 1560 2200 1614 annalibus
2245 1561 2403 1620 hisce
2435 1562 2624 1632 legitur
2650 1591 2674 1626 ,η
2707 1559 2992 1617 lsvcndiari
3023 1561 3311 1624 ,Temirelh

1775 1645 2011 1701 Clianem
2039 1649 2120 1701 vel
2151 1649 2383 1712 dedisse,
2415 1650 2496 1714 vel
2549 1650 2827 1719 ademptas
2879 1666 2907 1706 a
2943 1651 3178 1720 Bajazite
3227 1648 3326 1706 rei

1782 1735 2046 1800 stituisse,
2069 1735 2470 1802 Castamonam,
2488 1735 2794 1808 Congerim,
2824 1730 3144 1810 Calazugen.
3171 1740 3310 1810 Idem
3332 1767 3347 1774 η

1781 1836 2030 1881 narratur
2061 1827 2299 1898 hospitio
2329 1827 2534 1885 Musam
2589 1815 3180 1903 excepisse,lclamque
3233 1849 3343 1889 se»

82 1959 84 1961 ,
127 1919 202 1987 ρο
245 1917 421 1973 Sauze
443 1919 601 1989 jussu
636 1923 804 1991 patris
825 1898 1113 1991 exonerato,
1157 1898 1464 1982 nullumvin
1503 1944 1675 1984 anna-
1711 1898 1748 1949 Β
1778 1931 1898 1970 cum
1921 1917 2194 1981 habuisse,
2223 1921 2442 1974 cumab
2470 1922 2641 1975 emire‘
2665 1898 2969 1976 soleimane
2989 1898 3152 1978 fratre
3177 1906 3316 1978 bello

125 2009 273 2061 libus
307 2011 549 2065 verbum.
576 2011 775 2068 Nomen
823 2012 1012 2069 Sauzis
1050 2017 1179 2072 illud
1232 2026 1334 2082 cst,
1375 2019 1514 2089 quod
1572 2018 1676 2075 So-

125 2098 395 2154 lcimanes
427 2100 692 2156 hodierno
734 2103 897 2157 vcziri
938 2107 1108 2160 azemi
1159 2104 1337 2174 adhuc
1367 2123 1542 2176 puero
1583 2110 1677 2163 tle—

125 2190 289 2244 ilisse-
313 2188 503 2245 fertur.
536 2193 696 2247 Siaus
727 2194 868 2248 enim
900 2180 1055 2252 bassa
1089 2205 1333 2262 vocatur,
1382 2199 1536 2266 cujus
1583 2217 1678 2254 su-

127 2295 224 2346 pra
254 2298 477 2351 quoque
518 2283 825 2355 aliquoties.
866 2286 918 2340 in
974 2282 1349 2358 supplemento
1385 2289 1679 2345 annalium

128 2375 325 2427 nb~tro
352 2374 484 2428 facta
504 2377 722 2432 mentio.
761 2376 912 2444 Quod
938 2382 1128 2434 autem
1162 2378 1322 2436 Sauzi
1379 2394 1409 2435 a
1447 2381 1676 2437 Reinec-

130 2465 217 2518 cio
255 2463 467 2521 Tauros
496 2466 636 2524 ﬁlius
657 2469 996 2535 attribuitur,
1028 2470 1119 2539 qui
1152 2471 1302 2526 exsul
1336 2472 1388 2526 in
1447 2471 1678 2542 Ungaria

125 2558 362 2612 vixerit:
390 2567 443 2613 et
470 2560 614 2628 quod
657 2559 796 2616 idem
855 2565 943 2618 ttat
1003 2563 1297 2633 Mustapba:
1342 2567 1679 2635 supposititio

126 2647 301 2701 ﬁlium
369 2645 646 2713 Davidem,
714 2667 796 2706 ex.
841 2654 1164 2710 auctoritate
1208 2651 1432 2711 Joannis
1486 2657 1678 2711 Basilii

131 2737 374 2800 llcroldi,
400 2738 492 2807 qui
529 2747 586 2793 et
607 2738 718 2808 ipse
749 2727 839 2795 diu
891 2743 1165 2797 exsularit
1196 2745 1334 2814 apud
1392 2746 1676 2815 lingaros:

122 2841 326 2880 errore
371 2829 600 2894 quodam
671 2827 885 2894 factum,
933 2847 997 2884 ex
1047 2831 1236 2909 vitiosa
1285 2834 1578 2903 scriptura,
1628 2844 1682 2890 ot

129 2914 349 2971 Heruldi
374 2917 818 2985 liallucinatione,
850 2921 1107 2988 profecto.
1144 2922 1256 2976 Non
1311 2925 1452 2978 enim
1477 2924 1681 2981 Tauros

127 3007 273 3076 apud
326 3006 812 3080 Cbalcocondylem
883 3010 987 3079 legi
1076 3012 1253 3075 debet,
1315 3015 1406 3068 sed
1459 3013 1677 3083 Tautes,

125 3097 300 3152 tribus
329 3098 568 3167 syllabis,
612 3100 754 3169 quod
809 3111 1000 3155 nomen
1045 3109 1126 3156 est
1175 3102 1314 3158 Taut
1359 3103 1442 3158 vel
1499 3105 1632 3160 Dant
1664 3148 1678 3173 ,

1778 2018 2073 2075 pete-retur.
2097 2009 2337 2066 Notanda
2363 2024 2578 2081 quoque
2602 2009 2762 2067 verba
2787 2014 3023 2077 Laonici,
3044 2031 3162 2070 cum
3199 2018 3272 2070 ait
3298 2058 3311 2078 ,

1780 2098 2198 2169 Scenderis,qui
2236 2102 2471 2171 Sinopen
2525 2106 2762 2173 regebat,
2806 2102 2973 2173 fuisse
3025 2108 3191 2160 lilium
3243 2107 3316 2162 ls-

1781 2193 2014 2248 mailem.
2061 2193 2267 2260 Quippe
2319 2194 2598 2260 legendum
2668 2204 2797 2261 puto
2841 2195 3161 2265 Spendoris,
3209 2212 3316 2250 non

1780 2283 2106 2360 Scenderis,
2160 2287 2286 2341 licet
2342 2287 2474 2342 mibi
2516 2301 2710 2359 nomen
2762 2286 3045 2343 Scenderis
3093 2302 3211 2343 non.
3247 2288 3318 2341 sit

1780 2375 2044 2441 ignotum.
2085 2375 2416 2434 Pantleratia:
2466 2379 2756 2446 satrapiam
2787 2379 2928 2446 quod
2984 2379 3194 2442 attinet,
3237 2385 3320 2430 est

1780 2464 1844 2516 ad
1871 2450 2097 2519 Pontum
2129 2464 2405 2521 Euxinum
2431 2467 2645 2530 civitas,
2705 2468 2761 2530 in
2795 2467 2964 2523 Ponto
3015 2468 3320 2537 provincia,

1779 2571 1897 2623 qua:
1922 2554 2080 2610 hodie
2099 2550 2424 2613 PenderaCbi
2464 2558 2660 2613 dicitur
2685 2572 2786 2622 ;eo
2819 2559 3007 2626 posita
3031 2557 3174 2624 situ,
3201 2623 3204 2626 ἢ
3228 2572 3320 2636 υθέ

1784 2645 1910 2700 teris
1945 2652 2000 2699 ut
2042 2646 2297 2701 Heraclito
2328 2646 2562 2702 Ponticae
2582 2648 2756 2702 locum
2809 2650 3103 2717 Occupasse
3148 2647 3325 2704 vidca-

1782 2743 1886 2788 tur.
1914 2736 1994 2790 Ab
2024 2737 2123 2791 bac
2149 2736 2192 2791 si
2218 2736 2343 2792 dicti
2400 2753 2507 2791 non
2561 2749 2688 2793 sunt
2725 2734 3094 2806 Sphenderes,
3141 2737 3320 2791 lsven—

1782 2829 2027 2882 diaresve
2066 2830 2218 2897 begi,
2243 2845 2381 2899 quos
2409 2830 2497 2902 alii
2527 2815 2886 2898 Sponder'aut-
2915 2827 3321 2897 .Spondcrbeios
3352 2863 3356 2866 -

1780 2930 2064 2989 vocar_unt,
2125 2920 2306 2975 saltim
2389 2920 2687 2988 Spenderes
2750 2920 2945 2990 oppido
3003 2910 3320 2988 regibuique

1781 3023 1976 3064 nomen
2013 3008 2229 3064 dedere.
2267 3011 2338 3065 De
2369 3011 2454 3067 bis
2482 3018 2536 3067 et
2571 3010 2672 3065 alia
2702 3011 2846 3081 leges
2876 3010 3037 3077 infra,
3093 3014 3321 3065 numero

1782 3098 1869 3151 15.
1899 3097 2049 3153 Nunc
2085 3101 2149 3154 ad
2178 3100 2590 3156 Osmanidarum
2627 3093 3103 3172 genealogiam‘ul'
3137 3100 3323 3155 redea-

130 3188 595 3254 qucmadmodum
652 3191 854 3245 nostris
913 3191 965 3244 in
1005 3191 1293 3249 annalibus
1349 3194 1484 3269 Dant
1524 3197 1680 3252 bassa

1785 3205 1921 3252 mus,
1962 3189 2221 3257 'equidem
2276 3205 2382 3243 non
2447 3192 2542 3244 abs
2600 3205 2655 3244 re
2711 3189 2919 3254 dubito,
2985 3205 3050 3242 an
3085 3189 3221 3243 duos
3256 3204 3321 3244 cx

129 3277 352 3346 legitur,
381 3279 482 3332 sub
524 3279 749 3348 imperio
803 3280 1056 3349 Bajazitis
1102 3283 1344 3338 secundi.
1399 3283 1464 3339 Et
1484 3286 1680 3343 Turcis

131 3369 284 3434 Daud
324 3367 540 3436 dicitur,
568 3373 654 3438 qui
693 3371 856 3425 David
890 3371 1146 3428 Hebraeis.
1188 3372 1284 3429 Hic
1308 3389 1435 3446 ergo
1484 3375 1681 3440 Tautes

127 3477 292 3516 verus
332 3470 449 3515 esto
479 3461 670 3516 Sauzis
706 3462 868 3527 filius,
895 3463 1031 3517 alter
1062 3475 1242 3520 autem
1294 3465 1508 3523 Dusmis
1538 3467 1682 3523 Mus-

128 3553 311 3621 Iaplm
339 3551 478 3606 illius
497 3550 686 3615 David,
712 3568 808 3607 ceu
857 3557 1292 3622 commentitius,
1340 3560 1678 3629 expungitor.

130 3644 427 3710 Perperam
450 3641 641 3700 deinde
669 3644 899 3699 traditur
929 3659 960 3700 ιι
1006 3647 1222 3712 nostris,
1253 3646 1391 3702 lsam
1424 3649 1536 3703 sive
1585 3649 1681 3704 Jo—

131 3751 316 3794 suam.
369 3735 480 3788 sive
524 3734 705 3788 Jesum
757 3722 1037 3799 majorem,
1101 3751 1128 3789 a
1202 3735 1554 3804 Musulmaue,
1588 3736 1682 3807 qui

130 3825 330 3879 Turcis
385 3838 466 3879 est
508 3827 641 3879 emir
687 3825 985 3891 Soleiman,
1044 3828 1322 3882 occisum:
1383 3845 1504 3884 cum
1567 3831 1684 3899 ejus

131 3916 291 3969 necis
331 3916 539 3980 culpam
590 3914 893 3971 Turcorum
950 3919 1166 3972 annales
1216 3921 1266 3973 in
1300 3919 1524 3983 Musam,
1573 3923 1685 3977 sive

132 4007 364 4069 Mosem,
427 4006 645 4075 fratrem
696 4005 905 4070 alium,
958 4008 1218 4062 derivem.
1288 4009 1481 4065 Volunt
1523 4012 1681 4065 etiam

132 4099 339 4163 nostri,
401 4111 538 4168 quos
589 4095 909 4152 Reineccius
962 4097 1014 4152 in
1049 4097 1457 4173 Osmanidarum
1525 4109 1684 4155 stem-

133 4202 282 4244 mate
303 4190 570 4258 sequitur,
636 4187 1032 4243 Mucbemetem
1063 4189 1357 4264 secundum
1396 4189 1560 4246 fuisse
1590 4208 1683 4246 na-

132 4293 254 4336 tum
299 4296 364 4346 ex
390 4265 1145 4348 lrene,Ge0rgiiBulcovizii,
1211 4279 1515 4335 Serviorum
1565 4283 1686 4337 des-

1787 3279 1928 3333 illius
1991 3278 2314 3349 Sphend‘eris
2379 3279 2487 3341 lilia
2554 3278 2787 3362 plurales
2808 3270 3106 3348 susceperit
3159 3277 3320 3334 ﬁlios.

1786 3368 2052 3424 Laonicus
2088 3380 2232 3425 certe
2261 3369 2525 3424 duntaxat
2555 3355 2734 3426 'unius
2793 3362 3119 3426 mentionem
3173 3368 3336 3433 facit;
3374 3366 3379 3371 ’

1787 3476 1942 3530 quem
1976 3461 2322 3516 Cambrinius
2372 3461 2604 3531 appellat
2650 3461 2988 3531 Calapinum,
3044 3460 3098 3516 av
3126 3476 3324 3530 cogno-

1789 3561 1966 3606 mento
1990 3552 2193 3620 potius,
2226 3567 2389 3621 quam
2413 3552 2632 3605 nomine
2699 3553 2939 3621 proprio.
2986 3551 3116 3605 Nam
3163 3553 3341 3620 Calas

1787 3646 1944 3714 pinus
1985 3641 2320 3701 vocabulum»
2366 3655 2678 3711 corruptum
2739 3652 2822 3699 est
2872 3645 3208 3709 ex-Zolebi,
3256 3648 3324 3700 de

1787 3723 1941 3804 cujus
1970 3736 2270 3802 significato
2298 3751 2462 3804 supra
2494 3736 2822 3790 monuimus.
2864 3736 2964 3790 Alii
3007 3734 3319 3804 Cliialapum
3348 3765 3354 3772 -

1788 3828 1991 3892 dixere,
2032 3827 2173 3896 quod
2200 3842 2263 3881 ex
2293 3827 2485 3882 eodem
2509 3826 2679 3882 zelebi
2725 3824 2928 3882 factum
2959 3838 3128 3894 paret.
3155 3828 3355 3899 Major-

1790 3920 2015 3988 aliorum
2037 3916 2310 3986 Opinione,
2344 3918 2436 3988 qui
2469 3919 2607 3972 duos
2636 3917 2862 3981 faciunt,
2911 3909 3168 3971 'Pnrsines
3198 3927 3324 3979 aeta-

1790 4009 1859 4064 tis
1902 4021 2085 4060 mense
2141 4005 2349 4061 decimo
2401 4015 2590 4061 octavo
2657 4013 2881 4060 necatus
2925 4005 3006 4074 (ut
3065 4005 3234 4076 aiunt)
3293 4022 3323 4065 a

1793 4093 2121 4152 Mncliemete
2149 4096 2404 4163 secundo,
2438 4111 2628 4151 nomen
2675 4094 2830 4150 habet
2870 4095 3124 4162 insolens,
3155 4106 3209 4151 et
3241 4097 3326 4150 in-

1790 4190 2061 4257 wgnitum
2085 4187 2498 4244 Osmanidarum
2571 4188 2808 4244 familiae.
2863 4189 2964 4243 Per
3009 4204 3094 4243 me
3145 4177 3320 4243 tamen

1791 4263 1858 4336 de
1883 4281 1988 4344 his;
2020 4289 2077 4334 ut
2109 4279 2334 4348 quilibet
2361 4278 2624 4332 arbitratu
2649 4293 2747 4333 suo
2791 4283 3016 4341 statuat.
3062 4279 3206 4333 licet.
3241 4279 3324 4332 Si-

131 4380 300 4439 potze,
331 4369 461 4424 lilia.
500 4367 713 4423 Falsum
748 4369 849 4424 hoc
872 4383 1012 4435 esse,
1080 4369 1572 4446 manifestonatet
1621 4388 1695 4426 ex
1796 4372 1976 4426 milius
2003 4372 2161 4440 etiam
2216 4385 2375 4438 vero,
2429 4368 2694 4437 siquidem
2751 4368 2966 4422 omnino
3019 4365 3168 4421 fuero
3215 4367 3331 4424 duo

133 4460 432 4514 arnualibus
462 4458 609 4514 hisce
628 4458 859 4522 nostris,
885 4467 939 4512 et
967 4474 1228 4514 annorum
1279 4463 1703 4529 supputatione..

1797 4462 2008 4524 fratres,
2035 4461 2257 4515 Muratis
2292 4475 2357 4512 ex
2391 4457 2763 4526 Sphenderina
2799 4456 2890 4509 lilii
2918 4470 3057 4511 unus
3097 4465 3217 4526 post
3245 4457 3325 4511 al-

131 4551 317 4605 Natus
362 4547 506 4602 enim
555 4535 659 4602 fuit
716 4547 1086 4603 Muchemetes
1129 4565 1270 4605 anno
1303 4547 1529 4604 Turcico
1588 4549 1691 4605 855
1723 4557 1964 4615 uterum
2000 4558 2105 4602 tam
2126 4548 2269 4602 brevi
2311 4544 2862 4614 temporisintervallo
2883 4544 2994 4600 nati
3022 4584 3038 4609 ,
3097 4559 3324 4613 puerum

135 4638 515 4707 (ϐω-41450).
553 4638 784 4706 Muratcs
801 4647 978 4694 autem
1005 4639 1159 4692 duxit
1216 4638 1405 4702 irenen
1451 4640 1690 4710 quinque

135 4742 258 4799 post
287 4729 472 4792 annis,
532 4727 911 4789 Ilabumetano
944 4727 1177 4790 scilicet
1219 4727 1343 4783 838.
1393 4725 1508 4782 Non
1559 4745 1688 4799 ergo

135 4821 318 4891 potuit
342 4819 522 4874 lrénes
550 4834 670 4875 esse
690 4820 835 4877 illius
867 4817 1249 4878 Mucbemetes.
1278 4817 1545 4875 Praeterea
1585 4822 1690 4874 n'on

136 4913 408 4981 potuisset
441 4907 693 4964 ‘cx’lrene
719 4916 880 4965 natus
914 4907 1071 4963 initio
1095 4908 1243 4977 regni
1277 4909 1458 4978 plures
1517 4911 1691 4963 atatis

133 5018 317 5057 annos
341 5000 556 5063 habere,
589 5013 746 5069 quam
783 4998 1096 5065 sexdecim,
1141 5013 1265 5052 cum
1323 5008 1500 5052 tamen
1557 5012 1692 5053 con-

136 5099 242 5147 stet
273 5085 554 5158 imperare
604 5087 813 5158 cepisse
871 5094 1056 5158 natum
1081 5102 1083 5106 ·
1113 5085 1325 5159 viginti.
1357 5101 1521 5140 unum
1547 5087 1694 5155 'plus

139 5181 327 5235 minus
353 5190 549 5230 annos.
586 5175 694 5230 Nec
741 5175 933 5231 lrenen
1002 5167 1420 5230 fuisse‘dirtam
1478 5174 1691 5244 Georgii

139 5270 386 5338 despotm
449 5255 640 5329 ﬁliam,
679 5266 775 5320 sed
823 5261 1079 5326 Mariam,
1129 5262 1478 5337 ostendemus
1535 5263 1693 5328 infra,

142 5368 381 5416 numero
405 5351 495 5418 96,
524 5366 681 5422 quem
707 5351 886 5407 locum
911 5351 1079 5407 lector
1100 5365 1229 5426 cum
1260 5355 1360 5405 hoc
1380 5350 1691 5422 coniungat.

141 5446 318 5511 Quem
359 5458 518 5510 porro
547 5436 1001 5512 Sponderbeium',
1028 5442 1259 5495 nobilem
1294 5442 1344 5494 in
1376 5443 1694 5497 Panderatia

147 5534 442 5603 Satrapam
457 5547 520 5587 ex
541 5529 719 5594 Enen
741 5531 908 5607 Silvio
933 5541 1088 5586 vocat
1118 5525 1460 5596 Reineccius,
1491 5532 1695 5601 patrem

145 5625 407 5679 secunda:
436 5623 658 5678 ﬂuratis
679 5622 902 5681 secundi
943 5622 1206 5691 conjugis,
1234 5620 1562 5702 Spentlorem
1618 5623 1697 5675 di-

148 5713 294 5772 ctum
346 5715 577 5783 legimus
604 5715 659 5769 in
681 5712 1088 5786 editoVLaonico
1115 5730 1129 5776 ;
1157 5702 1298 5781 quod
1338 5727 1531 5794 nomen
1558 5712 1695 5794 idem

150 5814 232 5863 est
257 5819 384 5863 cum
404 5781 747 5873 Sphendere,
771 5784 926 5876 quem
956 5803 1312 5860 lsvondiarcm
1341 5781 1502 5857 Turéi
1520 5781 1697 5872 appel-

1792 4647 1918 4690 natu
1970 4635 2225 4702 majorem
2291 4632 2590 4689 octodecim
2656 4633 2916 4687 mensium
2990 4633 3327 4702 deportatum

1793 4726 1958 4781 fuisse
1993 4722 2519 4794 Constantinopolim
2569 4732 2624 4777 et
2657 4721 2929 4788 Venetias,
2984 4732 3038 4778 ut
3089 4738 3330 4781 servare-

1792 4825 1902 4881 tur,
1954 4818 2098 4885 quod
2151 4813 2383 4871 Gaifrzno
2437 4813 2653 4884 placet,
2719 4827 2877 4882 quam
2909 4827 3002 4866 sex
3065 4812 3328 4873 mensium

1794 4903 2070 4968 infantem,
2104 4903 2246 4972 quod
2279 4902 2586 4959 Reineccio.
2610 4891 2875 4956 Cmtérum
2909 4899 3053 4955 inter
3077 4899 3331 4969 Bajszitis

1793 4993 2010 5048 secundi
2037 4995 2258 5059 liberos,
2303 5009 2401 5049 nec
2442 4995 2587 5048 Alim
2621 4983 2816 5063 Caplla:
2871 5001 3169 5069 satrapam.
3234 5007 3332 5046 nec

1796 5083 2051 5139 Muratem
2095 5082 2792 5154 satrapam.’l‘rapezuntis-
2819 5082 2996 5152 posui,
3051 5083 3330 5150 tumqqu

1795 5174 2127 5243 Menavinus,
2159 5176 2312 5231 testis
2339 5175 2606 5239 oculatus,
2639 5174 2832 5241 borum
2855 5187 2960 5226 non
2999 5173 3347 5230 meminerit:-

1797 5279 1909 5320 tum
1932 5263 2119 5328 etiam,
2176 5265 2320 5334 quod
2373 5261 2723 5333 Trapezuutis
2754 5261 3148 5330 ,pmfecturam
3192 5257 3340 5317 Salio,

1798 5370 1934 5410 mem
1989 5354 2328 5421 obtinuisse,
2387 5353 2590 5408 nostris
2643 5368 2708 5407 ex
2755 5350 3078 5417 annalibus,
3120 5356 3173 5416 et
3214 5348 3331 5416 ipso

1799 5429 2080 5500 Menavino
2107 5452 2338 5509 constet,
2381 5443 2609 5515 indeque
2659 5440 2899 5510 Capuam
2941 5437 3328 5522 transmisisse,

1799 5549 1920 5589 cum
1961 5533 2028 5590 de
2047 5535 2363 5604 occupando
2387 5534 2610 5601 imperio
2627 5531 2927 5602 cogitaret;
2976 5543 3084 5599 quo
3119 5542 3178 5582 se
3223 5543 3330 5582 non

1797 5623 2138 5688 contulisset,
2165 5623 2208 5678 si
2240 5624 2432 5679 fuisset
2465 5623 2607 5677 istic'
2634 5621 2752 5678 Alis
2800 5622 2987 5693 frater,
3043 5617 3330 5683 conatibus

1801 5699 1935 5772 baud
1972 5703 2132 5771 dubie
2163 5715 2377 5771 Selimis
2399 5716 2719 5780 obstiturus,
2783 5712 2876 5782 qui
2934 5712 3161 5764 aliorum
3217 5706 3327 5759 frao

1803 5819 1940 5862 trum
1972 5804 2351 5874 impedimenta
2386 5813 2653 5869 metuens,
2704 5806 2804 5858 hoc
2839 5801 3032 5871 ipsum.
3063 5801 3160 5852 iter
3193 5797 3326 5867 arri-
