4032 6344
768 501 869 564 7Ξῖ

767 705 987 768 difficili.
1019 707 1226 763 relicto.
1277 711 1423 765 lenii
1477 713 1641 768 fuisse
1673 705 1878 781 filium,
1917 717 2079 770 tradit
2131 718 2289 770 etiam

768 796 1093 850 recretarius
1158 798 1482 868 Sigismundi
1519 802 1829 868 Malatestm,
1902 805 1994 875 qui
2019 805 2199 858 multis
2240 807 2292 858 in

767 883 968 940 Graecia
1011 895 1134 942 tunc
1159 900 1214 943 et
1240 892 1363 944 Asia
1389 894 1551 960 gestis
1599 895 1760 950 rebus
1792 896 2058 949 interfuit.
2108 895 2295 948 Fortu-

768 990 887 1028 nam
922 977 1102 1046 hujus,
1134 990 1183 1032 et
1209 982 1525 1048 liberorum,
1560 987 1833 1040 memoriae
1853 987 2087 1053 prodidit
2125 988 2294 1055 Span-

767 1066 1018 1135 duginus,
1050 1070 1142 1122 sed
1175 1073 1394 1124 nontina
1422 1088 1526 1126 non
1554 1078 1821 1143 exposuit.
1860 1076 1988 1131 Vide
2011 1093 2130 1146 qua
2157 1078 2293 1130 infra

769 1157 1093 1245 notabimus,
1153 1162 1324 1245 capite
1382 1163 1502 1218 155.
1569 1163 1846 1221 Sullanum
1899 1167 2294 1231 Soleimanem,

769 1244 981 1300 Selimis
1019 1244 1210 1313 filium,
1240 1253 1534 1308 secundum
1567 1271 1719 1319 voco,
1775 1273 1880 1310 non
1919 1269 2164 1326 respectu
2200 1259 2295 1311 So-

769 1336 1036 1403 leimauis,
1097 1337 1363 1399 Urehanis
1423 1344 1540 1408 lilii,
1599 1347 1690 1414 qui
1725 1363 1827 1401 non
1892 1350 2158 1409 sultanus,
2204 1354 2296 1403 sed

719 1443 721 1447 '
768 1428 1052 1496 sangiacus
1081 1432 1340 1486 duntaxat
1372 1435 1491 1500 fuit,
1525 1453 1620 1492 nec
1681 1440 1815 1506 patri
1873 1440 2164 1495 succedere
2197 1454 2296 1508 po-

772 1516 892 1581 tuit,
924 1532 1047 1571 cum
1079 1531 1204 1575 ante
1228 1533 1432 1590 patrem
1474 1526 1546 1580 sit
1597 1538 1882 1582 mortuus:
1937 1529 2032 1582 sed
2093 1530 2298 1584 ratione

771 1607 913 1663 illius
952 1609 1134 1666 emiris
1163 1611 1504 1679 Soleimanis.
1539 1617 1786 1687 Bajazitis
1811 1619 2120 1674 Gilderunis
2180 1621 2298 1684 filii,

770 1699 1100 1756 sultanorum
1143 1702 1194 1756 in
1229 1705 1424 1760 ordine
1444 1708 1638 1772 quinti,
1671 1723 1829 1777 quem
1880 1725 2160 1778 perperam
2210 1710 2300 1763 alii

770 1783 1158 1843 Mulsumanem
1181 1801 1395 1846 vocant.
1427 1794 1665 1864 Denique
1726 1801 1990 1852 monitum
2044 1800 2298 1855 lectorem

775 1875 914 1942 volo,
955 1893 1039 1934 me
1067 1879 1168 1934 hac
1229 1882 1282 1935 in
1330 1885 1638 1955 genealogia
1695 1897 1914 1942 notasse
1968 1890 2300 1944 sultanorum

771 1982 960 2030 annos,
984 1970 1181 2038 quibus
1217 1973 1552 2040 imperarint,
1585 1976 2028 2034 Mabumetanos:
2061 1982 2151 2049 qui
2181 1980 2301 2050 qui-
2333 1961 2372 2012 Β

775 2057 897 2110 dem
924 2060 986 2112 ad
1019 2077 1190 2118 annos
1230 2063 1562 2121 Christianos
1623 2083 1725 2137 qua
1763 2072 1964 2124 ratione
2013 2072 2178 2141 redigi
2209 2072 2296 2126 de-

778 2149 957 2214 bt‘anl,
986 2153 1143 2220 paulo
1182 2165 1302 2223 post
1326 2158 1619 2224 exposituri
1658 2160 2088 2215 sumus.Ca:tera
2143 2161 2304 2230 hujus

776 2242 1118 2312 geuealogite,
1151 2247 1455 2313 prolixioris
1505 2251 1872 2317 explicationis
1935 2251 2072 2303 haud
2127 2261 2302 2320 egent.

779 2328 951 2387 Unum
983 2335 1246 2391 duntaxat
1281 2339 1380 2391 hoc
1427 2340 1586 2403 addo,
1648 2341 1847 2408 liquere
1902 2343 1968 2395 de
2018 2341 2116 2396 hac
2165 2344 2306 2397 serie

777 2421 1124 2478 Sultanorum
1179 2425 1628 2490 Osmauidarum,
1720 2432 1976 2487 hactenus
2058 2448 2306 2502 regnasse

779 2514 1021 2570 sultanos
1045 2515 1350 2581 duodecim,
1391 2519 1528 2574 linea
1563 2521 1785 2582 directa,
1833 2521 1953 2576 filiis
2009 2522 2061 2575 in
2099 2533 2303 2591 patrum

781 2605 892 2658 loca
923 2606 1370 2662 succedentibus:
1404 2611 1536 2664 duos
1581 2627 1725 2674 vero,
1785 2612 2029 2666 videlicet
2089 2614 2305 2666 emirem

777 2694 1173 2763 Soleimanem,
1226 2707 1278 2752 et
1327 2699 1531 2753 Musam
1588 2700 1833 2764 zeleliim,
1887 2716 1950 2754 ex
2005 2714 2309 2755 transverso

781 2786 1082 2854 irrepsisse.
1108 2789 1269 2844 nullis
1302 2790 1353 2844 in
1379 2791 1602 2859 imperio
1635 2801 1754 2859 post
1790 2807 1848 2845 se
1870 2792 2069 2845 relictis
2102 2791 2305 2865 liberis:

778 2879 1174 2946 qundvaticinii
1200 2866 1478 2949 cujusdam
1513 2882 1716 2949 antiqui
1759 2897 1917 2935 causa
1969 2881 2311 2934 dissimulare

783 2985 885 3024 non
916 2970 1095 3036 debui,
1115 2973 1269 3042 cujus
1292 2972 1492 3030 exitum
1527 2973 1756 3028 fortasse
1782 2974 1995 3026 tandem
2027 2973 2311 3052 aliquando

781 3060 1099 3114 vitlrbimus.

989 3197 1042 3248 ‘l.
1070 3195 1145 3250 De
1177 3197 1372 3266 origine
1397 3200 1721 3254 sultanorum
1755 3200 2104 3257 Turcicarum.

860 3327 974 3394 Equ
1001 3330 1118 3382 dem
1147 3331 1280 3383 nihil
1331 3332 1585 3385 hactenus
1629 3333 1810 3386 inveni
1862 3333 2133 3384 memoria:
2171 3344 2312 3396 pro-

786 3418 955 3471 ditum
987 3427 1078 3470 aut
1104 3417 1334 3486 plenius,
1367 3429 1457 3472 aut
1489 3421 1695 3481 verius,
1729 3429 1821 3472 aut
1851 3419 2039 3473 saltem
2060 3417 2313 3481 similius,

786 3511 856 3564 de
886 3509 1092 3579 origine
1125 3509 1458 3563 sultanorum
1492 3509 1928 3575 Osuianidarum,
1962 3525 2122 3578 quam
2175 3510 2316 3578 quod

789 3599 875 3652 hic
901 3599 954 3652 in
987 3599 1279 3654 Annalibus
1311 3599 1522 3667 legitur.
1578 3597 1774 3653 Facere
1806 3609 1980 3652 tamen
2036 3615 2141 3651 non
2197 3612 2320 3665 pos-

791 3700 934 3749 sum,
959 3687 1087 3752 quin
1116 3685 1332 3740 lectoris
1355 3701 1514 3741 causa
1541 3725 1555 3750 ,
1612 3688 1967 3756 cognoscendi
2018 3702 2102 3740 res
2136 3685 2320 3739 Turci-

791 3789 882 3828 cas
906 3777 1152 3839 studiosi,
1185 3777 1427 3846 quaedam
1463 3779 1560 3830 hoc
1590 3779 1708 3832 loco
1750 3778 2058 3845 subjiciam,
2092 3791 2121 3829 a
2145 3776 2319 3830 Theo-

751 3932 753 3934 η
793 3865 928 3920 doro
959 3864 1303 3935 Spandugino
1327 3867 1700 3922 Cantaeuzeno
1730 3869 1945 3921 tradita.
2000 3866 2191 3919 Narrat
2252 3867 2318 3928 is,

795 3971 852 4010 se
870 3967 1069 4026 quanta
1103 3958 1334 4011 maxima
1362 3959 1889 4028 potucritdiligentia
1934 3957 2323 4026 conquisivisse

794 4051 1082 4116 scriptores
1138 4065 1316 4102 rerum
1381 4049 1750 4114 Turcicarum,
1786 4049 1874 4117 qui
1931 4048 2191 4114 originem
2222 4045 2324 4102 0s-

797 4140 1020 4192 manicae
1054 4139 1268 4191 familia:
1322 4141 1602 4192 retulerint
1638 4140 1692 4192 in
1727 4140 1955 4198 litteras,
2013 4140 2186 4206 deque
2238 4137 2322 4190 bis

799 4234 1006 4279 tandem
1064 4227 1431 4280 intellexisse:
1496 4229 1815 4295 principium
1869 4229 2028 4294 hujus
2085 4229 2340 4281 extitisse,

798 4316 1115 4383 quibusdam
1173 4317 1241 4369 ah
1279 4317 1654 4380 armentariis,
1708 4318 1922 4369 natione
1980 4315 2208 4377 Tataris,
2261 4331 2324 4368 ex

798 4408 1109 4474 posteritate
1135 4409 1411 4478 cujusdam
1451 4407 1668 4478 Oguzis.
1697 4405 1890 4460 Multas
1917 4407 2056 4458 enim
2105 4405 2327 4458 Tataro-

800 4516 916 4552 rum
947 4500 1176 4553 familias
1209 4500 1260 4552 id
1295 4499 1566 4565 temporis,
1601 4512 1720 4549 cum
1770 4496 2012 4550 sultanus
2047 4496 2323 4555 Aladines,

1957 514 2269 574 JOANNIS
2303 514 2626 572 LEUNCL.‘

767 626 973 682 puerat.
1033 617 1268 672 Asiatico
1311 622 1477 685 magis
1527 624 1953 691 compendiario,
2006 629 2288 692 minusque
2323 631 2362 683 Α
2393 639 2578 695 propte

2703 644 2785 680 ius
2808 625 2974 680 Graeci
3036 628 3306 689 virtutem,
3362 627 3628 694 fortiaque
3658 628 3916 691 facinora,

2393 714 2595 768 territis
2627 714 2894 788 omnibus,
2920 728 3075 766 nemo
3119 728 3239 767 cum
3264 715 3367 768 hoc
3398 715 3756 769 dimicaturus
3805 731 3918 769 cer-

2397 807 2592 858 tamine
2649 805 2906 874 singulari
2981 807 3237 873 prodiret,
3294 808 3503 861 tandem
3563 811 3919 864 armentarius

2393 895 2611 962 quidam
2636 909 2701 948 ex
2745 896 2974 963 posteris
3027 896 3241 963 Oguzis,
3301 913 3456 965 quem
3496 913 3657 952 nemo
3701 903 3918 970 scripto-

2397 1002 2511 1038 rum
2537 985 2887 1038 Turcicorum
2910 986 3015 1040 alio
3035 1002 3194 1055 quam
3224 988 3363 1042 Delia
3415 989 3652 1052 nomine,
3704 1000 3919 1058 propte-

2395 1092 2483 1129 rea
2513 1077 2653 1145 quod
2681 1076 2841 1130 stulte
2880 1061 3212 1141 temerarius,
3277 1087 3329 1132 et
3356 1079 3550 1132 infimae
3600 1079 3921 1133 conditionis

2397 1169 2553 1221 homo
2579 1169 2754 1232 fuerit,
2781 1169 3028 1236 appellat,
3079 1169 3323 1223 Aladinis
3355 1170 3407 1223 in
3445 1181 3788 1238 conspectum
3839 1185 3925 1222 ve-

2399 1260 2563 1320 niens,
2602 1260 2988 1312 vindicaturum
3034 1263 3093 1314 se
3124 1261 3399 1327 profitetur
3449 1260 3670 1330 injurias
3721 1261 3788 1313 ah
3838 1261 3925 1314 illo

2395 1346 2698 1401 Christiano
2723 1357 2802 1401 tot
2835 1348 2961 1402 viris
3006 1349 3235 1402 fortibus
3265 1332 3459 1403 illatas.
3483 1349 3688 1414 Quibus
3710 1349 3922 1409 auditis,

2401 1440 2593 1493 mirum
2631 1439 2732 1492 sibi
2766 1438 2928 1492 videri
2963 1438 3094 1492 dixit
3124 1439 3394 1502 Aladines,
3435 1454 3497 1494 ex
3533 1440 3647 1494 suis
3704 1448 3782 1493 tot
3833 1439 3927 1490 mi-

2399 1529 2644 1582 litaribus
2668 1529 2794 1582 viris
2863 1529 3092 1602 reperiri.
3131 1529 3417 1583 neminem.
3469 1529 3559 1597 qui
3619 1543 3716 1582 sua
3773 1542 3929 1581 causa

2401 1629 2476 1674 tot
2506 1619 2621 1674 neci
2647 1620 2802 1674 datas
2841 1620 3048 1674 animas
3077 1619 3258 1675 ulcisci
3296 1620 3471 1682 vellet,
3528 1629 3720 1687 prazter
3769 1635 3928 1674 unum

2404 1712 2546 1762 hunc
2567 1709 2790 1764 stultum
2819 1710 3110 1763 hominem.
3140 1709 3190 1763 is
3254 1723 3379 1763 vero
3433 1709 3626 1762 iterum
3654 1725 3669 1758 :
3701 1708 3929 1763 Obsecro

2404 1810 2476 1863 te,
2517 1802 2802 1869 princeps,
2850 1800 3040 1868 inquit,
3101 1808 3154 1851 ut
3192 1812 3321 1864 pace
3365 1808 3453 1850 tua
3475 1813 3595 1851 cum
3655 1798 3759 1852 hoc
3805 1799 3929 1851 mihi

2401 1889 2707 1946 Christiano
2740 1905 2977 1959 pugnare
3004 1891 3180 1952 liceat.
3215 1890 3422 1958 Quippe
3451 1889 3496 1942 si
3531 1889 3765 1943 maxime
3823 1905 3936 1968 mo:

2406 1981 2532 2045 riar,
2568 1982 2836 2048 exiguam
2860 1982 2972 2047 ipse
2994 1981 3259 2048 jacturam
3315 1979 3498 2045 facies,
3568 1981 3766 2035 amisso
3801 1982 3934 2034 dun-

2405 2079 2549 2124 taxat
2597 2070 2814 2124 homine
2863 2071 3046 2124 stulto.
3115 2071 3210 2123 llis
3269 2071 3445 2137 dictis,
3507 2071 3789 2138 impetrata
3846 2086 3934 2138 pu-

2407 2161 2600 2227 gnandi
2631 2161 2867 2225 licentia,
2908 2161 3152 2229 quamvis
3213 2176 3352 2228 aegre
3401 2162 3694 2228 permoveri
3731 2176 3803 2214 se
3854 2175 3936 2227 pa-

2410 2261 2611 2305 teretur
2661 2252 2951 2313 Aladines.
3001 2260 3058 2305 ut
3087 2252 3134 2304 ei
3163 2267 3284 2306 eum
3342 2253 3507 2304 altero
3557 2249 3935 2319 congrediundi

2407 2351 2720 2410 potestatem
2750 2342 2969 2406 faceret,
3030 2342 3208 2410 prodit
3235 2343 3286 2394 in
3322 2344 3554 2404 hostem,
3593 2343 3939 2408 manibusque

2409 2448 2529 2486 cum
2562 2449 2624 2486 eo
2699 2435 2982 2495 consertis,
3015 2443 3262 2486 .strenue
3313 2432 3619 2486 dimicando
3666 2433 3937 2488 victoriam

2410 2525 2621 2577 tandem
2667 2525 2945 2591 apiscitur.
2971 2522 3275 2582 'Aladines,
3333 2529 3389 2573 ut
3421 2522 3652 2575 hominis
3692 2524 3936 2576 virtutem

2409 2614 2586 2680 aliquo
2611 2613 2825 2677 praemio
2855 2620 3306 2670 remuneraretur,
3331 2610 3378 2660 ei
3412 2608 3591 2662 villam
3640 2610 3937 2670 Otomanzi-

2411 2718 2524 2754 ram
2557 2704 2698 2755 dono
2723 2700 2902 2763 dedit;
2931 2717 2960 2752 a
2993 2715 3097 2767 qua
3129 2715 3321 2752 nomen
3375 2699 3786 2764 Otomanorum,
3844 2699 3938 2752 Dc—

2413 2791 2475 2844 lis
2506 2790 2660 2858 hujus
2687 2791 2880 2857 posteri
2933 2791 3414 2857 sumpserc.‘Cum
3474 2792 3616 2846 enim
3681 2807 3776 2861 per
3829 2805 3939 2842 eam

2411 2896 2570 2950 quam
2652 2880 2906 2941 diximus,
2975 2880 3272 2946 victoriam,
3327 2881 3563 2935 nominis
3612 2882 3696 2936 sui
3745 2878 3938 2932 famam

2413 2975 2566 3042 longe
2597 2975 2809 3042 lateque
2836 2984 3192 3044 propagasset,
3246 2991 3348 3028 non
3401 2976 3513 3040 ipse
3555 2975 3938 3034 tantummodo,

2414 3080 2598 3116 verum
2627 3054 2782 3117 etiam
2826 3065 3128 3131 complures
3157 3065 3267 3128 alii,
3317 3079 3450 3132 quos
3512 3078 3542 3117 e
3589 3064 3801 3117 Tataria
3857 3077 3940 3114 vc-

2417 3156 2558 3208 nisse
2579 3156 3014 3216 memoravimus,
3041 3154 3331 3207 habitatum
3363 3155 3412 3205 in
3441 3151 3783 3207 Otonianzica
3818 3166 3944 3220 pago

2413 3259 2472 3296 se
2504 3245 2860 3295 contulerunt.
2889 3244 3091 3310 Quippe
3116 3241 3325 3294 volebat
3379 3256 3464 3294 res
3499 3242 3616 3293 istic
3638 3254 3764 3292 suas
3827 3252 3940 3289 cum

2417 3334 2535 3386 aliis
2578 3335 2675 3386 sibi
2739 3345 3054 3385 communes
3088 3345 3244 3384 esse:
3299 3345 3402 3398 qua
3462 3330 3528 3383 de
3581 3344 3742 3382 causa
3803 3329 3942 3382 nullo

2418 3439 2578 3491 prope
2611 3424 2826 3490 negotio
2856 3421 3094 3488 perfecit,
3136 3431 3192 3472 ut
3220 3437 3282 3474 eo
3351 3433 3537 3488 sponte
3568 3436 3664 3473 sua
3723 3434 3940 3488 magnus

2420 3514 2690 3564 hominum
2721 3522 3060 3565 concurreret
3089 3526 3367 3572 numerus,
3395 3512 3613 3576 ipseque
3655 3525 3823 3578 pagus
3851 3509 3942 3560 ’ἰη-

2417 3614 2744 3653 cxi-mentum
2780 3616 2883 3654 non
2916 3601 3162 3667 exiguum
3209 3609 3438 3666 caperet.
3499 3601 3563 3650 Et
3595 3601 3717 3666 quia
3768 3598 3942 3651 Chris-

2421 3691 2686 3741 tianorum
2726 3690 2776 3740 in
2810 3688 2875 3740 iis
2904 3689 3033 3741 iOt'iS
3061 3688 3354 3750 excidium,
3378 3703 3405 3738 a
3441 3690 3554 3740 suis
3589 3687 3941 3753 profecturum

2420 3779 2670 3845 posteris,
2732 3777 3088 3844 praevidebat,
3149 3776 3305 3830 etiam
3357 3776 3673 3830 durantibus
3727 3776 3942 3829 induciis

2421 3868 2764 3920 excursiones
2792 3868 2842 3919 in
2872 3880 3035 3936 pagos
3057 3866 3482 3920 Christianorum
3527 3866 3776 3927 faciebat,
3828 3881 3943 3918 eos-

2421 3971 2523 4025 que
2543 3957 2777 4024 direptos
2809 3956 2951 4010 ferro
3002 3966 3055 4009 et
3086 3956 3190 4026 igni
3248 3956 3690 4025 depopulabatur.
3742 3956 3944 4009 Primus

2422 4061 2485 4100 ex
2521 4047 2605 4100 his
2650 4046 2798 4114 pagis
2851 4046 3069 4101 Dimbos
3126 4047 3504 4115 appellabatur,
3561 4045 3701 4114 quod
3763 4061 3944 4100 nomen

2423 4137 2600 4197 lingua
2633 4137 3003 4190 Turcicafidei
3041 4138 3391 4190 mutationem
3443 4135 3738 4204 significat,
3797 4149 3942 4202 quam

2391 4265 2393 4268 -
2426 4241 2606 4280 revera
2639 4241 2977 4280 successores
3003 4227 3172 4294 ipsius
3221 4227 3652 4280 introduxerunt.
3705 4226 3946 4278 Aladincs

2428 4317 2708 4369 intellectis
2750 4317 2895 4369 hisce
2928 4315 3068 4370 Delis
3123 4317 3323 4382 rapinis
3346 4353 3361 4378 ,
3391 4316 3538 4370 misit
3571 4331 3632 4372 ex
3678 4319 3816 4379 suis,
3866 4315 3944 4383 qui

2429 4420 2547 4456 eum
2572 4413 2883 4458 arcesseret.
2917 4404 3048 4456 Nam
3077 4419 3213 4472 aegre
3243 4403 3465 4466 ferebat,
3495 4405 3607 4456 haec
3642 4404 3708 4458 ab
3764 4418 3831 4456 eo
3867 4417 3945 4469 pa-

2427 4493 2504 4546 cis
2532 4501 2584 4546 et
2607 4493 2939 4546 induciarum
2967 4504 3205 4560 ti-inpore
3228 4493 3510 4547 committi.
3559 4493 3701 4546 Delis
3745 4495 3814 4548 ab
3865 4493 3946 4547 illo

801 4592 966 4646 lconii
989 4592 1253 4659 princeps,
1291 4605 1467 4643 rerum
1495 4590 1546 4641 in
1590 4589 1714 4642 Asia
1777 4589 1982 4641 minore
2039 4589 2322 4656 potiretur,
2358 4592 2399 4646 ι)
2427 4583 2565 4638 domi
2599 4599 2708 4638 suae
2730 4584 3015 4652 quaesitus,
3041 4583 3180 4637 forte
3213 4593 3340 4638 tunc
3399 4584 3603 4648 aberat,
3656 4582 3943 4641 excursioni

801 4680 1014 4734 venisse
1056 4679 1335 4742 quaesitum
1393 4678 1546 4730 sedes
1602 4677 1702 4729 sub
1756 4677 1996 4730 Aladinis
2055 4678 2322 4743 imperio:

803 4770 1100 4836 quasinter
1126 4775 1178 4820 et
1205 4766 1302 4819 ista
1357 4764 1540 4819 fuerit.
1600 4765 1850 4819 Aladines
1908 4776 2085 4818 autem
2143 4767 2326 4832 gravia

804 4862 938 4912 bella
980 4858 1212 4927 gerebat,
1242 4856 1433 4925 inquit,
1469 4865 1728 4910 adversus
1787 4856 2161 4924 imperatorem
2194 4854 2329 4907 Con-

808 4949 1350 5016 stantinopolitannm,
1379 4949 1468 5016 qui
1502 4959 1617 5000 erat
1661 4961 1725 4999 ex
1782 4945 1981 4998 familia
2034 4945 2328 4999 Somnena.

810 5046 865 5095 In
899 5043 1042 5094 hisee
1070 5041 1224 5095 bellis
1263 5041 1480 5102 accidit,
1537 5049 1592 5092 ut
1622 5038 1835 5106 quidam
1868 5054 2052 5105 eques,
2119 5039 2332 5090 natione

803 5133 1040 5192 Graecus,
1073 5129 1547 5196 virmagnanimus
1596 5135 1647 5178 et
1681 5127 1986 5188 bellicosus,
2051 5129 2102 5178 in
2156 5128 2328 5179 omni-

803 5219 904 5269 bus
932 5213 1124 5268 duellis
1190 5223 1374 5264 rontra
1441 5212 1657 5278 quosvis
1715 5213 1957 5279 supcrior
1997 5212 2152 5282 393
2212 5229 2332 5265 eva-

806 5309 973 5371 deret,
1031 5315 1191 5373 atque
1225 5303 1366 5355 inter
1402 5301 1537 5354 alios
1566 5302 1724 5353 etiam
1775 5305 2056 5370 quemdam
2112 5305 2163 5356 in
2224 5305 2332 5370 pri-

811 5398 913 5450 mis
965 5399 1180 5450 sultano
1238 5393 1443 5446 Aladiui
1526 5393 1787 5453 charum,
1849 5395 2027 5460 pi-zelio
2077 5395 2334 5461 singulari

814 5490 1036 5548 \ictum,
1069 5486 1358 5539 occideret.
1388 5482 1636 5534 Aladincs
1661 5497 1854 5549 magno
1901 5500 2019 5537 cum
2051 5484 2214 5536 animi
2244 5484 2335 5535 do-

810 5580 924 5632 lore
955 5592 1247 5629 conversus
1279 5576 1342 5625 ad
1386 5588 1551 5625 suos:
1588 5572 1718 5636 Quis
1777 5585 2030 5637 vestrum,
2076 5575 2168 5633 ait,
2205 5589 2336 5626 con-

814 5665 960 5733 gredi
988 5680 1105 5718 cum
1142 5666 1239 5716 hoc
1273 5662 1413 5715 ausit
1467 5659 1788 5724 Christiano,
1830 5663 1919 5730 qui
1977 5673 2049 5715 tot
2082 5664 2338 5714 hactenus

812 5774 874 5806 εκ
908 5751 1155 5814 ιηεὶε,ἐῑ
1185 5767 1324 5803 nunc
1357 5750 1642 5816 praesertim
1698 5754 1777 5802 vel
1827 5753 2055 5804 maxime
2115 5751 2336 5802 familia-

817 5863 928 5903 teut
983 5848 1124 5901 hunc
1189 5845 1312 5899 mihi
1347 5844 1408 5896 de
1466 5841 1637 5897 medio
1673 5842 2095 5897 .sustulitHJuut
2161 5852 2336 5895 autem

2436 4690 2583 4727 nova:
2612 4675 2870 4737 intentus,
2897 4689 2998 4740 qua
3032 4689 3220 4742 pagum
3267 4674 3563 4740 occupavit,
3600 4676 3690 4741 qui
3738 4673 3840 4728 Sar
3877 4673 3946 4726 di-

2433 4765 2588 4816 citur.
2621 4762 2674 4816 In
2707 4764 2914 4825 itinere,
2942 4779 3046 4830 quo
3071 4764 3289 4817 domum
3341 4779 3462 4817 cum
3502 4765 3679 4830 praeda
3729 4775 3945 4818 reverte-

2435 4852 2800 4914 batur,asuis
2835 4853 2881 4904 ei
2939 4853 3292 4918 significatum
3349 4853 3483 4917 fuit,
3537 4852 3811 4906 Aiadinem
3855 4867 3950 4904 nio-

2436 4943 2562 4994 leste
2589 4941 2743 5002 ferre,
2762 4941 2901 5008 quod
2928 4957 3019 5010 per
3047 4943 3288 5002 inducias
3309 4942 3376 4995 ab
3403 4956 3468 4997 eo
3493 4943 3729 5008 Dimbos,
3766 4944 3944 5011 aliique

2440 5034 2552 5097 pagi
2594 5033 2731 5099 capti
2759 5031 3023 5095 fuissent;
3092 5033 3314 5100 ideoque
3362 5034 3592 5097 misisse,
3633 5035 3721 5101 qui
3780 5049 3940 5087 coram

2438 5121 2658 5172 Aladine
2692 5119 2855 5172 Delim
2897 5121 3105 5186 juberet
3157 5137 3482 5188 comparere.
3547 5124 3685 5178 Delis
3738 5126 3834 5178 hoc
3870 5137 3944 5174 co-

2438 5212 2605 5278 gnito,
2629 5225 2748 5262 mox
2773 5227 2950 5263 secum
2990 5212 3172 5264 statuit
3202 5213 3370 5280 prius,
3405 5228 3560 5280 quam
3607 5229 3728 5267 cum
3788 5213 3941 5284 praedi

2440 5302 2649 5353 domum
2682 5301 2892 5361 rediret,
2927 5302 3131 5355 Aladiui
3166 5317 3223 5355 se
3245 5304 3432 5358 sistere
3462 5342 3477 5367 ,
3516 5320 3621 5371 quo
3685 5320 3834 5358 suam
3880 5301 3938 5354 illi

2441 5392 2826 5444 demonstraret
2884 5392 3260 5444 obedientiam.
3337 5393 3390 5445 Id
3445 5395 3786 5459 conspicatus
3842 5392 3943 5442 Ala-

2443 5481 2613 5543 diues,
2674 5484 2884 5549 culpam
2933 5481 3042 5533 Deli
3081 5481 3474 5534 condonavitea
3506 5482 3638 5550 lege,
3705 5499 3771 5537 ne
3816 5482 3939 5534 dein-

2442 5589 2565 5640 ceps
2589 5574 2778 5629 vicinis
2804 5577 3058 5626 molestus
3087 5584 3264 5628 esset:
3299 5589 3360 5627 ac
3411 5574 3637 5626 retinere
3664 5575 3764 5627 sibi
3816 5586 3939 5624 man-

2443 5662 2576 5729 cipia
2601 5663 2783 5731 jussit,
2813 5678 2842 5714 e
2864 5660 2980 5714 Sari
3013 5677 3143 5729 pago
3195 5674 3382 5732 rapta;
3443 5663 3595 5728 cujus
3623 5678 3651 5712 a
3698 5663 3814 5731 pagi
3862 5675 3940 5712 no-

2445 5755 2586 5808 mine
2606 5755 2842 5807 derivata
2875 5753 3113 5804 creditur
3145 5756 3210 5806 ab
3270 5753 3538 5821 aliquibus
3587 5751 3831 5820 deinceps
3861 5751 3941 5802 Gc-

2447 5847 2747 5900 uizarorum
2776 5842 3076 5911 appellatio,
3130 5858 3244 5911 qure
3276 5842 3495 5897 Tureica
3520 5841 3696 5910 lingua
3750 5843 3938 5914 juvenes
