4032 6344
208 463 318 527 ’ῖΞὸ

1337 473 1722 534 PANDECTE
1748 478 1941 535 lIIS'l‘.
1981 481 2275 538 'l‘UHClti.

3268 480 3368 541 72'»

199 587 232 624 e
259 571 382 626 Sari
415 589 550 643 pago
578 575 859 644 significet.
900 577 1100 633 Pl'tl'lcl'
1125 582 1244 643 ista,
1292 583 1419 635 nihil
1450 586 1523 637 ait
1569 584 1741 651 Span-
1770 587 1812 638 Δ
1843 597 2165 655 reettperatze
2194 606 2222 640 ει
2256 588 2509 640 Micltacle
2565 587 2877 657 l‘alacologo,
2940 590 3217 644 historiam
3282 606 3370 644 sc-

201 662 439 729 dnginus
490 675 697 718 exstare
736 667 800 718 tle
825 668 944 721 dioe
995 669 1106 722 Deli
1148 683 1442 725 memoratu
1485 675 1739 743 dignum:

199 749 307 803 nisi
331 753 469 817 quod
501 752 746 808 historici
778 754 1072 812 Turcorum
1095 760 1339 824 tradant,
1367 776 1489 816 eum
1547 765 1739 818 sultani

1843 675 2051 740 xaginta
2076 677 2191 744 plus
2235 679 2406 730 minus
2455 693 2716 731 annorum
2772 679 3075 748 descripsit,
3123 681 3364 734 sultanos

1840 765 2288 821 Musulma‘nornm
2352 767 2696 829 lconienses,
2776 767 3014 821 Aladinis
3074 767 3317 836 posteros
3347 809 3362 835 ,

198 838 448 903 Aladinis
476 840 630 907 jussu
691 861 894 898 veneno
939 848 1207 903 sublatum
1273 851 1458 916 fuisse,
1535 868 1633 908 nec
1672 854 1741 908 ab
1838 856 2184 914 Azatinemet
2211 855 2508 912 Jathatines
2535 857 2692 921 duos,
2719 856 3041 914 Persarehas
3109 851 3360 928 appellat,

203 928 301 980 illo
359 937 593 998 tempore
655 934 722 987 de
791 940 888 989 hac
935 940 1137 993 familia
1195 941 1482 1010 quidquam
1527 944 1736 998 recitari

198 1033 387 1084 posse.
415 1021 555 1085 quod
579 1038 753 1089 Operae
789 1029 1020 1093 pretium
1044 1031 1133 1095 sit,
1183 1031 1352 1085 donee
1381 1033 1588 1085 tandem
1631 1033 1738 1102 pri-

196 1105 324 1161 mus
349 1109 642 1166 Turcorum
697 1118 942 1172 sultantts
977 1119 1174 1175 Osman
1209 1123 1260 1176 in
1317 1123 1384 1177 iis
1411 1123 1541 1177 locis
1595 1125 1737 1192 prin-

193 1199 432 1263 c'patum
466 1203 789 1258 constituere
813 1210 1053 1275 coeperit.
1098 1209 1219 1264 Hmc
1241 1213 1408 1279 prima
1458 1214 1523 1268 de
1550 1212 1736 1268 Osma-

196 1287 447 1341 nidarum
504 1292 708 1360 origine
759 1293 1088 1367 Spandugini
1140 1303 1375 1355 narratio
1413 1312 1528 1366 est,
1585 1303 1736 1369 cujus

198 1376 334 1429 tides
370 1393 529 1444 penes
558 1394 836 1449 auctorem
888 1394 1027 1456 esto;
1071 1388 1267 1444 Deinde
1307 1394 1518 1462 subjicit
1566 1395 1734 1449 sulta-

202 1479 335 1514 num
392 1465 810 1537 Muchemetemr
852 1477 941 1542 qui
1003 1478 1520 1549 Constantinopolim
1574 1485 1732 1552 cepit,

194 1554 344 1608 nullo
374 1559 529 1610 modo
554 1575 783 1628 unquam
815 1565 1093 1620 admittere
1115 1569 1347 1624 voluisse
1387 1574 1723 1628 narrationes

196 1643 440 1709 illorum,
504 1655 592 1715 qui
658 1651 915 1708 familiam
975 1655 1385 1714 Osmanidarum
1443 1678 1473 1716 a
1526 1663 1733 1720 Tataris

197 1739 542 1792 armentariis
589 1752 756 1796 ortam
816 1748 1126 1802 traderent:
1160 1736 1281 1803 eum
1347 1754 1459 1821 ipse
1513 1756 1733 1810 referret

192 1825 460 1892 originem
490 1830 608 1895 ejus
639 1836 702 1885 ad
744 1834 1047 1893 Comnenos
1083 1842 1432 1909 imperatores
1463 1838 1730 1904 Constan-

197 1913 597 1985 tinupolitanos.
629 1924 817 1977 Aiebat
841 1929 1007 1990 enim,
1040 1931 1092 1983 in
1146 1931 1210 1986 iis
1240 1934 1392 1990 bellis
1418 1953 1535 2006 quae
1588 1950 1728 2010 gesta

198 2005 401 2061 fuerint
451 2011 588 2065 inter
645 2013 1021 2084 imperatorem
1072 2005 1518 2091 Comuenutn,iet
1553 2005 1730 2085 sulta-

183 2114 334 2160 _unm
391 2101 689 2182 Aladinem,
748 2112 1041 2176 quemdam
1077 2128 1282 2182 magna:
1335 2120 1630 2176 nobilitatis
1668 2139 1730 2179 ac

197 2189 420 2244 virtutis
453 2181 626 2247 virum
652 2197 718 2250 ab
746 2195 1032 2256 Occidente
1065 2217 1122 2256 se
1143 2181 1432 2263 contulisse
1457 2212 1520 2262 ad
1573 2214 1726 2266 Com-

197 2291 423 2341 nenum,
458 2290 514 2333 ttt
573 2285 619 2336 ei
677 2287 953 2341 militando
1004 2292 1304 2348 subsidium
1352 2297 1534 2354 ferret.
1595 2301 1726 2356 Eum

192 2369 381 2433 pra-lio
413 2374 640 2437 quodam
673 2376 723 2428 in
762 2381 969 2433 hostem
1017 2382 1305 2440 fortissime
1361 2391 1722 2460 dimicantem,

189 2457 502 2512 confossum
534 2464 598 2515 ab
630 2467 873 2523 hostibus
926 2484 1121 2538 equum
1153 2477 1414 2534 amisisse.
1453 2481 1586 2536 Tum
1625 2457 1725 2538 im;

193 2559 502 2615 peratorem
535 2551 869 2611 Cetnnenum
898 2563 1076 2619 fratris
1127 2568 1206 2619 sui
1241 2568 1365 2629 lilio,
1401 2572 1482 2623 cui
1531 2587 1723 2627 nomen

187 2646 335 2690 esset
365 2636 579 2698 lsacius,
643 2647 923 2702 mandasse
974 2660 1031 2704 ut
1081 2668 1143 2706 ex
1189 2671 1325 2721 equo
1355 2658 1723 2725 descendens,

187 2739 316 2777 eum
350 2727 461 2777 viro
487 2727 559 2780 illi
594 2729 713 2783 forti
742 2735 992 2791 traderet.
1027 2739 1136 2802 Qua
1175 2744 1385 2809 quidem
1419 2761 1474 2798 re
1529 2746 1721 2802 factam

189 2815 400 2866 lsacius
432 2817 690 2883 insignem
725 2821 826 2874 sibi
864 2835 1008 2878 ratus
1038 2827 1287 2899 injuriam
1310 2870 1323 2892 ,
1361 2831 1724 2901 desperabun-

186 2903 294 2955 tlns
353 2905 416 2957 ad
467 2908 741 2963 sultanum
809 2912 1080 2968 Aladinetn
1166 2933 1222 2972 se
1297 2925 1605 2988 contulerit,
1661 2941 1724 2981 ac

187 2993 391 3056 reiecta
425 2993 740 3063 desertaque
792 2999 893 3054 ﬁde
937 3002 1256 3069 Christiana,
1293 3007 1720 3068 Mahumetanatn

187 3083 503 3149 religionem
543 3089 813 3154 amplexus
855 3090 1031 3146 fuerit.
1089 3094 1220 3149 lline
1269 3099 1543 3154 Aladinem
1581 3106 1628 3157 ei
1667 3106 1722 3157 ti-

185 3173 316 3225 liam
346 3190 495 3227 suam
528 3177 740 3233 dedisse
771 3197 1012 3246 uxorem,
1044 3187 1288 3255 detisque
1316 3195 1529 3246 nomine
1560 3197 1724 3252 multa
1753 3208 1794 3261 α

185 3263 389 3330 praedia
439 3280 555 3317 cum
586 3268 731 3333 pagis
788 3272 1130 3340 assignasse:
1186 3292 1320 3345 quos
1363 3280 1501 3336 inter
1556 3287 1716 3339 etiam

185 3352 501 3408 Otmauzica
536 3355 714 3408 fuerit.
747 3359 1002 3427 Adeoque
1036 3366 1572 3427 statuebatsultanus
1605 3373 1721 3428 Mu-

184 3446 481 3507 ehemetes,
508 3445 575 3496 ab
602 3444 702 3499 hoc
742 3447 911 3502 lsacio
941 3451 1215 3503 sultanqu
1266 3454 1576 3522 Osmanem,
1627 3462 1720 3532 qui

184 3543 340 3600 pater
371 3542 424 3586 et
457 3542 647 3588 auctor
667 3544 748 3590 est
776 3537 958 3605 stirpis
989 3538 1422 3609 Osmanidarum,
1456 3549 1716 3616 originem

183 3623 431 3676 duxisse.
463 3620 730 3677 Hactenus
759 3642 786 3678 a
819 3627 1168 3697 Spandugiuo
1227 3636 1418 3690 tradita
1471 3639 1722 3696 duximus

183 3713 680 3778 commemoranda,
723 3717 787 3768 de
843 3718 1037 3783 quibus
1079 3722 1342 3789 integrum
1400 3726 1583 3782 lectori
1636 3731 1723 3797 jn-

183 3801 391 3855 dicium
417 3801 791 3868 relinquimus.
824 3803 966 3858 Sane
1024 3811 1288 3878 reperitur
1325 3817 1461 3879 apud
1511 3818 1722 3876 Gracos

185 3891 498 3952 historicos,
533 3903 600 3943 ac
618 3894 909 3958 przesertim
946 3898 1085 3964 apud
1116 3896 1352 3952 Nicetam
1383 3901 1717 3971 Cboniatem,

183 3980 388 4034 mentio
408 3977 668 4034 Comneui
707 3991 982 4050 apostatte,
1042 3988 1134 4053 qui
1162 3997 1336 4042 tamen
1371 4007 1471 4045 non
1527 3994 1678 4050 lsacii
1702 4038 1718 4064 ,

181 4069 277 4120 sed
309 4066 532 4121 Joannis
563 4083 760 4122 nomen
801 4071 1064 4126 habuerit.
1094 4074 1299 4144 Quippe
1321 4094 1440 4133 cum
1484 4079 1729 4143 Joannes.

182 4160 494 4213 Comuenus
553 4160 883 4228 imperator,
943 4179 1103 4233 quem
1155 4165 1533 4235 Calojoannem
1611 4191 1717 4230 non

182 4247 380 4312 forma,
417 4249 511 4302 sed
539 4250 776 4304 bonitate
804 4253 1086 4319 vocabant,
1143 4257 1199 4310 in
1229 4258 1507 4316 obsidione
1560 4264 1732 4338 394.

183 4337 550 4392 Neoczesarea
603 4338 806 4393 diutius
835 4341 1061 4398 haereret
1105 4362 1118 4398 :
1157 4345 1391 4402 Joannes
1442 4352 1589 4407 lsacii
1638 4337 1719 4410 se;

183 4428 594 4489 bastocratoris,
626 4428 808 4484 fratris
855 4433 973 4500 ejus
1026 4434 1188 4498 filius,
1245 4440 1334 4489 tali
1389 4441 1618 4508 quadam
1653 4446 1719 4498 ab

186 4516 518 4582 imperatore
551 4526 737 4582 patruo
773 4519 1010 4574 irritatus
1037 4522 1250 4590 injuria,
1274 4528 1483 4593 qualem
1531 4529 1710 4598 Span-

180 4606 420 4672 duginus
461 4606 729 4672 exposuit,
801 4607 938 4662 finde
983 4613 1266 4681 transfugit
1327 4617 1391 4670 ad
1453 4618 1718 4676 sultanum

182 4694 537 4758 iuoniensettt,
567 4696 835 4765 simulque
866 4699 1383 4759 musulmanissavit.
1421 4708 1569 4764 llane
1614 4710 1721 4767 for-

182 4784 343 4834 lassis
381 4782 448 4835 ad
479 4783 759 4838 historiam
795 4787 872 4840 vel
921 4786 1316 4860 Spanduginus,
1371 4798 1454 4848 vel
1503 4797 1720 4853 Muelle-

182 4885 355 4925 metes
389 4876 706 4940 respexerit.
768 4876 844 4930 Ae
896 4877 1214 4934 Muehemeti
1274 4884 1512 4950 quidem,
1568 4888 1721 4956 longe

181 4964 428 5016 omnium
455 4965 754 5018 mortalium
805 4967 1271 5030 ambitiosissime.
1310 4975 1514 5027 natales
1559 4978 1722 5042 majo-

182 5070 305 5107 rum
348 5053 608 5106 obscuros
641 5056 996 5122 displicuisse,
1030 5075 1137 5115 non
1170 5062 1364 5115 mirum
1407 5073 1527 5117 est:
1577 5067 1721 5121 idco-

180 5161 289 5211 que
316 5144 471 5196 facile
504 5145 843 5208 crediderim,
888 5149 956 5199 ab
989 5161 1052 5201 eo
1109 5152 1385 5216 qumsitam
1436 5153 1598 5210 fuisse
1653 5157 1718 5212 de

181 5234 449 5286 industria
485 5234 772 5301 quamdam
813 5250 1031 5288 suorum
1079 5239 1145 5291 ab
1173 5243 1379 5309 origine
1441 5247 1606 5313 magis
1658 5248 1716 5300 il-

182 5322 340 5375 lustri
386 5323 923 5377 commendationem.
989 5322 1096 5377 Hoc
1150 5336 1323 5382 tamen
1384 5335 1598 5387 minime
1641 5337 1716 5389 si-

181 5413 347 5465 lentio
382 5413 830 5479 praetereundum,
861 5415 1085 5481 Turcos,
1142 5427 1418 5474 auctorum
1455 5423 1714 5479 bonorum

183 5515 469 5559 consensu,
534 5514 638 5551 non
690 5516 720 5553 e
774 5500 1010 5567 Tataria,
1059 5505 1149 5557 sed
1213 5504 1391 5558 Persia
1422 5550 1435 5570 ,
1485 5513 1716 5576 pulsosa

190 5591 411 5650 l‘ataris,
439 5589 493 5640 in
549 5587 725 5639 Asiam
759 5590 1017 5641 minorem
1077 5592 1472 5661 commigrasse.
1511 5598 1620 5660 Qua
1651 5601 1717 5653 de

187 5695 342 5733 causa
370 5676 590 5732 Graeciae
652 5676 848 5729 Praetor
899 5693 1045 5732 meus
1104 5683 1325 5734 necdum
1379 5686 1567 5748 editus,
1624 5691 1711 5755 qui

189 5766 722 5834 uoustantinnpolcos
779 5781 806 5818 a
845 5764 1086 5821 Flaudt'is
1144 5780 1327 5838 captae,
1391 5791 1712 5845 rursumque

1837 945 1976 1011 quod
2011 944 2250 1020 ePersia
2281 946 2529 1014 profectis
2579 948 2628 998 in
2672 960 2732 999 ea
2788 947 3012 1002 minoris
3062 949 3198 1002 Asiae
3251 949 3362 1002 loca

1837 1034 2047 1102 populis
2076 1050 2198 1090 cum
2258 1035 2483 1105 imperio
2535 1046 2841 1104 praeessent.
2892 1037 3034 1092 idem
3083 1039 3368 1093 observare

1834 1123 1976 1187 hcet,
2005 1125 2069 1178 ab
2098 1125 2216 1182 aliis
2254 1127 2412 1179 etiam
2462 1126 2572 1180 fieri
2603 1126 2799 1180 Grazcis
2825 1126 3115 1182 historicis.
3160 1129 3241 1185 An
3271 1144 3365 1183 au-

1835 1223 2024 1267 tumex
2054 1212 2370 1267 Tatarornm
2399 1215 2725 1282 regionibus,
2773 1211 3041 1284 etquibus
3108 1219 3366 1286 tempori-

1835 1303 1956 1367 bus,
2002 1303 2053 1355 in
2110 1300 2344 1356 Persiam
2406 1305 2832 1374 commigrarint,
2890 1306 2977 1358 hic
3024 1307 3216 1372 exponi
3257 1322 3362 1362 non

1833 1402 1915 1444 cst
1947 1404 2184 1454 necesse,
2215 1405 2278 1444 ne
2309 1391 2470 1446 nimis
2493 1402 2767 1446 excrescit
2795 1394 3205 1450 commentatio.

2169 1502 2222 1556 2.
2253 1502 2417 1568 Aiem,
2465 1501 2777 1567 Padiscaclt,
2817 1501 3024 1558 Stilum.

1900 1615 2049 1679 Quod
2079 1613 2401 1682 Oguziorum
2453 1615 2658 1670 familia
2710 1618 3049 1671 successione
3109 1625 3359 1684 perpetua

1833 1719 2010 1757 rerum
2035 1705 2171 1772 apud
2224 1703 2450 1760 Parthos
2493 1707 2658 1776 polita
2695 1707 2861 1761 fuisse
2901 1707 3130 1767 dicitur,
3187 1706 3237 1758 id
3275 1706 3358 1759 his

1833 1793 1940 1845 fere
1964 1793 2136 1847 verbis
2168 1793 2219 1845 in
2264 1795 2554 1863 archetypo
2579 1795 2804 1848 Turcico
2832 1794 3050 1861 legitur:
3077 1793 3148 1847 De
3190 1793 3356 1886 stirpe
3424 1817 3450 1864 ,ς

1766 1879 1884 1949 οἰιι
1916 1882 2136 1948 stirpem
2205 1882 2352 1937 fuere
2415 1882 2828 1938 Padischachler
2873 1885 2925 1937 in
3003 1883 3174 1936 Aicm.
3232 1879 3400 1944 Quis

1831 1971 1990 2024 verba
2025 1982 2080 2024 ut
2123 1972 2503 2039 intelligantur,
2556 1973 2852 2038 sciendum,
2904 1989 2932 2028 a
2977 1973 3174 2028 Turcis
3211 1975 3358 2026 Alcm
3398 1984 3401 1990 '

1833 2059 2054 2127 Vilaget,
2082 2062 2161 2114 vel
2191 2063 2340 2115 Aiem
2385 2062 2677 2128 Memleket,
2737 2065 2912 2117 vocari
2964 2065 3232 2133 regionem
3278 2065 3358 2117 vel

1830 2163 2052 2217 regnum
2108 2148 2387 2204 Persarum
2422 2163 2484 2203 ac
2535 2149 2851 2204 Parthorum
2889 2169 2902 2206 :
2950 2150 3360 2205 Padischarhler

1828 2246 2006 2292 autem
2061 2255 2289 2294 numero
2357 2239 2750 2305 multitudinis,
2810 2255 2837 2294 a
2899 2241 3154 2310 singulari
3207 2239 3358 2293 Padiv

1827 2328 2045 2388 srhach,
2076 2344 2196 2382 esse
2221 2345 2504 2398 supremos
2558 2328 2829 2398 principes
2857 2334 2969 2386 sive
3011 2331 3263 2389 Scachos.
3293 2331 3359 2384 ile

1827 2432 1928 2484 qua
1955 2432 2078 2471 voce
2118 2418 2277 2486 paulo
2304 2428 2427 2471 ante
2479 2418 2700 2472 dictum.
2745 2410 2964 2474 Rectius
3003 2420 3142 2472 enim
3198 2420 3357 2473 Padi-

1827 2509 2021 2562 s«-,hach
2070 2509 2437 2576 interpreteris
2484 2508 2887 2574 Pantocratora,
2955 2509 3100 2562 velut
3163 2509 3360 2562 haben-

1828 2609 1928 2653 tem
1960 2600 2264 2654 universum
2292 2599 2596 2668 imperium,
2623 2615 2904 2669 regemque
2933 2615 3134 2666 regum,
3191 2615 3349 2668 qttam

1827 2689 1868 2743 si
1899 2704 2076 2743 vocem
2110 2689 2303 2743 sultani
2335 2691 2413 2744 sic
2446 2693 2702 2759 explices,
2731 2692 2870 2760 quod
2903 2690 3164 2745 Cedrinus
3208 2693 3348 2747 fecit.

1825 2778 2027 2832 Etenim
2061 2781 2149 2848 qui
2176 2780 2367 2834 Turcis
2421 2783 2668 2836 sultauus
2703 2792 2807 2842 est,
2842 2784 3065 2838 Graecis
3098 2785 3356 2850 hodieque

1826 2883 2007 2920 vocem
2069 2871 2208 2921 hanc
2277 2870 2456 2938 lingua
2537 2885 2631 2925 sua
2683 2871 3049 2936 reddentibus,
3098 2872 3354 2941 Aphentis

1826 2958 1902 3010 vel
1943 2960 2126 3027 Megas
2179 2961 2441 3028 Apbentis
2495 2961 2688 3014 dicitur
2720 2970 3022 3030 :‘corrupto
3087 2962 3351 3022 nonnihil,

1825 3049 2027 3100 ratione
2049 3050 2510 3114 pronuntiationis,
2536 3053 2752 3118 antiquo
2775 3051 3032 3105 vocabulo
3057 3051 3344 3115 αὐθέντης.

1824 3138 1978 3203 ettjtts
2005 3149 2086 3190 est
2135 3152 2260 3191 neta
2306 3138 2644 3204 signiﬁcatio.
2705 3139 2968 3195 Laonicus
3023 3136 3161 3193 libro
3210 3153 3353 3194 nono

1825 3227 2140 3281 Mttcltetneti
2175 3230 2410 3284 secundo
2444 3231 2654 3285 titulum
2684 3232 2824 3286 hunc
2849 3232 3051 3287 tribuit.
3083 3229 3351 3299 Plaueque

1821 3309 2018 3370 nostris
2055 3318 2213 3372 etiam
2259 3319 2558 3376 Turcorum
2613 3324 2877 3391 princeps,
2912 3325 2965 3377 in
3022 3322 3352 3392 quotidianis

1824 3409 2178 3471 sermonibus,
2215 3425 2491 3479 nunquam
2526 3414 2701 3476 aliter,
2726 3429 2884 3482 quam
2909 3413 2946 3466 il
2972 3413 3140 3481 grand
3164 3411 3353 3479 Sigttor

1822 3492 2146 3560 appellatur;
2175 3499 2314 3565 quod
2368 3499 2582 3566 quidem
2616 3501 2670 3552 fit
2720 3500 3019 3555 imitatione
3057 3499 3350 3553 Turcorum

1816 3569 2259 3652 Graecorumque.
2322 3586 2398 3639 Ne
2466 3587 2637 3641 dicam
2690 3591 2990 3658 Aythonum
3041 3589 3348 3643 Armenium

1821 3686 2035 3741 quoque
2095 3675 2324 3740 tradere,
2386 3678 2653 3732 sultanum
2713 3680 2997 3749 Agarensis
3049 3679 3350 3748 signiﬁcare

1801 3744 2119 3821 ‘dominum.
2177 3765 2329 3831 Quod
2401 3776 2576 3821 autem
2657 3744 2796 3837 apud
2873 3744 3346 3839 Chalcocondylcm

1822 3848 2002 3902 Parthi
2026 3860 2080 3904 et
2108 3849 2252 3904 Pera:
2285 3853 2416 3905 dicti
2474 3855 2724 3921 leguntur
2779 3857 3034 3920 Arzamii,
3101 3871 3162 3911 ex
3220 3860 3351 3912 scri-

1820 3947 1974 4004 ptura
2045 3941 2228 3994 vitiosa
2281 3942 2573 4010 profectum
2641 3953 2788 4011 puto.
2838 3946 2971 3998 Nam
3006 3947 3207 4000 Azantii
3265 3950 3347 4002 rel

1823 4028 2021 4081 Azemii
2083 4031 2281 4087 rectius
2336 4034 2660 4097 scribentur,
2713 4034 2856 4102 quod
2915 4033 3053 4088 idem
3107 4046 3187 4089 est
3225 4051 3346 4090 cum

1820 4118 2042 4173 Aiemiis
2072 4133 2288 4190 propter
2317 4123 2620 4179 afﬁnitatem
2652 4126 2948 4179 litterarum
3009 4124 3047 4187 Ι,
3080 4125 3144 4190 G,
3178 4137 3227 4178 et
3285 4128 3346 4192 Z,

1821 4215 1943 4263 ante
1992 4209 2218 4265 litteram
2258 4213 2298 4265 Ε
2329 4216 2645 4282 positarum,
2702 4218 2864 4271 etiam
2929 4217 3065 4285 apud
3092 4216 3248 4270 italos
3299 4229 3352 4269 et

1820 4295 2019 4351 Gallos.
2049 4297 2316 4365 Geufraao,
2348 4302 2435 4370 qui
2462 4303 2734 4357 Azamiam
2760 4304 2953 4356 dictam
2985 4303 3094 4356 vult
3134 4305 3199 4356 ab
3247 4304 3348 4359 As-

1821 4385 2074 4454 sambego
2130 4390 2258 4457 (quo
2294 4392 2510 4444 nomine
2569 4391 2694 4445 alibi
2745 4403 2917 4458 vocat,
2973 4405 3129 4460 quem
3180 4391 3347 4447 Usum

1821 4475 2113 4529 Chasauem
2149 4475 2531 4547 Tureidixere)
2564 4479 2702 4534 sicut
2728 4495 2757 4533 a
2805 4480 3202 4553 Caramanbego
3250 4484 3353 4538 Ca-

1744 4551 2251 4636 Dramaniam,per
2277 4584 2357 4624 me
2403 4570 2642 4638 quidem,
2684 4579 2740 4624 ιιι
2793 4573 2860 4625 ita
2920 4551 3346 4637 sentiatpllcet:

1821 4657 2035 4724 quando
2081 4658 2245 4712 libere
2307 4660 2486 4728 quivis
2538 4661 2840 4729 opinionem
2902 4674 3050 4714 suam
3113 4663 3350 4730 proferre

1822 4754 2013 4810 potest.
2045 4744 2174 4799 Nam
2201 4747 2414 4802 tametsi
2445 4762 2550 4801 non
2609 4749 2703 4802 abs
2739 4762 2796 4802 re
2821 4750 2940 4814 quis
2967 4750 3214 4818 objecerit
3245 4752 3350 4806 dis-

1821 4833 2223 4887 similitudinem
2248 4832 2434 4890 vo'cum
2466 4837 2616 4889 Aiem
2641 4846 2691 4890 et
2718 4837 2949 4901 Chasan,
2979 4845 3154 4891 tamen
3182 4840 3349 4908 pluris
3405 4885 3410 4889 ,

1820 4921 1919 4975 hoc
1954 4921 2288 4985 faciundum,
2320 4924 2456 4991 quod
2494 4924 2632 4978 idem
2682 4925 2781 4978 sibi
2835 4938 3022 4993 parum
3054 4926 3176 4980 alibi
3219 4942 3348 4981 cou-

1820 5022 1942 5076 stat,
1975 5014 2098 5066 dum
2129 5014 2203 5066 ait
2227 5014 2291 5067 ab
2324 5015 2543 5080 Aramo,
2593 5015 2742 5069 Semi
2766 5014 2827 5069 F.
2858 5015 3020 5069 Nolite
3052 5017 3118 5070 N.
3143 5016 3344 5085 Syriam

1818 5105 2008 5157 dictam
2040 5106 2332 5169 Azamiam,
2365 5107 2516 5174 quasi
2559 5106 2851 5161 Aramiam.
2908 5107 3020 5160 Non
3053 5110 3190 5160 enim
3258 5121 3347 5173 pa-

1822 5209 1983 5245 ruma
2020 5193 2211 5256 Persis,
2239 5203 2292 5248 et
2323 5194 2552 5257 Parthis,
2576 5193 2692 5261 Syri
2719 5193 2920 5246 distant
2949 5210 2969 5246 ξ
2997 5204 3050 5248 ut
3091 5213 3192 5251 non
3249 5198 3342 5248 im-

1821 5282 2007 5332 merito
2039 5281 2158 5346 quis
2211 5280 2453 5335 Genfraao
2506 5282 2840 5349 proverbium
2903 5293 3052 5336 vetus
3100 5284 3340 5341 Grtccum

1818 5368 2068 5434 ttbjecerit
2101 5388 2111 5420 :
2149 5367 2281 5422 Sunt
2332 5372 2558 5438 separati
2588 5371 2718 5424 lines
2765 5371 3026 5440 Lydorum
3089 5385 3138 5427 et
3179 5376 3346 5448 Phry-

1818 5475 1958 5525 gum.

1815 5551 1865 5601 5.
1897 5548 2065 5620 grati,
2101 5547 2212 5620 Utu_
2237 5548 2376 5602 Cltan
2403 5591 2417 5615 ,
2453 5549 2756 5618 Hunggiar,
2801 5553 3055 5617 flauo/ter,
3109 5557 3337 5620 Set-ipim,

1883 5616 2086 5734 ῼΙιαίίίε
2115 5657 2128 5681 ,
2176 5618 2382 5671 C/titaia
2406 5657 2421 5680 ,
2477 5616 2738 5672 Chorasan
2768 5661 2782 5684 ,
2840 5623 3011 5686 Ife/cli,
3045 5616 3051 5617 ⁷
3077 5616 3298 5678 Mur/tan
3319 5661 3338 5688 ,

1930 5695 2082 5735 uturt.

1885 5774 1982 5837 Qui
2018 5774 2204 5826 Turcis
2236 5785 2313 5827 est
2338 5775 2515 5843 lingis
2539 5777 2705 5840 Chan,
2742 5777 3041 5832 liciraccnsi
3075 5791 3149 5834 est
3177 5779 3340 5835 Chitto
