4032 6344
2175 358 2180 385 l

618 406 799 502 .7257-

1867 404 2661 524 JOANNISLEliNClAti-il
2710 478 2713 481 η

3665 445 3856 512 ’τὲὃ

666 552 748 614 gis
780 549 975 610 Cbam,
1004 546 1146 614 quod
1180 546 1317 599 idezn
1358 555 1440 602 est
1490 548 1930 616 pronuntiatione
1984 555 2212 609 Gallica.
2246 560 2283 612 Α
2318 568 2558 609 ςιτοτιιω
2585 556 2946 632 Augustorum
2977 556 3300 620 respondere
3317 555 3655 626 vnlunl,quo
3674 572 3731 611 se
3762 559 3859 612 im-

665 641 737 695 Ex
769 632 1145 720 Paebymetio,
1210 641 1522 708 carterisque
1564 640 1902 725 ‘Grmcismon
1965 644 2204 709 Tzinkis,

646 731 747 788 ..τρι
774 718 1011 791 Tsincls,
1045 729 1143 785 scd
1166 730 1384 801 Tzingis
1413 730 1523 786 Ceu
1559 722 1720 786 Scribi
1753 733 1932 795 debet,
1990 735 2237 790 ratione,

664 820 1113 897 pronuntiationis
1143 823 1374 876 usitate.
1420 807 1589 877 'Extat
1631 823 1775 893 liber
1824 823 2065 895 Aytboni,
2109 828 2209 878 Ar-
2248 866 2249 869 η

640 929 697 976 _u
721 911 847 973 ettii,
877 911 968 979 qui
1000 924 1053 966 ct
1086 912 1396 968 Curchinus
1420 910 1666 978 vocatur,
1687 924 1753 969 iet
1801 916 2065 971 Antonius
2093 932 2210 989 cre-

603 996 607 1003 ’
665 1000 811 1054 ditur
846 998 875 1055 a
910 1001 1232 1070 quibusdam
1272 1005 1448 1060 fuisse
1505 1006 1681 1059 dictus
1748 1014 1873 1073 post
1932 1019 2204 1076 sumptum

665 1092 1023 1146 monasticum
1061 1093 1339 1146 habitum:
1372 1108 1495 1148 cum
1534 1078 1972 1164 hytbonu‘sidem
2025 1097 2235 1150 videar

663 1190 919 1236 tur‘ssse
974 1198 1094 1237 cum
1149 1184 1423 1243 Antonio:
1478 1195 1531 1239 et
1581 1186 1885 1243 Curehinus
1944 1205 1971 1247 a
2022 1199 2208 1243 sancto

662 1272 891 1337 Georgio
921 1273 1123 1328 factum
1174 1291 1369 1331 nomen
1401 1276 1506 1337 sit,
1572 1281 2026 1346 quemadmodum
2072 1279 2208 1333 Cur-

615 1406 619 1411 .
660 1364 803 1418 cbini
834 1366 917 1419 vel
946 1360 1170 1437 Curgini
1194 1370 1446 1423 dicuntur
1481 1370 1645 1439 etiam
1688 1370 1867 1423 hodie.
1892 1368 2203 1443 Ceprgiani,

661 1458 752 1521 qui
782 1458 1053 1514 Armeniis
1091 1460 1255 1515 vicini
1284 1452 1317 1515 ba
1365 1461 1535 1517 sancti
1591 1459 1805 1529 Georgii
1857 1461 2205 1514 veneratione

658 1547 784 1603 dicti
820 1557 1075 1616 putantur
1114 1550 1425 1620 Ge‘orgiani,
1480 1552 1624 1617 sicut
1682 1566 1711 1605 a
1774 1549 2205 1605 sanctoJacobo

640 1634 896 1695 JacObini
924 1650 975 1694 et
996 1640 1282 1707 Jacobitae,
1339 1657 1569 1711 quorum
1631 1642 1948 1712 patriarchae
2006 1656 2199 1695 nomen

596 1716 599 1717 ν
657 1729 847 1789 vitiose
880 1716 1139 1800 scriptum
1166 1731 1357 1801 legitur
1384 1733 1529 1800 apud
1563 1731 1801 1786 Marcum
1834 1730 2060 1805 Paulum
2099 1731 2201 1784 γη,

590 1842 591 1845 η
657 1831 842 1887 netnm
867 1821 1119 1886 lacelieh,
1154 1838 1249 1890 pro
1280 1822 1546 1884 Catolich,
1602 1823 1695 1890 qui
1742 1821 2051 1877 Catholicus
2097 1833 2197 1878 est.

612 1943 616 1948 -
656 1911 705 1967 Is
745 1914 974 1983 Aythoni
1027 1914 1162 1969 liber
1186 1928 1381 1973 nomen
1431 1913 1590 1968 habet
1618 1913 1800 1982 Zingis
1846 1913 2006 1983 hujus
2066 1931 2201 1968 non~

659 2004 789 2059 nihil
822 2004 1184 2068 immutatum,
1214 2004 1461 2070 videlicet
1488 2004 1746 2071 Cbangis,
1775 2003 1927 2092 unde.
1963 2004 2198 2074 Cangius

655 2098 816 2152 etiam
846 2096 955 2151 Can
987 2097 1056 2151 ab
1083 2097 1203 2151 aliis
1232 2105 1474 2152 vocatur.
1528 2096 1730 2152 Cbanis
1762 2099 1844 2152 vel
1892 2096 2056 2151 Hanis
2086 2098 2197 2165 (as-

652 2188 922 2253 piratione
955 2186 1103 2258 l'orti)
1133 2176 1415 2255 appellatio
1455 2201 1711 2257 perquam
1748 2184 1963 2257 ‘usitata
2016 2186 2197 2243 Persis
2226 2212 2227 2215 η

591 2342 597 2351 .
650 2287 704 2332 ιιι
735 2277 948 2341 Tataris
982 2288 1084 2341 est,
1114 2280 1256 2347 apud
1281 2293 1418 2347 quos
1446 2292 1597 2343 reges
1621 2287 1675 2333 et
1706 2280 1998 2348 principes,
2024 2280 2188 2335 etiam

652 2369 918 2437 minorum
946 2368 1029 2440 (ut
1052 2368 1162 2422 dici
1180 2369 1349 2439 solet)
1374 2369 1635 2437 gentium,
1672 2368 1885 2424 Chanes
1912 2370 2195 2424 dicuntur:

648 2460 796 2515 verbi
821 2459 1025 2530 gratia,
1068 2459 1229 2513 Κρινιί
1258 2459 1455 2520 νΟΙιειη.
1488 2460 1719 2514 Crimski
1754 2460 1903 2515 Cban
1926 2500 1940 2525 ,
1984 2460 2191 2529 Precop

644 2551 815 2609 Chao.
852 2549 1016 2621 Negat
1048 2550 1220 2615 Chan,
1249 2550 1723 2617 SehembaIChan,
1774 2551 1972 2606 Maxud
2015 2553 2188 2617 Cban,

644 2652 699 2695 et
726 2642 841 2708 alii,
871 2643 1098 2711 qucrum
1128 2644 1179 2696 in
1220 2641 1506 2698 Annalium
1540 2659 1756 2718 quoque
1810 2643 2191 2713 Supplementa

644 2732 781 2790 facta
807 2734 1029 2791 mentio.
1059 2733 1149 2790 Sic
1175 2734 1337 2789 etiam
1369 2734 1510 2789 inter
1563 2733 1976 2793 Osmanidarum
2024 2737 2205 2805 1112]οι

645 2841 732 2882 res
792 2826 844 2880 in
874 2825 1179 2896 genealogis
1239 2826 1458 2895 quidam
1518 2826 1653 2882 Cara
1728 2826 1866 2881 chan
1950 2828 2183 2897 legitur.

643 2930 753 2987 quo
779 2915 1112 2984 signiﬁcatur
1135 2932 1228 2971 rex
1262 2925 1356 2975 aut
1404 2917 1653 2986 princeps
1682 2918 1850 2988 niger.
1906 2918 2183 2975 Comimili

641 3005 850 3061 ratione
872 3004 961 3059 lilii
989 3005 1293 3075 principum
1322 3006 1654 3076 Cbanoglani
1700 3018 1980 3077 vocantur.
2015 3008 2183 3077 Repe-

643 3097 778 3152 ritur
802 3099 856 3155 in
885 3097 1126 3154 historiis
1155 3095 1356 3153 Gracia
1373 3108 1425 3152 et
1451 3098 1656 3154 Latinis
1697 3113 1891 3156 nomen
1944 3100 2181 3168 Chagani

638 3187 987 3259 395-399
1011 3189 1269 3255 Avarum,
1292 3190 1435 3258 quod
1465 3191 1604 3244 idem
1638 3201 1721 3245 est
1749 3206 1870 3245 cum
1896 3188 1999 3245 boc
2028 3192 2178 3246 Cbau

2319 657 2602 713 iii-ratores
2629 647 2868 719 Ca‘sares
2892 645 3181 712 appellant.
3210 645 3272 699 Et
3294 649 3527 715 primum
3551 664 3618 703 eo
3647 651 3857 703 tradunt

2314 750 2466 788 ustum
2503 735 2892 803 Mucliemetem
2952 738 3273 802 secundum,
3299 748 3418 806 post
3472 749 3686 808 captam
3721 741 3852 794 Con-

2310 825 2745 895 stantinOpolim,
2776 826 3008 879 sedem
3055 827 3338 880 orientalis
3386 816 3641 897 imperii.
3697 845 3854 897 quem

2309 916 2497 969 imitati
2531 925 2658 970 stitit
2686 904 2961 987 Bajazites'
2988 916 3165 976 filius,
3187 926 3249 970 et
3269 916 3495 972 Sellmes
3524 935 3711 989 nepos.
3741 921 3855 986 Qua

2308 1006 2374 1059 de
2396 1022 2581 1071 causa,
2614 1006 2809 1083 partim
2867 1018 2924 1060 ut
2950 1008 3323 1071 ambitionem,
3355 1013 3549 1078 partim
3586 1022 3646 1067 ut
3671 1028 3855 1083 supero

2307 1096 2580 1152 Stitionem
2613 1099 2923 1167 corumpab
2959 1116 3052 1154 esu
3083 1100 3253 1154 suillae
3273 1100 3705 1169 abhorrentium,
3733 1105 3875 1179 irrio_

2307 1188 2458 1243 deret
2487 1190 2718 1268 scacbus
2748 1190 2926 1243 lsmail
2957 1192 3183 1257 primus,
3214 1208 3244 1246 a
3306 1208 3412 1263 quo
3476 1194 3849 1263 Sopbinorum

2306 1277 2445 1346 apud
2478 1276 2671 1349 Persas
2722 1280 3018 1352 profectum
3085 1273 3278 1336 nomen
3329 1292 3431 1345 est,
3487 1284 3851 1353 praepinguem

2306 1369 2447 1421 alere
2484 1383 2711 1436 porcum
2772 1368 3000 1434 solebat,
3034 1370 3121 1424 cui
3154 1385 3351 1425 nomen
3380 1371 3501 1438 ejus
3552 1371 3852 1427 Tureornm

2306 1457 2523 1510 imlebat
2547 1458 2826 1526 principis,
2881 1458 2975 1527 qui
3003 1469 3129 1512 tunc
3177 1474 3354 1513 rerum
3394 1462 3705 1530 potiebatur
3740 1481 3755 1517 :
3792 1474 3852 1518 ut

2306 1546 2388 1597 vel
2418 1542 2636 1600 Hnuker
2661 1545 2884 1616 Bajazit,
2913 1549 3003 1605 vel
3032 1548 3250 1603 Ilunker
3269 1550 3432 1605 Selim
3465 1554 3849 1622 appellaretur.

2308 1636 2546 1704 Denique
2573 1621 2931 1706 Seripbarum
2952 1640 3111 1694 etiam
3152 1624 3372 1696 titulum
3412 1621 3546 1702 sibi;
3578 1645 3850 1703 tribuunt,

2302 1736 2356 1779 et
2385 1725 2718 1781 Chalil’arum
2749 1745 2945 1785 nomen
2972 1747 3038 1786 ne
3058 1732 3217 1788 hodie
3247 1735 3463 1803 quidem
3499 1736 3689 1802 vitant,
3711 1737 3853 1789 velut

2304 1817 2651 1883 invidiasum,
2684 1822 2972 1891 potiusque
3002 1832 3317 1893 competens
3344 1825 3504 1879 editis
3527 1824 3851 1881 Mahumetis

2305 1901 2590 1976 sanguine,
2660 1912 3114 1980 quemadmodum
3180 1911 3451 1968 Reineru’s
3500 1905 3848 1980 Reineccius,

2303 1984 2509 2053 amicus
2534 2008 2716 2055 uoster
2747 2003 2973 2069 putavit.
3004 2002 3136 2056 Nam
3166 2003 3253 2059 hic
3283 1995 3499 2074 quoque
3521 2005 3759 2061 Murates
3785 2022 3852 2061 eo

2300 2102 2358 2142 se
2384 2100 2542 2150 ornat
2579 2091 2742 2145 titulo
2764 2092 2815 2147 in
2844 2078 3037 2147 litteris
3054 2093 3532 2162 nil-imperatorem
3571 2107 3848 2162 nostrum,

2298 2194 2524 2245 quarum
2563 2182 2806 2251 exempla
2839 2182 2985 2250 vidi,
3023 2169 3374 2254 et_superius
3402 2189 3604 2243 de‘boe
3628 2204 3657 2242 a
3691 2189 3853 2242 nobis

2299 2270 2756 2337 notatalqumdsm
2785 2274 2911 2325 sunt
2942 2274 2994 2327 in
3017 2276 3356 2344 expositione
3405 2292 3692 2330 causarum
3753 2278 3850 2332 de-

2294 2360 2534 2416 cennalis
2560 2351 2717 2431 hujus
2740 2362 3055 2434 belli,qnod
3088 2367 3231 2420 inter
3293 2366 3567 2434 Sepbinos
3628 2377 3684 2423 et
3746 2368 3851 2425 Os-

2293 2450 2725 2519 manicosadbuc
2779 2455 3005 2521 geritur.
3051 2455 3293 2511 Diximus
3345 2457 3512 2520 enim,
3559 2456 3848 2528 Cbaliphis

2293 2556 2485 2595 nomen
2514 2528 2827 2613 signiﬁcare
2851 2544 3136 2612 vicarium,
3192 2549 3271 2602 vel
3301 2546 3699 2611 successorem.
3761 2551 3847 2605 ve!

2293 2631 2557 2686 hmredcm
2589 2635 2871 2705 prophetze
2898 2624 3221 2693 Mahumetis
3251 2661 3262 2695 :
3290 2640 3660 2697 etOsmanicis
3724 2658 3847 2711 per-

2288 2737 2511 2777 suasum
2545 2739 2685 2790 esse,
2720 2728 3012 2796 principem
3050 2734 3209 2783 suum
3259 2745 3378 2785 esse
3404 2732 3699 2802 Chaliphcn
3743 2737 3846 2787 bu-

2283 2815 2373 2881 jus
2402 2817 2607 2871 saeculi.
2634 2816 2941 2873 Secundum
2963 2821 3296 2890 .Chalipbon,
3332 2826 3613 2891 proximus
3629 2833 3713 2877 est
3739 2825 3842 2879 Se-

2288 2908 2456 2975 riphis
2488 2909 2655 2979 locus.
2698 2911 2787 2967 Sic
2809 2914 2952 2966 enim
2975 2906 3342 2979 ethdrinus,
3376 2929 3429 2970 et
3456 2914 3697 2970 Zonaras
3731 2925 3849 2970 tra-

2285 2999 2557 3062 diderunt,
2582 3000 2831 3071 Seripbis
2851 2990 3046 3059 nomen
3078 3008 3218 3075 apud
3267 3007 3684 3062 Mabnmetanos
3716 3024 3845 3063 eam

2286 3100 2526 3157 respectu
2554 3090 2830 3162 Cbaliphze
2892 3094 3159 3151 rationein
3212 3098 3429 3159 habere,
3493 3112 3614 3165 qua:
3674 3099 3865 3154 fuerit

2264 3182 2422 3249 “apud
2451 3181 2668 3238 Graecos
2700 3186 2829 3237 olim
2869 3186 3091 3255 syncelli
3144 3187 3217 3239 ad
3262 3188 3647 3255 patriarcbam,
3710 3204 3843 3245 cum

640 3276 719 3330 vel
751 3276 996 3331 Chatta".
1028 3273 1159 3331 Nam
1184 3277 1420 3332 Avarum
1456 3278 1567 3333 sive
1593 3278 1957 3333 Cliazarorum
2010 3283 2180 3349 pan-ia
2203 3303 2249 3366 ο
2287 3282 2500 3327 mortuo
2522 3276 2867 3340 patriarcha,
2907 3292 3023 3329 mox
3062 3278 3113 3330 in
3132 3277 3252 3346 ejus
3310 3279 3503 3334 solium
3564 3282 3846 3352 syncellus

637 3367 1005 3424 Chersonesus
1027 3354 1111 3423 est
1132 3367 1384 3435 Taurica,
1417 3385 1535 3435 qu:c
1570 3368 1833 3439 hodieque
1860 3384 1991 3427 suos
2021 3373 2180 3428 habet

633 3460 919 3515 Cbahanes
947 3477 963 3515 :
987 3459 1254 3515 Maximus
1278 3476 1405 3514 vero
1427 3459 1750 3516 Tatarorum
1770 3463 2012 3517 omnium
2038 3465 2177 3519 ehan
2220 3461 2233 3470 Ἴ

592 3596 600 3601 .
638 3555 724 3607 cui
763 3553 993 3624 snt-jecti
1026 3565 1156 3610 sunt
1185 3552 1403 3609 Chanes
1433 3555 1633 3616 caueri,
1667 3556 1866 3644 quique
1897 3555 2178 3611 Chitainus

635 3644 888 3712 appellari
913 3644 1071 3708 solet,
1089 3644 1163 3697 uti
1188 3646 1371 3697 statim
1396 3643 1590 3699 dicturi
1607 3643 1820 3701 sumus.
1837 3646 2177 3699 excellentia:

632 3751 820 3801 causa,
848 3751 953 3805 qua
980 3738 1190 3791 cunctis
1218 3736 1339 3790 aliis
1390 3748 1627 3802 praestat,
1666 3735 1766 3790 Ulu
1798 3737 1945 3790 Chan
2002 3730 2195 3791 nomi?

635 3836 811 3890 natur,
838 3830 935 3884 hoc
960 3838 1064 3892 est,
1086 3844 1334 3898 magnus,
1361 3829 1439 3883 vel
1500 3829 1673 3898 potius
1708 3830 1955 3884 exaelsus
2001 3829 2169 3904 Chan.

637 3919 785 3975 Unde
823 3923 1042 3989 factum,
1076 3928 1134 3975 ut
1186 3921 1565 3990 Spanduginus
1599 3931 1651 3975 ct
1702 3920 1887 3976 Jovius
1934 3923 2171 3977 Cbancm

634 4014 1054 4077 interpretentur
1076 4011 1475 4078 imperatorem.
1511 4008 1720 4065 Turcici
1755 4026 2000 4081 ,quoque
2027 4010 2173 4089 rsul-
2206 4044 2210 4047 Α

630 4101 738 4158 taui
765 4112 883 4171 post
904 4102 1192 4173 Osmanem
1215 4090 1419 4167 Casini,
1440 4117 1497 4156 se
1511 4102 1718 4157 (iliaues
1743 4105 1849 4156 dici
1868 4106 2171 4171 voluerunt,

632 4208 687 4248 ut
718 4212 779 4249 ex
803 4195 1107 4265 getiealogia
1138 4203 1305 4263 paret,
1340 4194 1502 4261 idque
1532 4195 1760 4247 retinent
1784 4196 1833 4247 in
1856 4195 2169 4249 hodiernum

629 4299 799 4349 usque
828 4282 991 4337 diem.
1024 4283 1171 4337 Solet
1199 4284 1367 4347 cnitn,
1400 4297 1550 4336 more
1596 4283 1881 4351 majorum,
1938 4284 2172 4341 Murates

630 4375 729 4427 iste
760 4374 949 4427 tertius
966 4377 1067 4447 hoc
1093 4373 1171 4426 uti
1199 4374 1513 4442 plerumque
1546 4374 1701 4429 titulo
1732 4392 1745 4427 :
1774 4372 1960 4428 Sultan
1996 4376 2168 4430 lllurat
2212 4418 2228 4425 ,

572 4526 575 4529 _
625 4467 778 4527 than,
807 4464 891 4518 biit
914 4458 1093 4517 sultait
1143 4464 1307 4518 Sinm
1339 4465 1493 4529 chen,
1556 4466 1877 4533 clnmzufcru
1934 4468 2165 4531 daima;

2281 3361 2661 3419 collocaretur.
2684 3364 2795 3420 lioc
2822 3366 2908 3422 die
2938 3384 3063 3422 vero
3089 3380 3300 3430 notmn,
3329 3380 3532 3440 quanto
3556 3374 3668 3426 sint
3690 3374 3842 3443 apud

2281 3452 2688 3509 Mallumetanos
2750 3457 2801 3510 in
2832 3458 3058 3522 honore,
3095 3460 3186 3528 qui
3249 3470 3390 3515 recta
3440 3461 3581 3516 linea
3644 3472 3755 3517 tam
3810 3465 3859 3519 τι

2281 3548 2534 3613 propheta
2562 3546 2886 3614 Mabumcte,
2919 3566 3080 3620 quam
3105 3551 3171 3605 ab
3205 3554 3311 3618 Ali,
3372 3552 3694 3609 Mabumetis
3745 3572 3840 3625 ge-

2280 3650 2432 3697 nero,
2468 3638 2824 3707 descendunt,
2859 3651 2953 3693 aut
2980 3641 3297 3711 se’llngunt
3355 3644 3708 3702 descendere.
3770 3647 3839 3702 lli

2279 3728 2469 3784 Turcis
2490 3721 2829 3800 'Tatarisque
2862 3728 3032 3786 Seithi
3053 3734 3215 3803 vulgo
3246 3734 3523 3802 dicuntur,
3553 3739 3839 3797 Arabibus

2276 3829 2454 3874 autem
2490 3823 2771 3889 Seriphos:
2825 3838 2962 3891 quos
2991 3825 3225 3879 maxima
3284 3842 3417 3883 sane
3486 3834 3839 3891 veneratione

2277 3918 2435 3975 atque
2462 3906 2804 3964 observantia
2834 3926 2955 3965 cum
3013 3927 3432 3984 prosequantur,
3489 3922 3653 3975 etiam
3721 3924 3835 3992 ipsi

2276 4001 2475 4056 sultani
2513 4002 2865 4071 Scripharum
2901 4006 3260 4074 appellatione
3309 4011 3454 4064 velut
3484 4014 3837 4079 angustiores

2275 4106 2331 4146 se
2355 4093 2577 4147 reddere
2609 4095 2814 4149 volunt.
2851 4094 2931 4148 Ad
2965 4095 3291 4153 Tatarorum
3329 4100 3573 4154 Cbanem
3627 4091 3691 4154 ut.
3739 4119 3830 4157 re-

2275 4184 2453 4250 deam,
2491 4186 2775 4241 traditura
2832 4189 3105 4259 plerisque
3156 4193 3434 4256 omnibus,
3499 4192 3587 4246 hic
3639 4194 3835 4263 Zingis

2272 4274 2421 4328 Chao
2446 4277 2501 4328 in
2537 4278 2723 4343 primis
2740 4278 3013 4332 claruisse
3040 4294 3182 4334 anno
3204 4283 3511 4338 Christiano
3550 4286 3705 4351 l202,
3740 4291 3833 4343 vel

2274 4368 2429 4433 1205,
2456 4384 2563 4437 quo
2594 4379 2832 4437 tempore
2854 4371 3036 4424 Tatari
3059 4372 3246 4441 jngmu
3280 4373 3558 4445 Indorum,
3588 4380 3689 4434 boc
3715 4393 3830 4450 est,

2270 4459 2386 4525 ejus
2406 4460 2571 4525 regis,
2605 4472 2762 4533 quem
2802 4460 2869 4512 ab
2924 4461 3257 4531 aliquotjam
3312 4468 3525 4527 saeculis
3577 4471 3833 4539 Preteja-

627 4556 729 4608 huc
755 4561 855 4615 est,
894 4552 1143 4605 Dominus
1177 4551 1417 4607 Murates
1440 4571 1547 4614 rex,
1586 4557 1784 4608 domini
1842 4547 2052 4610 Selimis
2087 4574 2166 4611 re-

2286 4549 2540 4603 iumsive
2592 4552 2961 4618 presbyterum
3017 4550 3277 4608 Joannem
3348 4559 3507 4627 vulgo
3560 4574 3832 4615 vocamus

568 4670 571 4673 λ
625 4646 701 4715 gis
717 4646 883 4713 ﬁlius,
907 4630 1211 4698 victoriosus
1242 4662 1462 4714 semper.
1497 4645 1704 4710 Quibus
1735 4648 1785 4699 in
1835 4651 2011 4702 verbis
2072 4650 2167 4703 ob-

594 4736 987 4791 θεθτνατενΙίουι
1014 4735 1186 4790 obiter
1210 4735 1563 4789 imitationem
1607 4730 1911 4801 titulorum,
1944 4739 2195 4801 "quibus

614 4828 975 4901 imperatores
1012 4829 1203 4890 nostri,
1238 4812 1446 4892 Veteres
1472 4838 1523 4883 et
1556 4837 1821 4896 recentes,
1884 4845 2079 4885 vocare
2110 4846 2168 4885 se

626 4916 860 4973 victores
886 4933 949 4972 ac
982 4921 1425 4986 triumphatores,
1492 4928 1817 4989 semperque
1867 4920 2163 4990 Augustos,

623 5020 1033 5063 consueverunt.
1071 5011 1174 5064 Sed
1210 5011 1311 5064 hos
1344 5011 1528 5065 titulos
1563 5013 1685 5066 aliis
1746 5013 2033 5068 interdum
2070 5016 2165 5068 ad.

618 5100 775 5168 jectis
816 5099 1126 5153 nominibus
1162 5109 1379 5168 augent,
1406 5101 1458 5154 in
1489 5101 1684 5168 quibus
1702 5111 1828 5155 sunt
1878 5103 2048 5169 Emir,
2098 5104 2164 5157 de

621 5207 728 5259 quo
756 5193 1005 5260 superius
1033 5192 1256 5255 dictum,
1285 5200 1338 5244 et
1363 5190 1522 5259 paulo
1556 5203 1678 5262 post
1697 5193 1906 5246 dicetur
1936 5209 2165 5247 numero

610 5283 710 5344 14,
739 5292 793 5336 et
816 5283 1129 5345 Padiscacb,
1163 5286 1304 5352 quod
1342 5284 1523 5339 itidem
1571 5285 1944 5351 explicatum:
1972 5296 2027 5337 et
2052 5284 2163 5335 Mu-

622 5374 991 5427 snltnanorum
1016 5364 1473 5445 Padiscacb,quo
1498 5392 1674 5446 nuper
1739 5375 1978 5430 Muratcs
2029 5390 2164 5427 usus

620 5475 699 5518 est
726 5466 776 5517 iu
806 5465 1000 5520 litteris
1028 5466 1093 5520 ad
1117 5469 1376 5521 ordinum
1437 5467 1588 5537 regni
1638 5466 1874 5518 Polouim
1923 5466 2160 5527 comitia,

620 5536 856 5609 creando
879 5572 1024 5625 rege,
1075 5557 1259 5612 missis
1324 5567 1420 5613 :et
1476 5557 1731 5610 Huncher
1790 5556 1869 5608 vel
1922 5554 2159 5619 llunkcr,

618 5646 760 5713 quod
791 5647 1167 5716 Spanduginus
1188 5647 1405 5716 scripsit
1435 5646 1787 5710 Condiebiar,
1853 5644 2159 5698 Ludovicus

623 5740 888 5795 liassauus
913 5740 1193 5796 Jadrensis
1220 5739 1548 5802 Cbuncbier,
1578 5754 1699 5791 cum
1754 5739 1942 5811 italico
2002 5740 2162 5791 modo

622 5833 823 5889 rectius
846 5836 1166 5903 exprimatut
1207 5832 1495 5903 itunggiar.
1536 5831 1586 5885 id
1618 5832 1829 5901 propiio
1862 5832 2019 5885 titulo
2064 5848 2159 5883 ιι.)-

2269 4649 2646 4693 excusserunt.
2684 4640 2750 4693 Et
2774 4650 2983 4695 exstant
3036 4644 3287 4714 pleraque
3319 4646 3386 4700 de
3450 4647 3532 4702 bis
3589 4649 3754 4705 rebus
3800 4667 3832 4703 a

2274 4733 2556 4788 Vincentio
2583 4731 2916 4799 Belvacensi,
2949 4733 3198 4788 elllarco
3220 4715 3389 4792 Paulo
3432 4738 3656 4802 Veneto,
3705 4756 3832 4796 tne-

2270 4824 2452 4877 moria:
2487 4823 2723 4893 prodita,
2759 4824 2895 4897 lectu
2927 4840 3035 4879 non
3086 4825 3323 4896 indigna.
3360 4828 3568 4883 Cbitaia
3629 4832 3829 4899 (quam

2270 4915 2451 4969 itidem
2508 4914 2743 4969 Joannes
2784 4916 2849 4969 do
2906 4915 3066 4983 plano
3111 4916 3294 4987 Carpi,
3340 4918 3433 4999 qui
3486 4918 3616 4971 vixit
3666 4936 3831 4976 anno

2267 5004 2578 5058 Christiano
2614 5006 2771 5072 1243,
2800 5006 3005 5076 legatus
3035 5008 3099 5060 ad
3134 5008 3224 5061 illa
3253 5009 3365 5061 loca
3390 5008 3587 5065 missus
3616 5026 3644 5063 a
3677 5026 3827 5082 papa

2272 5097 2534 5159 llomano,
2560 5096 2744 5151 Kithai
2779 5098 2954 5167 vocat)
3000 5097 3233 5153 Laouico
3260 5098 3521 5171 Chataia;
3576 5102 3827 5174 Cititaini

2268 5188 2470 5251 'l‘atari,
2495 5188 2767 5246 Chataidae
2807 5191 3079 5253 dicuntur,
3107 5199 3163 5245 et
3178 5205 3300 5246 vero
3329 5202 3410 5247 est
3437 5193 3637 5261 simile,
3662 5194 3829 5251 Cha:-

2269 5291 2348 5333 tas
2376 5280 2676 5343 .l‘tolcuta'i,
2713 5280 3036 5335 etChatteo‘s
3084 5280 3288 5345 Ariani,
3334 5282 3437 5337 bos
3485 5284 3629 5353 ipsos
3689 5302 3831 5343 esse

2265 5370 2545 5424 Cbitainos
2573 5373 2766 5426 borum
2807 5370 3117 5438 Annalium,
3148 5375 3229 5428 vel
3266 5374 3554 5435 Chataidas
3580 5372 3829 5432 Chalce-

2268 5454 2530 5533 condylis,
2568 5464 2841 5522 velJlarii
2896 5462 3040 5531 Nigri
3092 5464 3412 5522 Cbatainos.
3479 5467 3828 5530 Cltorasanis

2268 5553 2500 5621 regionis
2525 5569 2719 5606 nomen
2774 5567 2839 5606 ne
2892 5552 3049 5609 hodie
3096 5555 3310 5625 quidem
3351 5557 3641 5611 obscurum
3703 5570 3825 5627 est,

2264 5662 2327 5699 ex
2364 5643 2753 5701 recentioribus
2808 5642 3047 5699 historiis
3081 5664 3095 5699 :
3127 5648 3354 5716 populos
3413 5651 3560 5717 ipsos
3619 5646 3827 5708 Jovius

2263 5736 2572 5793 COrasenos
2599 5736 2710 5788 vult
2761 5735 2937 5790 dictos
2991 5732 3312 5807 antiquitus.
3365 5737 3591 5793 Cedreni
3645 5745 3823 5802 verba

2266 5840 2387 5884 sunt
2424 5825 2800 5883 inJustiuiano
2832 5828 3167 5885 libiuotmito
3206 5848 3219 5897 ;
3263 5828 3545 5900 subjugata
3575 5831 3681 5889 fuit
3748 5839 3825 5894 ab
