4032 6344
263 454 392 518 729

265 571 561 626 Arabibus
587 567 685 642 (‘id
716 583 798 627 est
818 574 1127 653 Saracenis)
1163 576 1325 630 etiatu
1362 578 1541 639 l‘crsis
1582 583 1827 641 interior.

267 677 408 731 qme
436 662 714 718 Chorosan
736 665 952 721 dicitur.
982 666 1260 723 Chorasan
1281 670 1349 724 ab
1371 670 1571 726 Ortelio
1597 673 1831 727 Charas-

269 769 388 805 san
418 754 700 820 scribitur,
757 765 810 811 et
871 756 1032 812 Belch
1097 768 1204 813 lant
1263 762 1412 823 urbs,
1447 779 1630 831 quam
1691 766 1836 830 regio

269 839 587 900 Cherasani
624 848 819 913 vicina,
846 849 1005 904 Balch
1059 852 1229 908 eidem
1281 864 1386 917 est,
1449 870 1637 909 versus
1680 856 1838 910 Tata-

272 942 423 995 riam
451 945 674 1000 tendens
703 963 718 1011 ;
743 963 901 1015 quam
932 939 1151 1006 annales
1170 954 1342 1006 nostri
1377 952 1598 1008 Macban
1623 964 1832 1016 vocant,

275 1033 413 1086 urbi
443 1036 756 1105 regionlque
779 1041 1053 1093 communi
1105 1043 1368 1103 nomine;
1402 1044 1538 1096 haud
1571 1044 1683 1113 seio
1707 1058 1835 1095 num

273 1125 476 1178 eadem
513 1128 726 1182 sitcum
769 1131 878 1195 illa,
911 1147 1028 1200 quze
1055 1131 1266 1187 Macran
1291 1135 1358 1187 ab
1385 1132 1592 1190 Ortelio
1615 1133 1832 1196 dicitur,

273 1231 481 1271 versus
518 1218 696 1273 sinum
750 1220 1047 1285 Persicum,
1115 1232 1166 1276 et
1231 1229 1381 1278 mare
1435 1224 1674 1278 ltubrum
1710 1225 1830 1279 sita.

276 1306 524 1363 Tataros
559 1310 760 1374 scribo,
797 1328 902 1366 non
934 1312 1209 1380 Tartaros,
1248 1326 1359 1369 tum
1410 1317 1550 1380 quod
1577 1317 1646 1367 ita
1704 1312 1831 1365 dicti

276 1397 403 1451 sint
431 1413 460 1452 a
490 1396 946 1466 Tataroﬂumine,
988 1403 1144 1473 cujus
1189 1405 1386 1458 accolae
1455 1403 1693 1473 Sumoin
1753 1400 1832 1452 vrl

280 1488 573 1559 Sunionin
611 1491 887 1556 dicuntur,
931 1495 1036 1546 hoc
1092 1503 1175 1547 est
1237 1494 1417 1564 Mogli,
1471 1496 1553 1548 vel
1611 1494 1828 1561 Mongli,

276 1575 543 1635 Tatarive
567 1581 804 1649 aquatici
833 1601 849 1648 ;
885 1593 994 1637 tum
1021 1585 1180 1638 etiam
1222 1572 1286 1640 ex
1319 1585 1643 1639 auctoritate
1663 1583 1833 1638 Saxo.

277 1686 420 1730 num
451 1678 782 1737 nostrorum,
837 1673 1025 1743 eisque
1078 1674 1405 1736 vicinorum,
1470 1675 1559 1742 qui
1602 1673 1832 1728 Tataros

275 1761 578 1828 appellant,
595 1771 649 1815 et
671 1761 980 1818 Graecorum
1003 1767 1360 1834 quorumdam
1382 1766 1666 1830 librorum,
1694 1782 1832 1834 quos

199 1893 218 1908 ,μ
276 1853 689 1935 manuscriptos
747 1852 962 1927 habeo;
1010 1857 1063 1908 in
1107 1857 1304 1925 quibus
1367 1867 1450 1912 est
1492 1856 1694 1911 Prattor
1744 1857 1831 1912 ille

1427 466 1809 527 PANDECTE
1836 469 2031 529 HIST.
2079 471 2374 534 TURCIC.

3387 483 3499 547 730

1941 583 2179 637 Aladinis
2213 585 2502 640 habuerint
2527 604 2745 659 nomen,
2775 595 3095 650 Osmanidas
3142 609 3332 651 omnes
3369 595 3496 650 Ala-

1939 674 2092 727 (Ιίηρε
2127 671 2367 737 vocatos,
2394 693 2492 732 ceu
2542 684 3178 762 coguomentoquodam,
3213 687 3508 756 autdigoim

1939 767 2073 818 tatis
2105 769 2479 836 appellatione.
2514 773 2778 828 Similiter
2831 787 2882 830 et
2906 778 3052 842 alios
3107 789 3270 832 restat
3337 795 3492 834 scru-

1936 856 2097 923 pulus
2125 857 2188 908 de
2217 875 2304 923 eo,
2333 862 2474 930 quod
2516 849 2687 927 addit,
2730 866 2897 918 videri
2929 867 3217 933 quemdam
3272 884 3334 921 ex
3368 869 3490 922 Gia-

1937 949 2348 1005 zadinisliberis
2372 953 2650 1008 Ala-linem
2684 956 2975 1020 nominari,
3007 958 3098 1025 qui
3155 956 3490 1012 Chalcocou-

1936 1040 2069 1109 dylac
2105 1042 2175 1096 sit
2211 1041 2554 1099 Germianus.
2599 1044 2706 1101 Nos
2727 1047 2791 1099 de
2816 1047 2966 1116 begis
3018 1047 3329 1103 Gertnianis
3389 1066 3488 1103 suo

1937 1129 2278 1184 locodicturi
2317 1137 2526 1191 sumus.
2560 1135 2762 1189 Ibidem
2817 1137 3087 1192 Sivastam
3137 1142 3483 1213 scripsimus.
3516 1208 3521 1217 Ι

1931 1236 2053 1287 qua:
2083 1226 2242 1290 vulgo
2293 1224 2468 1289 Sivas,
2523 1227 2679 1294 quasi
2748 1227 2949 1292 Sivast,
3033 1230 3160 1285 urbs
3213 1232 3486 1285 Armenia

1934 1313 2218 1379 (minorem
2260 1314 2525 1386 intelligo)
2555 1315 2848 1374 secundum
2879 1322 3319 1376 constitutionem
3347 1321 3484 1376 Leo-

1933 1404 2019 1457 nis
2048 1403 2276 1474 Augusti
2309 1400 2605 1466 de;ordine
2652 1410 2998 1471 tbronorum.
3052 1415 3147 1481 qui
3207 1411 3479 1466 Constan-

1934 1494 2295 1564 tinopolitano
2323 1497 2642 1565 patriarcha:
2661 1491 2893 1567 subjecti
2917 1485 3071 1567 sunt,
3099 1517 3262 1571 quam
3286 1517 3481 1554 mann-

1931 1584 2188 1651 scriptam
2222 1587 2505 1660 habemus.
2563 1588 2622 1642 In
2673 1591 2772 1644 hac
2831 1589 3077 1645 Sebastia
3131 1601 3380 1654 voratur,
3428 1599 3483 1659 et

1929 1673 2231 1730 Camachus
2261 1677 2308 1731 ei
2345 1677 2520 1730 vicina
2558 1675 2835 1738 statuitur.
2870 1695 3032 1748 quam
3057 1680 3195 1735 idem
3221 1679 3329 1733 Leo
3349 1679 3477 1734 facit

1929 1760 2452 1831 archiepiscopatum
2491 1763 2603 1818 sive
2632 1765 2974 1833 metropolim
3024 1764 3310 1819 Armeniae.
3368 1762 3477 1816 Ke-
3519 1799 3526 1807 -

1931 1851 2085 1906 mach
2112 1851 2274 1907 hodie
2296 1855 2626 1914 nominatur.
2651 1855 2812 1909 etiam
2831 1855 3079 1910 Turcicis
3103 1857 3158 1908 in
3189 1854 3480 1916 annalibus

271 1925 507 1998 Cra-ciae
541 1952 746 2009 noster,
782 1952 838 2001 et
863 1925 1175 2015 Pulologus,
1232 1948 1326 2020 qui
1367 1948 1565 2017 ubique
1604 1947 1832 2004 Tataros
1859 1943 1905 2000 B
1934 1925 2192 2012 ex'pressa
2224 1959 2373 1998 voce.
2403 1943 2554 2014 Apud
2581 1945 2877 2001 Laonicum
2905 1946 2959 2000 in
2983 1943 3217 2014 Bajazite
3264 1944 3481 2014 Lzelape

271 2045 501 2090 voeant.
532 2035 692 2108 500
717 2037 868 2092 Adde
900 2038 1266 2094 testimonium
1313 2039 1512 2094 veteris
1568 2040 1828 2108 epigram-

272 2128 464 2187 matis,
499 2138 624 2182 ante
648 2138 915 2184 trecenros
954 2143 1126 2184 annos
1149 2127 1404 2183 Ottocaro
1429 2131 1540 2199 regi
1563 2129 1829 2183 Boltemim

187 2237 194 2241 ⁴
270 2219 443 2284 positi
476 2235 491 2281 ;
523 2221 614 2288 qui
648 2235 678 2273 a
724 2219 1013 2289 Rudulpho
1088 2221 1411 2290 imperatore
1471 2235 1644 2275 catsus
1691 2221 1830 2274 inter

266 2303 573 2364 auxiliares
607 2309 834 2366 Tataros
861 2309 1134 2366 Comarios
1164 2315 1267 2368 hoc
1282 2313 1644 2382 epitaphium,
1713 2328 1830 2366 ver-

267 2401 433 2459 sibus
463 2401 660 2456 factum
699 2401 973 2462 Leoniuis,
999 2417 1096 2470 pro
1113 2403 1327 2457 illorum
1354 2419 1502 2458 more
1531 2414 1826 2472 temporum

269 2489 488 2554 habuit,
512 2500 803 2560 ,repertum
831 2493 884 2544 in
909 2491 1044 2546 libro
1071 2492 1355 2546 Annalium
1377 2492 1821 2556 Austriacorum,

268 2583 674 2649 mattuscripto,
695 2599 852 2652 quem
905 2580 1224 2653 magniﬁcus
1265 2584 1518 2640 dominus
1564 2583 1827 2654 Hierony-

269 2689 400 2728 tuus
418 2672 558 2726 Beck
589 2672 1036 2741 aLeopoldsdorf
1082 2678 1355 2743 utendum.
1402 2674 1531 2728 mihi
1586 2689 1680 2741 pro
1729 2675 1826 2728 sna

269 2767 612 2820 humanitate
636 2748 951 2823 culicesslt:
1289 2784 1296 2795 υ
1699 2765 1714 2780 έ·

349 2879 400 2950 0-
419 2898 507 2934 rea:
535 2884 774 2934 Ollocare
804 2881 1063 2950 quondam
1087 2883 1330 2945 pugnasti
1359 2883 1585 2950 honeste.

346 2948 502 3004 Nunc
537 2960 643 3004 stas
672 2952 726 3003 in
754 2948 940 3018 pannis
961 2951 1194 3019 depictus
1234 2968 1351 3004 cum
1386 2949 1682 3004 Tateranis.

551 3066 605 3127 4.
644 3062 718 3118 De
753 3063 877 3117 urbe
908 3061 1136 3132 Bagdat,
1157 3063 1263 3117 sive
1284 3062 1572 3132 Bagadatp

345 3174 539 3229 Urbem
567 3160 878 3248 Bagadatim
905 3177 1087 3247 accipe
1115 3178 1190 3231 de
1212 3175 1473 3231 hodierna
1543 3176 1821 3240 Babylone

1931 2035 2137 2088 lamaca
2163 2034 2356 2089 vitiose
2384 2035 2599 2103 legitur.
2631 2036 2761 2090 Vide
2787 2046 2970 2091 notata
3009 2038 3264 2106 deinceps
3288 2036 3463 2098 capite

1926 2124 2050 2179 9.0L
2096 2124 2272 2178 Libuit
2307 2135 2482 2179 autem
2511 2127 2626 2180 haec
2655 2142 2778 2180 eam
2831 2127 2900 2180 ob
2925 2143 3144 2200 causam
3207 2129 3470 2190 indicare,

1929 2213 2069 2280 quod
2111 2213 2348 2268 Ortelins
2377 2215 2575 2280 varias,
2601 2221 2803 2287 etlnter
2828 2234 2884 2272 sc
2910 2212 3479 2293 dissidcutcs’opin‘io-

1929 2321 2024 2360 nes
2054 2306 2118 2361 de
2148 2307 2393 2362 Sebastia
2432 2308 2673 2381 proferat
2706 2326 2719 2362 :
2746 2310 2868 2373 aliis
2899 2325 3018 2362 eam
3055 2324 3160 2362 non
3195 2309 3382 2379 procul
3404 2309 3472 2362 ab

1928 2398 2201 2466 Euphrate
2223 2398 2604 2464 statue‘ntibue,
2635 2399 2755 2451 aliis
2808 2400 3114 2453 inCiIicia:
3169 2401 3292 2453 ciam
3355 2402 3462 2452 Ar-
3515 2399 3520 2403 ’

1928 2487 2114 2541 meniaa
2147 2487 2216 2541 sit
2247 2487 2358 2550 illa,
2382 2503 2501 2557 qua:
2527 2487 2681 2542 Siras
2737 2489 3063 2558 appellatur,
3096 2489 3290 2544 Turcis
3319 2489 3474 2544 Sivas

1926 2577 2170 2641 scheller,
2196 2578 2301 2632 hoc
2328 2587 2409 2634 est
2441 2580 2540 2634 ubs
2575 2569 2807 2634 Sivaste.

1925 2691 1976 2745 6.
2003 2690 2247 2761 Erginga,
2273 2691 2527 2748 Romania
2545 2694 2798 2762 Asiatica,
2820 2697 3052 2764 Amasia,
3073 2698 3265 2764 Chalrp
3282 2698 3470 2768 Syria’.

1995 2805 2265 2874 Ertzinga,
2305 2807 2461 2875 cujus
2485 2809 2571 2862 hic
2606 2809 2807 2862 mentio
2843 2810 2928 2872 fit,
2962 2820 3016 2864 et
3047 2827 3168 2880 quae
3199 2810 3464 2864 Erzinzart

1924 2913 2139 2967 quoque
2159 2898 2437 2962 scribitur,
2464 2901 2594 2954 urbs
2617 2909 2697 2955 est
2727 2901 3012 2959 Armeniae.
3049 2903 3207 2970 cujus
3257 2919 3456 2956 nomen

1924 2990 1980 3042 in.
2006 2989 2152 3042 edito
2176 2989 2410 3045 L‘aouico
2433 2992 2642 3046 diverse
2696 2992 2912 3062 legitur,
2972 2977 3027 3048 et
3085 2995 3154 3048 ad
3224 2994 3460 3048 vicinam

1921 3081 2188 3135 Armeniae
2213 3081 2608 3151 Cappadociam
2659 3083 2912 3146 refertur,
2969 3084 3130 3145 modo
3185 3084 3466 3153 Artzinga,

1924 3171 2088 3225 modo
2112 3172 2450 3243 Artzinganis
2488 3174 2636 3227 urbs.
2696 3175 2982 3245 Arzingam
3028 3184 3200 3250 [vocat
3261 3174 3468 3244 Aytho-
3532 3161 3534 3164 ’

263 3276 496 3338 propter
515 3269 706 3338 priscae
729 3270 1024 3340 Babylonis
1043 3270 1231 3323 ruinas
1264 3283 1293 3321 a
1318 3269 1548 3323 sultanis
1591 3269 1820 3337 caliphis
1844 3279 1887 3340 α
1923 3280 2046 3318 nus.
2074 3263 2360 3333 Reperitur
2413 3266 2556 3333 apud
2608 3263 2908 3342 Laonicuum
2961 3259 3275 3327 et-Ertzica.
3323 3267 3466 3322 sicut

262 3368 568 3415 exstructa.
597 3359 1050 3435 Zonaras-Bagdas
1098 3375 1294 3428 genere
1321 3362 1566 3415 masculo
1599 3350 1810 3425 dicitur.

265 3449 542 3504 Laonicus
577 3448 847 3519 Pogdatim
889 3459 1070 3514 vocat,
1092 3458 1146 3503 et
1171 3449 1520 3517 Pogdatinam
1578 3450 1658 3503 vel
1686 3449 1821 3518 Pag-

264 3542 510 3595 datinam
566 3540 888 3608 Babylonem
929 3541 1112 3608 :apud
1174 3555 1336 3609 quem
1395 3550 1515 3594 uota
1569 3552 1818 3608 corrupte

265 3631 533 3700 scriptum
567 3632 667 3685 hoc
697 3620 946 3684 ultimum
1008 3630 1058 3682 iu
1087 3629 1291 3683 Latinis
1341 3629 1523 3692 editis,
1574 3629 1818 3694 Padagli-

261 3739 396 3776 nam
430 3717 1076 3792 Babylonem.Petrarcha
1107 3723 1220 3776 suis
1254 3722 1304 3775 in
1352 3722 1686 3790 poematibus
1716 3705 1839 3775 lla--'

265 3813 390 3865 Iicis
421 3811 736 3865 Baldaccnm
769 3812 1032 3867 nominat.
1113 3817 1119 3823 '
1815 3825 1817 3827 ‘

384 3924 442 3981 5.
466 3924 538 3986 De
570 3923 818 3985 Aloi/ine,
849 3915 1084 3992 Se'lgure,
1124 3923 1500 3994 Tangroh’pice,
1531 3925 1706 3980 Siras.

338 4036 581 4089 Aladinis
603 4035 758 4102 origo
777 4051 804 4087 a
825 4033 1015 4087 Turcis
1036 4033 1265 4090 refertur
1293 4035 1356 4088 ad
1389 4032 1694 4102 Selguccm,
1719 4035 1812 4100 qui

259 4126 531 4183 Gulielmo
561 4125 748 4196 Tyrio.
788 4124 1018 4179 fortasse
1044 4125 1248 4178 librarii
1281 4127 1434 4194 culpa
1461 4126 1672 4190 vitiose,
1695 4126 1814 4182 εει.
1847 4134 1854 4142 ’

259 4221 404 4274 duch
445 4218 661 4271 dicitur.
687 4214 841 4270 llunc
874 4214 1221 4280 Reineccius,
1245 4217 1328 4268 vir
1360 4216 1728 4274 doctissimus.
1759 4231 1811 4272 et

259 4306 712 4374 diligentissimus
738 4306 788 4356 in
808 4305 1144 4371 explicandis
1170 4304 1498 4373 genealogiis
1517 4305 1807 4370 historicis,

175 4399 178 4401 λ
263 4401 418 4462 putat
445 4393 692 4447 emndem
751 4407 872 4446 esse
903 4408 1027 4447 cum
1067 4391 1442 4462 Tangrelipice
1481 4393 1806 4465 (Tragolipix

262 4497 370 4534 non
413 4490 553 4535 recte
571 4481 850 4549 scribitur)
879 4483 1560 4538 Grmcarumhistoriarum
1597 4501 1610 4537 :
1663 4487 1806 4552 quod

257 4586 392 4625 vero
421 4586 526 4625 non
555 4570 826 4634 absimile,
853 4587 976 4630 cum
1006 4570 1356 4639 Tangrolipix
1387 4583 1804 4639 cognomentum

260 4659 532 4728 quoddam
555 4674 678 4713 esse
731 4659 997 4722 videatur,
1024 4671 1053 4709 a
1092 4656 1292 4728 Tangri
1325 4658 1633 4722 deductum,
1661 4662 1802 4726 quod

260 4751 456 4806 Turcis
496 4751 658 4805 Deum
692 4752 988 4819 significat,
1014 4750 1224 4820 adjecta
1277 4765 1430 4816 voce,
1460 4743 1622 4820 quam
1655 4753 1809 4821 equi-

258 4844 382 4894 dem
407 4842 648 4900 divinare
688 4857 792 4895 non
825 4855 1066 4908 possum.
1101 4839 1305 4895 Fratris
1362 4842 1482 4911 ejus
1539 4840 1680 4897 illius
1753 4843 1808 4896 in

257 4933 490 4991 Cedrino
528 4947 647 4987 meo
677 4934 1064 5001 manuscripto,
1100 4949 1209 5001 quo
1238 4933 1356 4998 ejus
1402 4934 1644 4987 auctoris
1698 4949 1803 4988 non

163 5007 168 5009 Δ
257 5024 418 5077 edita-
435 5022 732 5090 fragmenta
759 5033 1016 5089 quatuor,
1035 5034 1157 5074 cum
1187 5023 1391 5090 aliquot
1415 5022 1802 5090 imperatorum

261 5115 386 5169 vitis
411 5114 667 5168 hactenus
695 5113 1019 5168 desideratis
1070 5110 1438 5176 C0ttlinelllur,
1507 5128 1614 5167 non
1669 5114 1804 5165 Cut-

259 5207 459 5265 lutum,
492 5206 584 5258 sed
613 5201 965 5258 Cutlnmuses
1009 5216 1235 5258 vocatur
1275 5222 1291 5257 :
1333 5205 1474 5274 quod
1533 5205 1805 5273 signiﬁcat

261 5291 486 5354 Musem,
509 5294 621 5347 sive
661 5292 858 5347 Mosem
887 5291 1216 5346 fortunatum
1251 5310 1313 5347 ac
1342 5294 1576 5349 felicem.
1609 5294 1799 5347 Aladin

261 5383 342 5437 vel
366 5383 548 5438 Aledin
577 5386 850 5452 signiticet
893 5384 1156 5440 divinum.
1185 5386 1502 5440 Reineccius
1529 5387 1805 5442 existimat

257 5491 380 5530 esse
400 5489 688 5529 commune
712 5490 912 5531 nomen
935 5477 1189 5530 omnibus
1216 5477 1427 5529 Turciaa
1455 5479 1534 5534 vel
1561 5479 1802 5532 Iconicn-

257 5569 411 5621 stbus
437 5566 684 5628 sultanis,
714 5582 811 5620 ceu
876 5578 1318 5636 cognomentum,
1373 5568 1456 5620 vel
1522 5569 1836 5637 dignitatis,

254 5658 690 5724 appellationem,
728 5658 868 5724 quod
894 5658 1140 5725 equidem
1172 5659 1399 5726 probare
1434 5672 1536 5710 non
1577 5673 1799 5728 possum

209 5781 213 5784 .
256 5750 477 5817 perinde
502 5765 568 5803 ac
618 5747 798 5802 dicere
841 5765 948 5803 non
1003 5765 1228 5818 possum
1285 5758 1589 5820 propterea,
1646 5747 1792 5818 quod

253 5837 432 5914 plures
463 5839 971 5905 iuterOsmanidas,
1011 5842 1206 5895 velute
1263 5840 1566 5911 genealogia
1631 5849 1794 5911 patet,

1925 3354 2062 3423 apud
2091 3353 2324 3410 Leonem
2353 3355 2652 3424 Augustum
2686 3356 2738 3408 in
2798 3358 2982 3427 eadem
3009 3356 3259 3410 Armenia
3309 3357 3465 3424 poni-

1927 3457 2013 3500 tur
2039 3447 2270 3513 Artzice,
2335 3450 2434 3503 sub
2467 3449 2752 3519 metropoli
2814 3449 3080 3505 Keltzina.
3145 3447 3462 3502 Romaniam

1924 3553 2068 3598 vero.
2099 3554 2203 3593 non
2230 3555 2324 3607 pro
2353 3540 2615 3608 Europen
2633 3539 2861 3604 Grmcia,
2893 3541 2947 3592 in
2977 3540 3078 3594 hoc
3102 3539 3315 3607 quidem
3342 3538 3464 3592 loro
3561 3539 3568 3544 ’

1922 3630 2176 3698 accipies,
2234 3629 2328 3683 sed
2357 3644 2454 3698 pro
2480 3627 2849 3684 Romanorum
2882 3629 2987 3699 (sic
3019 3629 3190 3684 Graeci
3228 3646 3285 3683 se
3310 3618 3459 3683 vole-

1922 3721 2049 3774 bant
2081 3719 2282 3788 vocari)
2315 3720 2627 3788 provinciis
2675 3720 2951 3798 Asiaticis,
3009 3736 3112 3790 qua
3166 3721 3324 3775 etiam
3377 3733 3461 3796 re:

1919 3811 2190 3866 centiores
2217 3809 2462 3866 historici
2493 3811 2661 3866 Graeci
2691 3810 2967 3866 Romani:
2991 3811 3253 3866 vocabulo
3306 3826 3456 3864 com-

1921 3904 2055 3971 plexi
2093 3910 2240 3958 sunt.
2293 3903 2510 3956 Amasis
2553 3918 2745 3959 nomen
2779 3905 3046 3971 hodieque
3080 3903 3292 3964 retinet,
3327 3901 3456 3956 urbs

1917 3992 2270 4061 Cappadocia:
2309 4010 2324 4047 :
2365 3992 2488 4047 licet
2518 3994 2570 4047 in
2601 3995 2990 4048 constitutione
3021 3992 3215 4047 Leonis
3284 3992 3452 4059 impe-
3506 4039 3508 4042 ,

1920 4081 2136 4144 ratoris,
2171 4095 2331 4146 quam
2362 4081 2620 4147 diximus,
2648 4083 2712 4136 ad
2741 4081 3447 4154 Helenopontiprovinciam

1915 4160 2117 4238 dei‘qua
2169 4171 2221 4225 in
2269 4170 2564 4227 Justiniani
2625 4173 2849 4243 Augusti
2925 4175 3150 4230 novellis
3203 4175 3456 4244 pleraque

1915 4262 2210 4314 constituta
2241 4262 2509 4330 leguntur,
2541 4264 2688 4317 velut
2714 4264 2830 4334 ejus
2895 4257 3206 4332 metropolis
3253 4265 3455 4318 refera-

1918 4362 2022 4416 tur,
2048 4355 2147 4407 sub
2173 4369 2278 4422 qua
2310 4357 2660 4422 praeteralios
2675 4357 3036 4424 episcopatus,
3062 4358 3221 4412 etiam
3251 4354 3450 4424 Sinope

1913 4455 2242 4500 recensetur.
2269 4447 2559 4515 Chalepum
2577 4446 3091 4516 Syricuotissimam
3125 4460 3269 4500 nunc
3295 4447 3452 4498 etiam

1914 4537 2123 4612 urbem,
2155 4546 2208 4588 et
2237 4534 2472 4589 Orientis
2508 4536 2825 4605 emporium.
2846 4535 3280 4602 celeberrimum,
3311 4535 3446 4587 male.

1837 4617 1884 4674 Ι)
1910 4626 2354 4696 Chalcocondylis
2388 4629 2652 4697 interpres
2691 4643 2812 4682 cum
2842 4628 3092 4683 Geufrzeo
3149 4628 3274 4680 facit
3325 4624 3450 4693 Epi-

1911 4716 2187 4783 phaniam,
2222 4716 2496 4772 Bellonius
2523 4717 2868 4792 llierapolim,
2934 4719 3219 4779 Seidlizius
3270 4715 3448 4767 Antio-

1908 4808 2082 4864 cbiam
2137 4823 2383 4876 magnam
2442 4808 2494 4862 in
2559 4807 2883 4876 Comagena,
2933 4809 3102 4877 magis
3158 4803 3443 4873 imperite:
3527 4813 3532 4816 '

1907 4913 2042 4957 cum,
2069 4896 2327 4960 Zonaras,
2352 4895 2638 4969 Cedrin'us,
2673 4895 2905 4969 Nicetas,
2960 4911 3215 4965 expresse
3243 4894 3443 4961 Chalep

1904 4989 2104 5041 dictam
2132 4987 2256 5040 olim
2314 4963 2522 5036 tradant
2555 4963 2895 5042 Berrbmam.
2932 4963 3127 5052 llalepo
3147 4981 3256 5049 jam
3284 4980 3442 5046 vulgo

1905 5078 2126 5130 dicitur.
2158 5074 2400 5128 Ridicule
2425 5072 2652 5127 δρυΐναιί
2679 5073 2846 5135 notio.
2865 5058 2961 5140 qui
2989 5071 3155 5138 Alepli
3193 5067 3307 5120 vult
3355 5067 3442 5122 di-‘

1905 5177 2064 5230 ctam,
2097 5174 2149 5219 et
2183 5181 2212 5219 a
2247 5165 2416 5232 prima
2463 5163 2810 5220 llelmrorum
2838 5164 3016 5216 littera
3046 5160 3274 5240 derivat,
3299 5159 3441 5227 quod

1904 5259 2072 5327 prima
2101 5257 2270 5322 Syriae
2312 5246 2504 5312 civitas
2532 5258 2644 5324 sit,
2673 5270 2796 5311 cum
2847 5254 3112 5322 hodieque
3157 5250 3449 5305 Damascus

1903 5364 2018 5402 eam
2051 5348 2210 5416 longe
2240 5358 2474 5416 superet.

2126 5459 2177 5513 ’1.
2224 5459 2456 5529 Mapalia
2488 5459 2771 5512 Turcorum
2797 5467 2845 5511 et
2880 5456 3220 5510 Talai-orum.

1971 5574 2100 5642 Qua:
2122 5575 2187 5629 de
2222 5573 2520 5642 mapalibus
2565 5571 2833 5626 Ertuculis
2894 5570 3163 5631 dicuntur,
3219 5568 3440 5636 intelligi

1901 5665 2185 5720 commode
2218 5673 2470 5734 poterunt
2517 5679 2578 5718 ex
2607 5658 2774 5718 hisce
2824 5661 2988 5715 Marci
3038 5658 3186 5712 Pauli
3251 5656 3442 5712 Veneti

1903 5757 2105 5819 verbis,
2146 5758 2399 5812 aediculas
2439 5755 2784 5819 Tatarorum,
2831 5755 2945 5808 sive
2981 5749 3203 5820 mapalia
3265 5749 3444 5815 potius

1903 5848 2274 5917 describentis,
2310 5850 2545 5919 antiquis
2607 5848 2752 5903 hisce
2811 5844 3054 5902 Turcicis
3117 5839 3441 5896 simillima”:
