4032 6344
633 481 724 541 731

1823 481 2136 541 J‘OANXIS
2173 481 2629 540 LEUNCLAVJ

3699 474 3794 532 ΤΞ

635 586 1012 646 ουςιιυιιρυιωδ,
1044 587 1235 652 inquit,
1266 588 1456 642 habent
1512 591 1563 642 in
1595 592 1807 644 modum
1842 593 2155 671 tabernacu-
2189 637 2192 646 .

2263 583 2407 641 modi
2442 607 2455 642 :
2493 591 2695 647 κτίσας
2722 588 2777 640 δὲ
2813 589 3014 649 πόλεις,
3052 589 3178 656 μίαν
3227 587 3285 636 ὲν
3325 585 3397 649 τῷ
3453 585 3652 650 Πόντῳ,
3704 586 3790 634 καὶ

631 671 822 743 lorum.
857 675 1009 744 40],
1040 678 1178 728 tiltro
1215 688 1512 744 coopertus,
1538 696 1672 748 quas
1698 697 1879 735 secum
1918 681 2164 735 deferunt

629 779 947 832 quocunque
987 766 1231 832 migrant.
1269 766 1541 822 Laouicus
1573 772 1801 823 tentoria
1859 771 2050 837 pilo-ala
2087 770 2165 822 di-

631 865 754 904 cere
784 853 1011 912 videtur,
1031 853 1225 919 quibus
1252 863 1473 907 utantur
1502 867 1740 920 pastores
1777 859 1913 924 apud
1937 856 2160 912 Turcos.

666 961 717 1012 8.
761 957 1007 1012 Bouiania
1034 960 1244 1025 duplex,
1282 962 1541 1028 Anatolio,
1580 963 1832 1029 Rmueh'a,
1861 965 2108 1021 Rumiler.

698 1068 830 1122 Cum
871 1069 1124 1148 Aladines
1157 1086 1447 1134 occupasse
1475 1075 1777 1140 complures
1829 1077 1879 1130 in
1899 1078 2157 1130 Romanis

633 1159 935 1225 provincias
966 1172 1234 1224 narratur,
1258 1151 1442 1230 accipe
1498 1164 1807 1218 Romaniam
1864 1167 2156 1220 Asiatiram

630 1247 710 1298 vel
733 1246 1060 1302 Anatolicam
1083 1287 1097 1311 ,
1137 1248 1416 1316 Romanis,
1467 1252 1571 1305 hoc
1591 1263 1694 1314 est,
1714 1254 1912 1310 Graecis
1934 1257 2154 1322 impera-

629 1335 832 1388 toribus
855 1346 977 1390 ante
1013 1338 1101 1390 illa
1135 1349 1374 1407 tempora
1417 1341 1706 1404 subiectam
1737 1382 1752 1404 ,
1812 1345 2158 1411 quemadmo-

627 1424 752 1477 dum
783 1426 941 1490 paulo
975 1435 1099 1480 ante
1127 1429 1458 1485 notavimus.
1503 1430 1634 1484 Nam
1660 1432 1857 1499 alioqui
1911 1444 2095 1486 notum
2126 1450 2153 1485 ει

629 1515 817 1569 Turcis
838 1515 1157 1579 Anatoliam,
1183 1535 1286 1587 qua
1314 1520 1489 1574 minor
1516 1522 1636 1574 Asia
1662 1523 2151 1589 comprehenditur,

628 1618 656 1655 a
686 1602 926 1658 Rumelia
953 1606 1234 1672 distingui,
1306 1619 1360 1664 et
1399 1610 1716 1673 Rumeliam,
1746 1613 1852 1666 sive
1884 1611 2020 1667 Rum
2077 1617 2153 1669 vi-

630 1691 783 1758 laget,
820 1695 1030 1762 preprie
1062 1695 1437 1751 diciGrmciam
1465 1699 1794 1766 Europaeam,
1821 1703 1900 1754 vel
1933 1703 2148 1756 verbum

626 1781 789 1834 verbo
817 1783 860 1835 si
903 1784 1117 1846 reddas,
1155 1785 1371 1839 Graeciae
1420 1789 1689 1854 regionem
1721 1807 1733 1841 :
1760 1778 1890 1843 cum.
1921 1790 2090 1846 Graeci
2122 1809 2148 1844 a

627 1868 816 1923 Turcis
844 1873 1113 1939 eleganter
1135 1875 1502 1942 loquentibus.
1528 1878 1768 1931 Rumiler
1798 1881 1880 1932 vel
1915 1879 2151 1933 anilar
2182 1895 2221 1956 β

627 1960 982 2025 appellentur,
1015 1962 1289 2018 Urumilar
1337 1981 1366 2018 a
1395 1969 1568 2033 vulgo.
1601 1964 1802 2022 Rumes
1854 1967 2057 2023 Garzim
2086 1972 2152 2024 ab

625 2047 774 2112 Orta,
807 2050 962 2118 cujus
984 2052 1175 2120 interp.
1201 2055 1331 2107 clar.
1359 2065 1409 2108 et
1438 2067 1549 2124 opt.
1576 2058 1713 2119 viro,
1748 2060 1950 2112 Karqu
1970 2062 2152 2114 Clusio

625 2149 810 2196 nostro
841 2142 1120 2203 debemus.
1156 2146 1392 2201 Thraces
1427 2158 1582 2211 sunt,
1637 2149 1761 2200 dum
1797 2159 1997 2216 partem
2055 2166 2150 2220 pro

624 2234 740 2281 toto
776 2231 960 2284 sumit.
1002 2233 1208 2300 Quippe
1235 2235 1481 2288 universa
1515 2235 1772 2306 Europaaa
1801 2238 2027 2301 Graecia,
2053 2255 2149 2294 ceu

623 2318 874 2384 diximus,
906 2323 1162 2376 Romauia
1187 2331 1413 2379 vocatur
1441 2345 1453 2379 :
1487 2327 1642 2394 cujus
1666 2335 1718 2379 et
1776 2337 1959 2397 partes
2008 2329 2147 2396 duae,

625 2409 851 2462 Thracia
880 2413 1103 2473 scilicet,
1135 2414 1439 2482 Argivaque
1477 2419 1645 2485 regio,
1673 2418 1828 2485 cujus
1875 2419 2001 2472 urbs
2029 2436 2147 2472 mu-

625 2497 884 2551 uilissima
925 2499 1108 2566 Napoli
1145 2501 1196 2553 di
1226 2501 1483 2555 Romanis
1509 2505 1724 2571 dicitur,
1749 2506 2022 2561 Romanis:
2057 2523 2149 2560 no-

624 2600 741 2636 men
773 2589 1032 2642 obtinent.

622 2696 674 2749 9.
721 2697 1009 2765 Tanchari,
1056 2701 1300 2772 Tungori,
1343 2703 1598 2758 Tonchari
1631 2704 1938 2759 Tatarorum
1987 2707 2148 2759 natio.

691 2811 890 2864 Nomen
926 2809 1176 2875 nationis,
1234 2830 1352 2880 qn'e
1422 2816 1612 2868 belhnn
1679 2815 1884 2868 Aladini
1945 2815 2147 2879 fecerit,

623 2901 857 2953 Annales
889 2901 939 2953 hi
973 2917 1076 2954 non
1107 2904 1415 2968 exprimunt
1447 2907 1571 2958 :sed
1596 2923 1658 2958 cx
1684 2907 1911 2961 Prtetore
1935 2908 2151 2961 Graecia:

623 3001 806 3042 nostro
854 3003 1025 3058 paret,
1075 2992 1304 3046 sultanis
1323 2993 1686 3050 Iconicnsibus
1711 3009 1959 3064 perpetua
1985 2999 2150 3054 fuisse

619 3094 741 3132 cum
805 3080 870 3134 iis
929 3081 1136 3136 Tutoris
1161 3081 1313 3147 bella,
1343 3101 1478 3153 quos
1508 3088 1622 3154 ipse
1639 3087 1950 3142 Tancharos
1975 3101 2147 3152 vocat,

2265 679 2431 746 ἄλλην
2461 680 2517 730 ἐν
2542 681 2607 746 τῇ
2655 679 2904 747 ’Λρασίᾳη
2941 681 3033 730 καὶ
3066 677 3252 739 ἑτέραν
3279 680 3333 729 ὲν
3366 677 3537 744 Συρίᾳ,
3563 690 3791 728 καταπε-

2266 767 2460 819 σοῦσαν
2495 767 2598 818 ὑπὸ
2627 767 2937 834 Θεομηνῑας,
2979 766 3197 835 ὀνόματι
3231 767 3559 836 Σαλαμῐνην,
3591 769 3789 833 ἀνεγεῖ-

2265 870 2392 922 ρας·
2427 857 2643 907 ἐκάλεσε
2668 856 2763 924 τὴν
2790 857 2904 923 μὲν,
2939 857 3238 926 Ἄγκυραν,
3270 856 3356 908 διὰ
3396 856 3455 908 τὸ
3497 855 3667 923 μέσην
3697 856 3789 907 αὺ-

2261 946 2358 1008 τὴν
2388 939 2524 996 εἴναι
2559 945 2663 996 τῶν
2692 947 2784 997 δύο
2826 946 3124 1009 θαλασσῶν,
3158 946 3254 1012 τῆς
3284 963 3343 998 τε
3374 944 3643 1008 Ποντικῆς
3697 946 3786 996 καὶ

2257 1033 2354 1099 τῆς
2390 1033 2640 1099 Ἀσιανῆς
2664 1049 2678 1062 ·
2711 1035 2808 1104 τὴν
2835 1035 2911 1097 δὲ,
2939 1037 3195 1103 Βᾶστραν,
3235 1035 3311 1094 εἰς
3339 1034 3504 1100 ὄνομα
3534 1032 3640 1083 τῶν
3673 1034 3784 1084 κτί-

2260 1138 2444 1184 σαντος
2476 1123 2641 1189 αὐτὴν
2667 1123 2966 1192 στρατηγοῦ
2995 1124 3248 1187 Βόστρου·
3292 1123 3391 1192 τὴν
3434 1123 3496 1176 δὲ·
3561 1123 3782 1188 pst-tmpo-

2262 1227 2402 1276 μασι
2427 1211 2720 1265 Διόσπολιν.
2747 1211 2984 1276 Quorum
3017 1212 3102 1266 hic
3131 1226 3322 1266 sensus
3346 1219 3466 1265 est:
3497 1210 3630 1264 Cum
3661 1224 3784 1262 con-

2256 1299 2481 1353 didisset
2513 1306 2777 1368 Augustus
2809 1301 2988 1362 urbes,
3035 1316 3195 1354 unam
3224 1301 3276 1354 in
3309 1301 3506 1363 Ponto,
3562 1299 3780 1351 alteram

2258 1390 2307 1440 in
2344 1389 2558 1453 Arabia,
2601 1391 2808 1444 tertiam
2873 1393 2925 1444 in
2987 1390 3136 1461 Syria
3199 1391 3390 1459 Cypro,
3442 1390 3492 1442 vi
3546 1388 3782 1442 numinis

2255 1478 2375 1531 irati
2409 1479 2726 1547 collapsam.
2761 1482 2979 1533 nomine
3033 1469 3360 1539 Saiaminén,
3416 1476 3734 1532 restituisset
3764 1516 3777 1539 ,

2254 1567 2776 1635 primamappellavit
2823 1574 3111 1636 Ancyram,
3171 1568 3270 1620 hoc
3301 1575 3386 1620 est
3465 1565 3776 1626 anchoram,

2253 1669 2531 1724 propterea
2561 1659 2703 1724 quod
2735 1668 2879 1712 esset
2897 1658 3073 1712 medio
3098 1657 3198 1710 sita
3221 1658 3340 1709 loco
3368 1657 3504 1709 inter
3527 1657 3634 1708 duo
3663 1669 3778 1708 mae

2252 1747 2352 1807 ria,
2379 1745 2659 1799 Ponticum
2691 1756 2743 1800 et
2795 1747 3092 1801 Asianum:
3149 1747 3374 1799 alteram
3429 1744 3695 1803 Bostram.
3745 1759 3774 1796 a

2250 1851 2278 1889 a
2329 1845 2552 1904 praatore
2610 1837 2809 1891 Bostrtf
2862 1853 3021 1906 quem
3074 1846 3366 1891 structura!
3422 1837 3777 1905 prazl'ecerat:

2248 1928 2416 1980 tertiae
2445 1941 2638 1980 nomen
2671 1930 2722 1979 in
2758 1928 3052 1996 Diospolim
3116 1929 3371 1982 mutavit.
3421 1915 3788 1993 Busbequius:

2251 2019 2331 2071 vir
2357 2017 2598 2080 illustris,
2633 2017 2689 2069 in
2717 2017 3002 2072 ltinerario
3036 2018 3300 2078 meminit.
3331 2019 3468 2071 hanc
3495 2017 3680 2070 urbem
3712 2017 3777 2068 ab

2247 2106 2386 2159 Asia:
2411 2107 2793 2159 communitate
2811 2108 2890 2176 (τὸ
2907 2105 3079 2159 xor.va
3102 2108 3196 2172 τῆς
3234 2102 3616 2168 'Aoiuqdixerc
3635 2105 3780 2158 Grae-

2245 2198 2318 2261 ci)
2358 2197 2596 2264 Augusto
2628 2195 2794 2250 fuisse
2826 2196 3079 2250 dicatam.
3109 2195 3297 2250 Merito
3349 2195 3559 2262 quidem
3589 2194 3637 2246 id
3703 2192 3779 2246 {a-

2249 2295 2412 2349 etum,
2443 2287 2486 2337 si
2529 2285 2608 2337 vel
2630 2283 2899 2348 conditor,
2958 2285 3039 2338 vel
3101 2284 3431 2338 instaurator
3487 2283 3605 2350 ejus
3661 2293 3777 2335 erat

2249 2375 2542 2439 Angustus.
2568 2372 2797 2442 Ideoque
2828 2389 2933 2426 non
2967 2375 3060 2428 abs
3087 2390 3145 2427 re
3175 2373 3346 2426 voluit
3391 2373 3530 2424 idem
3588 2372 3770 2439 Augu-

2249 2476 2364 2518 stus
2398 2480 2576 2517 rerutn
2615 2465 2710 2517 abs
2736 2479 2791 2517 se
2855 2474 3148 2531 gestarum,
3200 2477 3333 2531 quas
3388 2461 3550 2514 incidi
3595 2460 3778 2513 Roma:

2249 2557 2465 2608 duabus
2503 2557 2554 2608 in
2592 2557 2815 2611 abeneis
2845 2557 2968 2626 pilis
2994 2556 3248 2621 iusserat,
3270 2555 3541 2620 exemplar
3561 2552 3648 2606 hic
3687 2567 3750 2605 ε.-
3770 2580 3782 2591 ο

2249 2653 2410 2696 stare.
2469 2645 2887 2713 Conspiciuntur
2952 2653 3130 2697 autem
3187 2644 3564 2713 qualesquales
3622 2640 3782 2706 hujus

2250 2734 2486 2802 reliquias
2518 2735 2836 2787 marmoreis
2869 2733 3152 2797 insculpta:
3215 2733 3512 2802 parietibus
3568 2730 3776 2783 aedilicii

2248 2825 2468 2887 veteris,
2511 2824 2650 2891 quod
2684 2825 2848 2878 aedem
2881 2824 3142 2892 Apollinis
3164 2824 3328 2877 fuisse
3370 2831 3555 2889 putant
3583 2818 3773 2886 aliqui,

2249 2913 2588 2984 Busbequius
2615 2914 2946 2981 przetorium.
2975 2913 3025 2966 Id
3059 2927 3183 2968 vero
3216 2921 3322 2966 tam
3355 2912 3561 2981 insigne
3588 2923 3781 2960 monu-

2249 3015 2487 3057 mentum
2521 3004 2856 3072 antiquitatis
2880 3002 3157 3065 Romante,
3214 3005 3339 3070 quia
3383 3003 3549 3055 lector
3597 3001 3780 3053 existi-

2250 3110 2396 3148 mare
2425 3095 2577 3148 facile
2610 3105 2804 3162 potest,
2831 3109 2858 3148 a
2889 3096 2955 3148 54
2988 3103 3040 3146 et
3067 3094 3292 3161 amplius
3312 3093 3462 3144 annis
3492 3092 3780 3144 admodum

621 3171 892 3238 Aythonus
945 3170 1236 3239 Tangoros.
1264 3173 1375 3227 Non
1407 3177 1545 3229 enim
1574 3177 1785 3242 Tangot.
1810 3179 1946 3245 apud
2007 3181 2149 3232 hunc
2176 3205 2217 3261 ο
2251 3200 2370 3238 csse
2405 3183 2781 3246 deformatum,
2807 3194 2860 3235 et
2895 3186 2961 3237 ab
2993 3183 3201 3237 inlestis
3235 3183 3380 3236 omni
3427 3182 3624 3236 (ἐι-ξηαπ
3673 3181 3776 3235 Ro-

617 3261 984 3322 scribcndum,
1013 3265 1107 3316 sed
1154 3263 1390 3332 Tangor.
1438 3267 1626 3319 Itidem
1676 3266 1881 3322 Ortelio
1940 3269 2149 3336 Tangut

621 3349 765 3416 regio
799 3361 1040 3416 vocatur,
1067 3367 1186 3421 quae
1213 3353 1410 3408 rectius
1441 3354 1679 3425 Tangur.
1735 3359 1884 3425 Apud
1938 3359 2146 3430 Pachy-

622 3442 874 3506 merium,
897 3451 948 3495 et
968 3443 1102 3496 alios
1125 3442 1361 3507 Graecos,
1411 3444 1664 3511 Tochari,
1689 3447 1927 3503 detracta
1971 3450 2145 3505 littera

618 3547 671 3596 γ,
707 3531 987 3598 leguntur:
1021 3535 1110 3601 qui
1163 3537 1346 3591 verius
1394 3538 1806 3607 appellabuntur
1855 3540 2144 3595 Tonchari.

617 3644 704 3699 10.
730 3645 853 3700 Urbs
873 3644 1092 3714 Eugtm',
1113 3648 1339 3718 Ancyra.
1356 3650 1736 3708 Monumentum
1759 3665 1896 3709 vetus
1921 3655 2146 3724 Ancyra-

1303 3734 1446 3771 mm.

687 3807 938 3872 Engurim
968 3809 1129 3864 Turci
1158 3822 1350 3864 vocant
1401 3814 1589 3866 urbem
1628 3813 1876 3869 Asiatica:
1898 3815 2144 3884 Galatiae,

616 3913 734 3964 qme
766 3899 909 3952 dicta
969 3901 1161 3968 priscis
1214 3901 1312 3955 fuit
1367 3903 2144 3976 Aucyra,etLeoniAugusto

615 4000 803 4054 quarta
831 3991 1144 4044 thronorum
1208 3993 1261 4046 in
1292 3994 1482 4049 ordino
1531 3999 1845 4066 metropolis
1908 4008 1994 4053 est
2044 4001 2144 4054 sub

617 4075 920 4140 patriarcha
947 4076 1541 4146 Constantinopolitano
1571 4100 1586 4136 :
1615 4083 1752 4138 satis
1810 4085 1938 4140 olim
2007 4088 2145 4141 cele-

618 4162 729 4216 bris
752 4163 908 4215 etiam
940 4162 1010 4216 ob
1062 4164 1501 4232 antiquissimam
1571 4169 1997 4224 Christianorum
2056 4187 2145 4241 sy-

617 4251 834 4313 nodum,
865 4267 983 4320 quae
1004 4251 1129 4305 istic
1162 4252 1339 4310 habita
1370 4253 1490 4318 fuit,
1515 4265 1570 4309 et
1630 4255 1786 4324 cujus
1808 4266 1927 4312 acta
1956 4258 2142 4313 decre-

616 4348 773 4403 taque
796 4343 949 4409 plena
1003 4341 1217 4410 pietatis
1254 4351 1492 4397 exstant.
1558 4345 1724 4400 lIodie
1777 4362 1970 4417 magna
2031 4349 2142 4404 illic

614 4429 765 4496 copia
809 4433 1076 4500 cymatilis
1141 4434 1224 4488 vel
1281 4434 1521 4488 undulati
1568 4437 1730 4504 panni
1795 4438 2137 4503 (camelotum

2249 3289 2524 3342 manetque
2557 3275 2834 3343 elegantia:
2864 3272 3110 3328 Barbaris
3141 3271 3381 3341 quotidie
3410 3271 3577 3340 magis
3616 3273 3778 3325 etiam

2247 3363 2471 3416 lacerari
2504 3377 2563 3416 ac
2589 3363 2725 3415 dirui
2758 3377 2770 3412 :
2801 3361 2971 3427 placet
2993 3375 3178 3414 eorum
3202 3374 3391 3420 causa,
3425 3360 3516 3427 qui
3542 3361 3778 3428 antiqui-

2248 3462 2412 3505 latum
2450 3466 2575 3504 vere
2612 3452 2789 3519 magni
2850 3449 3292 3503 azstimandarum
3353 3448 3574 3503 studiosi
3629 3461 3780 3510 sunt,

2245 3547 2320 3598 sic
2351 3557 2661 3611 expressum
2695 3543 2794 3594 hoe
2820 3543 2938 3597 loco
2961 3540 3228 3607 subjicere
3259 3555 3274 3593 :
3326 3539 3778 3606 quemadmodum

2244 3634 2294 3686 id
2329 3633 2586 3700 temporis
2617 3632 2822 3698 legatus
2849 3630 3084 3683 Caesaris
3131 3628 3478 3694 Ferdinandi,
3537 3631 3782 3684 maxime:

2243 3725 2323 3778 vir
2340 3721 2610 3791 dignitatis
2629 3721 2895 3776 Antonius
2911 3719 3214 3780 Verantius,
3240 3719 3524 3788 episcopus
3550 3721 3778 3789 Agrico-

2244 3816 2341 3877 sis,
2374 3830 2465 3880 per
2483 3827 2608 3866 suos
2635 3811 2922 3865 transcribi
2981 3811 3221 3865 curavit.
3252 3811 3456 3864 illecum
3487 3826 3617 3864 vero
3637 3825 3784 3864 com-

2244 3903 2551 3958 municabat
2586 3912 2711 3956 ante
2751 3901 3140 3971 profectionem
3172 3897 3236 3954 ad
3263 3900 3469 3960 Turcos
3521 3909 3780 3964 nostram,

2241 3992 2322 4045 vir
2381 3989 2600 4053 nobilis,
2656 4000 2711 4043 et
2756 3989 2977 4055 antiqua
3025 3987 3220 4041 virtute
3249 4001 3312 4040 ac
3371 3987 3498 4050 ﬁde,
3541 3986 3778 4040 Karulus

2239 4080 2454 4136 Clusius
2489 4077 2736 4140 Atrebas,
2799 4083 3078 4143 acceptum
3140 4075 3207 4128 ab
3262 4075 3479 4128 Antonii
3537 4075 3782 4144 praesulis

2245 4178 2462 4237 nepote,
2497 4166 2694 4221 Fausto
2724 4165 2975 4219 Verantio
3009 4181 3024 4217 :
3080 4179 3308 4232 quorum
3357 4163 3593 4216 omnium
3645 4178 3776 4241 sane

2242 4258 2569 4313 mentionem
2604 4255 2739 4319 ilcri,
2769 4255 2942 4309 visum
2971 4253 3074 4308 fuit
3105 4254 3492 4322 equissimum,
3550 4254 3625 4307 uti
3648 4270 3774 4308 con-

2241 4355 2574 4402 servatorum
2598 4345 2878 4414 fragmenti
2901 4345 3114 4412 penitus
3145 4343 3319 4409 aurei,
3350 4343 3493 4411 quod
3554 4344 3681 4397 emli
3710 4359 3770 4398 ac

2242 4428 2536 4490 Turcorum
2571 4434 2784 4502 injuriis
2805 4433 3130 4502 expositum,
3166 4447 3231 4487 ne
3263 4432 3552 4500 cateroqni
3605 4433 3765 4487 nobis

616 4519 768 4584 vulgo
790 4524 1002 4586 vocant)
1032 4522 1188 4589 longe
1219 4526 1652 4591 prastantissimi
1703 4528 1926 4597 tingitur
1954 4539 2006 4584 et
2029 4530 2138 4584 ela-
2170 4522 2214 4577 ι)
2242 4527 2466 4594 Ancyrae
2493 4538 2735 4592 prorsus,
2803 4537 2867 4577 ac
2902 4523 3051 4577 brevi
3107 4522 3330 4591 quidem
3375 4530 3573 4590 pereat,
3636 4523 3776 4576 haud

615 4607 854 4671 boratur,
885 4611 1097 4679 alioque
1125 4612 1468 4666 distrahenda
1495 4615 1738 4667 vehitur.

683 4696 920 4761 Quodam
945 4702 995 4753 in
1057 4702 1294 4757 historia:
1344 4701 1540 4757 Grates:
1597 4705 1752 4768 libro,
1810 4707 1964 4771 cujus
2012 4710 2141 4775 quia

618 4786 846 4852 perierat
869 4790 1100 4854 initium,
1138 4807 1204 4846 ne
1225 4793 1438 4862 quidem
1480 4795 1714 4848 auctoris
1748 4795 1876 4849 sciri
1939 4809 2133 4851 nomen

618 4883 840 4940 poterat,
899 4879 1075 4948 legere
1129 4883 1373 4946 memini,
1430 4883 1497 4937 dc
1553 4883 1820 4952 Ancyran‘i
1884 4887 2134 4950 mancipii

615 4962 885 5018 coaditore
913 4971 1168 5037 Auguste.
1202 4970 1390 5026 Verbis
1435 4988 1496 5025 ea
1559 4973 1866 5027 releruntur
1949 4977 2136 5043 hujus-

2241 4615 2446 4682 absquc
2464 4627 2625 4667 causa
2659 4612 3025 4684 metuendum.
3061 4611 3165 4665 Sed
3200 4610 3434 4678 reliquas
3475 4610 3692 4664 tandem
3748 4625 3781 4666 θ

2243 4703 2530 4771 naufragio.
2556 4710 2662 4755 tam
2690 4701 2929 4770 przeclari
2966 4700 3175 4754 tabulas
3225 4701 3404 4768 operis
3439 4699 3608 4753 lector
3641 4701 3776 4752 acci-

2243 4795 2350 4862 piat
2387 4793 2458 4845 ita
2485 4793 2642 4845 dictis
2671 4791 2726 4843 in
2755 4789 3050 4858 parietibus
3099 4797 3372 4843 exstantes
3404 4807 3416 4843 :
3444 4797 3499 4842 ut
3551 4789 3776 4842 dimidia

2239 4897 2365 4952 pars
2403 4877 2728 4935 intrantibus
2750 4879 3034 4933 aedilicium
3068 4879 3134 4933 ad
3168 4881 3429 4945 dextram,
3470 4878 3646 4932 altera
3697 4893 3777 4932 se-

2243 4981 2350 5028 met
2375 4973 2438 5026 ad
2460 4973 2735 5026 sinistram
2767 4969 2990 5026 oil'et'at~

1912 5114 2176 5172 SERIES
2205 5111 2474 5172 PRIMA.

1115 5245 1345 5286 RERVM.
1375 5245 1726 5288 GESTARVM.
1770 5243 1920 5287 DIVI.
1957 5245 2235 5286 AVGYSTI.
2263 5242 2504 5294 ργιιιγδ.
2532 5244 2756 5287 ORIlEM.

1107 5322 1438 5364 TERRARVM
1477 5351 1490 5364 .
1524 5306 1802 5362 IMPERIO.
1835 5321 2347 5363 POPVI.1.R()MANL
2387 5320 2683 5361 SVBJECIT.

1113 5396 1206 5436 ET.
1231 5397 1646 5439 IMPENSARV’M.
1676 5397 1853 5447 QVAS.
1879 5396 1961 5439 IN.
1988 5397 2444 5442 RESII‘VBIJCAM.
2464 5396 2574 5438 ΡΟ-

1121 5473 1466 5523 ιινινηωέ,
1495 5472 1821 5515 ROMANVM.
1862 5475 2050 5516 FECIT.
2083 5476 2345 5517 INCISAR\
2366 5478 2431 5516 Μ.
2457 5473 2539 5514 IN.

1135 5547 1370 5590 DYABUS
1397 5549 1672 5591 AHENEIS.
1716 5550 1887 5592 PILIS.
1919 5553 2069 5602 QVI-3.
2112 5552 2288 5594 SVNT.
2322 5552 2521 5594 ROhix‘E.

1121 5623 1368 5666 POSITJE.
1401 5627 1742 5669 EXEMPLAR.
1777 5629 2118 5671 SUBJECTI’SI
2131 5657 2142 5668 .

1124 5701 1344 5765 ᾼΝΝΟὸ.
1375 5703 1777 5748 V'NDEVIGINTI.
1811 5705 2020 5748 NATVS.
2055 5705 2424 5748 EXERCITUM.
2446 5707 2733 5747 PRIVATO.

1127 5779 1420 5825 CONSILIO.
1460 5783 1548 5824 ΕΤ.
1578 5783 1857 5827 PRIVA'I‘A.
1897 5785 2172 5825 lMI‘lZNSA.
2201 5783 2558 5826 (IOMI’ARAVI.
2597 5780 2857 5828 TERQVE.
