4032 6344
619 365 688 428 39
1761 329 2078 444 Joannis
2114 367 2570 432 LEUNCLAV'H
3627 356 3725 422 ’ἴω

587 477 694 527 sica
735 475 908 543 lingua
943 489 1016 527 sne
1046 483 1096 528 et
1135 475 1231 543 ipsi
1264 486 1471 539 vocant,
1511 479 1585 530 ttzi
1621 494 1716 531 nos
1736 481 1916 532 feriam
1942 495 2103 549 quar—
2130 486 2172 541 Α
2203 482 2319 534 aliis
2351 479 2629 534 Annalium
2661 475 2792 530 locis
2827 482 3101 528 cruentos.
3133 467 3285 524 Facit
3334 465 3603 522 Laonicus
3648 483 3729 522 se-

581 571 690 615 tam
717 564 894 617 dicere
924 565 1178 625 solemus,
1219 568 1306 632 qui
1349 567 1596 621 Mercurii
1637 570 1746 622 dies
1771 579 1870 623 est.
2206 580 2346 635 ptem
2373 583 2595 624 numero
2617 567 2801 626 duces,
2839 563 2929 634 qui
2960 561 3228 630 regionem
3264 558 3429 614 armis
3457 557 3726 612 subactam

656 651 707 704 5.
745 652 1083 716 Pcschembe,
1106 653 1207 706 hoc
1230 667 1331 718 est,
1371 657 1484 709 dies
1503 659 1742 725 quintus,
1794 660 1968 728 lingua
2017 661 2107 713 iti-
2205 657 2344 711 inter
2372 672 2429 711 se
2458 654 2753 710 diviserint.
2785 652 2888 706 llos
2916 666 3024 706 uno
3053 658 3256 703 tantum
3281 649 3398 702 loco
3421 662 3528 702 non
3551 661 3732 701 recen-

578 741 703 796 dem
733 743 942 796 Persica
975 760 987 795 :
1033 744 1189 796 veluti
1226 759 1324 798 nos
1341 745 1525 799 feriam
1555 749 1796 814 quintam
1827 760 2104 812 vocamus,
2206 755 2288 801 set
2312 761 2517 800 omnes.
2550 745 2851 798 Caramano
2886 743 3014 795 dicit
3069 740 3320 808 obtigisse
3346 738 3732 791 mediterranea

585 832 674 898 (Ιυί
696 829 841 884 lavis
866 831 978 884 dies
1009 841 1108 885 est.
2206 836 2446 906 Phrygia:
2472 835 2706 903 majoris,
2737 848 2854 886 cum
2885 831 3070 885 Cilicia
3107 850 3121 884 :
3153 830 3308 899 cujus
3331 843 3362 882 a
3397 827 3616 881 nomine
3640 824 3729 877 Ci-

653 921 705 973 6.
740 920 977 982 Dsinma,
1001 921 1206 977 duabus
1244 922 1480 990 syllabis,
1507 925 1619 993 (alii
1651 924 1818 978 Zuma
1846 927 2103 992 scribunt,
2208 926 2350 988 licia,
2381 925 2517 976 dicta
2553 923 2741 977 deinde
2770 921 3082 975 Caramania
3148 920 3265 980 fuit,
3311 920 3361 971 in
3414 916 3726 970 hodiernum

586 1017 640 1063 et
663 1010 832 1079 Zuna)
859 1011 935 1064 vel
961 1010 1169 1064 Dsiuma
1196 1013 1333 1078 juni,
1359 1016 1500 1082 quod
1555 1016 1815 1083 signiﬁcat
1859 1017 1994 1071 diem
2025 1034 2109 1072 cc-
2211 1026 2380 1082 usque
2406 1011 2547 1064 diem
2581 1011 2678 1064 hac
2692 1009 3042 1078 appellatione
3057 1008 3306 1061 durante.
3324 1005 3584 1060 Sarehani
3609 1019 3730 1058 sors

581 1100 914 1154 desis-sive
945 1102 1157 1168 templi.
1213 1101 1342 1155 Nam
1376 1102 1597 1159 Veneris
1645 1107 1783 1159 diem
1826 1107 2106 1161 feriantur.
2206 1103 2523 1156 maritimam
2541 1096 3299 1168 loniaaregioncm,Smyrnam
3330 1107 3500 1163 usque
3524 1095 3729 1148 tribuit.

654 1188 707 1241 7.
742 1188 956 1242 Dsiuma
990 1189 1182 1250 Ertesi.
1225 1191 1326 1245 hoc
1356 1202 1456 1256 est,
1491 1193 1701 1257 ὶπίϐδα,
1738 1195 1919 1248 Grch
1955 1212 2109 1249 voca-
2205 1191 2357 1247 Unde
2385 1191 2692 1246 Sarchaniaa
2718 1205 2908 1243 nomen
2969 1199 3052 1243 est
3108 1189 3315 1256 adepta,
3372 1187 3597 1241 testibus
3648 1187 3733 1240 his

583 1275 1026 1339 buloPindar'wo,
1063 1279 1212 1346 quasi
1245 1280 1293 1332 si
1336 1280 1501 1344 dicas,
1529 1282 1879 1348 postfestum,
1912 1285 1992 1337 vel
2020 1286 2109 1353 Af-
2206 1284 2520 1348 Annalibus,
2558 1295 2612 1336 et
2666 1280 2917 1344 Laonico,
2967 1289 3018 1333 et
3060 1279 3348 1334 secretario
3402 1277 3727 1346 Sigismundi

581 1369 902 1436 rerfeiertag,
923 1367 1252 1422 Germanice.
1278 1368 1444 1440 Vulgo
1464 1371 1679 1424 Saturni
1698 1371 1835 1426 dies.
2206 1371 2515 1435 Blalatestc,
2544 1369 2633 1439 qui
2658 1383 2742 1424 res
2769 1370 2822 1423 in
2857 1370 2980 1423 Asia
3003 1368 3312 1437 Graeciaque
3355 1383 3415 1422 se
3473 1378 3732 1436 praesente

673 1477 760 1533 η.
792 1476 1059 1530 Somnium
1090 1477 1376 1540 Ertnculis,
1412 1481 1601 1542 (Ionia,
1656 1481 1782 1535 (una
1840 1479 2021 1536 Turcis
2208 1476 2265 1528 3°

2208 1471 2406 1528 gestas,
2436 1469 2555 1513 ante
2586 1473 2756 1514 annos
2783 1459 2904 1526 plus
2931 1459 3106 1513 minus
3141 1458 3230 1520 80.
3249 1458 3546 1526 descripsit.
3576 1455 3729 1512 Orie-

1199 1551 1489 1613 auspicata.
2211 1550 2279 1600 lio
2315 1549 2534 1602 Sarcum
2560 1549 2773 1603 dicitur.
2802 1547 3027 1611 Calami,
3053 1557 3108 1602 et
3138 1549 3246 1601 lilio
3276 1548 3484 1610 Carasi,
3517 1547 3734 1600 obvenit

652 1633 820 1691 Valde
851 1636 1247 1700 superstitiosos
1269 1652 1386 1691 esse
1442 1635 1716 1692 Turcosin
1765 1640 2110 1694 observandis
2211 1636 2394 1707 Lydia,
2427 1653 2596 1706 usque
2627 1639 2691 1692 ad
2719 1636 2938 1708 Mysiam
2969 1657 2983 1692 :
3027 1652 3145 1705 quae
3171 1636 3316 1705 regio
3358 1635 3580 1691 Catasia
3635 1637 3736 1688 fuit

580 1727 832 1788 somniis,
864 1725 1284 1779 animadvertere
1324 1727 1491 1779 lector
1519 1730 1689 1794 potuit
1711 1744 1772 1781 es
1799 1713 2109 1783 narraiione
2138 1778 2180 1798 ﬁ
2211 1729 2493 1797 appellata.
2526 1728 2806 1798 Reperitur
2837 1730 2936 1782 hoc
2965 1743 3158 1781 nomen
3183 1729 3235 1780 in
3269 1727 3354 1780 his
3414 1727 3734 1787 Annalibus,

587 1778 947 1880 Supplement'i
982 1820 1185 1875 nostra,
1335 1778 1498 1867 initiis
2138 1778 2179 1834 Β

2163 1778 2749 1885 ἐἶξιρυὰἰηάίείιιηη
2809 1817 2969 1869 modo
3019 1814 3302 1869 Malatestzn
3364 1814 3755 1879 secretarium,l

589 1897 710 1952 belli
742 1896 956 1950 Persici.
986 1896 1101 1951 lloe
1128 1906 1302 1951 autem
1334 1897 1598 1954 Ertuculis
1644 1902 1980 1959 de,Osmane
2006 1905 2110 1956 tilio
2205 1905 2296 1972 qui
2328 1904 2639 1974 Pergamum
2666 1899 2719 1957 in
2759 1903 2976 1959 Carasia
2999 1905 3244 1957 collocat.
3273 1904 3350 1957 Ab
3376 1903 3578 1957 Ortelio
3611 1901 3737 1957 Bec-

587 1989 875 2049 somnium,
912 2003 1016 2055 quo
1055 1989 1253 2056 ingenti
1277 1993 1687 2058 comparabatur
1736 1993 1932 2058 arbori,
1989 2009 2108 2048 cum
2208 1995 2619 2064 sangileapars
2640 1996 2896 2048 Anatolim
2949 1987 3296 2047 nominaturﬁ
3325 1991 3523 2047 Osman
3578 1991 3735 2046 Ertu-

592 2079 712 2130 aliis
743 2079 1105 2142 sequentibus,
1141 2092 1236 2156 per
1261 2088 1340 2131 est
1379 2080 1426 2132 ei
1452 2079 1643 2141 simile,
1696 2082 1835 2147 quod
1857 2082 2111 2152 Astyages
2210 2083 2345 2135 culis
2380 2081 2522 2136 ﬁlius
2553 2082 2873 2152 Bithyniam.
2931 2098 3050 2137 cum
3101 2082 3404 2151 regionibus
3461 2082 3734 2148 Olympum

589 2184 681 2221 rex
716 2167 986 2220 Medorum
1009 2166 1074 2219 de
1100 2167 1256 2234 Cyro,
1280 2181 1344 2220 ex
1369 2168 1470 2220 lilia
1497 2181 1684 2235 nepote
1709 2185 1824 2234 soo,
1859 2173 1924 2225 ab
1945 2174 2113 2227 Hero-
2208 2187 2393 2226 versus
2419 2171 2804 2240 spectantibus,
2833 2182 2884 2226 ct
2916 2187 3036 2225 cum
3065 2171 3246 2225 Tekin.
3315 2179 3504 2223 nactus
3531 2180 3630 2223 est.
3654 2171 3734 2223 Ab

587 2257 717 2311 doto
742 2266 794 2309 et
824 2257 942 2309 aliis
965 2257 1288 2324 expositum,
1334 2258 1534 2314 habuit.
1588 2262 1899 2316 Coniaavero
1923 2262 2112 2318 Turcis
2211 2261 2310 2314 hoc
2343 2259 2613 2324 Osmania,
2638 2261 2719 2315 vel
2743 2259 3048 2324 Othmania,
3075 2259 3521 2327 quemadmodum
3553 2247 3761 2313 hactc-'

591 2348 715 2400 urbs
736 2355 816 2400 est
836 2346 1166 2398 Caramaniaz
1190 2347 1299 2399 sive
1324 2347 1544 2411 Ciliciae,
1580 2365 1736 2417 quam
1770 2348 1935 2406 Graeci
1970 2352 2113 2404 dice-
2212 2364 2310 2400 nus
2344 2350 2429 2400 alii
2457 2349 2718 2409 scribunt,
2752 2349 2894 2401 dicta
2922 2367 2935 2400 :
2972 2349 3125 2416 cujus
3184 2349 3234 2400 in
3291 2347 3585 2401 Annalibus
3634 2349 3733 2400 sub

587 2436 717 2490 bant
740 2435 996 2488 Iconium.
1034 2433 1230 2488 Leonis
1260 2433 1523 2502 Sapientis
1558 2439 1892 2507 imperatoris
1922 2441 2114 2495 Novel~
2215 2437 2445 2507 liajazite
2474 2440 2650 2506 primo
2673 2440 2728 2489 lit
2759 2439 2977 2490 mentio.
3015 2438 3189 2505 Atque
3215 2436 3353 2488 haud
3377 2437 3509 2498 scio,
3536 2451 3600 2487 an
3636 2451 3736 2487 non

587 2528 639 2578 la
659 2525 724 2577 de
749 2525 978 2577 Turonis
1009 2525 1311 2577 accuratius
1338 2527 1474 2579 hanc
1499 2529 1548 2579 in
1575 2527 1840 2597 Lycaonia
1868 2531 2110 2584 collocat.
2215 2528 2266 2578 in
2298 2527 2618 2596 Synoxiymia
2647 2526 3001 2595 geographica
3029 2523 3240 2587 Ortelii,
3261 2539 3367 2592 quo
3385 2525 3503 2578 loco
3525 2526 3588 2579 de
3613 2525 3737 2577 Δςίτι

583 2614 1039 2682 Chalcoeomlylcs
1061 2613 1230 2668 Cariae
1255 2613 1380 2668 facit
1413 2617 1574 2671 urbes
1605 2618 1902 2672 Larandam
1930 2630 1982 2674 et
2009 2621 2111 2673 To-
2215 2617 2404 2668 minori
2437 2616 2562 2684 agit,
2601 2615 2991 2668 Cottomanidia
3014 2615 3081 2668 sit
3111 2613 3305 2666 rectius
3335 2615 3448 2668 lure
3481 2613 3594 2682 ipsa
3627 2615 3739 2666 sivo

593 2690 856 2768 concium,
888 2704 1116 2756 ubinota
1138 2705 1416 2758 contusum
1443 2721 1564 2760 cum
1596 2711 1808 2762 nomine
1829 2712 2107 2764 articulum
2210 2704 2513 2768 Othmania,
2538 2705 2648 2758 sive
2692 2703 3056 2763 Othmanidia,
3103 2703 3272 2769 cujus
3317 2713 3493 2755 tamen
3547 2701 3741 2753 limites

589 2795 935 2855 Toconeiom,
965 2800 1059 2862 pro
1094 2794 1384 2846 Toieonion
1416 2810 1430 2848 :
1501 2805 1559 2848 ut
1605 2797 1729 2848 alibi
1782 2797 2112 2852 Tosibinium
2215 2797 2334 2849 istic
2377 2797 2734 2862 latius,quam
2764 2795 2962 2861 parsit,
2995 2793 3240 2846 videntur
3261 2792 3497 2845 extendi.
3527 2793 3739 2844 Amurzn

593 2899 804 2953 quoque
822 2884 1010 2937 scribit
1034 2883 1479 2962 ideminterprcs,
1504 2882 1700 2936 Ardelii
1743 2885 1854 2939 sive
1881 2887 2114 2940 Transil-
2215 2886 2350 2937 tiiios
2384 2883 2823 2936 traditLaouicus
2841 2882 3117 2950 accepisse
3147 2879 3585 2948 Paphlagoniam,
3617 2892 3740 2932 cum

591 2977 759 3030 vanim
783 2975 990 3035 urbem,
1020 2988 1138 3039 qua:
1164 2974 1387 3025 articulo
1427 2973 1451 3024 a
1483 2974 1696 3027 nomine
1738 2975 2004 3042 disjuncto
2034 2979 2115 3032 Si-
2215 2976 2281 3027 iis
2318 2987 2433 3039 qua
2455 2973 2520 3025 ad
2556 2971 2817 3025 Euxinum
2854 2979 3095 3037 vergunt.
3128 2967 3201 3022 Ea
3258 2967 3418 3021 fuerit
3472 2963 3744 3021 Pendcra-

593 3067 805 3118 biuith
825 3073 943 3143 est,
962 3062 1363 3127 vel.Cibinium,
1385 3070 1444 3115 net
1466 3063 1620 3116 hodie
1668 3067 1926 3121 scribunt.
1947 3068 2118 3123 Conia-
2137 3110 2181 3166 C
2221 3067 2290 3117 tia
2312 3065 2535 3124 scilicet,
2562 3062 2626 3114 de
2645 3077 2747 3129 qua
2763 3059 3010 3124 superius
3039 3059 3238 3111 dictum
3261 3057 3311 3109 in
3330 3056 3739 3112 Osmanidaruut

600 3156 978 3208 recentioribus
1008 3151 1632 3220 geographis-appellatur
1657 3156 1858 3224 Cogita,
1878 3173 2112 3224 prouuu-
2140 3146 2181 3166 ν
2219 3151 2652 3218 genealogia,.vcl
2681 3149 2855 3216 potius
2884 3146 3267 3200 Pendcrachia.
3304 3147 3532 3200 Vocatur
3563 3155 3740 3199 autem

597 3245 816 3296 tiatione
850 3241 1048 3294 italico.
1084 3240 1230 3304 Quod
1261 3252 1437 3294 autem
1465 3242 1709 3296 Edtbalis
1737 3244 1838 3296 ﬁlia
1865 3262 1955 3313 per
1981 3250 2114 3301 luna:
2218 3245 2305 3296 hic
2332 3244 2560 3295 Amuras
2585 3239 2933 3306 Pachymerio
2951 3237 3219 3299 Amurius,
3244 3251 3366 3290 cum
3385 3253 3492 3306 quo
3520 3235 3748 3291 Reinec-

592 3319 925 3400 splendorem
956 3330 1369 3398 signiﬁcaretur,
1397 3329 1449 3381 in
1476 3346 1539 3383 eo
1558 3331 1920 3386 felicissimum
1948 3338 2114 3402 quod-
2219 3334 2334 3386 eius
2362 3331 2578 3392 alicubi,
2603 3328 2888 3397 Gregoram
2919 3339 3157 3392 secutus,
3183 3327 3747 3381 AlisuriumCarama-

594 3426 712 3475 dam
731 3437 884 3474 omen
912 3431 1047 3480 erat,
1077 3436 1140 3472 ex
1169 3421 1422 3486 Opinione
1485 3421 1871 3476 Saracenorum
1896 3439 1954 3476 ac.
1982 3423 2115 3477 Tur-
2220 3437 2344 3475 num
2373 3421 2699 3474 contundere
2729 3420 2933 3470 videtur
2961 3434 2974 3469 :
3009 3417 3171 3470 Omer
3203 3416 3255 3467 in
3285 3415 3577 3471 Annalibus
3602 3414 3745 3470 Tur-

592 3525 812 3564 corum:
843 3510 932 3575 qui
961 3509 1314 3569 lunam,velut
1344 3509 1564 3576 imperio
1585 3527 1682 3563 suo
1716 3511 1861 3563 fatali
1891 3513 2116 3580 quadam
2219 3508 2580 3570 cieisdicitur,
2613 3507 2704 3574 qui
2736 3506 2946 3560 Omeris
2978 3504 3749 3573 ﬁtiosa‘ppellantlsvendiares

596 3601 709 3669 lege
734 3600 1012 3666 propitiam
1044 3608 1094 3650 et
1127 3601 1479 3666 auspicatam,
1511 3601 1698 3653 mirum
1725 3613 1983 3668 quantum
2025 3607 2119 3658 ha-
2222 3601 2406 3667 bcgos,
2430 3598 2654 3667 Sinopes
2687 3599 2846 3651 etiam
2865 3597 3128 3657 dominos,
3155 3593 3383 3648 Laonico
3407 3593 3749 3662 Sphendcrcs

599 3686 1110 3756 hercviriumaoz
1155 3688 1205 3739 in
1266 3688 1640 3754 portendcndis
1697 3689 2118 3762 adjuvandisqnc
2221 3698 2313 3741 aut
2360 3689 2655 3754 Sponderes
2711 3691 2848 3740 unde
2919 3703 3108 3741 nomen
3195 3685 3585 3743 Penderachiae.
3657 3700 3753 3738 vc-

603 3780 934 3830 succcssibus
958 3787 1238 3828 conatuum
1267 3793 1510 3841 suorum,
1547 3787 1604 3830 ut
1625 3780 1932 3833 etiamnunc
1965 3784 2119 3838 hodie
2222 3777 2314 3831 luti
2339 3777 2798 3845 Sphenderacbim.
2823 3775 2954 3829 Bolli
2972 3776 3268 3829 nominata?
3286 3775 3522 3842 haecipsa
3548 3772 3747 3826 Ροΰάε-

600 3868 677 3918 sic
707 3879 914 3933 semper
941 3867 1332 3917 existimarunt.
1399 3865 1588 3918 Errant
1617 3868 1757 3920 cnim
1815 3879 1886 3933 (et
1918 3870 1969 3924 in
2037 3873 2118 3926 his
2224 3873 2415 3924 racluaa
2431 3872 2508 3922 vel
2530 3867 2974 3936 Sphenderachia:
2997 3868 3137 3932 regio
3157 3865 3206 3917 in
3224 3864 3408 3917 Ortelii
3445 3863 3621 3923 tabula
3642 3857 3747 3913 Na-

599 3967 682 4007 est
726 3953 1038 4006 Franciscus
1091 3953 1414 4005 Sansovinus
1479 3953 1729 4022 Venetus)
1780 3959 1870 4023 qui
1916 3959 2119 4027 Turcos
2222 3957 2592 4024 tolite,priscis
2613 3953 3251 4027 Paplilagonia.Etcredo
3274 3951 3603 4004 Bollivocem
3623 3967 3748 4018 pro-

601 4042 836 4095 scribunt
868 4045 1084 4094 subacto
1120 4041 1348 4108 primum
1401 4039 1678 4094 Boxiuensi
1745 4060 1925 4109 regno,
1957 4047 2120 4112 impe-
2222 4049 2404 4100 vincite
2421 4047 2866 4098 datamacivitate
2887 4044 3038 4103 Bolli,
3057 4058 3173 4109 qum
3194 4039 3434 4094 Turcicis
3451 4040 3749 4093 Annalibus

598 4139 748 4182 rante
776 4129 993 4182 Sullano
1015 4130 1335 4182 Muehemete
1363 4128 1421 4189 ll,
1474 4130 1648 4181 lunam
1695 4144 2016 4185 crescentem
2048 4135 2119 4187 εἰ·
2223 4146 2304 4189 cst
2327 4134 2606 4197 Boii,sicut
2629 4134 2782 4185 iidem
2801 4146 2847 4185 et
2871 4133 2978 4199 agri
3006 4130 3246 4184 Boleusis
3263 4131 3632 4182 meminerunt.
3654 4129 3749 4182 Est

598 4222 715 4288 guis
740 4220 1053 4272 militaribus
1075 4222 1401 4287 apposuisse.
1423 4218 1550 4272 Nam
1572 4221 1614 4274 si
1641 4235 1817 4273 verum
1840 4224 1941 4275 hoc
1958 4235 2120 4289 esset,
2225 4238 2379 4278 etiam
2433 4224 2486 4276 in
2508 4223 2630 4276 Asia
2672 4222 2862 4274 minori
2907 4220 3168 4272 Mcntlesia
3192 4220 3355 4286 regio,
3379 4219 3531 4284 cujus
3551 4219 3751 4282 princi-

599 4324 705 4360 non
738 4309 912 4359 lunam
961 4307 1218 4358 duntaxat
1259 4310 1605 4374 aet-cpissent,
1655 4312 1884 4366 exclusis
1927 4313 2119 4379 stellis,
2224 4330 2338 4383 peni
2368 4313 2623 4366 Laonicus
2644 4312 3029 4364 Mendesiemet
3055 4308 3351 4362 Mendesem
3381 4318 3551 4369 vocat,
3577 4322 3747 4375 nepo-

601 4413 718 4463 quzr
745 4397 795 4448 in
833 4396 947 4461 ejus
999 4396 1142 4458 regni
1173 4395 1335 4458 signis
1360 4411 1476 4447 cum
1520 4397 1667 4452 Luna
1699 4403 1991 4467 conjunct-.2
2011 4418 2127 4457 cer-
2155 4421 2204 4479 D
2232 4413 2334 4457 to-m
2366 4384 2597 4456 Calamis
2625 4405 2792 4466 :qood
2822 4399 3096 4452 Mendesia:
3121 4413 3315 4450 nomen
3338 4413 3439 4458 non
3458 4396 3744 4449 Turcicum

604 4498 819 4539 nuntur.
857 4488 1075 4538 Constat
1105 4485 1263 4536 etiam
1293 4497 1320 4535 c
1363 4483 1694 4541 Belvacensis
1745 4491 1985 4551 historia,
2019 4494 2118 4544 Sa-
2220 4493 2431 4558 origine
2463 4499 2610 4556 puto.
2638 4490 2726 4539 sed
2753 4488 2992 4539 Graecum
3024 4527 3038 4546 ,
3065 4495 3114 4537 et
3148 4488 3264 4552 ejus
3293 4486 3597 4553 provinciae,
3625 4497 3748 4550 qua:

608 4591 822 4628 raceuos
855 4585 972 4625 ante
1005 4577 1348 4627 constitutum
1377 4577 1474 4626 hoc
1505 4578 1779 4643 imperium
1810 4577 2117 4644 Turcicum,
2220 4582 2296 4632 sic
2321 4578 2574 4644 appellata
2612 4577 2766 4627 fuerit
2796 4592 2822 4626 a
2851 4577 3062 4627 civitate
3096 4576 3331 4632 Blondus,
3361 4575 3514 4641 cujus
3545 4575 3746 4624 mentio

603 4669 840 4719 eamdem
868 4666 1110 4717 habuisse
1132 4665 1194 4717 de
1224 4666 1368 4726 luna,
1398 4665 1884 4720 Mahumctanorum
1916 4670 2120 4721 conati-
2222 4670 2277 4717 lit
2306 4668 2354 4717 in
2391 4665 2769 4718 constitutione
2799 4663 2986 4715 Leonis
3011 4663 3231 4729 Augusti
3260 4662 3324 4714 de
3391 4659 3749 4713 ordine'thro-

608 4757 702 4805 bus
730 4753 1214 4820 ctexprditiouibus
1235 4756 1432 4805 bellicis
1455 4754 1676 4818 favente,
1701 4758 2118 4823 persuasionem.
2220 4769 2432 4817 norum,
2459 4762 2706 4818 tanquam
2739 4753 3076 4816 episcopatus
3108 4749 3415 4815 pertinentis
3444 4749 3508 4800 ad
3552 4757 3746 4800 metro-

607 4847 991 4908 Anuo,iuquit,
1032 4844 1379 4905 12l8,suitim
1404 4855 1522 4910 post
1552 4846 1833 4898 adventum
1860 4847 2120 4900 Christia-
2219 4843 2376 4909 polim
2437 4842 2916 4908 Stauropolitanatn
2977 4841 3026 4890 in
3083 4840 3256 4890 Caria.
3319 4837 3533 4890 Videtur
3585 4840 3744 4889 etiam

606 4951 792 4986 norum
820 4933 883 4984 ad
915 4931 1224 4991 Damintam,
1257 4932 1391 4982 facta
1425 4932 1523 4982 fuit
1552 4935 1760 4997 eclipsis
1788 4934 1923 4987 luna:
1963 4937 2115 5002 quasi
2217 4933 2528 4983 eademesse
2554 4931 2770 4982 Metulus
2794 4945 2912 4981 Cum
2938 4929 3044 4988 illa,
3070 4943 3183 4995 qua:
3212 4928 3431 4995 Myndus
3460 4928 3579 4980 aliis
3609 4928 3749 4978 dici-

606 5023 863 5089 gi-ncralis
895 5039 908 5071 ;
968 5034 1125 5083 qnam
1200 5029 1382 5069 contra
1439 5018 1731 5070 Saracenos
1789 5022 2116 5088 interpretati
2220 5029 2322 5079 tur,
2352 5029 2400 5070 ct
2423 5020 2484 5069 ad
2519 5016 2725 5069 Cariam
2754 5034 2960 5084 quoque
2995 5017 3237 5068 refertur.
3271 5016 3431 5083 llegio
3473 5016 3749 5067 Mendesia

602 5127 805 5171 Sumus,
837 5110 992 5161 \cluti
1025 5108 1417 5173 poi-tendentem
1449 5121 1632 5157 earum
1687 5106 1970 5168 defectum,
2025 5109 2116 5174 qui
2219 5110 2465 5160 scribitur
2489 5105 2687 5158 Ortelio
2711 5108 2960 5167 .llcnteso,
2993 5108 3125 5158 sicut
3159 5116 3204 5156 et
3235 5105 3430 5155 nostris
3458 5107 3507 5153 in
3529 5104 3750 5153 Annali-

603 5183 1300 5253 sibilunamattribuunt,in
1335 5197 1661 5245 incremento
1681 5196 2119 5262 decrementoque
2220 5195 2578 5249 hus.1Edinis
2623 5199 2849 5263 dcnique
2897 5198 3042 5246 ducis
3094 5197 3228 5260 apud
3267 5194 3549 5244 Laenicum
3611 5197 3752 5258 lypis

605 5295 739 5338 luna:
758 5300 990 5351 magnam
1027 5287 1121 5334 sibi
1154 5286 1252 5333 vim
1288 5293 1554 5347 ponentes.
1759 5307 1765 5310 -
2217 5288 2414 5336 editum
2449 5301 2634 5337 nomen
2665 5288 2872 5351 legitur,
2895 5287 2980 5350 qui
3011 5285 3270 5350 rt'gioncttl
3296 5296 3322 5331 a
3351 5283 3648 5346 Colophone
3683 5285 3753 5333 ad

601 5397 692 5451 15.
730 5395 798 5445 De
833 5396 1038 5444 ducibus
1068 5394 1290 5444 Turcicis
1325 5409 1351 5440 a
1376 5392 1554 5457 quibus
1586 5393 1834 5444 Anatolio:
1892 5393 2116 5459 rsgiones

2219 5377 2396 5426 Caiam
2429 5393 2596 5442 usque
2624 5394 2678 5429 se
2721 5380 3076 5444 porrigentem
3125 5375 3438 5440 possederit.
3475 5372 3567 5423 Hic
3595 5372 3751 5423 Aidin

1035 5464 1238 5511 nomine
1265 5464 1457 5510 sortin
1506 5472 1640 5511 sunt.
2224 5467 2319 5532 bes
2345 5464 2533 5519 'l‘urcis
2567 5478 2666 5526 est,
2702 5469 2837 5517 unde
2865 5464 3219 5532 reponendum
3256 5465 3391 5528 apud
3426 5462 3756 5512 Chaleomn-

675 5552 965 5605 Aunaleshi
994 5565 1086 5601 nec
1107 5553 1289 5603 ducum
1333 5552 1563 5613 nomina,
1609 5568 1699 5603 nec
1724 5554 2114 5619 provinciarum
2219 5556 2388 5621 dylem
2417 5558 2620 5608 Aidinis
2655 5557 2808 5606 ducis
2850 5569 3061 5611 nomen,
3093 5563 3141 5603 et
3173 5555 3307 5618 apud
3337 5552 3590 5604 Ortelium
3658 5567 3759 5612 pro

610 5646 708 5697 hoc
733 5644 844 5696 loco
883 5643 1178 5709 exprimunt
1209 5658 1218 5689 :
1253 5658 1364 5707 qua:
1393 5656 1610 5694 nostum
1640 5660 1699 5695 cx
1728 5645 1973 5705 l.aonico,
2008 5653 2112 5694 tum
2218 5647 2456 5697 Al-ilttclll
2503 5646 2886 5697 restituendum
2920 5643 3186 5690 Anhncili.
3227 5643 3359 5690 δυηι
3385 5641 3498 5689 alia).
3539 5655 3757 5704 quoque
