4032 6344
272 430 369 495 fil

1403 432 1793 494 PANDECTE
1824 434 2026 497 IllS'l‘.
2072 430 2364 493 TURCIC.

3347 419 3460 493 ’ΜΞ

273 547 515 614 regiones
540 544 593 597 in
625 545 890 611 Anatolia,
914 560 1028 613 qum
1059 559 1225 600 novas
1243 546 1625 615 appellationes
1658 552 1814 618 vetc-
1841 562 1881 617 Α
1912 553 2035 600 ante
2061 544 2164 599 520
2189 558 2361 598 annos
2413 542 2563 608 vixit,
2610 529 2957 611 Peclarpaces
3004 532 3335 597 scribuntur.
3392 539 3461 593 Et

270 631 419 684 ribus
440 630 741 701 incognitas
767 633 982 696 habent,
1010 632 1102 687 sed
1132 648 1225 688 eas
1265 634 1525 687 duntaxat
1570 632 1656 686 hic
1681 646 1815 686 cnu-

269 728 479 773 merare
498 720 787 781 voluimus.
814 721 1010 788 quibus
1039 721 1203 776 indita
1231 720 1397 776 fuisse
1420 722 1582 775 certis
1603 735 1631 773 a
1656 719 1819 773 Duci-

273 811 373 861 bus
415 810 631 863 numina
660 809 925 865 Laonicus
944 820 999 865 et
1022 809 1254 866 Annales
1285 811 1341 864 hi
1368 811 1535 865 nostri
1576 811 1813 865 tradunt.

271 920 359 972 l4.
398 918 587 980 Bassa,
624 920 793 984 Emir,
824 922 1007 980 Sarni.
1038 920 1442 984 Carasansarai,
1472 920 1642 985 νᾶεν,
1673 920 1819 974 Vesi-

376 1004 550 1040 razem
582 988 877 1058 Beglerbcg,
912 987 1060 1042 Emir
1095 988 1306 1052 Helena,
1342 988 1489 1042 Emir
1519 990 1712 1042 Achnr.

334 1074 509 1131 Filius
531 1077 665 1131 alter
690 1079 965 1143 Osmanis,
993 1075 1257 1133 Urchanis
1296 1078 1465 1132 frater
1504 1080 1669 1132 alium
1705 1092 1810 1132 non

271 1167 434 1223 habet
454 1168 507 1221 in
531 1168 1262 1238 Annalibustitulum,qnam
1282 1168 1394 1223 Alis
1420 1168 1570 1223 bassa
1602 1183 1617 1222 :
1667 1170 1809 1237 quod

271 1256 446 1311 besse:
472 1256 787 1310 vocabulum
816 1255 1008 1311 Turcis
1034 1262 1196 1326 caput
1219 1258 1502 1327 signiﬁcat.
1534 1257 1812 1313 Falluntur

269 1352 449 1397 autem
472 1344 565 1412 qui
582 1359 679 1412 pro
700 1345 929 1399 sultanis
955 1344 1158 1400 vezires
1174 1343 1342 1401 fuisse
1372 1348 1643 1411 dictos,ac
1666 1347 1811 1401 Emi-

275 1449 394 1487 rum
428 1435 675 1503 ‘(Amares
704 1434 805 1502 ipsi
830 1436 1043 1502 vocant)
1070 1436 1122 1488 in
1163 1435 1337 1489 locum
1372 1448 1563 1504 putant
1595 1453 1812 1495 succes-

269 1521 412 1575 sisse
435 1521 621 1575 bassas
651 1532 706 1576 et
750 1523 1093 1591 beglerbegos
1125 1540 1142 1579 ;
1171 1524 1387 1592 (quibus
1434 1536 1488 1580 et
1547 1528 1708 1596 begos
1741 1528 1809 1582 ab

266 1608 368 1671 eis,
399 1609 757 1677 etsaugiacos
775 1608 1017 1678 adiungi,
1075 1610 1220 1664 velut
1267 1621 1321 1665 et
1383 1612 1528 1681 ipsos
1571 1598 1806 1667 Emirum

267 1691 632 1759 successores,
661 1698 829 1768 magis
844 1698 1006 1753 etiam
1039 1698 1227 1769 miror)
1249 1715 1369 1754 cum
1395 1716 1493 1755 vox
1539 1700 1692 1757 Emir
1742 1718 1810 1757 ne

269 1786 432 1842 hodie
468 1788 685 1859 quidem
714 1791 978 1844 exstincta
1012 1789 1105 1852 sit,
1149 1804 1212 1844 ac
1265 1784 1613 1861 praeterquam
1665 1791 1830 1862 quod,

1920 630 2148 705 erantin
2177 634 2403 703 imperio
2430 632 2751 688 Saracenico
2775 632 2934 687 simul
2959 639 3017 687 et
3037 631 3259 694 emires,
3295 639 3351 684 et
3369 646 3461 683 ve-

1894 728 2078 789 ‘zires,
2103 723 2496 794 ctbeglerhegi,
2518 718 2680 778 etiam
2711 729 2834 777 ante
2880 721 3249 774 monarchiam
3269 719 3459 773 Turci-

1916 830 2032 870 cam
2058 832 2073 869 :
2105 828 2323 883 prorsus
2347 813 2526 868 utdici
2567 821 2824 881 nequeat,
2849 825 2947 881 pro
2964 811 3197 889 sultanis
3255 811 3459 865 vezircs

1914 902 2558 970 appellatos,inemirutn
2590 901 2767 954 locum
2820 900 3149 955 successisse
3201 899 3385 953 bassas
3409 908 3462 950 (ιι

1912 988 2282 1059 beglerbegos.
2306 987 2513 1057 Quippe
2536 986 2777 1042 meminit
2804 987 3246 1058 beglerbegorum
3299 984 3459 1053 cilicii

1913 1078 2176 1134 vetustior
2200 1088 2429 1146 praetore
2461 1077 2750 1144 Cedrinus,
2778 1087 2831 1132 et
2854 1077 3033 1145 ipsum
3064 1090 3258 1130 nomen
3283 1076 3459 1129 inter-

1911 1176 2152 1237 pretatur
2177 1169 2470 1222 archoutas
2497 1167 2815 1231 archonton,
2880 1158 2941 1221 ut
2996 1165 3163 1220 nostri
3211 1166 3465 1220 dominos

1911 1258 2251 1313 dominorum
2292 1257 2514 1312 :veluti
2530 1258 2623 1327 qui
2667 1258 2773 1313 sub
2810 1270 2895 1321 se,
2940 1264 3133 1327 praeter
3187 1257 3462 1327 gregarios

1913 1347 2131 1413 milites,
2162 1347 2434 1415 spachios,
2461 1347 2737 1411 subassas,
2774 1346 2938 1415 etiam
2983 1345 3269 1416 saugiacos
3298 1357 3353 1401 et
3372 1347 3468 1401 beo

1909 1451 2007 1505 gos
2037 1436 2268 1490 habeant
2303 1452 2318 1489 :
2345 1443 2603 1501 utrosque
2632 1433 2899 1487 minorum
2951 1432 3115 1504 {quod
3145 1433 3316 1503 aiunt)
3337 1448 3466 1504 gens

1909 1524 2045 1580 tium
2070 1524 2347 1586 dominos,
2374 1522 2442 1577 de
2471 1512 2672 1592 quibus
2725 1536 2823 1576 suo
2853 1522 2993 1575 loco.
3031 1522 3238 1577 Praetor
3295 1522 3465 1585 addit.

1907 1600 2141 1667 cilicium
2211 1611 2651 1681 beglerbegorum
2710 1602 3033 1679 respondere
3089 1610 3336 1680 dignitati
3381 1611 3465 1664 vel

1908 1702 2084 1758 ollicio
2112 1702 2329 1757 maximi
2354 1700 2782 1772 stratOpedarchi
2800 1714 2960 1770 quem
2984 1713 3125 1753 nunc
3151 1698 3459 1769 generalem

1908 1793 2082 1861 campi
2112 1806 2306 1847 vocare
2327 1792 2588 1846 solemus.
2620 1788 2809 1844 itidem
2852 1790 3065 1843 sultano
3129 1789 3463 1844 servitextra

268 1878 373 1946 ipsi
402 1879 618 1959 sultano
643 1880 857 1959 proprie
891 1886 1181 1949 competat,
1232 1890 1289 1934 ut
1336 1895 1496 1950 supra
1552 1884 1803 1948 diximus,
1838 1908 1881 1963 Β
1912 1880 2151 1934 saraium
2184 1880 2230 1933 is
2259 1879 2351 1945 qui
2380 1878 2608 1959 .dicitur
2667 1878 2805 1932 entir
2847 1876 3046 1940 halem,
3100 1876 3256 1945 cujus
3304 1876 3463 1943 paulo

268 1967 437 2020 etiam
459 1956 623 2023 certis
645 1956 697 2022 in
718 1971 838 2023 aula
863 1970 1130 2023 tribuatur
1147 1969 1437 2025 ofﬁciariis.
1458 1971 1665 2041 Quippe
1682 1983 1808 2027 sunt

267 2060 332 2110 ad
365 2056 605 2121 Portam,
634 2059 770 2111 emir
807 2060 1014 2124 Halem,
1046 2060 1212 2128 Bujuc
1254 2062 1391 2116 emir
1436 2061 1635 2125 Aehur,
1694 2064 1807 2134 (qui

268 2147 495 2201 Praetori
527 2148 688 2201 etiam
719 2147 876 2217 ωδ
922 2148 1139 2203 Graeciae
1189 2161 1373 2204 nostro
1414 2152 1810 2220 Amyracbures

266 2237 489 2306 dicitur)
523 2246 575 2291 et
606 2238 819 2292 Cudzuc
845 2239 982 2291 emir
1016 2239 1215 2292 Achar.
1246 2239 1419 2294 Bassa:
1458 2257 1651 2296 nomen
1707 2244 1809 2313 hoc

268 2335 511 2395 tempore
540 2326 696 2380 datur
718 2325 783 2379 iis
812 2328 1070 2394 primum,
1109 2329 1202 2398 qui
1230 2330 1468 2383 vezirum
1493 2331 1804 2397 dignitatem

266 2416 515 2469 obtinent
544 2432 560 2468 :
591 2415 781 2469 deinde
810 2416 1162 2485 beglerbegis.
1182 2417 1299 2486 Ipsa
1318 2420 1528 2473 nomina
1554 2434 1675 2473 cum
1703 2420 1809 2474 olli-

266 2502 386 2566 ciis,
423 2516 524 2556 suo
548 2502 964 2557 declarabuntur
993 2518 1023 2556 a
1053 2504 1207 2560 nobis
1255 2506 1372 2560 loco
1395 2506 1679 2575 prolixius.
1714 2508 1809 2562 llic

266 2595 462 2660 paucis
493 2592 650 2654 addo,
676 2590 847 2646 Portae
869 2593 1169 2648 Osmanicae
1189 2594 1352 2648 duum
1407 2610 1526 2649 esse
1553 2610 1805 2666 generum

266 2680 443 2734 ollicia
476 2698 491 2733 :
519 2697 746 2747 quorum
770 2683 871 2735 alia
909 2684 1221 2738 ministeriis
1252 2684 1514 2755 obeundis
1552 2689 1690 2738 intra
1723 2703 1808 2739 sa-

268 2770 445 2824 raium
470 2772 667 2823 sttltaui
697 2773 965 2825 destinata
998 2779 1146 2837 sunt,
1179 2774 1281 2828 alia
1324 2777 1684 2842 procurandis
1713 2792 1806 2828 nc-

267 2860 431 2928 gotiis
459 2860 691 2927 publicis
717 2869 869 2913 extra
906 2862 1163 2915 saraium.
1220 2863 1283 2914 Et
1323 2865 1556 2916 saraium
1619 2863 1809 2919 Turcis

268 2950 527 3019 palatiﬁm
559 2950 815 3016 principis
844 2960 944 3014 est,
976 2951 1058 3004 vel
1094 2952 1233 3004 aliud
1270 2954 1503 3021 amplum
1525 2953 1806 3006 atdiiicium

267 3053 424 3092 iiuna
464 3040 599 3092 Czar
642 3054 772 3094 voce
817 3039 1081 3103 Tatarica,
1125 3058 1243 3111 qua:
1292 3058 1465 3111 regem
1521 3043 1807 3112 signiﬁcat,

267 3130 479 3183 dictum
510 3144 525 3181 :
554 3130 693 3183 unde
719 3131 1035 3184 Beincccius
1060 3131 1351 3201 Saragliatu
1403 3132 1590 3188 Turcis
1623 3138 1805 3188 vocari

265 3230 444 3287 putat,
472 3230 532 3273 ut
563 3223 787 3288 regiam.
816 3221 947 3275 Nam
978 3223 1095 3275 aliae
1135 3238 1349 3291 quoque
1401 3225 1612 3287 dminus,
1667 3236 1814 3279 extra
1839 3209 1883 3268 (ἶ

265 3311 473 3364 sultani
508 3312 953 3378 regiam,jnomen
998 3314 1098 3366 hoc
1122 3313 1343 3366 ferunt:
1380 3327 1438 3367 ut
1491 3316 1616 3380 ilhc,
1679 3331 1814 3385 quas

264 3402 607 3454 sultanorum
642 3402 971 3456 muliercula!
1012 3404 1125 3456 sive
1150 3405 1467 3459 concubina:
1493 3402 1832 3470 inhabitant;

266 3489 924 3557 utAtschamoglanorum
973 3492 1135 3557 aedes,
1187 3502 1245 3545 ut
1291 3495 1462 3561 ampla
1518 3494 1811 3551 Turcorum

267 3579 527 3643 hostiitia,
559 3579 673 3633 sive
702 3580 999 3635 diversoria
1030 3582 1263 3649 publica,
1327 3598 1458 3652 quas
1484 3587 1637 3655 vulgo
1667 3602 1814 3641 cara-

268 3671 513 3723 vasarias
540 3669 706 3723 nostri
727 3679 942 3725 vocant;
965 3670 1169 3740 Quippe
1190 3670 1424 3727 aTureis
1442 3680 1811 3731 caravansarai

263 3753 352 3807 vel
380 3753 531 3808 serui
552 3754 834 3817 dicuntur,
861 3755 963 3808 hoc
988 3767 1091 3822 est,
1125 3758 1351 3813 aedilicia
1378 3762 1643 3817 destinata
1662 3778 1815 3818 cara-

263 3843 449 3904 vanis,
493 3858 612 3911 qua
641 3843 915 3898 hominum
947 3849 1159 3916 agmina
1192 3858 1317 3903 sunt
1360 3864 1481 3905 cum
1535 3855 1808 3921 jumentis,

264 3933 335 3986 ob
370 3933 631 3987 itinerum
661 3934 893 4003 pericula
917 3940 1191 3989 turmatim
1240 3954 1297 3992 se
1346 3943 1808 4010 conjungentium.

262 4020 506 4076 Consule
534 4021 602 4076 de
627 4023 709 4076 his
748 4022 990 4090 exposita
1051 4025 1309 4093 prolixius
1370 4032 1545 4096 capite
1584 4031 1708 4086 247.
1740 4032 1812 4087 De

263 4110 459 4163 ciliciis
485 4112 622 4162 intra
646 4111 881 4163 saraium
900 4110 1047 4175 alibi,
1090 4112 1230 4165 sicut
1258 4125 1310 4166 et
1370 4113 1436 4167 de
1479 4116 1597 4171 aliis
1662 4129 1807 4173 extra

262 4201 530 4252 saraium.
564 4198 757 4264 Basste,
787 4200 854 4253 de
883 4200 1079 4268 quibus
1104 4202 1189 4255 hic
1219 4202 1449 4271 agimus,
1490 4219 1637 4261 extra
1663 4224 1813 4263 sara-

262 4291 375 4342 ium
409 4289 731 4342 muneribus
762 4290 866 4343 sibi
914 4292 1178 4345 mandatis
1230 4293 1546 4359 funguntur.
1581 4297 1644 4349 Et
1673 4298 1812 4353 inter

265 4379 365 4431 hos
390 4379 488 4446 qui
518 4378 676 4445 primi
702 4388 849 4444 sunt,
882 4395 1083 4433 veztres
1107 4382 1361 4438 dicuntur
1387 4401 1401 4445 ;
1432 4388 1659 4451 nostris,
1685 4402 1814 4440 conv

260 4467 461 4521 siliarii
489 4468 709 4529 secreti,
739 4465 823 4519 vel
844 4468 1047 4521 arcani.
1076 4468 1372 4536 Supremus
1421 4481 1623 4532 autem,
1672 4475 1810 4526 vezi-

1910 4465 2229 4543 Honoria‘dis
2278 4488 2754 4556 archicpiscopatui
2808 4465 3122 4549 Prusiadem
3160 4465 3388 4564 .subjicit

263 4572 443 4610 razem
481 4553 816 4617 nominatur,
840 4570 960 4622 quas
1009 4556 1150 4624 apud
1204 4556 1500 4613 Saracenos
1550 4564 1709 4615 ctiam
1753 4566 1805 4618 in

264 4661 364 4699 usu
401 4645 663 4714 dignitas,
690 4654 744 4698 et
772 4644 1170 4699 existimatione
1193 4650 1459 4717 pracipua
1488 4652 1605 4705 fuit.
1631 4654 1814 4708 Bedri—

266 4751 367 4789 nus
395 4744 452 4788 et
518 4733 607 4787 alii
653 4733 1116 4803 protosymbiilum
1162 4736 1603 4807 interpretantur,
1660 4746 1814 4813 c‘ujus

261 4827 425 4878 etiam
460 4824 666 4876 mentio
696 4823 753 4876 tit
777 4823 983 4877 inlibro
1004 4828 1070 4878 de
1094 4826 1404 4893 signiﬁcatis
1426 4831 1810 4888 insomniorum
1859 4852 1862 4855 '

262 4924 427 4978 quem
457 4911 689 4963 antehae
711 4911 1027 4965 Sambucani
1075 4914 1393 4984 exemplaris
1451 4920 1621 4975 mutili
1657 4921 1810 4976 ﬁdem

264 5006 582 5065 sequentes,
610 4997 924 5065 Apomasari
980 5002 1313 5081 tribuimus:
1361 5020 1481 5059 cum
1540 5008 1812 5065 Achmetis

264 5082 387 5141 cuni
423 5095 619 5156 postea
649 5092 1055 5157 cognoverimus
1088 5106 1230 5155 esse,
1262 5093 1327 5148 de
1357 5095 1493 5150 libro
1524 5097 1805 5153 bibliothe-

266 5193 339 5231 αι’
360 5177 725 5240 Caesarem,”
755 5195 861 5244 quo
895 5180 993 5233 viri
1020 5182 1228 5236 clariss.
1261 5182 1490 5252 llugonis
1520 5185 1672 5240 Blotii
1698 5190 1746 5242 J.
1769 5190 1808 5243 C

266 5278 316 5320 et
351 5264 670 5334 Angusmlis
691 5267 1081 5321 bibliothecarii
1122 5272 1398 5335 beneﬂcio,
1427 5268 1589 5328 nostri
1612 5280 1809 5333 codicis

268 5362 498 5411 lacunas
524 5369 711 5412 omnes
733 5355 1082 5422 explevimus.
1116 5358 1331 5414 Simeon
1394 5363 1643 5433 Magister
1697 5370 1809 5420 olii~

267 5451 478 5503 ciorum
506 5445 703 5498 alicubi
738 5443 1075 5501 Solemauem
1120 5450 1589 5523 Protosymbulum
1622 5458 1806 5511 Balsa-

272 5551 370 5589 ma:
405 5542 587 5595 vocat,
612 5548 769 5600 quem
801 5533 1039 5589 Zonaras
1072 5539 1491 5608 archisatrapam
1543 5545 1807 5600 Masalmas

270 5624 423 5678 dixit.
467 5622 730 5676 Similiter
754 5633 902 5675 extra
940 5625 1169 5677 saraium
1198 5638 1319 5680 sunt
1364 5630 1685 5701 bcglcrbegi,
1715 5639 1801 5703 qui

268 5725 317 5768 et
348 5715 448 5782 ipsi
479 5716 655 5766 bassa:
675 5722 949 5768 vocantur.
988 5712 1202 5769 Praetori
1235 5715 1445 5794 Gi'tcciae
1477 5735 1677 5789 nostro,
1710 5729 1797 5796 qui

1908 1978 2031 2024 ante
2050 1969 2410 2037 meminimus.
2425 1952 2752 2023 vexillorum
2769 1966 3050 2035 prail‘ectus
3061 1981 3340 2035 supremus
3356 1975 3461 2031 est,

1909 2073 1974 2113 ac
2001 2066 2111 2112 tum
2138 2058 2250 2127 ipse
2277 2056 2529 2110 vexillum
2558 2056 2764 2124 regium
2806 2063 2979 2123 gestat
3010 2054 3063 2107 in
3112 2055 3462 2123 expeditioni-

1907 2151 2035 2212 bus,
2076 2156 2189 2200 tum
2213 2145 2405 2199 vexilla
2434 2144 2766 2212 beglerbegis
2808 2144 2964 2197 oiiert
3018 2157 3137 2208 sua,
3171 2144 3463 2213 itidemque

1905 2252 2002 2292 sua
2031 2236 2294 2303 sangiacis
2333 2235 2501 2304 begis.
2534 2234 2681 2288 Emir
2707 2234 2877 2288 acliur
2927 2234 3121 2287 stabuli
3183 2236 3464 2303 praefectus

1907 2339 2009 2393 est,
2042 2327 2126 2381 cui
2164 2326 2426 2382 vocabulo
2468 2325 2511 2379 si
2565 2324 2750 2393 bniuc:
2783 2336 3148 2395 punponatur,
3177 2323 3347 2392 major
3382 2324 3463 2378 vel

1908 2420 2111 2487 primus
2130 2433 2149 2484 ς,
2176 2418 2219 2471 si
2251 2415 2465 2484 cudjuc,
2496 2414 2667 2469 minor
2696 2423 2789 2467 aut
2823 2415 3087 2469 secundus
3116 2415 3309 2469 stabuli
3332 2420 3464 2483 pne-

1906 2506 2426 2578 fectusintelligitur,
2452 2504 2526 2557 De
2563 2503 2645 2557 his
2698 2502 2807 2571 jam
2856 2504 3153 2572 percepisse
3207 2505 3457 2557 lectorem

1905 2598 2116 2662 opinor,
2139 2596 2227 2665 qui
2254 2592 2443 2648 Turcis
2461 2594 2764 2661 bassa‘rqui
2809 2592 3125 2660 bcglerbegi.
3153 2580 3242 2659 qui
3269 2592 3460 2671 emircs

1906 2691 2032 2742 sint.
2057 2685 2163 2741 Nec
2185 2688 2371 2750 ignoro
2390 2698 2581 2738 nomen
2604 2683 2737 2736 emir
2760 2681 3241 2749 Quibirhlignit’atis
3262 2683 3314 2734 in
3334 2683 3456 2736 aula

1907 2778 2239 2831 sultanorum
2260 2771 2592 2826 Cairensium
2639 2771 2904 2823 maximat.
2938 2769 3042 2822 Sed
3065 2769 3201 2821 intra
3265 2768 3460 2833 limites

1907 2862 2195 2920 coerreuda
2247 2860 2486 2928 scriptio,
2516 2874 2589 2912 ne
2607 2859 3020 2911 commentarius
3048 2858 3302 2926 prolixior
3356 2856 3463 2910 lec-

1916 2967 2084 3010 torem
2106 2954 2358 3015 oilendat,
2381 2961 2475 3004 aut
2517 2949 2711 3017 saepius
2738 2950 2918 3001 eadem
2961 2957 3183 3014 repetat.

2290 3041 2379 3093 l5.
2412 3036 2785 3102 lsnic,Bursa,
2821 3035 3057 3103 Tcggiur.

1983 3156 2207 3209 lsnicam
2241 3153 2372 3219 dixi,
2409 3164 2602 3204 nomen
2637 3148 2950 3202 hodiernum
2980 3156 3033 3200 et
3064 3145 3254 3202 Turcis
3294 3150 3462 3203 usita-

1921 3232 2032 3303 tum
2062 3246 2316 3306 retinens,
2348 3243 2474 3295 licet
2510 3241 2576 3294 ab
2625 3239 2745 3292 aliis
2793 3238 2947 3292 aliter
2998 3239 3282 3319 scribatur,
3339 3228 3459 3308 qia

1913 3336 2084 3389 Nicaea
2110 3332 2299 3401 priscis
2331 3329 2729 3384 est.Castaldus
2755 3344 2847 3396 per
2871 3344 3111 3384 errorem
3132 3345 3238 3384 non
3268 3332 3451 3395 urbem

1913 3422 2142 3476 Nicaeam
2164 3430 2320 3477 vocat
2345 3416 2647 3483 lsnccham,
2680 3419 2772 3474 sed
2800 3420 2972 3474 lacum
3030 3421 3147 3477 sive
3206 3423 3450 3493 paludem

1914 3513 2223 3577 Ascaniam.
2258 3530 2378 3585 qua:
2408 3522 2589 3569 tamen
2615 3513 2774 3568 hodie
2804 3511 2992 3569 Turcis
3040 3516 3185 3572 Acsu
3232 3518 3454 3579 dicitur.

1916 3605 2136 3659 nomine
2163 3604 2498 3674 signiﬁcante
2520 3618 2710 3672 aquam
2759 3604 2935 3657 albam
2987 3606 3102 3660 sive
3156 3606 3451 3675 limpidam.

1912 3695 1967 3747 In
1999 3695 2185 3748 multis
2210 3694 2355 3749 enim
2390 3694 2606 3760 antiqua
2638 3694 2853 3747 nomina
2884 3693 2963 3747 sic
3015 3693 3318 3759 immutant,
3364 3764 3367 3769 Α
3394 3706 3453 3751 ut

1909 3782 2211 3850 priscorum
2241 3782 2648 3834 similitudinem
2682 3783 2990 3845 retinentia,
3034 3792 3212 3838 tamen
3250 3787 3448 3853 aliquid

1911 3873 1963 3925 in
1998 3872 2178 3939 lingua
2197 3886 2292 3924 sua
2324 3860 2649 3937 signiﬁcent.
2688 3868 2876 3923 Prusae
2930 3887 3121 3926 nomen
3171 3876 3448 3945 antiquum

1910 3959 2124 4019 retinui,
2152 3948 2364 4011 tametsi
2411 3970 2554 4009 nunc
2604 3956 2773 4035 Bursa
2838 3959 2992 4029 vulgo
3050 3952 3452 4036 dicaturlzqum

1908 4062 2009 4101 vox
2046 4048 2098 4101 in
2122 4061 2360 4101 errorem
2400 4046 2611 4115 impulit
2636 4045 2961 4111 Bonﬂnium,
2991 4060 3047 4104 ut
3090 4050 3310 4123 Byrsam
3357 4072 3454 4125 ap-

1908 4139 2127 4205 pellarct
2158 4153 2173 4189 :
2205 4136 2365 4204 quasi
2383 4150 2573 4189 nomen
2609 4137 2709 4207 hoc
2739 4138 2970 4202 aliunde,
3018 4156 3178 4209 quam
3207 4158 3236 4196 a
3283 4144 3453 4200 Prusa

1910 4240 2032 4293 rege
2065 4224 2437 4293 Bithynorum,
2471 4223 2753 4291 acceperit.
2780 4224 2834 4277 ιη
2862 4224 3303 4298 Leonis'Augusti
3323 4247 3455 4286 con-

1907 4313 2184 4367 stitutionc
2220 4314 2286 4366 de
2308 4309 2559 4373 Turonis,
2590 4312 2753 4363 etiam
2777 4311 3059 4382 'l'heopolis
3091 4312 3202 4371 sive
3230 4317 3319 4373 Dei
3367 4323 3451 4377 ci.

1907 4405 2044 4455 vitas
2064 4401 2487 4469 cognominatur.
2510 4398 2651 4451 Idem
2673 4400 3131 4468 Clandiopolitano
3160 4404 3447 4475 provincias

1913 4580 2054 4647 quod
2086 4579 2204 4631 ideo
2236 4579 2549 4636 notandum.
2581 4581 2704 4647 quia
2737 4579 3071 4651 Busbequius
3122 4587 3173 4639 in
3225 4587 3444 4644 Linera-

1911 4666 1993 4717 rio
2030 4663 2341 4718 Prusiadem
2382 4681 2503 4719 cum
2541 4668 2709 4721 Prusa
2740 4670 3001 4734 confudit,
3033 4671 3264 4742 Teggiur
3314 4676 3449 4733 Tur-

1911 4753 2045 4805 ciset
2099 4755 2383 4821 provincia:
2412 4768 2628 4821 praises,
2659 4772 2815 4824 quem
2850 4759 2949 4825 ipsi
2986 4775 3132 4814 more
3161 4778 3262 4816 suo
3282 4766 3449 4822 deno-

1911 4844 2114 4895 minant
2138 4858 2168 4895 a
2200 4843 2463 4910 cujusque
2488 4848 2773 4912 provincia:
2819 4853 3119 4919 metropoli.
3181 4854 3448 4914 Laonicus

1912 4929 2229 4982 llannostcn
2278 4933 2530 4996 reddidit,
2582 4949 2698 5003 qua:
2754 4954 2854 4991 vox
2902 4941 3123 5008 antiquo
3176 4942 3446 5004 Laconum

1912 5032 2009 5069 usu
2043 5016 2305 5084 signillcat
2336 5033 2457 5071 eum
2498 5024 2586 5087 qui
2629 5025 2708 5076 vel
2732 5028 2784 5078 in
2819 5027 3020 5093 urbem,
3062 5030 3145 5102 vel
3183 5036 3446 5104 regionem

1911 5108 2133 5175 imperio
2156 5109 2450 5174 subjectam
2476 5112 2721 5175 mittitur,
2750 5122 2806 5167 ut
2857 5115 2975 5182 ejus
3036 5134 3122 5172 res
3160 5126 3449 5183 constituat

1909 5212 1970 5251 ac
2003 5198 2269 5263 disponat.
2298 5197 2502 5251 Praetor
2538 5214 2719 5253 noster
2750 5202 2939 5256 ducent
2990 5208 3221 5275 regionis
3278 5215 3443 5269 inter-

1910 5295 2171 5352 pretatur,
2196 5285 2286 5351 qui
2315 5284 2515 5341 Graecis
2537 5300 2614 5342 est
2656 5291 2931 5359 Higetnon.
2977 5294 3064 5349 Sic
3115 5302 3256 5354 enim
3326 5322 3442 5371 per-

1910 5377 2260 5428 turbationem
2296 5391 2473 5429 rerum
2499 5380 2547 5431 in
2578 5382 2700 5434 Asia
2730 5383 2921 5437 minori
2946 5387 3275 5456 describens,
3324 5410 3442 5464 post

1906 5471 2215 5528 occupatam
2250 5478 2279 5515 a
2308 5463 2556 5521 Flandris
2600 5468 3130 5543 Constantinopolim,
3189 5482 3299 5534 ait:
3327 5463 3438 5548 iQui

1904 5553 2064 5605 duces
2094 5553 2211 5605 aliis
2244 5554 2295 5606 in
2332 5556 2461 5611 locis
2493 5560 2581 5611 alii
2629 5556 2869 5617 fuerant
2911 5549 3186 5631 hactenus,
3243 5572 3436 5639 singuli

1904 5642 2170 5708 regionem
2199 5644 2644 5703 administrationi
2666 5670 2776 5706 sua:
2807 5654 3162 5719 COmmissam.
3187 5673 3327 5714 Illinc
3352 5666 3437 5717 Sui

1901 5733 2034 5799 juris
2066 5731 2361 5790 cilicicbant
2397 5757 2410 5792 :
2438 5744 2515 5797 vel
2548 5746 2611 5797 ad
2650 5747 2747 5799 hoc
2774 5746 2987 5813 impulsi
3013 5756 3155 5800 motu
3198 5753 3434 5818 prppria,
