4032 6344
671 492 772 554 τ’ιῖ

1870 492 2179 564 JJANNIS
2230 493 2670 552 I.i§l3.\'t,L.\\'ll

3716 494 3819 555 7-58

667 595 917 659 omnibus
983 603 1045 655 ad
1108 604 1181 654 rei
1225 603 1529 654 monetarise
1558 601 1844 668 prafertos‘
1881 601 2192 653 deferuntur

2316 603 2707 668 nniaigniticat.
2731 599 2867 654 Sunt
2896 611 3069 655 autem
3093 602 3221 670 ipsis
3248 602 3362 654 loco
3388 601 3821 654 vexillorumsivc

671 710 898 756 veteres,
963 710 1022 746 ac
1072 709 1163 760 pro
1194 693 1450 744 duodecin
1510 692 1774 744 veteribus
1819 693 1962 757 aSpri
2006 691 2187 743 decem

674 789 796 840 novi
826 787 1104 838 solvuntur
1136 800 1149 836 :
1178 783 1242 835 de
1272 797 1376 848 quo
1407 797 1533 834 sane
1559 782 1762 833 luctum
1803 781 2025 832 sultanis
2055 779 2192 832 haud

676 877 923 944 exiguum
950 873 1206 942 provenit.
1230 871 1573 936 InquiSItores
1589 871 1745 922 etiam
1771 869 2193 931 constituuntur,

679 969 770 1035 qui
804 983 869 1020 an
901 965 1060 1033 aliqui
1097 976 1299 1014 veteres
1346 977 1529 1028 aspros
1561 961 1839 1018 retineant,
1887 961 2193 1013 observent.

682 1057 744 1109 lli
810 1056 968 1106 variis
1033 1063 1251 1104 utuntur
1285 1051 1607 1115 .fraudibus,
1664 1061 1715 1102 et
1747 1052 1909 1102 multa
1959 1051 2199 1117 nequiter

679 1146 1038 1199 committunt.
1073 1140 1200 1207 Ejus
1230 1147 1402 1190 antem
1455 1139 1583 1191 lucri
1629 1154 1790 1191 causa
1843 1138 2200 1191 Mucliemeles

681 1234 989 1294 secundus,
1051 1231 1138 1297 qui
1189 1227 1701 1293 Constantinopolim
1737 1227 1897 1293 Cepit,
1954 1228 2199 1294 singulis,

680 1327 861 1377 decem
892 1321 1043 1372 annis
1073 1333 1256 1385 aspros
1282 1319 1521 1384 signabat
1545 1331 1727 1368 nOVos.
1764 1316 2006 1368 Fortasse
2025 1327 2200 1368 latnen

684 1417 786 1468 boc
847 1415 1008 1467 etiam
1041 1410 1226 1462 fecisse
1279 1409 1441 1458 videri
1497 1408 1661 1473 possit
1719 1409 1782 1456 ad
1852 1407 2201 1459 imitationem

682 1505 1010 1571 antiquitatis
1041 1501 1307 1555 Romanae,
1349 1497 1500 1562 cujus
1560 1495 1610 1547 iu
1661 1495 1995 1547 numismatis
2049 1495 2205 1548 toties

685 1605 765 1650 est
787 1594 1016 1662 reperire
1038 1600 1155 1642 vota
1180 1587 1509 1649 decennalia,
1536 1585 1850 1648 vicennalia,
1872 1584 2214 1644 triciinnalia.

685 1685 796 1738 Non
825 1681 1228 1760 eninudubium
1280 1685 1379 1740 est,
1428 1675 1809 1727 Muchemetem
1889 1675 2204 1733 secimdum,

685 1789 840 1843 quem
879 1772 1135 1833 diximus,
1188 1767 1326 1819 velut
1359 1768 1410 1817 in
1441 1765 1554 1831 ipso
1587 1777 1951 1815 successorem
1987 1761 2208 1829 imperio

685 1866 844 1918 multa
861 1861 1044 1931 priscis
1061 1862 1108 1911 in
1129 1857 1398 1924 Augustis,
1419 1871 1554 1923 quos
1572 1869 1666 1922 pro
1681 1852 2057 1906 decessoribus
2098 1851 2208 1904 suis

2290 694 2559 760 signorum
2590 693 2916 754 militarium,
2964 692 3123 759 globi.
3161 692 3286 745 terei
3319 693 3582 751 deaurati,
3617 707 3823 742 summo

2290 783 2342 834 in
2390 783 2566 835 hastili
2615 783 2797 835 deﬁxit
2840 799 2852 834 :
2907 783 3286 850 circumplexis
3311 797 3372 834 ac
3403 779 3826 848 dependentibus

2291 875 2524 941 undique
2552 889 2642 926 seu
2685 873 2910 925 crinium
2959 873 3327 941 colligatorum
3375 872 3678 937 manipulis,
3735 886 3827 921 seu

2293 966 2475 1019 Caudis
2515 964 2746 1030 equims.
2791 961 2982 1016 Vertici
3036 977 3312 1030 pomorum
3362 962 3472 1014 sive
3526 962 3828 1027 globoruin,

2292 1071 2424 1123 quos
2469 1055 2719 1116 diximus,
2781 1069 3162 1121 noiinunquam
3246 1053 3368 1104 luna
3422 1068 3670 1104 crescens
3727 1054 3826 1104 im-

2299 1147 2531 1212 ponitur.
2573 1143 2882 1211 Hujusmodi
2942 1145 3090 1208 signa
3148 1143 3398 1196 militaria
3441 1144 3590 1210 plura
3640 1142 3832 1210 gestari

2299 1237 2528 1288 vidimus
2572 1246 2693 1286 ante
2739 1237 2946 1288 bassatn
2999 1249 3090 1286 seu
3136 1234 3502 1302 beglcrbegnm
3552 1231 3834 1283 Temcsi-a-

2301 1342 2534 1387 rensem,
2591 1340 2711 1376 eum
2765 1325 2810 1376 is
2889 1324 3041 1376 nobis
3109 1322 3624 1388 Constantinopolim
3684 1321 3842 1371 ituris

2301 1423 2605 1466 occurreret
2641 1414 2691 1464 in
2726 1413 2960 1480 planitie,
3020 1419 3137 1478 post
3187 1413 3503 1463 descensum
3554 1426 3580 1458 a
3642 1407 3842 1458 montis

2303 1499 2467 1553 “intrii
2507 1500 2739 1560 clisuris,
2803 1514 2904 1551 non
2977 1499 3158 1567 procul
3220 1513 3248 1549 a
3314 1496 3702 1557 Tatarliasare,
3751 1493 3842 1561 qui

2304 1591 2450 1644 locus
2479 1607 2505 1642 a
2543 1591 2661 1641 foro
2697 1591 3009 1642 'l‘atarorum
3042 1605 3233 1642 nomen
3290 1588 3468 1650 habet,
3516 1589 3579 1639 ad
3628 1587 3843 1638 tertium

2306 1682 2706 1749 aPliilippopoli
2781 1681 3006 1748 lapidem
3065 1697 3077 1732 :
3133 1681 3224 1732 ubi
3290 1695 3387 1733 nos
3436 1687 3842 1745 praetereuntem

2307 1775 2458 1842 regio
2514 1788 2633 1826 cum
2693 1773 2967 1835 comitatu,
3030 1785 3327 1838 magnoque
3396 1769 3722 1821 camelorum
3795 1774 3848 1817 it

2309 1863 2532 1914 aliorum
2583 1862 2947 1928 jumentorum
3003 1874 3250 1919 numero,
3318 1856 3666 1926 (summarios
3724 1871 3844 1908 cor-

687 1957 951 2016 nabebat,
1002 1966 1060 2004 ex
1109 1947 1395 2000 ambitione
1419 1946 1643 2012 qtladant
1681 1942 1920 1995 aainulari
1954 1941 2204 1995 voluisse.

2310 1966 2457 2023 rupte
2490 1963 2640 2006 vocat
2676 1952 3032 2017 Belvaeensis,
3062 1952 3153 2020 qui
3181 1951 3377 2003 Graacis
3427 1948 3641 2001 saluarii
3697 1958 3846 2004 sunt,

1029 2061 1108 2112 i9.
1138 2057 1419 2126 Sngutxuc,
1471 2054 1638 2116 Cerle,
1706 2053 1843 2106 Boii.

759 2151 890 2205 Dicit
921 2158 1103 2201 auctor
1129 2147 1398 2198 annalium
1435 2144 1725 2196 existimari
1748 2144 1922 2211 vulgo,
1949 2141 2209 2207 sepultum

685 2241 968 2293 Osmanem
1019 2237 1083 2291 ad
1154 2231 1440 2298 Sugutzuc,
1483 2231 1571 2296 qui
1620 2231 1767 2282 locus
1819 2245 1847 2281 a
1894 2231 2059 2282 salice
2115 2243 2212 2280 no-

689 2347 807 2384 men
844 2331 1049 2380 habent.
1080 2326 1274 2376 Narrat
1311 2330 1484 2374 autem
1536 2321 1818 2382 Laoniius,
1869 2337 1987 2374 esse
2037 2319 2211 2372 vicum

687 2424 833 2490 juxta
881 2419 1120 2487 Mysiam,
1171 2428 1325 2482 quem
1367 2413 1551 2465 incola:
1593 2411 1843 2479 Sogutam
1881 2419 2089 2471 vocent,
2126 2409 2213 2460 ubi

687 2517 879 2567 llumcn
928 2509 995 2560 sit
1027 2505 1259 2573 ejusdem
1297 2503 1545 2554 nominis.
1607 2503 1661 2554 ln
1732 2503 1835 2552 hoc
1887 2502 2004 2553 vico
2059 2500 2218 2552 tradit

692 2600 992 2668 aliquandiu
1023 2596 1291 2648 habitasse
1321 2595 1567 2659 Oguzios,
1599 2604 1649 2642 et
1695 2592 1865 2657 ipsum
1903 2589 2215 2643 Ottimanetn

691 2691 1013 2746 domicilium
1045 2687 1240 2738 ibidem
1270 2684 1540 2739 habuisse,
1571 2682 1859 2732 Putabatur
1896 2680 2056 2746 igitur
2093 2680 2212 2732 istic

687 2784 965 2841 conditus,
1020 2779 1106 2829 ubi
1157 2775 1464 2843 plerumque
1515 2771 1708 2840 degere
1767 2772 1952 2824 solitus
2023 2769 2215 2820 fuerat.

692 2873 850 2925 Addit
895 2871 1074 2926 etiam,
1126 2878 1282 2933 posse
1330 2863 1510 2915 locum
1550 2861 1801 2927 appellari
1856 2859 2030 2910 \ieum
2062 2857 2215 2908 ltzeat.

692 2963 782 3019 Sic
829 2961 966 3014 enim
1015 2956 1182 3009 reddit
1232 2954 1510 3019 interpres,
1562 2967 1742 3003 secum
1794 2950 1846 3001 in
1883 2962 2116 3000 errorem
2169 2956 2219 2997 et

693 3055 823 3104 alios
853 3049 1136 3116 abripiens.
1169 3044 1284 3097 Non
1313 3045 1450 3095 enim
1502 3042 1653 3104 ltteze,
1687 3040 1776 3092 sed
1820 3039 1997 3090 salicis
2049 3038 2218 3090 ticum

694 3144 868 3195 dicere
922 3139 1193 3198 debuerat,
1238 3149 1352 3201 qua:
1384 3131 1579 3184 Grincis
1627 3135 1742 3182 ittea
1809 3141 2049 3182 vocatur.
2093 3127 2221 3182 Ger-

2308 2057 2360 2097 et
2391 2044 2656 2111 saginat-ii,
2686 2053 2738 2096 et
2789 2039 3115 2111 sagmatarii)
3165 2041 3414 2092 vidimus.
3462 2040 3542 2091 Ab
3575 2040 3659 2090 liis
3682 2040 3849 2105 signis

2311 2137 2623 2189 militaribus
2685 2135 2934 2187 dicuntur
3006 2132 3378 2199 Saagiacbegi,
3445 2131 3846 2198 provinciarum

2311 2225 2512 2278 scilicet
2537 2223 2692 2294 407
2727 2225 2995 2292 praesides,
3027 2224 3137 2276 sive
3179 2234 3430 2288 praetores
3459 2237 3471 2272 :
3498 2220 3587 2287 qui
3620 2235 3746 2271 cum
3782 2221 3846 2270 ad

2311 2317 2676 2384 expeditiones
2743 2313 3114 2380 suscipiendas
3171 2311 3420 2364 mandato
3471 2311 3667 2364 sultani
3723 2325 3853 2362 evo-

2313 2419 2521 2469 cantur,
2565 2416 2756 2460 curant
2819 2416 2940 2458 ante
2993 2419 3049 2460 se
3097 2403 3309 2471 signum
3355 2404 3638 2469 ejusmodi,
3691 2403 3854 2470 quale

2313 2497 2562 2561 diximus,
2625 2511 2744 2549 cum
2803 2497 3027 2563 strepitu
3083 2506 3474 2563 tympanorum,
3517 2504 3571 2546 et
3617 2494 3851 2544 aliorum

2316 2585 2812 2650 instrumentorum,
2863 2587 3057 2653 quibus
3111 2596 3329 2638 utuntur
3380 2585 3532 2638 valde
3585 2584 3853 2642 stridulis.

2316 2678 2536 2744 gestari.
2567 2676 2734 2730 Graeci
2772 2675 3057 2729 Turcicum
3091 2676 3216 2729 illud
3257 2678 3480 2740 Sanzac,
3530 2675 3852 2728 ﬂatnbarum

2317 2779 2370 2822 et
2414 2768 2718 2822 ﬂambulum
2766 2771 3031 2837 appellant
3083 2786 3098 2821 :
3159 2771 3428 2822 Sanzacos
3467 2779 3666 2828 autem,
3700 2769 3856 2819 ﬂani-

2317 2861 2548 2914 bulares.
2608 2860 2714 2914 Leo
2763 2863 3006 2929 Sapiens,
3065 2859 3194 2930 lrnp.
3247 2863 3476 2931 August.
3529 2862 3722 2913 librum
3781 2864 3856 2910 De

2320 2949 2651 3016 apparatibus
2707 2949 2901 3001 bellicis
2947 2950 3183 3015 scripsit,
3232 2965 3574 3012 conversum,
3627 2947 3856 3001 liberius

2321 3058 2476 3111 quam
2533 3057 2632 3108 par
2686 3052 2818 3105 erat,
2869 3041 2922 3093 in
2989 3041 3220 3109 linguam
3275 3040 3516 3092 Latinam
3566 3054 3593 3090 a
3645 3037 3856 3091 Joanne

2320 3135 2496 3188 Checo
2548 3132 2737 3202 Anglo,
2795 3149 2951 3200 quem
3005 3132 3246 3186 Graecum
3319 3133 3596 3185 habemus.
3663 3129 3716 3183 In
3789 3147 3858 3180 ro

695 3231 854 3293 niani,
887 3241 1108 3296 quorum
1159 3224 1338 3291 lingua
1366 3221 1744 3288 componendis
1792 3220 2095 3272 nominibus
2129 3234 2284 3308 perc
2323 3225 2639 3284 Flatnulum,
2695 3239 2799 3290 quo
2826 3224 3085 3276 Cedrinus
3140 3224 3298 3275 etiam
3345 3224 3528 3283 utitur,
3576 3232 3626 3274 et
3674 3219 3854 3273 fortiza

692 3329 774 3373 est
849 3320 1077 3376 idonea,
1145 3310 1461 3364 Falberdori
1546 3312 2032 3375 interpretarentur.
2108 3309 2211 3360 Sed

692 3408 1001 3469 notandum,
1043 3418 1071 3455 a
1107 3403 1334 3454 Laonico
1359 3409 1475 3468 potu
1536 3396 1744 3466 Sogutae
1786 3413 1986 3461 vocem,
2040 3397 2212 3448 omitti

693 3498 908 3548 alteram
963 3492 1238 3546 Turcicam
1271 3488 1392 3549 Gui,
1445 3488 1668 3540 duarum
1712 3485 2058 3554 syllabarum,
2099 3499 2214 3549 quae

696 3592 866 3638 vicum
918 3599 1012 3636 seu
1060 3595 1246 3648 pagum
1307 3579 1590 3645 signiﬁcat,
1625 3576 1677 3627 lu
1710 3577 1988 3627 annalibus
2021 3576 2215 3626 nostris

696 3685 964 3740 bugutzug
992 3672 1344 3738 legitur,voce
1375 3665 1606 3718 novellas
1643 3666 1753 3715 sive
1788 3674 1996 3716 teneras
2027 3665 2216 3714 salices

697 3765 1043 3832 signiﬁcante,
1092 3759 1172 3810 vel
1210 3756 1482 3810 salicetuui
1553 3753 1768 3822 potius:
1836 3755 1974 3806 sicut
2029 3754 2213 3806 iisdem

696 3856 882 3909 Turcis
914 3854 1132 3920 Beiezug
1164 3860 1357 3903 tenerae
1397 3849 1507 3901 sive
1545 3847 1764 3898 novellae
1807 3861 2038 3914 quercus
2073 3854 2214 3906 sunt,

694 3963 781 4002 aut
829 3955 1172 4015 «iuercetum:
1225 3942 1364 4007 quod
1418 3942 1590 4006 ipsum
1627 3953 1839 4006 quoque
1903 3951 2093 3988 nomen
2138 3945 2218 3989 est

693 4042 866 4109 oppidi
931 4034 1214 4095 Anatoliei,
1272 4031 1424 4098 cujus
1481 4031 1617 4081 inira
1660 4028 1895 4080 meminit
1947 4027 2216 4078 annalium

692 4143 894 4185 auctor.
929 4127 1063 4180 Hinc
1088 4125 1246 4176 etiam
1275 4123 1388 4189 pagi
1415 4120 1734 4188 Osuianzug,
1763 4120 1840 4169 vel
1865 4115 2217 4184 Otlimanzng,

695 4239 881 4276 nomen
919 4203 1118 4273 derivo
1167 4236 1178 4269 :
1227 4215 1384 4268 veluti
1432 4228 1538 4279 quo
1597 4212 1925 4279 signiﬁcetur
1973 4210 2220 4262 Osmanis

693 4318 802 4367 sive
833 4313 1194 4368 seminarium,
1229 4310 1336 4361 sive
1379 4306 1649 4374 plantatio.
1685 4305 1832 4371 Apud
1860 4306 2219 4356 Abt'aliamurn

693 4405 946 4459 Ottelium
979 4403 1030 4474 in
1066 4402 1240 4452 tabula
1284 4397 1504 4448 Natalia:
1559 4396 1746 4460 legitur
1806 4391 2218 4459 Otlimangiuelt,

693 4493 832 4560 quod
883 4491 1049 4542 tribus
1107 4489 1321 4554 syllabis
1371 4485 1550 4538 Italico
1601 4499 1745 4536 inore
1797 4485 2217 4551 ptottuntiatum,

2317 3318 2584 3369 deminuta
2609 3313 3025 3378 Flamuliscium,
3059 3327 3111 3369 et
3134 3313 3464 3366 Flamulares
3488 3313 3851 3380 reperiuntur,

2315 3408 2528 3459 nomina
2592 3406 2788 3460 Grecis
2837 3417 2888 3458 et
2935 3405 3180 3458 Turcicis
3229 3405 3374 3457 hisce
3443 3407 3850 3470 reSpOndentia.

2313 3497 2427 3550 Non
2487 3500 2626 3550 enim
2679 3508 2875 3550 temere
2934 3498 3132 3549 dictum
3193 3511 3220 3548 ιι
3290 3497 3466 3560 nobis,
3488 3499 3671 3550 simias
3727 3513 3853 3551 esse

2313 3588 2613 3642 Griecorum
2663 3590 2886 3658 Turcqs.
2950 3589 3002 3640 in
3059 3587 3219 3640 rebus
3270 3589 3547 3656 plurimis:
3618 3595 3858 3641 maxime

2314 3694 2430 3745 qua:
2456 3687 2695 3743 speet-int
2725 3679 2787 3727 ad
2823 3676 2989 3727 ollicia
3027 3676 3294 3738 militaria,
3345 3678 3858 3746 provinciarumque

2317 3767 2654 3835 praefecturas
2685 3781 2742 3816 τις
2767 3767 3097 3832 praesulatus,
3128 3776 3179 3818 et
3205 3784 3385 3820 earum
3420 3769 3855 3823 distributiones.

2318 3858 2537 3907 Messqu
2563 3871 2652 3910 seu
2725 3855 2947 3908 illeszitaa
3001 3856 3190 3913 Turcis
3252 3862 3462 3927 proprie
3513 3864 3702 3926 templa
3771 3866 3856 3909 di-

2317 3956 2528 4002 cuntur,
2556 3961 2584 3996 e
2615 3946 2768 4012 lignis
2808 3947 3061 3999 fabricata
3090 3951 3305 4016 :qualia
3337 3950 3538 4005 sciliCct
3562 3954 3628 4002 ab
3650 3953 3725 4003 eis
3752 3967 3857 4002 ex-

2318 4037 2676 4098 struebantur,
2702 4052 2821 4089 cum
2861 4041 3080 4090 necdum
3135 4041 3337 4108 imperij
3373 4043 3667 4095 crevissent
3693 4056 3854 4108 apes.

2319 4124 2484 4178 Zuma
2538 4142 2660 4179 vero
2705 4127 2879 4196 (cujus
2927 4129 3169 4182 vocabuli
3225 4145 3387 4196 supra
3443 4145 3654 4196 quoque
3709 4130 3855 4183 facta

2320 4217 2417 4270 fuit
2473 4217 2688 4286 mentio)
2743 4217 2992 4284 templum
3038 4217 3302 4286 signiﬁcat
3359 4222 3613 4284 amplum,
3667 4227 3858 4286 operis

2319 4309 2529 4375 lapidei.
2571 4308 2834 4362 Medressa
2864 4309 2986 4376 quid
3036 4311 3128 4372 sit,
3176 4311 3303 4377 quid
3338 4309 3645 4370 imaretum,
3698 4311 3855 4365 Gau-

2321 4401 2499 4452 derius
2534 4400 2645 4467 ipso
2717 4411 2968 4452 contextu
3054 4402 3319 4468 expoSuit.
3365 4400 3624 4453 Nimirum
3679 4419 3854 4456 xeno-

2321 4493 2506 4544 docliia
2537 4501 2679 4554 sunt,
2713 4498 2766 4544 ut
2795 4501 2874 4546 cst
2900 4493 3077 4546 videre
3102 4492 3239 4559 apud
3269 4491 3645 4559 Busbequium,
3700 4496 3851 4547 haud

693 4587 828 4637 idem
863 4592 940 4633 est
972 4594 1092 4630 cuni
1141 4575 1493 4640 Otlimanaug.
1527 4574 1580 4624 In
1614 4574 1886 4624 itinerario
1937 4573 2216 4638 Busbequii
2254 4572 2294 4624 D
2323 4581 2643 4649 ineleganter
2672 4593 2999 4643 ευηςιηιρια,
3028 4583 3247 4649 suisque
3279 4582 3525 4636 distincta
3558 4587 3851 4639 cubiculis;

693 4678 881 4744 legitur
907 4670 1229 4731 Otlitnanltlt,
1260 4673 1539 4736 depravate
1569 4676 1714 4732 puto,
1749 4683 1865 4717 eum
1908 4666 2213 4720 Otniansick

692 4771 773 4820 vel
844 4761 1202 4819 Otlnnansuelt
1254 4760 1321 4813 ab
1380 4760 1492 4825 ipso
1541 4762 1797 4824 scriptum
1877 4757 2035 4810 l'ueri-t
2092 4776 2105 4812 ε
2161 4770 2216 4811 ιιι.

693 4862 952 4926 posterius
996 4856 1095 4908 boc
1161 4853 1201 4904 ν
1251 4851 1509 4904 Gallicum
1561 4849 1773 4910 habent,
1821 4847 2008 4901 Turcis
2055 4856 2211 4903 etiam

693 4961 962 5004 usitatum.
1019 4945 1249 5010 Longius
1299 4943 1366 4992 ab
1405 4939 1606 5004 origine
1649 4942 1789 4990 vocis
1817 4942 2090 5002 recedunt,
2123 4943 2212 5007 qui

689 5045 930 5100 Otmanic
957 5041 1214 5095 scribunt.
1278 5033 1348 5085 De
1393 5031 1525 5094 Boli,
1599 5041 1704 5083 tam
1770 5033 2004 5101 regione,
2049 5050 2210 5100 quam

689 5134 902 5201 oppido,
979 5141 1138 5194 supra
1221 5124 1451 5176 diximus
1511 5138 1726 5175 numero
1794 5124 1877 5174 i3.
1937 5122 2206 5176 Bellenius

687 5225 932 5288 Oppidum
958 5219 1146 5286 priscis
1191 5213 1530 5266 Abeuiticbos
1581 5212 1776 5264 dictum
1831 5223 2001 5280 putat.
2057 5214 2209 5267 Gerle

689 5327 792 5364 ttOn
844 5310 1093 5376 procula
1146 5304 1260 5355 Bolt
1311 5302 1505 5370 oppido
1564 5302 1744 5364 distat,
1799 5304 1890 5356 sed
1935 5305 2204 5357 ili-Orici“

687 5396 889 5456 Natalia
925 5407 1051 5463 puto
1078 5410 1178 5446 non
1207 5404 1344 5445 recte
1379 5391 1538 5444 scribi
1591 5390 1813 5458 Gerede,
1857 5408 1954 5460 pro
2000 5393 2206 5456 Gerele,

685 5487 826 5552 quod
854 5485 984 5536 idem
1015 5494 1092 5536 est
1125 5479 1242 5534 cuni
1273 5482 1446 5535 Gerlc.

683 5597 772 5652 20,
836 5593 1078 5660 Smigiac,
1115 5589 1334 5662 Suugiac
1391 5591 1491 5662 Reg
1517 5574 1539 5657 ,-
1568 5595 1780 5648 Most/iit
1807 5634 1822 5660 ,
1855 5593 1932 5645 vel
1987 5593 2166 5645 Me'szit
2189 5635 2201 5656 ,

751 5666 988 5787 gziumu,
1048 5665 1145 5713 sive
1196 5659 1379 5726 Zama,
1426 5659 1656 5728 l'rmaret,
1694 5659 1921 5722 Caudrt,
1970 5665 2201 5729 Cangri,

833 5748 1062 5787 iaiiaare.

833 5748 1062 5799 tangore.

750 5848 971 5912 Sangtac
1001 5847 1361 5915 dissyllabum,
1394 5848 1505 5900 sive
1529 5846 1751 5910 Sanzac,
1803 5845 1992 5899 Turcis
2038 5843 2195 5896 vexil-

2319 4673 2370 4723 in
2429 4686 2547 4737 quae
2608 4687 2712 4723 non
2775 4674 2930 4724 modo
2985 4671 3143 4724 Turci
3182 4671 3483 4736 'divertunt,
3535 4677 3625 4726 sed
3681 4678 3852 4729 etiam

2315 4761 2432 4813 aliis
2465 4761 2744 4826 quibusvis
2779 4762 3034 4822 homines
3074 4761 3270 4814 addicti
3317 4762 3381 4815 de
3422 4765 3673 4832 religione
3718 4781 3856 4818 sen-

2311 4851 2511 4904 tentiis.
2564 4851 2768 4919 Quippe
2828 4865 2923 4904 nec
2971 4850 3310 4906 Christianus
3388 4854 3698 4921 quisquam,
3745 4870 3856 4909 nec

2311 4944 2541 5002 Judrens.
2576 4958 2665 4996 seu
2717 4944 2886 5004 dives,
2936 4957 3029 4994 seu
3065 4943 3359 5009 mendicus,
3387 4946 3455 4998 ab
3484 4946 3548 4998 iis
3608 4955 3855 5000 arcetur.

2311 5033 2480 5086 Basse
2531 5049 2761 5102 quoque,
2811 5047 2874 5085 ac
2922 5032 3175 5100 sangiaci,
3235 5048 3356 5087 cum
3413 5038 3852 5104 peregrinantur,

2309 5125 2411 5176 illis
2441 5136 2680 5177 utuntur.
2727 5123 2838 5177 llos
2872 5123 2943 5176 ita
2997 5123 3096 5176 fert
3155 5123 3479 5191 Turcorum,
3530 5139 3587 5180 nt
3617 5127 3852 5193 singulis

2308 5217 2396 5280 qui
2429 5228 2490 5265 eo
2545 5215 2825 5273 divertunt,
2887 5211 3062 5264 cibum
3123 5215 3420 5281 praebeant.
3476 5215 3607 5268 Cum
3673 5230 3852 5269 emine

2310 5315 2514 5369 tempus
2545 5302 2779 5369 appetiit,
2812 5303 2958 5356 adest
2989 5306 3232 5358 minister
3281 5321 3399 5358 cum
3438 5309 3636 5372 ingenti
3669 5307 3852 5376 ligneo

2307 5394 2476 5454 disco,
2517 5392 2629 5459 qui,
2662 5408 2856 5447 mensae
2887 5395 3056 5448 instar
3085 5396 3254 5448 videri
3287 5410 3479 5463 potest.
3506 5396 3617 5449 Hoc
3645 5413 3848 5464 patina:

2307 5483 2483 5549 plores
2535 5483 2898 5548 continentur,
2951 5487 3180 5552 impletae
3233 5487 3312 5538 vel
3347 5489 3491 5539 oriza
3533 5497 3706 5552 cocta,
3761 5498 3848 5546 vel

2305 5572 2522 5624 decocto
2561 5573 2624 5624 ad
2679 5589 2974 5628 cremorem
3014 5575 3233 5636 hordeo,
3280 5577 3458 5627 addito
3501 5579 3678 5632 carnis
3736 5587 3852 5648 ple-

2306 5679 2526 5729 rumque
2559 5666 2847 5719 vervecinae
2898 5666 3090 5719 frusto.
3159 5665 3372 5719 Circum
3425 5668 3631 5732 patinas
3687 5676 3851 5741 positi

2305 5765 2464 5817 panes
2512 5764 2653 5819 sunt,
2704 5765 2754 5808 et
2800 5772 3179 5824 nonnunquam
3240 5757 3438 5824 aliquid
3495 5758 3618 5814 favi.
3672 5765 3856 5822 Sumit

2306 5857 2367 5893 ex
2402 5842 2481 5896 liis
2536 5846 2623 5910 qui
2679 5847 2806 5898 vult.
2862 5847 2936 5898 Ac
2990 5848 3066 5897 I‘as
3122 5855 3202 5896 est
3255 5846 3739 5915 peregrinantibus,
3801 5856 3854 5908 bi
