4032 6344
183 502 298 566 ’149

1321 511 1708 573 PANDECTE
1742 516 1934 580 IIlST.
1981 519 2273 584 TURCIC.

3256 530 3359 594 750

185 613 326 671 cibis
375 623 488 666 toto
543 612 718 667 triduo
770 613 935 680 gratis
987 613 1119 667 frui.‘
1161 611 1350 670 Postea
1404 622 1716 675 mutandum
1750 632 1791 688 Α
1821 641 1939 680 rum
1973 631 2276 698 appellatio,
2331 634 2661 702 principibus
2711 639 3355 708 ipsis'Musulmanorum

186 704 483 772 hospitium
514 742 527 756 .
559 703 704 758 'Sane
749 704 958 758 Turcici
1019 720 1268 774 proceres
1328 711 1573 764 maximis
1623 713 1724 765 im-

185 796 370 862 pensis
417 810 689 850 exStrucre
714 795 1029 864 potissimun
1071 798 1281 851 student
1327 800 1437 854 haec
1481 812 1720 871 septem:

184 884 453 946 Messitas,
507 884 752 948 lmareta,
817 885 1014 941 Graecis
1049 886 1285 951 Maratia,
1318 895 1720 959 caravansaria‘,

184 974 378 1028 balnea
428 977 637 1043 publica
669 993 683 1033 :
724 978 919 1044 quibus
949 979 1104 1031 etiam
1134 978 1518 1048 pulcherrimos
1544 983 1718 1039 fontes

185 1065 506 1134 adjnngunt,
540 1066 590 1119 itt
631 1068 857 1128 caeteris.
899 1068 964 1122 ad
1017 1084 1146 1124 usus
1183 1071 1476 1153 hominum,
1509 1074 1724 1141 jumen-

181 1159 366 1205 torum
398 1156 774 1222 quotidianus;
808 1158 857 1209 in
903 1159 1136 1214 messitis
1162 1162 1225 1213 ad
1263 1162 1602 1218 lustrationes
1637 1167 1718 1218 vel

181 1243 486 1298 ablutioncs
505 1245 755 1312 quasdam
783 1251 1111 1317 peragemlas
1140 1253 1306 1318 prius,
1344 1268 1501 1320 quam
1527 1256 1720 1324 templa

183 1349 283 1386 sua
316 1333 429 1386 sive
459 1336 702 1388 messitas
735 1336 1121 1402 ingrediantur.
1143 1341 1234 1397 llis
1261 1345 1392 1399 adde
1437 1345 1716 1402 ﬂuminum

181 1436 393 1493 pontes,
424 1436 476 1478 et
530 1429 641 1481 vias
689 1431 927 1497 publicas
950 1474 964 1495 ,
1023 1435 1289 1504 lapidibus
1319 1449 1513 1495 stratas
1545 1458 1560 1495 :
1599 1458 1719 1511 quae

176 1515 396 1580 quidem
479 1518 656 1570 omnia
720 1522 938 1586 perinde
1005 1527 1312 1591 spectabilia
1383 1540 1508 1584 sunt
1575 1535 1715 1601 apud

176 1602 404 1666 Turcos,
442 1617 494 1658 et
524 1607 736 1671 eximia,
779 1611 918 1665 sicut
943 1615 1079 1680 apud
1115 1615 1316 1685 Anglos
1354 1619 1478 1683 ista,
1546 1638 1708 1678 versu

173 1695 564 1761 comprehensa
597 1699 762 1750 veteri
798 1714 813 1751 :

252 1784 424 1846 Μυηε.
458 1797 504 1840 et
544 1788 658 1853 [ous
689 1801 736 1840 et
766 1805 936 1857 pons:
976 1793 1210 1860 ecclesia,
1243 1798 1461 1866 femina,
1498 1802 1642 1855 lana.

248 1876 744 1949 Prupetitodumque
815 1881 993 1936 licebit
1056 1892 1110 1938 et
1178 1885 1402 1942 Turcica
1469 1891 1711 1961 distycho

173 1965 459 2031 c0tuplccti
483 1984 494 2018 :

284 2076 522 2153 genita,
559 2084 837 2136 maratium
865 2101 880 2136 :
918 2090 1349 2153 caravansaraia,
1377 2090 1603 2146 lavatra.

278 2145 487 2211 Fontes,
545 2161 593 2202 et
626 2161 802 2217 pontes
835 2154 1130 2220 ﬁuriorum,
1164 2145 1585 2215 strata'viarum.

243 2235 429 2290 Obiter
458 2240 555 2294 hoc
583 2241 739 2294 etiam
770 2243 928 2307 addo,
962 2243 1418 2317 Constantinopoli
1456 2253 1708 2317 messitis,

169 2341 294 2394 qua:
320 2328 441 2381 istic
461 2345 679 2385 numero
705 2333 822 2401 plus
846 2336 1020 2390 minus
1047 2338 1452 2407 quadringenta
1468 2353 1611 2405 sunt,
1635 2353 1712 2397 tot

169 2419 479 2488 huiusmodi
540 2424 786 2492 adjuncta
823 2441 953 2480 esse
1004 2431 1266 2483 ntaratia:
1308 2441 1364 2484 ut
1409 2433 1454 2486 si
1484 2435 1604 2503 quis
1657 2437 1708 2490 in

168 2524 282 2562 uno
316 2511 546 2565 triduum
581 2516 804 2579 victitet,
853 2530 932 2594 ac
967 2518 1158 2573 deinde
1194 2532 1373 2590 pergat
1420 2522 1605 2576 ordine
1643 2527 1707 2580 ad

169 2611 402 2666 caetera,
452 2606 614 2660 totius
690 2608 814 2660 anni
863 2611 1036 2677 spatio
1089 2611 1166 2663 vel
1198 2613 1429 2666 invisere
1481 2626 1709 2682 nequeat

166 2693 375 2754 omnia,
404 2695 484 2747 vel
518 2697 757 2749 omnium
793 2700 866 2750 uti
913 2701 1191 2754 beneﬁcio.
1247 2702 1501 2770 Sequitur
1548 2707 1706 2760 etiam

165 2781 330 2847 paulo
387 2795 505 2850 post
552 2786 693 2840 hunc
740 2788 912 2840 locum
963 2790 1014 2841 itt
1075 2792 1355 2847 annalibus
1416 2795 1707 2862 explicatus

166 2873 510 2926 imaretorum
546 2891 691 2941 usus,
731 2894 849 2932 cum
897 2891 1137 2944 narrant,
1191 2885 1477 2952 ipsummet
1509 2886 1706 2942 Urcha-

163 2975 290 3014 nent
319 2961 370 3012 in
402 2971 673 3017 exstructo
700 2965 766 3019 ab
802 2982 859 3018 se
909 2967 1131 3022 imareto
1161 2973 1309 3025 cibos
1335 2973 1698 3030 distribuisse.

234 3049 466 3103 Candria
531 3055 678 3120 regio
737 3055 836 3107 sita
889 3068 970 3109 est
1019 3059 1083 3111 ad
1140 3058 1363 3115 Pontum
1418 3063 1701 3132 Euxinum,

159 3125 303 3191 inter
331 3139 653 3208 Bithyniam,
683 3154 735 3197 et
766 3144 1016 3210 Pontum,
1066 3150 1167 3202 hoc
1212 3158 1464 3219 nomine,
1489 3158 1702 3222 provin-

157 3227 300 3278 ciam
330 3245 345 3286 ;
373 3229 458 3281 ubi
496 3245 548 3284 et
579 3235 829 3300 Oppidum
859 3237 1085 3293 Candria
1123 3244 1386 3310 reperitur
1425 3245 1477 3298 in
1512 3247 1695 3332 Ortelii
1725 3258 1767 3315 α

156 3316 389 3383 Natalia,
423 3321 580 3374 situnt
615 3341 677 3377 eo
708 3329 862 3392 plane
908 3331 1044 3394 loco,
1077 3349 1183 3398 quo
1231 3335 1508 3390 Dcdacana
1551 3330 1698 3394 vetus

155 3425 185 3460 a
255 3409 470 3464 Nicolao
515 3415 781 3483 Sophiano
842 3424 1078 3487 ponitur.
1143 3425 1421 3480 Diversum
1483 3431 1549 3482 ab
1599 3437 1698 3486 hoc

154 3501 415 3570 oppidum
443 3517 525 3558 est
552 3507 765 3577 Caugri,
791 3526 974 3567 versus
993 3517 1258 3570 Amasiam
1284 3520 1395 3572 sive
1422 3521 1706 3589 Cappado-'

153 3589 346 3652 ciant,
399 3592 538 3658 quod
602 3595 727 3646 olim
809 3595 1017 3667 Gaugra
1100 3609 1488 3668 nominabatur,
1560 3613 1698 3666 unde

152 3674 353 3732 Turcis
385 3690 438 3732 et
469 3683 610 3749 regio
636 3685 931 3754 Cltiangarc
956 3693 1118 3744 dicta.

395 3773 484 3825 21.
519 3772 760 3840 Zcrcolaz,
791 3789 893 3829 tam
935 3782 1061 3832 albae
1092 3801 1245 3851 quam
1271 3790 1460 3841 rubrae;

226 3859 447 3916 Zercola
493 3866 677 3934 capitis
710 3885 739 3920 e
778 3870 914 3924 ﬁltro
970 3884 1327 3942 tegumentum
1377 3892 1478 3947 est,
1533 3884 1692 3939 latam

151 3966 376 4006 auream
407 3956 666 4011 ﬁmbriam
715 3962 936 4024 habens,
988 3982 1091 4033 qua
1123 3981 1273 4035 parte
1319 3974 1478 4040 capiti
1525 3976 1692 4043 impo-

153 4042 352 4101 nitur;
387 4043 452 4098 de
507 4047 713 4114 penulze
790 4054 997 4106 manica
1044 4059 1290 4124 tegminis
1324 4061 1486 4127 ipsius
1531 4042 1687 4130 petita

149 4132 354 4196 iorttta,
376 4136 511 4188 sicut
546 4141 756 4204 ipsimet
785 4144 935 4196 aiunt
955 4145 1134 4199 'l‘ttrci.
1173 4148 1442 4216 Snperiori
1466 4153 1688 4207 zezcolaa

150 4221 336 4288 parti,
394 4230 897 4295 sesquispithamam
956 4235 1112 4297 altae.
1180 4250 1334 4305 caput
1392 4241 1683 4295 inseritur:

147 4312 381 4366 inferior
407 4332 436 4367 a
467 4320 662 4373 vertice
685 4324 874 4389 Capitis
926 4325 1060 4377 infra
1089 4331 1321 4382 cervices
1354 4330 1405 4382 in
1463 4333 1681 4387 dorsum

151 4420 267 4458 non
305 4406 453 4460 aliter
488 4409 553 4463 ad
585 4421 691 4466 tres
718 4416 1008 4482 spithantas
1041 4435 1203 4487 Vsque
1249 4424 1563 4488 demittitur,
1621 4445 1683 4481 ac

151 4495 481 4550 feminarum
517 4501 838 4558 Gallicarum
870 4516 1098 4576 tegmen,
1136 4515 1272 4580 quod
1298 4517 1584 4585 rltnpperon
1616 4519 1681 4573 ab

144 4589 229 4639 eis
260 4586 477 4640 dicitur.
535 4593 579 4641 A
640 4597 812 4650 inedia
863 4597 1034 4652 fronte
1066 4603 1236 4670 surgit
1274 4606 1497 4675 oblouge
1540 4625 1682 4676 qnm-
1717 4582 1755 4633 θ

145 4679 282 4732 dant
329 4679 480 4744 quasi
514 4684 592 4735 vel
636 4685 809 4741 ﬁstula
865 4691 946 4743 vel
991 4694 1174 4760 vagina
1209 4710 1271 4746 ex
1319 4711 1440 4757 aere,
1493 4701 1679 4765 partim

144 4771 426 4834 deaurata,
458 4775 645 4840 partim
668 4791 889 4846 argento
913 4783 1040 4837 foris
1064 4785 1310 4844 obducta.
1336 4789 1419 4839 cui
1449 4804 1683 4855 gemmas

145 4864 419 4927 inserunt,
445 4881 548 4916 non
575 4869 748 4933 magni
782 4879 953 4925 tamen
973 4876 1148 4943 pretii.
1180 4875 1296 4928 llaec
1318 4878 1519 4929 zcrcola
1538 4881 1682 4946 gt-ni-

143 4956 298 5008 zaris
326 4955 430 5007 albi
452 4955 648 5011 coloris
676 4970 774 5022 est,
825 4963 943 5016 aliis
977 4967 1260 5019 nonnullus
1290 4967 1454 5027 rnl'ri,
1479 4969 1539 5019 tle
1561 4971 1679 5034 qui-

142 5043 246 5096 bus
292 5044 397 5096 alio
433 5045 715 5100 dicendum
745 5049 881 5103 loco.
923 5053 1121 5107 Fistula
1155 5058 1265 5108 sive
1300 5056 1513 5108 tubulus
1540 5059 1680 5109 exci-

127 5133 346 5198 piendo
375 5149 509 5188 cono
553 5137 617 5189 tle
648 5139 834 5205 pennis
859 5143 1040 5194 avium
1069 5145 1204 5198 iacto
1231 5151 1416 5209 servit,
1447 5148 1524 5198 vel
1559 5147 1677 5199 belli

144 5231 415 5289 tempore,
449 5230 528 5279 vel
555 5243 676 5280 cum
718 5231 965 5284 satellitio
994 5248 1089 5286 suo
1116 5237 1380 5289 sultanum
1405 5239 1620 5307 stipant.

214 5333 666 5404 22.Husulmani,
709 5342 1177 5406 ntusulntmtiuare,
1236 5352 1604 5415 magariuare,

519 5408 971 5467 TarchLaumcus
999 5416 1315 5488 emendatus.

213 5491 587 5555 Liusulmanos
637 5502 743 5555 dici
783 5517 841 5554 se
898 5503 1098 5554 volunt
1127 5503 1507 5568 Maltuntetani.
1555 5522 1674 5564 tan-

145 5597 306 5650 quam
357 5596 499 5640 recte
551 5593 873 5648 credentes;
931 5601 988 5643 ut
1033 5592 1294 5647 Ariauicis
1347 5603 1672 5667 temporibus

147 5675 324 5728 caeteri
350 5674 664 5744 Christiani,
697 5694 958 5752 quotquot
1004 5684 1447 5741 abominabantnr
1487 5709 1669 5748 eorum

148 5764 377 5824 furores,
418 5769 832 5826 ortltmloxorum
889 5788 1078 5827 nomen
1132 5773 1536 5840 proﬁtebantur.
1596 5785 1669 5836 Ac

154 5856 363 5911 tametsi
397 5856 783 5916 Mabntnctanis
823 5865 1191 5918 honestissittta
1214 5865 1280 5919 sit
1317 5866 1667 5930 Musulmano-

1761 4547 1902 4594 tcum
1938 4533 2039 4587 alia
2075 4537 2190 4590 istis
2214 4528 2633 4598 animadvertere
2666 4552 2876 4606 memini

1828 721 2071 775 snltunos
2148 739 2208 777 se
2260 727 2696 791 nontinantibus,
2751 735 2825 786 uti
2872 735 3177 804 ircqucntet‘
3217 739 3354 806 apud

1825 822 2108 880 praetorem
2141 827 2376 870 nostrum
2432 821 2613 875 videre
2639 833 2758 878 est:
2814 836 2986 880 tamen
3033 829 3233 883 Graecis
3275 832 3333 881 vi

1825 902 1981 964 ciuis,
2014 912 2070 956 nt
2124 903 2464 975 Christianis,
2502 923 2615 967 erat
2639 919 2962 972 exsecrabile
2993 935 3212 983 nomen.
3261 940 3350 994 qu.

1823 994 1984 1047 verbo
2011 994 2480 1054 Musulmanissare
2507 1003 2571 1056 de
2601 1005 2841 1059 omnium
2870 1003 3182 1077 gravissimo
3211 1017 3349 1082 apud

1823 1084 2151 1142 Christianos
2189 1087 2388 1158 ﬂagitio
2443 1093 2664 1149 desertae
2709 1099 2979 1166 religionis
3031 1107 3350 1163 utebantur:

1822 1174 1975 1241 cujus
2002 1178 2160 1230 etiam
2219 1183 2323 1235 vim
2376 1171 2732 1252 declarantes,
2788 1190 2928 1243 aliud
2964 1196 3349 1263 magarissandi

1818 1264 1980 1335 408
2009 1269 2222 1322 verbum
2248 1271 2593 1340 adhibebant,
2639 1277 2778 1344 quod
2808 1280 3070 1349 signiﬁcat
3118 1296 3354 1342 stercore

1823 1352 1925 1430 iaci
1944 1370 2026 1408 cm
2054 1372 2431 1427 conspurcare.
2483 1363 2764 1431 Cedrinus,
2824 1369 3021 1438 aliique
3067 1375 3354 1443 scriptores

1825 1445 2085 1513 historiae,
2139 1453 2372 1506 cum-iis
2415 1455 2505 1522 qui
2557 1456 2646 1522 jus
2697 1461 3018 1514 canonicum
3067 1466 3352 1521 Orientalis

1824 1538 2076 1593 Ecclesia:
2117 1549 2434 1609 tractarunt,
2516 1559 2742 1618 utroque
2775 1564 3021 1608 utuntur.
3079 1556 3352 1613 Osmanici

1818 1637 1994 1683 tamen
2072 1633 2319 1689 aﬂ'ectant
2376 1638 2513 1692 hanc
2561 1644 2988 1710 appellationem,
3046 1660 3099 1703 et
3144 1649 3350 1704 Turcos

1817 1736 1875 1771 se
1894 1721 1998 1774 dici
2033 1725 2242 1781 nolunt.
2273 1727 2386 1791 Quo
2416 1731 2480 1784 de
2501 1735 2759 1789 vocabulo
2783 1736 2962 1793 facere
2981 1755 3083 1793 non
3110 1759 3345 1806 possunt.

1814 1813 1942 1878 quin
2003 1813 2229 1886 Philippi
2275 1820 2490 1877 Mornati
2537 1829 2850 1887 sententiam
2924 1846 3206 1900 exponam,
3279 1852 3343 1890 ex

1815 1900 1951 1956 libro
1969 1906 2085 1971 ejus
2100 1906 2299 1964 Gallice
2317 1914 2534 1982 scripto,
2564 1917 2630 1971 de
2651 1921 2865 1974 veritate
2881 1922 3151 1992 religionis
3189 1927 3346 1980 Clu-i-

1813 1994 1996 2048 stiauae
2040 2009 2224 2074 contra
2257 2017 2506 2071 paganos,
2538 2009 2767 2075 Judazos,
2830 2013 3250 2084 Mahumetanos,
3293 2033 3348 2075 et

1813 2085 1967 2149 alios,
2011 2088 2094 2140 cui
2139 2091 2328 2146 similis
2367 2096 2417 2147 in
2475 2098 2910 2171 hoe-argumenti
2940 2123 3130 2176 genere
3165 2113 3344 2164 nullus

1812 2181 2041 2234 antehac
2098 2184 2314 2250 prodiit.
2364 2185 2495 2241 Nam
2527 2192 2710 2244 cadent
2766 2209 2925 2262 Opera
2959 2201 3024 2253 de
3049 2200 3343 2256 Turcorum

1809 2271 1968 2323 etiam
2027 2273 2236 2342 origine
2285 2279 2538 2344 quiddam
2598 2300 2701 2337 non
2752 2296 2950 2347 temere
2995 2293 3340 2361 rcjiciendunt

1810 2361 2186 2431 intelligemus.
2232 2368 2320 2422 Ait
2346 2385 2472 2440 ergo
2526 2373 2812 2440 Mornaius,
2855 2379 3123 2437 lsraelitas
3173 2384 3339 2442 fuisse

1810 2461 2217 2540 transportatos,
2240 2463 2399 2516 etiam
2429 2465 2698 2523 Herodoto
2741 2481 2892 2536 teste,
2929 2476 3059 2529 ultra
3088 2478 3336 2536 Mediam.

1807 2547 1872 2596 ad
1905 2538 2146 2615 regiones
2177 2552 2226 2603 id
2250 2556 2501 2622 temporis
2527 2558 2864 2629 inhabitatas,
2932 2577 2986 2621 et
3009 2570 3074 2624 ab
3097 2571 3174 2626 eis
3218 2588 3326 2641 par-

1807 2632 1899 2684 tim
1915 2632 2143 2690 Colchos
2160 2639 2415 2708 originem
2450 2644 2687 2711 duxisse,
2706 2653 2798 2719 qui
2819 2653 3069 2712 Herodoti
3102 2632 3339 2730 terni-tare

1807 2721 2614 2801 circuntcidebantur;partim
2649 2738 2901 2810 Tataros,
2934 2751 3025 2815 qui
3057 2754 3197 2806 circa
3243 2770 3337 2806 an-

1806 2830 1932 2869 num
1978 2817 2335 2876 Christianum
2389 2827 2522 2882 1200
2560 2831 2717 2885 ductu
2752 2834 2933 2906 Zingis
2962 2840 3161 2897 Chattis
3197 2847 3341 2901 velut

1808 2908 2160 2968 inundatione
2190 2918 2417 2984 quadam
2450 2923 2633 2977 orbem
2667 2936 2924 2983 terrarum
2957 2934 3268 3001 obruerunt,
3289 2953 3340 2992 ut

1807 2996 2086 3066 imperium
2118 3003 2308 3059 deinde
2347 3008 2543 3065 Chattis
2599 3013 2740 3068 illius
2776 3017 3006 3075 Chitaini
3055 2996 3341 3082 constitue-

1806 3097 1950 3142 runt.
1970 3089 2134 3145 Erant
2156 3106 2352 3163 autem,
2382 3101 2570 3169 inquit,
2587 3104 2638 3156 hi
2662 3107 2960 3165 circumcisi
2984 3116 3133 3182 prius
3153 3119 3336 3180 etiam.

1807 3188 1963 3241 quam
1985 3177 2306 3259 Mahumetis
2336 3202 2532 3243 nomen
2570 3193 2846 3249 audissent
2880 3214 2894 3250 :
2934 3177 3102 3270 eoque
3139 3177 3332 3270 proeli;

1799 3264 1974 3318 viores
2033 3257 2251 3325 fuerunt
2306 3273 2372 3328 ad
2400 3280 2822 3346 amplectendam
2870 3286 3034 3354 legem
3061 3290 3338 3347 lllalinnte-

1802 3353 1868 3406 tis
1888 3357 2029 3420 quod
2059 3373 2120 3411 cx
2175 3371 2320 3428 parte
2368 3381 2488 3419 cum
2516 3368 2752 3436 ipsorum
2786 3374 3036 3440 religione
3085 3386 3333 3435 conveni-

1799 3451 1898 3494 ret.
1930 3443 2036 3514 Vox
2072 3446 2181 3514 ipsa
2205 3448 2381 3504 Tatari
2412 3455 2524 3507 sive
2542 3456 2739 3534 Totari,
2765 3463 2939 3530 lingua
2965 3466 3173 3535 Syriaca
3214 3473 3337 3523 reli-

1797 3546 1950 3597 quias
1979 3538 2088 3588 sive
2123 3542 2361 3595 residuos
2391 3545 2670 3611 signiﬁcat,
2702 3553 2794 3604 ait.
2820 3552 2961 3606 Inter
2992 3558 3179 3612 bordas
3200 3576 3332 3629 quo-

1796 3635 1899 3688 que
1923 3622 2170 3689 Tatariaz,
2192 3645 2373 3686 versus
2397 3647 2599 3701 partem
2622 3639 2735 3706 ejus
2759 3644 2924 3712 magis
2947 3648 3330 3715 aquilonarem,

1795 3709 2034 3791 nonnulli
2090 3721 2302 3775 nomina
2366 3723 2497 3791 Dan,
2560 3709 3136 3805 Zabttlon,'Nepl-ttaii,
3208 3709 3329 3797 reti;

1794 3821 2048 3864 nuerunt.
2104 3811 2254 3870 Unde
2311 3834 2414 3872 non
2480 3834 2578 3886 cst,
2612 3830 2749 3893 quod
2800 3833 3075 3900 miremur,
3126 3848 3322 3893 tantam

1793 3897 2134 3956 Hebraeorum
2202 3921 2321 3960 esse
2373 3913 2577 3978 c0piant
2638 3916 2689 3968 in
2745 3924 3047 3988 regionibus
3096 3930 3322 3992 liussia-.

1792 3986 2086 4053 Sarmatiag
2138 3993 2451 4052 Litltuaniae.
2484 4001 2637 4056 Putat
2670 3986 2848 4071 etiam,
2877 4027 2940 4064 eo
2972 4016 3149 4081 plures
3197 4022 3314 4074 istic,

1790 4077 2037 4135 Hebraeos
2071 4086 2314 4149 inveniri,
2359 4105 2462 4156 quo
2520 4097 2734 4159 propius
2792 4100 2854 4152 ad
2900 4077 3120 4160 Ta—taros
3172 4125 3320 4165 θρεο-

1786 4169 1959 4224 datur.
2017 4173 2270 4246 Equidem
2319 4192 2375 4232 ut
2415 4184 2584 4238 obiter
2627 4188 2851 4257 aliquam
2900 4195 2964 4248 de
3010 4213 3126 4251 meo
3177 4203 3318 4256 vein:

1787 4261 2079 4326 symbolam
2116 4264 2207 4319 his
2233 4268 2498 4337 adjiciam,
2567 4275 2873 4334 adolescens
2927 4284 2978 4335 itt
3022 4265 3317 4349 Livouiani.

1783 4353 2007 4406 necdum
2063 4357 2283 4424 collegio
2317 4359 2724 4420 Teutotticorum
2751 4370 3007 4439 jequitum
3034 4379 3315 4448 dissipato.

1782 4456 1809 4492 a
1862 4442 2109 4497 Conrado
2158 4462 2305 4512 patre
2350 4452 2545 4508 missus
2589 4458 2652 4509 ad
2711 4459 2981 4515 Albertum
3047 4442 3315 4533 patruum,

2920 4569 2934 4610 :
2983 4564 3090 4608 tum
3153 4563 3310 4614 etiam

1789 4637 1974 4676 versits
2035 4623 2392 4694 Lithuauiant,
2460 4635 2512 4688 in
2560 4639 2749 4695 vicinia
2810 4646 3111 4712 metropolis
3170 4649 3312 4717 [ligna

1785 4715 1926 4780 (qua:
1981 4715 2030 4767 in
2072 4718 2213 4770 edito
2258 4721 2488 4776 Laonico
2521 4728 2708 4781 vitiose
2738 4738 3072 4800 transpositis
3121 4715 3312 4797 litteris

1781 4802 2032 4855 scribitur
2067 4803 2222 4869 Ucra,
2250 4823 2346 4874 pro
2375 4809 2515 4880 llyra
2556 4834 2567 4866 :
2592 4818 2724 4870 sicut
2750 4821 2939 4876 ibidem
2966 4842 3059 4893 pro
3090 4827 3315 4899 Euphla-

1781 4897 1861 4940 ste
1888 4894 2244 4958 reponendum
2294 4898 2541 4955 Eiﬂaute.
2576 4906 2664 4957 δίε
2693 4910 2833 4961 enini
2862 4911 3108 4970 Germani
3141 4894 3311 4975 cit-teri

1781 4988 1970 5030 vocant
2024 4974 2320 5052 Lironiam,
2371 4989 2604 5046 Saxones
2651 5001 2812 5051 nostri
2844 5001 3156 5061 Lillantlam.
3188 5012 3310 5065 Gal-

1778 5068 1914 5122 licus
1967 5069 2226 5140 interpres
2281 5078 2469 5135 Ucram
2548 5088 2662 5139 vult‘
2723 5104 2836 5142 csse
2899 5093 3304 5165 Novogradiam,

1779 5159 1968 5225 puerili
2041 5179 2266 5233 errore,
2327 5161 2446 5224 cum
2520 5177 2660 5229 dicat
2714 5193 2896 5235 auctor
2951 5189 3062 5239 suis
3126 5195 3306 5246 urbem

1776 5246 1974 5315 legibus
1997 5264 2049 5304 et
2085 5254 2322 5314 libertate
2349 5261 2471 5325 frui,
2500 5268 2564 5318 ab
2581 5261 2918 5336 optimatibus
2935 5278 3062 5345 regi,
3080 5282 3142 5330 ad
3164 5297 3307 5335 mare

1777 5337 1929 5398 sitam
1974 5358 2088 5397 esse
2116 5362 2130 5409 ;
2157 5348 2348 5417 Dauos,
2398 5354 2612 5425 Anglos,
2646 5359 2824 5414 Gallos
2851 5379 2913 5416 eo
2964 5374 3305 5423 commercio-

1778 5444 1895 5481 rum
1934 5445 2093 5484 causa
2153 5444 2438 5508 navigare:
2473 5464 2587 5516 qua:
2616 5453 2679 5502 de
2710 5449 3034 5521 Novogrodia
3082 5459 3302 5531 intelligi

1777 5523 2063 5591 nequeunt)
2099 5526 2147 5576 in
2198 5531 2354 5599 hujus
2384 5551 2508 5604 ergo
2569 5541 2708 5608 liiga:
2758 5543 2988 5608 vicinia,
3034 5551 3298 5606 nationem

1774 5613 2053 5675 quamdam
2105 5631 2221 5672 esse
2293 5625 2567 5680 barbaram
2664 5630 2959 5693 Lettornm.
3017 5652 3045 5688 a
3092 5648 3299 5698 caneris

1773 5698 2002 5753 Livoniae
2041 5703 2278 5762 barbaris
2302 5711 2509 5776 incolis,
2547 5716 2842 5791 Cnronibus
2894 5731 2946 5772 et
2994 5722 3297 5785 Estonib‘usv.

1775 5788 1947 5853 lingua
2012 5797 2163 5857 plane
2206 5789 2598 5871 discrepantem
2635 5826 2645 5858 :
2681 5788 2769 5875 qui
2809 5823 3061 5879 perpetuo
3117 5818 3169 5869 in
3203 5834 3299 5871 ore

1773 5881 1924 5944 quasi
1960 5880 2396 5943 lamentationem
2431 5897 2960 5965 qnamdamhabcnt,
2998 5919 3156 5969 quam
3201 5919 3295 5969 vo-
