4032 6344
188 456 218 514 ’ἶ
231 458 300 514 5ἷῖ

1327 452 1715 515 PANDECTE
1747 458 1947 518 HIST.
1995 457 2293 517 TURCIC.

3264 448 3368 511 75's

186 573 360 618 missu
417 563 758 631 llt‘llt‘spunlo
781 607 794 629 ,
829 573 1074 628 castrum
1126 566 1299 633 ipsum
1349 576 1725 635 occupassent.
1755 568 1800 625 Δ
1829 571 2050 639 gnacula
2082 588 2095 623 :
2131 587 2234 623 non
2295 569 2635 638 Calltnpoies,
2668 578 2761 620 aut
2792 566 3074 633 amphoras
3108 564 3239 621 viui,
3273 561 3365 614 Sed

187 658 320 707 brat
356 656 407 706 in
438 655 554 705 navi
585 664 763 706 nostra
792 670 950 705 senex
984 655 1269 706 multarum
1300 670 1476 708 rerum
1506 657 1731 723 peritus,

187 745 460 798 Antonius
494 743 784 807 Meliensis,
813 743 997 796 Grieco
1039 754 1187 810 patre
1220 727 1379 798 natus
1408 747 1458 798 in
1491 745 1624 800 Melo
1651 747 1735 799 in—

186 836 312 888 sula
354 834 536 902 (Milon
597 813 765 888 Graeci
805 834 1178 902 pronuntiant)
1246 836 1544 889 conductus
1579 851 1605 888 a
1645 852 1737 888 na-

188 928 417 984 varcho.
453 936 507 978 ut
544 925 701 978 index
737 925 944 977 itineris
1002 924 1235 978 interdiu
1273 935 1539 994 noctuque
1587 927 1738 981 nobis

187 1027 358 1075 esset.
391 1032 548 1082 quem
581 1017 830 1069 Podotam
872 1017 1038 1071 Graeci
1093 1031 1234 1070 nime
1267 1017 1450 1071 dicunt
1484 1018 1738 1074 vocabulo

189 1110 478 1177 peculiari.
510 1111 650 1176 quod
685 1112 735 1163 in
767 1112 1023 1178 Pulologo
1081 1111 1361 1177 reperitur.
1397 1112 1587 1180 vulgus
1608 1128 1738 1165 nau-

190 1216 372 1254 tarum
395 1203 628 1255 Pelotam
647 1215 819 1256 vocat.
847 1204 896 1256 is
922 1202 1074 1262 mibi,
1092 1219 1210 1255 cum
1235 1202 1514 1269 Calliupoli
1535 1205 1740 1265 relicta,

189 1294 299 1362 iam
336 1293 523 1362 viginti
583 1295 790 1348 duobus
846 1294 1172 1347 milliarilius
1209 1294 1464 1354 emensis,
1494 1292 1739 1346 Cbirido-

184 1375 446 1438 casti-unt
481 1386 1076 1454 praternavigaramtts,
1109 1395 1160 1438 et
1207 1383 1411 1438 ruinosi
1444 1386 1604 1439 castri
1649 1399 1741 1437 n0-

193 1488 319 1525 mea
371 1474 728 1541 signiﬁcabat.
762 1482 814 1527 et
846 1474 1126 1528 historiam
1160 1490 1267 1528 non
1292 1474 1500 1528 frivolis
1530 1469 1596 1528 de
1618 1490 1745 1528 can-

191 1564 267 1616 sis
290 1565 680 1619 observandam
717 1567 1188 1620 commemorabat.
1214 1567 1353 1633 Quo,
1383 1566 1581 1635 inquit,
1614 1576 1744 1619 tem-

193 1671 325 1721 pore
356 1654 515 1710 Turci
551 1657 784 1720 primum
806 1657 965 1712 hasce
1002 1655 1120 1711 freti
1153 1656 1531 1726 Hellespontici
1573 1666 1746 1710 trans.

194 1748 465 1800 miserunt
505 1747 800 1813 angustias,
847 1758 902 1801 ut
941 1749 1062 1802 Asia
1112 1747 1287 1815 potiti,
1314 1747 1544 1817 Europa
1572 1751 1745 1814 regio-

164 1886 175 1901 _,
205 1853 305 1892 nes
378 1839 694 1891 invaderent
725 1857 738 1891 :
777 1842 879 1894 hoc
914 1840 1030 1906 ipso
1072 1850 1270 1901 rastro,
1314 1840 1454 1909 quod
1489 1839 1660 1902 vides,
1692 1839 1745 1892 in
1780 1852 1800 1909 _‘

1838 661 2157 723 Pannoiiias,
2182 661 2282 718 sed
2299 659 2522 729 Cypros,
2541 658 2741 724 integra
2775 671 2935 721 regna
2959 654 3182 711 sciliert.
3216 653 3368 704 sntit:

1839 753 2020 806 limus.
2059 753 2160 804 Sed
2190 753 2418 820 reprimo
2445 766 2546 804 me.
2577 748 2706 802 Nam
2752 750 2903 817 plura
2937 747 3081 801 vetat
3113 744 3288 813 dolor,
3318 753 3371 798 et

1839 843 2033 896 ominis
2064 844 2282 896 infausti
2315 852 2508 897 metus.

1839 983 1926 1034 ‘25.
1953 980 2257 1034 Triturnndi
2292 997 2398 1032 mos
2429 980 2564 1048 apud
2593 978 2819 1037 Cracos,
2858 983 2905 1026 et
2943 973 3218 1034 Asiaticos,
3275 968 3377 1021 Bo-

2336 1051 2456 1121 lair,
2469 1049 2896 1113 ‘Asprolimiona.

1912 1193 2167 1244 Arearum
2197 1190 2249 1241 in
2276 1203 2409 1257 quas
2435 1186 2629 1240 messis
2667 1194 2907 1251 tempore
2939 1186 3147 1248 segetes
3177 1185 3284 1228 tam
3323 1174 3376 1226 in

1843 1284 2064 1342 Grzecia.
2104 1298 2262 1350 quam
2297 1281 2350 1334 in
2385 1280 2537 1341 Asia,
2590 1277 2950 1353 colliguntur;
2988 1281 3041 1323 et
3076 1270 3188 1336 ipsa
3221 1266 3381 1320 tritua

1844 1378 1998 1430 randi
2056 1377 2211 1433 ratio.
2246 1372 2550 1440 huiusmodi
2581 1365 2682 1426 est.
2715 1369 2902 1422 Solent
2957 1365 3165 1420 illarum
3201 1360 3379 1429 regio-

1845 1485 1970 1522 num
2019 1469 2226 1527 incolat,
2261 1477 2540 1534 postquam
2575 1465 2830 1517 demessa!
2858 1447 3039 1526 fruges
3092 1465 3237 1518 sunt,
3271 1468 3376 1507 non

1847 1561 2056 1616 domum
2092 1575 2184 1614 eas
2214 1575 2277 1612 ex
2303 1558 2464 1627 agris,
2497 1571 2646 1608 more
2679 1566 2884 1614 nostro,
2923 1549 3104 1621 granis
3138 1547 3373 1602 necdum
3408 1590 3413 1592 _

1847 1654 2102 1716 excussis,
2128 1652 2184 1703 in
2209 1653 2398 1704 horrea
2422 1648 2721 1703 convehere
2749 1663 2764 1699 :
2795 1643 2886 1698 sed
2914 1643 2965 1696 in
2986 1657 3166 1696 aream
3197 1654 3381 1708 quam-

1848 1744 1968 1797 dam
1999 1743 2100 1796 sub
2128 1741 2215 1794 dio
2242 1741 2600 1807 compertare.
2634 1735 2831 1790 Deinde
2851 1733 3053 1803 sparsis
3080 1747 3174 1801 per
3201 1744 3381 1784 aream

1851 1835 2134 1903 manipulis
2154 1835 2361 1903 frugum
2391 1834 2552 1885 boves
2580 1841 2634 1885 et
2672 1829 2895 1883 bubalos
2934 1825 3254 1883 immittunt,
3289 1822 3382 1890 qui

196 1917 516 1992 potestatem
542 1925 778 1993 redacto,
799 1905 1032 1996 primum
1068 1928 1119 1980 in
1147 1905 1350 1996 Europa
1386 1927 1572 1997 pedem
1613 1928 1746 1982 tixe-
1778 1905 1820 1964 Β
1846 1926 1971 1980 dum
2012 1925 2236 1993 pedibus
2291 1916 2559 1992 subjectus
2612 1927 2912 1989 proterunt,
2973 1914 3156 1970 aristis
3217 1927 3384 1982 grana

195 2027 343 2070 runt.
403 2019 529 2084 lijus
567 2018 642 2072 rei
681 2021 889 2079 nuntio,
922 2036 1128 2073 summa
1155 2021 1453 2083 celeritate.
1480 2021 1740 2077 Constan-

195 2109 482 2176 tinopolim
510 2110 711 2178 perlato
748 2129 761 2161 :
803 2118 948 2164 tanta
991 2111 1321 2178 Graacorum,
1356 2113 1619 2181 majorum
1648 2131 1746 2168 no-

197 2211 443 2253 strorum
470 2201 951 2271 arrogantia,tanta
981 2204 1244 2258 securitas
1267 2202 1374 2258 fuit
1401 2222 1414 2258 :
1443 2216 1501 2260 ut
1528 2207 1746 2259 minime

197 2292 501 2356 cogitarent
530 2292 594 2344 de
626 2303 802 2346 castra
830 2309 950 2347 mox
979 2297 1364 2364 recuperando,
1392 2296 1444 2350 et
1468 2297 1746 2367 ejiciendis

198 2387 352 2450 prius
387 2399 450 2436 ex
483 2382 691 2452 Europa
717 2385 931 2448 Turcis.
977 2402 1135 2456 quam
1170 2389 1402 2456 majores
1433 2390 1484 2442 in
1515 2406 1576 2444 ea
1603 2391 1744 2444 vires

201 2473 638 2539 arquisivissenl,
663 2475 928 2545 altiusque
961 2493 1087 2531 suas
1107 2479 1340 2548 egissent
1366 2457 1574 2533 radices
1606 2498 1619 2533 :
1651 2481 1742 2534 sed

202 2568 410 2633 accepti
446 2567 628 2620 damni
661 2570 976 2635 gravitatem
1007 2571 1182 2626 verbis
1200 2572 1455 2626 elevando
1482 2572 1742 2639 dicerent,

200 2670 322 2706 esse
363 2656 624 2711 duntaxat
647 2658 902 2713 amissum
935 2661 1200 2714 stabulum
1228 2677 1532 2730 porcorum.
1567 2646 1745 2716 Lude-'-

203 2746 329 2796 bant
357 2748 522 2809 enim,
555 2759 605 2800 ut
632 2739 952 2806 Naiianzcui
992 2754 1157 2806 nostri
1188 2755 1367 2809 verbis
1414 2767 1553 2820 utar,
1584 2757 1634 2808 in
1660 2741 1766 2808 re?

203 2837 309 2888 bus
369 2839 836 2895 minime‘lud'icris
875 2861 886 2896 :
929 2844 1192 2908 ridebant,
1226 2845 1279 2898 in
1313 2847 1471 2900 rebus
1531 2847 1745 2900 minime

203 2932 470 2998 ri-li'rulis,
515 2936 608 2988 sed
665 2935 1006 3004 deplorandus
1064 2938 1261 3006 potius,
1313 2936 1438 2990 dum
1499 2953 1564 2991 ex
1620 2938 1746 2991 Chi-

204 3026 505 3080 iid'ocastro
569 3041 662 3094 per
715 3028 897 3098 jocum
955 3030 1226 3081 stabulum
1311 3042 1598 3096 porcorum.
1664 3027 1744 3081 fa-

203 3116 442 3169 ciebant.
503 3116 702 3171 Graecis
760 3118 902 3172 eniin
961 3116 1198 3173 Cliiridia
1262 3119 1518 3172 dicuntur
1573 3120 1741 3187 porci.

205 3205 311 3259 Sed
352 3208 494 3263 risus
514 3209 613 3262 iste
638 3210 852 3264 tandem
885 3210 936 3264 in
973 3225 1185 3264 amaras
1208 3227 1503 3267 conversus
1536 3213 1634 3265 fuit
1663 3213 1744 3264 la-

204 3313 439 3366 C‘lyillas.
471 3298 764 3353 Audiamus
802 3299 1060 3369 majorem
1087 3315 1229 3355 nunc
1262 3316 1326 3355 ex
1371 3302 1610 3367 ejusdem
1639 3304 1751 3356 An-'

205 3377 340 3440 lanii
382 3391 692 3445 narratione
732 3391 1040 3446 Graecorum
1089 3379 1373 3447 insaniam.
1410 3394 1568 3448 Venit
1599 3395 1743 3459 inde,

205 3496 313 3533 nun
339 3495 534 3550 magno
559 3484 814 3561 temporis
841 3485 1117 3553 interiecto
1135 3485 1330 3553 spatio,
1356 3484 1653 3540 Turcorum
1689 3488 1744 3545 in

210 3584 530 3641 potestatem
558 3584 608 3627 et
638 3573 970 3641 Calliupolis,
1005 3586 1062 3630 ut
1094 3577 1143 3629 in
1177 3579 1259 3631 his
1284 3578 1588 3633 Annalibus
1611 3595 1744 3648 quo-

204 3681 313 3736 que
349 3667 635 3719 recitatur:
668 3664 867 3719 Cra-cis
889 3668 1101 3719 interim
1128 3669 1293 3722 altum
1325 3668 1769 3732 dormientibus,‘

206 3771 306 3810 nec
331 3756 396 3808 de
425 3756 724 3811 rationibus
743 3757 1059 3816 occurrendi
1085 3759 1368 3813 conatibus
1393 3760 1628 3814 hostium
1662 3761 1744 3814 vel

205 3848 479 3900 tantillum
542 3849 804 3902 sollicitis.
840 3848 977 3915 Quid
1037 3847 1143 3902 ﬁt?
1175 3847 1343 3917 Hujus
1388 3852 1548 3904 etiam
1583 3851 1750 3905 detri-

206 3939 375 3992 hiemi
413 3941 611 4006 accepti
633 3943 851 3996 nuntius
874 3941 1390 4010 Constantinopolim
1418 3942 1580 3996 venit.
1609 3942 1746 3996 Tum

203 4035 381 4099 magis
413 4042 468 4084 ut
510 4030 723 4085 Grzecos
753 4033 1032 4116 dementesl
1073 4047 1343 4098 cerneres,
1385 4035 1640 4088 amissam
1672 4033 1747 4086 illi

203 4125 546 4192 Caliiupolim
573 4123 722 4178 flocci
747 4124 943 4188 facere,
973 4128 1238 4194 iacturam
1275 4126 1540 4197 publicare
1563 4141 1749 4193 reapse

206 4229 480 4292 magnam,
537 4215 710 4266 verbis
758 4215 1015 4267 secordis:
1071 4215 1245 4283 plenis
1295 4227 1604 4279 extenuare,
1641 4229 1749 4268 non

207 4307 662 4374 nisi‘amphnram
710 4307 813 4360 vini
873 4323 902 4360 a
943 4307 1133 4359 Turcis
1162 4306 1325 4377 ﬁlo
1368 4318 1603 4377 ereptam
1645 4307 1749 4363 sibi

207 4397 416 4450 dicere.
451 4395 554 4451 Sed
584 4412 679 4451 eos
711 4395 873 4450 Turci
921 4398 1111 4465 paucis
1141 4397 1298 4450 annis
1334 4399 1385 4451 in
1423 4386 1649 4452 Thracia
1679 4398 1754 4452 fe-

206 4503 336 4541 cere
388 4502 720 4557 pregressus,
781 4499 838 4542 nt
873 4489 1031 4558 hujus
1070 4489 1388 4543 Soleimanis
1435 4491 1623 4552 bassae,
1658 4490 1749 4559 qui

1846 2016 1993 2070 nullo
2034 2014 2252 2084 negotio
2293 2013 2659 2066 excutiuntur.
2691 2010 2755 2064 Et
2789 2010 2963 2063 solent
2998 2009 3110 2059 ltrec
3149 2003 3249 2059 sub
3295 2002 3386 2056 dio

1849 2109 1980 2170 fieri,
2023 2115 2174 2161 extra
2218 2101 2386 2175 pagos
2411 2114 2464 2157 et
2493 2105 2706 2174 oppida.
2769 2102 2995 2169 Semper
3047 2092 3227 2159 autem
3267 2111 3386 2150 mos

1847 2202 1934 2255 bic
1956 2199 2094 2269 apud
2126 2197 2424 2253 Orientales
2456 2195 2738 2250 triturandi
2785 2191 3054 2256 fuit,_inde
3100 2206 3272 2259 usque
3319 2189 3386 2242 ab

1847 2289 2237 2357 antiquissimis
2275 2290 2627 2358 temporibus.
2653 2285 2793 2341 sicut
2833 2292 2886 2337 et
2927 2288 2980 2336 in
3030 2283 3199 2335 sacris
3238 2281 3387 2334 liliris

1849 2383 2190 2437 interdictum
2234 2391 2386 2436 vetus
2417 2381 2675 2450 reperitur
2717 2375 2829 2434 :05
2867 2375 2978 2427 bovi
3024 2373 3390 2445 trimi-antibo

1845 2475 2118 2544 obligatur.
2156 2473 2464 2528 Secundum
2515 2472 2627 2525 inec
2675 2467 2877 2524 mentio
2942 2465 3386 2534 iltexpeditiouis

1846 2567 2162 2628 Turcorum,
2219 2564 2450 2632 primum
2491 2563 2650 2622 mari,
2709 2559 2933 2628 navigiis
2971 2573 3119 2612 mam
3155 2558 3396 2610 Cherro-'

1846 2661 1956 2717 nesi
1979 2675 2163 2713 versus
2184 2657 2423 2728 IEgaaum
2457 2655 2776 2724 legentibus,
2806 2662 2860 2705 et
2889 2651 3159 2720 prmterito
3185 2650 3386 2724 [tuine-

1845 2754 1929 2806 iia:
1977 2754 2058 2806 vel
2090 2751 2314 2820 Europa:
2364 2748 2757 2819 promontorio,
2811 2745 2989 2801 sinum
3044 2743 3379 2811 Magarisinm

1847 2843 1948 2912 (sic
1981 2859 2010 2896 a
2040 2841 2196 2900 Redis
2245 2836 2651 2911 tempestatibus
2679 2854 2740 2892 ac
2765 2835 2980 2909 pluviis
3010 2828 3233 2896 dictum,
3266 2849 3384 2910 qu:_e

1846 2934 1951 2989 illis
1979 2935 2034 2986 in
2057 2933 2367 3003 regionibus
2395 2933 2656 2986 exsistere
2689 2930 2868 2986 boreis
2899 2927 3154 2983 flantibus
3188 2927 3382 2984 solent,

1846 3043 1962 3082 Cum
1997 3025 2133 3095 apud
2173 3040 2271 3079 nos
2322 3024 2500 3093 aquilo
2531 3024 2874 3078 serenitatem
2932 3022 3071 3076 aeris
3123 3018 3276 3088 ferat)
3311 3019 3390 3070 in-

1846 3122 2132 3183 trantibus,
2165 3118 2253 3172 ubi
2278 3104 2600 3185 Cherronési
2627 3114 2766 3168 latus
2795 3113 3070 3176 alterum,
3091 3111 3251 3180 longo
3276 3120 3385 3162 tra-

1846 3225 1958 3275 ctu,
1984 3214 2037 3266 in
2070 3225 2216 3265 mare
2242 3226 2298 3265 se
2328 3209 2551 3278 porrigit
2577 3225 2589 3260 :
2618 3205 2811 3261 deinde
2844 3215 3008 3264 terra,
3035 3203 3215 3257 missus
3238 3202 3396 3271 equis

1845 3305 2007 3367 tibus,
2027 3303 2118 3371 qui
2145 3319 2265 3358 cum
2291 3289 2866 3377 EdzebegOpIanitiem
2911 3294 3236 3366 Cherroncsi
3272 3309 3390 3347 ver-
3462 3314 3465 3317 ·

1844 3411 1936 3450 sus
1968 3410 2180 3448 amnem
2211 3394 2492 3448 Maritzam
2537 3399 2970 3461 pervagarentur,
3006 3397 3060 3443 et
3083 3377 3274 3441 Album
3317 3386 3385 3440 ad

1844 3487 2062 3554 Portum
2117 3485 2394 3539 navalibus
2424 3500 2483 3538 se
2529 3498 2650 3538 cum
2678 3482 2848 3549 c0piis
2893 3481 3298 3550 coniungerent.
3330 3477 3388 3529 ln

1846 3579 1930 3633 bis
1968 3577 2145 3633 verbis
2175 3576 2567 3632 observandum
2627 3574 2770 3627 illam
2821 3573 3051 3627 Bolairis
3112 3570 3389 3641 planitiem
3425 3563 3428 3566 ’
3468 3591 3470 3593 ν

1844 3669 2038 3726 Turcis
2061 3671 2282 3732 dictam,
2310 3667 2525 3722 Praetori
2559 3666 2777 3721 Grmcize
2807 3673 3002 3736 nostro]
3020 3664 3204 3717 vocari
3239 3661 3387 3745 Bole:
3436 3671 3439 3674 '

1848 3775 1987 3820 rum.
2014 3772 2114 3826 qua
2135 3761 2342 3814 scilicet
2366 3775 2460 3827 per
2488 3761 2656 3827 ipsam
2683 3757 3132 3816 Cherrronesum,
3156 3754 3386 3809 Hadria-

1848 3851 2024 3921 n0poli
2049 3850 2230 3921 procul
2254 3850 2319 3904 ad
2343 3852 2584 3903 dextram
2618 3851 2822 3909 relicta,
2842 3864 2959 3913 cum
2992 3847 3384 3915 Didymoncbo,

1847 3961 2034 4000 versus
2060 3941 2257 3996 )Enum
2281 3941 2555 4010 Oppidum,
2578 3950 2628 3992 et
2646 3938 2918 3992 Maritzam
2947 3938 3188 4001 ﬂuvium,
3214 3953 3386 4004 quon.

1847 4037 1968 4091 dam
1998 4034 2230 4089 Hebrum
2278 4033 2498 4090 dictum.
2531 4045 2594 4084 ac
2639 4031 2847 4098 longius
2897 4030 3020 4084 inde
3047 4029 3387 4084 Thessaliam

1847 4144 2036 4183 versus
2095 4129 2220 4183 itur.
2260 4127 2416 4182 Nam
2449 4125 2910 4180 a.Chiridocastro
2937 4127 3049 4181 sive
3079 4123 3386 4188 Zemenico,

1852 4236 1944 4291 per
1976 4207 2309 4274 excurrentis
2333 4219 2386 4271 in
2408 4233 2554 4272 mare
2581 4217 2904 4273 Cberrouesi
2931 4233 3168 4286 campos.
3190 4216 3254 4269 ad
3283 4215 3393 4268 Ma-

1854 4313 2041 4366 rilzam
2076 4311 2320 4373 ﬂuvium,
2359 4318 2413 4362 et
2441 4309 2589 4362 illum
2623 4309 2786 4362 maris
2821 4309 3020 4370 sinum,
3059 4309 3110 4360 in
3142 4324 3300 4374 quem
3333 4323 3413 4362 se.

1853 4405 2070 4458 Maritza
2103 4403 2215 4457 sive
2246 4400 2525 4464 Tamarus,
2551 4411 2608 4454 ut
2639 4398 2904 4452 Laonicus
2945 4399 3012 4451 de
3048 4412 3210 4452 causa
3240 4397 3392 4450 dein-

1853 4509 1978 4559 ceps
2032 4492 2344 4561 exponenda
2394 4499 2571 4552 vocat,
2630 4501 2847 4558 propter
2891 4489 3086 4543 Aiuum
3118 4489 3388 4541 civitatem

206 4579 549 4646 tlalliupolim
595 4589 722 4634 tunc
757 4582 835 4635 eis
869 4581 1084 4649 eripuit,
1126 4580 1308 4634 fratris
1366 4580 1505 4634 filius
1544 4581 1749 4649 Bajazi-

1855 4583 2397 4647 effundit,'directum
2439 4583 2535 4635 iter
2569 4597 2672 4634 non
2733 4596 2982 4650 magnum
3034 4588 3140 4636 est.
3186 4580 3395 4647 Quippe

206 4678 312 4729 tes,
330 4668 621 4734 'oecupatis
647 4672 807 4721 etiam
827 4669 1153 4723 suburbanis
1185 4668 1349 4737 agris,
1374 4667 1754 4722 Constantino.

208 4760 374 4828 polim
412 4758 655 4826 pluribus
683 4759 839 4812 annis
867 4759 1140 4814 obsideret
1165 4774 1179 4811 ε
1206 4773 1365 4826 quam
1403 4757 1616 4826 quidem
1639 4774 1752 4811 om-

209 4853 342 4905 nino
380 4852 695 4904 redacturus
728 4859 844 4903 erat
873 4852 924 4904 in
963 4861 1308 4919 potestatem,
1363 4850 1416 4902 ni
1448 4848 1624 4903 Tatari
1651 4851 1753 4903 Tc-

208 4945 369 4996 miris
412 4943 790 4996 inti‘rvenisset
821 4943 1091 5010 expeditio
1128 4941 1346 5012 Bajaziti
1384 4941 1562 4995 fatalis
1596 4961 1610 4996 :
1647 4959 1750 5010 qua

207 5036 561 5105 pmsperrimi
584 5035 880 5086 'l‘urcorum
917 5048 1198 5090 successus
1236 5034 1541 5102 aliquandiu
1575 5035 1756 5087 divino

211 5127 446 5179 consilio
479 5128 692 5180 fuerunt
726 5125 962 5190 inbibiti,
991 5141 1055 5178 ne
1083 5136 1205 5179 ante
1234 5130 1442 5194 tempus
1471 5138 1499 5178 a
1528 5125 1634 5178 Deo
1662 5129 1754 5178 de.-

212 5219 494 5279 stinatum,
529 5219 736 5286 imperii
773 5217 942 5272 Grieci
968 5218 1220 5287 reliquias
1250 5219 1586 5272 devorarent.
1628 5219 1754 5272 Hasc

214 5311 456 5367 narratio
480 5311 603 5363 licet
625 5311 677 5364 in
704 5311 942 5365 historiis
970 5309 1170 5364 Graecis
1193 5326 1297 5364 non
1323 5319 1515 5372 exstet,
1537 5309 1753 5376 dignam

215 5419 396 5458 tamen
426 5404 631 5466 censui,
666 5420 785 5472 qua:
814 5403 1083 5456 memoria
1122 5403 1438 5470 proderetur
1469 5421 1482 5458 :
1518 5413 1575 5455 ut
1601 5417 1662 5454 ex
1693 5416 1752 5454 ea

217 5497 390 5549 nostri
434 5495 678 5549 homines
718 5494 1018 5564 exemplum
1074 5495 1305 5561 capiant,
1346 5495 1500 5547 nobis
1525 5492 1664 5562 quod
1691 5506 1755 5544 cx

219 5602 320 5640 usu
364 5587 452 5638 sit.
489 5584 698 5639 Utinam
720 5602 786 5638 ne
809 5601 910 5638 nos
935 5586 1094 5638 etiam
1133 5584 1288 5637 modo
1315 5595 1418 5637 tam
1447 5585 1634 5646 altum,
1671 5599 1757 5635 ve-

223 5684 376 5731 tcrnu
395 5678 700 5732 Gra'corum
729 5678 955 5745 correpti
988 5686 1356 5736 sterleremus,
1378 5676 1465 5727 vix
1491 5686 1544 5728 ut
1569 5689 1756 5752 experf

223 5768 350 5837 εἰδοί
371 5770 676 5836 possimus:
703 5768 826 5819 dum
847 5783 948 5820 non
970 5767 1759 5833 tibirodocastra,porcorumve

227 5860 454 5916 staliu'a.
484 5864 574 5913 sed
611 5861 868 5914 hactenus
897 5860 1092 5913 invicta
1120 5857 1544 5913 Christianorum
1565 5873 1756 5922 propu-

1853 4675 2113 4730 Tliracica
2144 4673 2523 4732 Cherronesus
2543 4673 2710 4726 instar
2758 4674 2953 4739 linguas
2983 4687 3040 4726 se
3064 4672 3294 4740 porrigit
3339 4670 3392 4724 in

1855 4769 2095 4839 ﬁgantur
2125 4783 2291 4826 mare.
2321 4777 2427 4821 tam
2470 4775 2697 4834 angusto
2721 4773 2878 4818 terra;
2909 4762 3239 4816 continentis
3270 4777 3391 4832 spa-

1853 4859 1926 4910 ιῑυ
1949 4896 1964 4919 ,
1989 4872 2080 4910 sex
2113 4865 2317 4908 tantum
2347 4865 2406 4906 ut
2435 4853 2749 4909 milliaribus
2780 4851 2981 4922 Graecis
3009 4851 3168 4904 distet
3199 4850 3395 4905 Helles-

1855 4958 2048 5017 pontus
2098 4961 2125 4998 a
2163 4947 2280 5000 sinu
2307 4943 2632 5012 Magarisio,‘
2665 4944 2756 5012 qui
2811 4952 2892 4997 est
2931 4943 2997 4995 ab
3032 4944 3198 4995 altera
3230 4943 3393 4994 Cher-

1856 5039 2028 5094 ronesi
2057 5050 2206 5108 parte
2233 5055 2245 5091 :
2277 5037 2468 5105 quibus
2499 5053 2526 5090 a
2547 5052 2637 5091 sex
2665 5036 2985 5099 milliaribus
3005 5037 3162 5088 etiam
3189 5037 3390 5088 dictum

1855 5141 1937 5187 est
1969 5131 2322 5186 Hexamilium
2357 5130 2697 5194 Cberronesi,
2739 5145 2832 5184 sex
2864 5129 3230 5186 tantummodo
3273 5129 3388 5179 mil-

1855 5225 2083 5279 itaribus
2117 5223 2316 5277 Grmcis
2342 5237 2368 5275 a
2417 5222 2694 5289 Calliupoli
2726 5221 2978 5275 dissitum
3007 5237 3019 5272 :
3068 5228 3122 5271 ut
3158 5221 3386 5272 alterum

1856 5317 2118 5372 Celebrius
2156 5315 2285 5368 illud
2317 5314 2667 5368 llesamilium
2703 5313 2880 5365 Isthmi
2914 5311 3240 5365 Corinthiaci
3267 5314 3390 5366 toti-

1857 5411 1974 5462 dem
2006 5416 2148 5475 patet
2168 5407 2220 5458 in
2269 5406 2607 5460 latitudinem
2659 5405 3002 5463 milliaribus.
3045 5415 3097 5456 et
3135 5406 3389 5470 utrinque

1855 5499 2068 5568 gemino
2099 5499 2409 5553 similiter-a
2447 5499 2579 5550 mari
2604 5484 2838 5550 alluitur.
2877 5495 2996 5564 Βυςί
3046 5495 3384 5556 vocabulum,

1856 5587 1994 5650 quod
2034 5585 2118 5637 hic
2151 5585 2274 5636 Edzi
2306 5584 2516 5637 cuidam
2551 5599 2614 5638 ex
2648 5583 2962 5652 proceribus
3014 5581 3254 5634 Tllrt‘lClS
3294 5583 3388 5633 tri-

1856 5662 2057 5736 buitur,
2110 5674 2440 5741 interpretati
2470 5673 2577 5740 jam
2637 5684 2986 5727 antesumus.
3039 5668 3149 5721 Hoc
3181 5679 3385 5721 tantum

1859 5767 2020 5818 lector
2054 5766 2326 5828 observet,
2385 5767 2659 5835 planitiem
2721 5766 3103 5824 Bolaireusem,
3142 5760 3254 5814 sive
3288 5759 3388 5814 Bo-

1865 5858 2146 5917 lercnscm,
2185 5865 2240 5908 ut
2273 5865 2464 5921 praetor
2496 5869 2664 5919 vocat,
2694 5857 2939 5921 deinceps
2978 5851 3114 5920 apud
3180 5849 3386 5906 aneos
