4032 6344
722 411 828 468 75th

1907 426 2227 487 JOANNIS
2268 430 2721 490 LEUNCLAVII

3762 432 3868 493 756

724 518 907 572 Edzea‘.
938 521 1190 587 planitiei,
1214 525 1311 617 vel
1342 524 1492 581 Εκεε
1515 544 1703 585 nomen
1730 533 1797 587 ab
1824 533 1923 590 hoc
1952 536 2088 592 Edze
2111 539 2245 609 bego
2273 562 2316 617 Α
2411 543 2453 593 Α
2484 543 2650 596 Ponte
2671 541 2857 609 grandi
2886 542 2950 594 ad
2977 540 3192 594 Pontem
3220 557 3461 610 parvum,
3496 558 3566 598 m.
3590 543 3670 597 10.

724 622 1087 673 consecutam,
1122 622 1178 665 ut
1213 614 1370 683 infra,
1405 620 1563 674 certis
1587 638 1651 676 ex
1680 625 1810 678 Iocis
1839 626 2028 681 hormn
2081 645 2248 684 anna-

724 701 873 779 lium,
921 707 1139 772 patebit.
1185 706 1373 765 Portus
1404 710 1568 768 Albus
1624 716 1850 786 denique
1902 719 2101 776 Graecis
2162 730 2246 776 est

722 794 1130 861 Asprolimiona.

721 906 811 961 26.
843 908 917 961 De
952 913 1163 985 _oppidis
1222 915 1486 983 Cherepofi
1516 930 1566 973 et
1614 921 1780 985 Zorli,
1821 927 2052 979 civitates
2085 928 2241 981 Cher-

794 982 981 1039 ronesi.
1010 985 1072 1033 ab
1107 981 1328 1065 Europa:
1349 981 1714 1065 promontorio
1744 981 2240 1065 Constantinopolim

789 1063 969 1116 usque,
997 1066 1113 1102 cum
1141 1055 1423 1109 intervallis
1454 1060 1603 1111 unius
1634 1061 1694 1111 ab
1734 1065 1921 1117 altera.

790 1161 917 1224 Quae
939 1165 1129 1246 Oppida
1159 1164 1396 1224 Thraciae
1424 1171 1755 1244 Cherepolim
1781 1188 1829 1230 et
1849 1178 2061 1233 Zorlmn
2082 1181 2246 1236 Tui-ci

723 1264 937 1319 vocant,
974 1254 1140 1311 Graeci
1192 1259 1373 1316 dixere
1413 1263 1770 1334 Chariupolitn
1818 1280 1871 1325 et
1925 1272 2235 1329 Tzurulum.

722 1346 1059 1417 Chariupolis
1092 1353 1202 1407 sive
1236 1353 1586 1425 Chariopolis,
1618 1363 1838 1428 perinde
1891 1379 1954 1417 ac
1984 1381 2142 1433 supra
2173 1367 2240 1421 de

722 1436 999 1508 CalliOpoli
1056 1441 1283 1510 dictum,
1316 1446 1384 1500 ab
1403 1449 1709 1504 Atheniensi
1740 1451 1930 1505 Chnria
1962 1456 2238 1512 conditore

722 1527 821 1582 fuit
844 1532 1122 1599 appellata.
1154 1535 1283 1589 Nam
1328 1550 1621 1606 pr:rpoteus
1652 1547 1783 1596 mari
1824 1545 2050 1612 populus
2078 1547 2241 1602 Athe-

723 1620 922 1675 niensis
952 1633 1074 1678 ante
1113 1625 1304 1681 bellmn
1325 1629 1851 1696 Peloponnesiacum,
1882 1644 2094 1704 propter
2127 1651 2243 1690 am-

724 1711 1033 1776 plitudinem
1060 1715 1269 1779 classis.
1296 1729 1347 1772 et
1375 1735 1525 1771 usum
1554 1736 1728 1773 rerum
1764 1724 2046 1785 navalium,
2077 1725 2243 1778 Cher-

729 1816 971 1855 ronesum
1022 1820 1141 1857 rum
1179 1809 1365 1873 majori
1400 1820 1547 1876 parte
1581 1812 1858 1867 maritimae
1877 1812 2119 1869 Thracia
2177 1831 2241 1869 ac

2427 632 2466 685 A
2495 618 2656 685 Ponte
2679 646 2842 702 parvo
2864 631 2925 684 ad
2957 629 3013 685 S.
3046 630 3393 700 Stephanum,
3424 648 3496 686 ιιι.
3518 634 3601 687 10.

2422 723 2466 774 Α
2494 723 2547 777 S.
2577 718 2844 791 Stephano
2874 723 2937 775 ad
2972 723 3403 794 lleptapyrgium,
3427 726 3539 779 sive
3560 724 3873 791 Jadiculam,

2350 812 2431 864 vel
2457 826 2631 865 arcem
2661 823 2860 880 septem
2893 813 3145 876 turrium,
3168 813 3321 867 sitam
3353 813 3404 867 in
3449 823 3689 868 extremo
3727 815 3874 869 urbis

2345 900 2901 971 ConstantinOpoleos,
2929 902 2993 956 ad
3028 901 3399 971 Propontidem
3434 903 3651 971 angulo,
3682 920 3755 956 tn.
3783 905 3839 958 5.

2414 989 2494 1043 Ah
2525 988 2877 1061 Heptapyrgio
2900 992 2962 1044 ad
2987 991 3180 1045 sultani
3214 992 3474 1057 saraium,
3520 994 3605 1047 ubi
3637 995 3770 1048 alter
3790 1005 3873 1049 est

2348 1080 2495 1134 urbis
2544 1074 2769 1148 angulus
2826 1082 2888 1134 ad
2946 1077 3299 1151 Bosphorum,
3353 1081 3658 1149 Propontidi
3705 1094 3871 1137 semet

2346 1170 2740 1232 infundentem,
2771 1187 2843 1225 m.
2879 1172 2928 1225 Ἰ.

2415 1260 2676 1316 Tzurulus
2712 1262 2994 1331 (Castaldo
3020 1262 3240 1323 Chiorli,
3276 1262 3580 1331 Busbequio
3606 1261 3803 1317 Chiurli
3824 1262 3869 1329 ),

2345 1366 2504 1418 quam
2532 1349 2637 1405 Leo
2668 1353 2951 1419 imperator
2994 1352 3308 1406 Tzurolloén
3334 1362 3516 1416 vocat,
3557 1353 3794 1406 nonnihil
3838 1367 3867 1405 a

2348 1441 2673 1510 Propontide
2698 1456 2887 1495 versus
2925 1442 3310 1496 mediterranea
3355 1443 3535 1507 distat,
3569 1459 3599 1496 a
3636 1431 3863 1512 Seiybria

2343 1532 2607 1585 maritima
2663 1546 2755 1585 sex
2808 1532 2926 1600 plus
2986 1533 3162 1588 minus
3209 1535 3462 1588 horarum
3506 1536 3714 1589 itinere.
3763 1531 3866 1586 Nos

2342 1621 2467 1675 istic
2500 1622 2628 1675 satis
2659 1622 2941 1675 commode
2972 1623 3113 1676 diem
3164 1639 3225 1678 ac
3258 1634 3468 1678 noctem
3499 1624 3720 1693 egimus.
3753 1622 3863 1676 Fal-

2345 1709 2470 1762 litur
2505 1711 2555 1763 in
2588 1711 2782 1765 Selime
2808 1713 2977 1781 primo
3014 1712 3216 1781 Jovius,
3273 1725 3325 1769 et
3373 1726 3561 1769 auctor
3597 1715 3859 1769 annalium

2348 1798 2549 1853 Silcsiaz
2574 1799 2800 1865 Curcus,
2828 1807 2917 1871 qui
2952 1819 3142 1873 pagum
3174 1807 3460 1875 ignobilem
3495 1816 3548 1860 et
3575 1806 3853 1861 obscurum

725 1892 1063 1958 Macedoniae,
1092 1913 1213 1950 cum
1268 1896 1518 1954 Perintho
1570 1901 1733 1970 (nunc
1786 1905 2066 1967 Arncb'tea,
2105 1907 2240 1969 quod

2345 1900 2541 1943 vocant
2572 1909 2585 1944 :
2621 1897 2741 1945 cum
2785 1894 3046 1964 hodieque
3088 1898 3159 1949 sit
3192 1894 3463 1964 oppidum.
3502 1905 3555 1950 et
3583 1912 3610 1946 a
3645 1903 3857 1970 praetore

728 1984 866 2036 idem
898 1997 979 2039 est
1037 2002 1157 2041 cum
1192 1989 1485 2061 Heraclea),
1520 2009 1639 2047 cum
1673 1994 1935 2065 Selybria,
1970 2013 2086 2050 cum
2125 1997 2244 2066 ipso

724 2074 995 2143 Byzantio,
1032 2079 1336 2146 possidebat
1368 2100 1380 2134 :
1409 2083 1461 2137 in
1502 2099 1671 2152 eaque
1709 2087 1844 2148 loca,
1884 2090 2045 2141 semel
2084 2104 2241 2142 occu-

726 2174 866 2232 pata.
892 2166 1129 2221 colonias
1155 2168 1444 2224 deducebat
1472 2190 1487 2226 ι
1521 2171 1846 2242 Thucydide,
1870 2174 2239 2242 XenOphonte,

725 2268 881 2322 atque
911 2257 1027 2310 aliis
1080 2262 1323 2313 testibus.
1359 2262 1558 2315 Praetor
1581 2262 1797 2318 Graeciz
1820 2277 1998 2319 noster
2021 2268 2239 2321 Chario-

728 2348 884 2414 polim
916 2361 1315 2412 commemorat,
1350 2362 1403 2406 et
1434 2369 1542 2422 quo
1572 2355 1671 2408 sita
1706 2356 1823 2410 loco
1872 2357 1960 2420 sit,
1997 2358 2195 2411 indicat
2223 2376 2236 2411 :

725 2439 849 2492 dum
878 2440 1063 2494 ordine
1092 2442 1332 2497 civitates
1378 2446 1473 2499 has
1528 2447 1579 2499 in
1611 2448 1945 2503 Cherroneso
1977 2430 2236 2517 recenset,

723 2528 1051 2593 Heracleam.
1070 2531 1315 2597 Panium,
1339 2536 1699 2601 llhaedestnm,
1725 2539 2104 2607 Chariopolim.
2131 2538 2239 2593 Me-

728 2621 875 2674 minit
904 2631 958 2675 et
987 2621 1245 2678 Cedrinus
1277 2624 1328 2678 in
1352 2625 1705 2681 Constantino
1724 2626 2072 2683 Monomacho
2100 2630 2237 2698 Aug.

728 2710 814 2762 ubi
866 2711 930 2765 de
961 2708 1255 2767 Patzinacis
1281 2714 1332 2766 in
1382 2713 1745 2769 Macedoniam
1776 2715 2096 2785 profecturis
2146 2733 2240 2771 ex-

721 2800 900 2867 plicat.
934 2800 1038 2855 ιω
1054 2803 1275 2872 Sapiens
1296 2806 1429 2873 Aug.
1449 2805 1503 2858 in
1532 2804 1745 2860 Novella
1773 2807 1837 2860 de
1866 2808 2112 2869 Thronis,
2141 2807 2240 2861 He-

722 2887 911 2941 racleae
956 2892 1252 2959 metropoli,
1299 2906 1456 2961 quam
1507 2890 1744 2946 Thraciae
1815 2892 2240 2962 Macedoniaeque

721 2980 881 3032 simul
912 2981 1173 3045 attribuit,
1215 2981 1367 3053 41],
1400 2983 1542 3036 velut
1567 2970 1871 3037 inconfinio
1895 2986 2073 3049 sitam,
2103 2983 2240 3038 inter

725 3072 855 3125 alios
884 3073 1242 3139 episcopatus,
1282 3073 1376 3126 hos
1412 3072 1669 3140 subiicit:
1711 3072 2005 3142 Madytum,
2042 3073 2109 3127 de
2138 3088 2237 3142 qua

722 3162 977 3216 diximus.
1013 3163 1349 3218 Rhaedcstum
1387 3166 1550 3227 (nunc
1593 3164 1942 3229 Rhodostum)
1992 3162 2236 3225 Panium,

2348 1975 2555 2031 dicatur
2571 1979 2718 2049 Asty,
2751 1981 2889 2048 quod
2924 1963 3187 2035 civitatem
3223 1963 3513 2052 significat;
3546 1999 3610 2038 ac
3642 1984 3691 2036 in
3716 1963 3857 2035 Gne-

2347 2082 2532 2122 corum
2568 2069 2806 2124 historiis
2857 2072 3016 2125 etiam
3065 2072 3306 2129 Mauricii
3347 2076 3566 2141 Augusti
3613 2072 3858 2139 tempori-

2347 2158 2467 2221 bus,
2504 2167 2626 2212 ante
2656 2160 2797 2213 mille
2826 2162 3030 2217 scilicet
3064 2178 3254 2227 annos,
3288 2164 3490 2217 mentio
3516 2163 3731 2233 Tzuruli
3758 2163 3855 2224 fiat,

2347 2252 2432 2303 ubi
2459 2252 2675 2314 dicitur,
2697 2251 2947 2321 Chagano
2975 2268 3093 2307 cum
3118 2252 3321 2308 infinita
3341 2250 3675 2307 multitudine
3700 2252 3859 2305 Thra-

2345 2343 2479 2395 ciam
2534 2343 2795 2411 ingrcsso.
2850 2340 3208 2397 Romanorum
3267 2342 3454 2397 ducem
3486 2342 3753 2403 territum,
3808 2342 3855 2394 in

2345 2432 2567 2485 castello
2589 2430 2830 2496 Tzuruli,
2865 2443 3113 2500 tanquam
3144 2434 3259 2488 loco
3288 2431 3514 2494 munito,
3540 2424 3596 2485 se
3647 2432 3855 2486 concin-

2348 2520 2506 2577 sisse.
2526 2521 2653 2576 Nam
2680 2526 2788 2576 haec
2812 2524 2921 2591 ipsa
2951 2524 3195 2593 leguntur
3214 2522 3353 2590 apud
3389 2520 3650 2574 Zonaram
3679 2523 3869 2575 verba.‘

2341 2634 2429 2688 27.
2474 2633 2720 2696 Eurenos,
2753 2644 2801 2689 et
2832 2636 3002 2689 Crateri
3054 2645 3153 2687 tres
3187 2634 3321 2701 apud
3359 2632 3551 2686 Turcos
3584 2634 3854 2687 illustrium

2674 2715 2896 2773 quatuor
2927 2704 3246 2773 familiarum
3277 2713 3527 2755 auctores.

2411 2812 2649 2868 Tradunt
2693 2815 2883 2877 nostri,
2929 2814 3055 2868 etin
3115 2814 3197 2867 his
3239 2812 3535 2878 Geufrreus,
3576 2814 3851 2870 Osmanem

2344 2905 2444 2959 sibi
2477 2916 2583 2958 tres
2611 2903 2896 2957 ftederatos
2933 2896 3209 2969 ascivisse,
3243 2919 3469 2972 quorum
3499 2904 3714 2972 adjutus
3740 2916 3851 2971 ope,

2344 2993 2703 3062 compluribus
2756 2992 2963 3062 oppidis
3012 2992 3280 3055 subactis,
3338 2992 3707 3045 auctoritatem
3756 2990 3884 3045 sibi‘

2343 3084 2735 3152 potentiamque
2792 3082 3195 3151 comparaverit.
3253 3080 3452 3135 Horum
3507 3083 3643 3136 duos
3700 3081 3849 3133 fuisse

2344 3174 2575 3235 Grzecos,
2618 3173 2887 3242 religionis
2938 3172 3252 3227 Christianae
3291 3173 3611 3235 desertores,
3644 3171 3845 3225 tertium

726 3251 1074 3306 "enmi'i‘l'"
1123 3253 1285 3323 (ηυηο
1325 3253 1580 3322 xamllii).
1634 3254 1981 3322 Camolwiim:
2009 3252 2241 3306 PeriSla-
2264 3255 2307 3312 C
2342 3278 2466 3316 vero
2490 3262 2739 3319 Turcum.
2770 3264 3072 3319 (ἑταῖροι-ψη
3108 3280 3265 3329 unus,
3298 3263 3518 3318 Michael
3556 3261 3850 3316 nominaba-

722 3340 847 3403 sim,
922 3342 1305 3413 Chariopoiim,
1367 3342 1682 3397 'l'zurolloén
1744 3343 1911 3413 (nunc
1976 3339 2145 3409 Zorli)
2190 3351 2241 3393 et

724 3434 942 3503 Athyra.
980 3434 1069 3501 qui
1101 3449 1241 3487 nunc
1262 3434 1402 3489 Pons
1448 3434 1676 3503 grandis
1726 3433 2053 3486 nominatur.
2090 3430 2238 3495 Quod

726 3524 770 3576 si
802 3523 949 3576 lubet
1002 3524 1461 3590 iuteliigendarum
1514 3523 1855 3576 historiarum
1884 3537 2043 3576 causa
2080 3536 2238 3575 nosse

725 3613 996 3667 intervaila
1042 3615 1230 3665 horum
1283 3614 1618 3680 Oppidorum,
1668 3623 1725 3666 ut
1765 3612 1952 3667 ordine
1981 3613 2082 3667 sita
2111 3621 2236 3667 sunt

723 3707 789 3756 al
827 3704 973 3755 littus
1003 3701 1325 3770 Hellesponti
1354 3720 1416 3760 ac
1440 3705 1799 3774 Proiiontidis,
1827 3704 1950 3758 inde
1980 3719 2010 3758 a
2042 3703 2240 3758 Darda-

728 3793 902 3856 nellis,
963 3792 1047 3843 ubi
1092 3793 1273 3848 fauces
1319 3792 1639 3865 Hellesponti
1695 3805 1839 3857 sunt,
1897 3795 1949 3847 in
2002 3792 2239 3863 Algaaum

723 3901 884 3940 cursu
922 3886 1129 3954 rapido
1165 3895 1335 3941 semet
1360 3888 1723 3953 exonerantis,
1764 3886 1831 3940 ad
1876 3887 2046 3953 ipsam
2075 3898 2245 3949 usque

728 3978 921 4046 regiam
944 3979 1124 4029 urbem
1148 3970 1701 4045 Cpnstantinopolim:
1736 3976 1848 4030 hac
1902 3982 2243 4043 peraccurate

724 4077 1028 4133 computata
1064 4066 1227 4131 illius,
1264 4082 1423 4135 quem
1461 4068 1569 4120 dixi
1597 4068 1864 4123 Mclicnsis
1895 4066 2105 4119 Antonii
2131 4077 2246 4120 stne

726 4159 843 4218 dio,
869 4157 1091 4209 notabis.

794 4249 834 4301 Α
864 4243 1139 4311 Eumelus,
1163 4247 1240 4300 vel
1270 4246 1563 4312 Romaniae,
1597 4246 1879 4303 Grzeciaeve
1930 4258 2243 4317 promonto-

736 4340 837 4396 rio.
870 4339 1013 4404 quod
1045 4347 1343 4392 extremum
1366 4350 1449 4393 est
1485 4340 1535 4392 in
1571 4338 1779 4408 Europa
1808 4350 2022 4409 propter
2046 4338 2240 4394 Helles-

728 4429 876 4495 ponti
914 4430 1204 4496 angustias,
1235 4432 1301 4484 ad
1324 4445 1475 4484 arces
1504 4430 1761 4493 faucium,
1808 4432 1921 4484 sive
1965 4428 2244 4483 Dardanel-

729 4523 831 4580 los,
865 4520 1107 4572 milliaria
1130 4519 1310 4573 Graeca
1345 4534 1469 4573 sunt
1500 4524 1580 4574 l8.

796 4613 837 4661 A
866 4610 1191 4662 Dardaueliis
1219 4609 1433 4663 Maitum
1471 4627 1659 4678 usque,
1694 4630 1761 4665 llt.
1790 4615 1838 4664 5.

794 4701 952 4753 Maito
978 4700 1447 4765 Chiridocastrum,
1478 4719 1547 4756 tn.
1578 4701 1631 4756 2.

792 4784 1197 4845 Chiridocastro
1224 4793 1578 4860 Calliupolim,
1608 4810 1676 4851 ιιι.
1710 4795 1800 4847 22.

795 4884 1073 4950 (Zalliupoli
1101 4883 1469 4948 llexamilium,
1510 4903 1579 4937 tn.
1613 4886 1663 4938 6.

797 4973 1086 5025 ilcxamilio
1103 4974 1165 5025 ad
1189 4971 1366 5026 Sancti
1389 4974 1600 5043 Georgii
1623 4979 2069 5042 prou‘tontorittm,
2093 4994 2162 5029 tu.
2184 4978 2236 5030 6.

799 5071 841 5116 Α
871 5066 925 5116 S.
956 5065 1181 5134 Georgio
1212 5066 1519 5128 l’eristzisin,
1548 5084 1620 5120 ιιι.
1651 5069 1710 5121 6.

800 5158 1047 5211 i'eristasi
1071 5157 1423 5220 Arachlizam,
1457 5159 1606 5212 tu.'7.

798 5247 1063 5299 Arachliza
1098 5247 1501 5317 MyriOphytum,
1538 5248 1677 5303 m.7.

796 5334 1124 5405 Myriophyto
1155 5337 1364 5397 Coram,
1400 5354 1468 5389 m.
1497 5338 1546 5389 6.

795 5425 929 5479 Cora
958 5425 1206 5488 Gaintttn,
1237 5442 1309 5479 ιιι.
1345 5426 1395 5478 4.

794 5518 961 5570 Gaino
987 5516 1339 5574 Rhodostum,
1372 5530 1442 5565 m.
1473 5515 1561 5567 25.

789 5606 1062 5657 Rhodosto
1098 5603 1428 5663 Arachlcam,
1472 5620 1540 5655 tu.
1573 5605 1655 5658 50.

794 5696 1051 5749 Ararhiea
1083 5695 1405 5761 Silyuream,
1442 5711 1507 5745 m.
1539 5696 1627 5748 ‘20.

805 5784 1041 5841 Silvurea
1070 5786 1131 5838 ad
1168 5787 1382 5840 Pontem
1415 5790 1685 5857 grandem,
1729 5806 1797 5841 tu.
1836 5790 1913 5842 15.

1972 5834 1997 5852 ς

2343 3360 2429 3404 tur
2460 3368 2473 3404 :
2503 3352 2660 3416 alter,
2691 3351 2918 3407 Marcos.
2959 3338 3135 3407 Turco
3181 3368 3373 3408 nomen
3429 3351 3645 3405 Aurami
3698 3350 3851 3405 fuisse

2342 3442 2547 3495 scribit.
2575 3444 2654 3497 Ab
2682 3442 2763 3495 his
2804 3454 3118 3514 propagatae
3154 3458 3271 3497 esse
3319 3452 3424 3495 tres
3460 3441 3691 3497 familias
3716 3441 3847 3511 apud

2341 3530 2547 3586 Turcos
2599 3531 2806 3587 caeteris
2858 3534 3127 3600 omnibus,
3180 3533 3467 3587 secundum
3520 3532 3847 3595 Osmanidas,

2339 3621 2671 3675 nobiliores:
2701 3636 2729 3674 a
2758 3619 3031 3688 Michaele,
3075 3623 3164 3691 qui
3202 3621 3521 3693 Michalogli,
3561 3623 3706 3693 quasi
3752 3620 3848 3673 lli-

2342 3713 2593 3775 chalides,
2623 3712 2902 3780 dicantur;
2927 3730 2957 3768 a
2979 3712 3175 3776 Marco,
3208 3713 3297 3782 qui
3334 3712 3668 3785 Marcozogli,
3699 3710 3846 3781 quasi

2340 3802 2669 3859 Murcozides
2696 3820 2711 3869 ;
2740 3804 2806 3857 ab
2836 3803 3079 3866 Aurami,
3108 3801 3201 3873 qui
3230 3797 3845 3872 AuramoglietAuramio

2342 3893 2453 3948 des.
2473 3893 2579 3947 Nos
2603 3895 2857 3949 hactenus
2878 3895 3066 3949 horum
3089 3894 3144 3958 in
3175 3895 3454 3949 annalibus
3478 3897 3622 3949 hisce
3636 3890 3849 3947 mentio-

2343 3999 2464 4038 nem
2483 3984 2678 4037 nullam
2698 3985 3005 4038 habuimus.
3024 3983 3310 4039 Eurenosis
3327 4000 3516 4039 nomen
3533 3986 3616 4038 hic
3632 3983 3843 4052 primum

2342 4092 2481 4131 anno
2503 4076 2808 4130 Christiano
2859 4076 2994 4129 1557
3018 4076 3261 4144 legimus,
3291 4092 3447 4145 quem
3490 4092 3555 4129 ex
3585 4086 3844 4145 procerum

2343 4182 2565 4221 numero
2598 4167 2759 4221 fuisse
2788 4182 2890 4220 non
2915 4166 3131 4220 dubium
3153 4178 3256 4231 est,
3282 4184 3401 4221 cum
3441 4167 3605 4235 begus
3634 4164 3847 4232 appelle-

2343 4266 2444 4310 tur.
2478 4256 2540 4310 Et
2560 4256 2761 4309 Turcos
2781 4256 2864 4309 hic
2898 4258 3110 4323 quidem
3138 4258 3287 4327 sequi
3313 4257 3468 4320 malo,
3493 4256 3682 4325 quibus
3699 4254 3849 4305 Eure-

2344 4364 2478 4413 nos;
2511 4363 2668 4417 quam
2695 4347 3016 4423 Genii-zeum,
3061 4350 3143 4402 cui
3177 4346 3393 4401 Aurami
3441 4353 3678 4400 vocatur.
3707 4342 3847 4397 Unde

2346 4438 2541 4505 posteri
2560 4451 2767 4505 quoque
2782 4453 2884 4489 non
2900 4438 3201 4505 Auramogli
3218 4452 3338 4489 cum
3358 4434 3619 4494 (ἰωὴ-πο.
3637 4434 3718 4488 sed
3732 4447 3842 4485 cum

2347 4529 2537 4581 Turcis
2573 4527 2935 4595 Eurenosogli,
2970 4529 3113 4581 velut
3145 4526 3516 4584 EurenOsides.
3541 4522 3845 4591 suntappel.

2352 4616 2513 4670 laudi.
2535 4614 2824 4685 Michalogli
2844 4619 3012 4670 serius
3032 4617 3111 4669 his
3127 4625 3610 4677 commemorantur
3628 4614 3675 4665 in
3692 4626 3845 4664 anna-

2343 4707 2502 4769 libus,
2552 4715 2603 4757 ct
2635 4708 2940 4760 nominatim
2969 4706 3261 4759 Mechemet
3283 4704 3380 4774 beg
3414 4704 3725 4772 Micbalogli,
3750 4702 3843 4753 dux

2345 4797 2717 4859 Acauzioruni,
2757 4798 2857 4850 sub
2901 4796 3108 4855 initium
3145 4795 3489 4849 Much'emetis
3521 4794 3691 4863 primi,
3719 4804 3843 4844 anno

2346 4885 2646 4939 Christiano
2677 4887 2810 4939 HM
2836 4905 2849 4949 ;
2877 4886 3183 4959 Malcozogli
3215 4888 3364 4954 longe
3414 4897 3534 4954 post
3558 4884 3672 4948 bos,
3718 4893 3843 4933 anno

2345 4975 2648 5029 Christiano
2686 4976 2835 5038 “80,
2875 4992 2978 5043 quo
3020 4984 3253 5045 tempore
3288 4976 3399 5035 Bali
3431 4978 3530 5044 beg
3558 4972 3837 5037 Malcozogli

2345 5071 2666 5131 natninatur,
2692 5074 2789 5125 sub
2810 5070 3132 5126 Muchcmete
3150 5075 3399 5127 secundo.
3428 5066 3839 5136 Quartaefamiliz

2345 5178 2448 5214 non
2475 5162 2527 5214 ﬁt
2548 5164 2684 5229 apud
2704 5162 2996 5214 Geufra'um
3023 5166 3238 5225 mentio,
3258 5178 3413 5231 quam
3431 5160 3675 5214 Turcban
3695 5160 3836 5227 begus

2343 5252 2671 5321 propagavit.
2725 5251 2834 5305 Hoc
2886 5271 3076 5308 nomen
3110 5257 3161 5307 in
3194 5255 3277 5307 his
3303 5252 3583 5306 annalibus
3608 5252 3837 5313 reperitur

2346 5343 2445 5395 sub
2466 5342 2666 5393 Murate
2702 5346 2952 5399 secundo.
2975 5360 3113 5396 anno
3132 5344 3431 5398 Chrisdano
3454 5343 3603 5396 1455.
3631 5342 3835 5395 [inreuo-

2344 5448 2429 5486 ses
2442 5434 2577 5496 apud
2598 5432 2880 5488 Laouieum
2898 5436 3151 5489 Brenezcs
3166 5434 3432 5495 scribitur,
3457 5450 3548 5501 pro
3568 5434 3838 5487 Eureneses

2347 5520 2741 5577 autUrenczes.
2783 5524 2923 5579 idem
2961 5525 3321 5593 Michaloglios
3356 5526 3513 5578 etiam
3556 5523 3836 5578 Mla-halines

2344 5612 2535 5663 alicubi
2591 5625 2758 5668 vocat.
2825 5616 3171 5669 Malcozzides
3226 5624 3279 5667 et
3326 5614 3627 5685 Maleozogli
3673 5625 3759 5665 cur
3809 5622 3833 5656 τι

2344 5700 2532 5756 Turcas
2573 5720 2665 5771 pro
2714 5707 3018 5760 Marcouiis
3072 5716 3121 5757 ct
3174 5704 3543 5774 Marcomgliis
3595 5707 3830 5758 dicantur.

2344 5796 2487 5853 scio:
2523 5810 2616 5851 cur
2647 5812 2677 5851 ξι
2713 5794 2992 5852 Reimccio
3030 5797 3325 5861 .llalacuuii,
3388 5802 3584 5853 uestio.
3623 5794 3831 5848 Eurcuo-
