4032 6344
215 412 324 471 ’157

1343 423 1734 483 PANDECTE
1772 426 1966 485 IIIST.
1999 427 2294 486 TURCIC.

3270 425 3373 486 758

217 527 299 577 sis
325 525 484 578 etiam
545 528 741 594 posteri
811 527 1007 582 rectius
1058 528 1335 584 Eurcnosii
1371 531 1449 584 vel
1480 531 2036 602 EurenesiiAnosmr
2102 535 2247 596 facit,
2304 551 2412 602 quo
2469 535 2585 586 loco
2643 546 2822 587 narrat
2879 533 3111 588 chctiis
3152 537 3371 588 missum

219 618 576 676 vocabuntur,
614 619 1070 693 qlianiﬁlirettes.
1129 620 1380 674 Turchan
1406 622 1570 690 begus
1596 622 1753 674 Chal-

219 708 528 776 cocondylze
577 705 920 762 Turacltanes
977 711 1300 764 nominatur.
1354 712 1544 764 Nostra
1576 723 1756 766 aetate

222 798 431 850 nullam
460 800 646 850 borum
696 808 846 852 extra
893 798 1207 853 Malcozzios
1264 809 1318 855 et
1369 799 1752 868 Micbaloglios,

226 891 554 942 mentionem
593 891 892 944 invonimus
914 907 926 942 :
952 900 1004 943 et
1027 893 1482 960 Mit-halogtiornm
1515 908 1640 944 sane.
1674 907 1757 944 re-

227 979 546 1038 centiorem,
578 995 637 1032 ex
661 981 855 1047 quibus
883 982 1162 1036 Acbmctes
1194 982 1436 1035 Acanziis
1463 982 1670 1049 prreluit
1702 982 1756 1034 in

227 1072 473 1124 exercitu
502 1073 835 1133 Soleimanis.
864 1077 926 1127 ad
958 1075 1301 1129 obsidendam
1329 1077 1582 1129 Viennam
1600 1075 1759 1143 proﬁ-

228 1160 894 1226 ciscentis.C.-isanen,vero
913 1163 1300 1233 Michaloglium
1319 1166 1550 1218 triennio
1570 1173 1687 1232 post
1704 1164 1756 1215 in

230 1248 323 1299 bis
342 1247 624 1301 annalibus
646 1251 982 1316 expeditione
1025 1250 1344 1306 Solaimanis
1379 1254 1542 1306 altera
1577 1260 1760 1304 contra

231 1335 558 1400 Germanos,
578 1354 604 1390 a
619 1341 815 1394 nostris
829 1357 1044 1405 crstini,
1061 1344 1263 1414 magnis
1279 1357 1398 1397 cum
1415 1341 1606 1411 copiis,
1638 1340 1762 1410 legi-

234 1441 380 1480 mus.
425 1489 427 1491 ι

379 1519 470 1574 28.
511 1520 764 1580 Dimomc.
797 1522 1101 1592 Burgosine.
1133 1526 1346 1595 Bergas,
1370 1527 1625 1597 Plagiari.

307 1612 365 1663 In
402 1611 595 1666 vicinia
629 1612 847 1666 Tznruli
878 1615 940 1666 de
969 1631 1070 1682 qna
1101 1617 1322 1679 dictum,
1346 1617 1760 1688 Didymotichum

234 1714 438 1770 prwtor
467 1720 584 1757 cum
617 1705 737 1757 aliis
778 1708 1027 1772 oppidum
1068 1712 1238 1770 ponit,
1268 1708 1423 1779 5.12
1471 1726 1496 1761 a
1533 1710 1760 1778 geminis

234 1795 408 1848 inuris
438 1795 515 1848 sic
565 1797 911 1861 appellatum,
949 1795 1139 1849 Turcis
1195 1799 1428 1850 mutilate
1469 1798 1712 1851 Dimotuc
1745 1814 1758 1849 :

1854 621 2020 676 fuisse
2063 622 2574 690 Constantinopolim
2633 639 2829 675 ιιιιι·ιιιιι
2881 620 3196 676 Erusiastcu
3236 626 3386 690 (quo-

1855 714 2073 765 nomine
2121 713 2465 780 signiticatur,
2495 716 2540 768 is
2587 713 2678 782 qui
2700 724 2783 767 est
2807 730 2928 768 cum
2977 725 3258 783 potestate,
3314 732 3376 767 ac

1853 803 2286 870 jurisdictionem
2334 807 2580 868 exercet)
2630 820 2786 873 quem
2835 805 2958 873 ipsi,
3001 809 3092 868 ait,
3144 806 3379 863 Potesta«

1856 902 1966 944 tum
2022 895 2312 948 nominant.
2354 895 2482 947 ljadi
2535 911 2660 950 vero
2702 896 2950 958 Lesclier,
3007 899 3116 950 sive
3163 896 3376 960 [.csker,

1859 983 2121 1050 signiﬁcat
2146 983 2374 1048 indicem
2417 999 2749 1052 supremum,
2773 986 2862 1053 qui
2903 986 3134 1041 Arabum
3168 987 3380 1039 Mauro-

1859 1089 2086 1139 rnutque
2109 1074 2285 1141 lingua
2307 1075 2500 1128 dicitur
2533 1075 2659 1129 Cadi
2690 1075 2859 1129 Asker
2888 1093 2902 1128 :
2933 1093 3036 1144 qua
3057 1092 3183 1129 voce
3206 1079 3380 1130 solt-nt

1861 1163 1961 1220 uti.
1985 1165 2075 1228 qui
2104 1164 2403 1230 elegantius
2427 1165 2739 1232 loquuntur,
2778 1167 2965 1234 vulgus
2989 1167 3172 1219 altera.
3220 1164 3382 1219 Erant

1859 1263 2036 1306 autem
2064 1254 2215 1320 prius
2265 1255 2316 1306 in
2365 1254 2615 1308 universo
2667 1256 2965 1309 Turcornm
3026 1256 3249 1324 imperio
3277 1256 3384 1308 duo

1860 1356 2062 1397 tantum
2092 1345 2474 1400 Cadilescberi.
2497 1345 2712 1398 Primus
2733 1345 3010 1407 Anatolii»,
3034 1347 3167 1398 alter
3187 1344 3383 1398 liniue-

1862 1434 1964 1495 lize,
2002 1436 2100 1487 boc
2139 1445 2223 1487 cst
2271 1434 2545 1488 Romaniae
2587 1436 2666 1487 vel
2707 1434 2948 1502 Europae.
2983 1434 3082 1487 Sed
3123 1451 3150 1487 a
3192 1435 3385 1488 Selimc

1863 1527 2032 1592 primo
2087 1526 2278 1579 tertius
2320 1525 2403 1579 bis
2460 1525 2744 1592 adjunctus
2787 1527 2905 1588 fuit,
2971 1539 3087 1594 post
3139 1529 3385 1580 subactos

1863 1617 2084 1683 populos
2125 1618 2380 1684 principis
2428 1616 2731 1672 Aiadenlia.
2775 1627 2825 1669 et
2861 1618 3056 1670 stillani
3097 1619 3384 1680 Cairensis,

1866 1706 2104 1758 videlicet
2134 1705 2428 1774 :Egyptios.
2459 1705 2642 1773 Syros.
2675 1707 2875 1758 Arabes
2909 1717 2962 1760 et
3013 1708 3386 1760 Armeniorum

1865 1807 2066 1859 partem
2103 1814 2114 1847 :
2149 1813 2263 1860 quae
2288 1799 2529 1862 regiones
2547 1812 2666 1848 cum
2693 1796 2952 1849 latissime
2978 1807 3207 1858 pateant,
3231 1799 3386 1850 etiam

231 1884 378 1948 qnud
407 1886 616 1945 Nicetes
645 1886 829 1940 Latine
857 1893 1065 1950 versus,
1093 1888 1289 1940 Eurum
1321 1887 1534 1940 ﬂuvium
1561 1888 1761 1942 ambire
1788 1868 1836 1929 Β
1864 1883 2006 1935 tertii
2041 1885 2196 1953 ltnjus
2240 1885 2598 1937 Cadilesclicri
2636 1885 2868 1939 cilicium
2913 1888 3130 1952 majoris
3163 1896 3243 1941 cst
3274 1905 3389 1939 rno-

233 1978 425 2035 tradit.
458 1994 557 2045 pro
597 1993 703 2042 quo
751 1979 984 2031 Scribere
1017 1979 1194 2030 debuit
1232 1979 1489 2042 interpres
1530 1979 1758 2032 Hebrum

237 2067 486 2133 ﬂuvium,
546 2069 698 2131 cujus
758 2085 950 2120 nomen
1016 2070 1065 2120 in
1125 2070 1366 2134 pluribus
1423 2071 1760 2124 biSIoriarum

238 2156 548 2208 Graecarum
596 2157 728 2208 locis
771 2159 838 2208 ita
871 2168 1178 2223 corruptum
1237 2159 1515 2224 reperitur.
1576 2159 1762 2225 Oppidi

241 2246 507 2298 Dimotuci
544 2247 824 2314 appellatio
865 2262 929 2298 ne
968 2247 1122 2300 bodio-
1148 2247 1359 2313 quidem
1397 2256 1478 2298 est
1515 2247 1764 2309 obscura,

237 2337 537 2399 przcsertim
568 2346 781 2402 propter
800 2337 1226 2404 elegantissimos
1261 2337 1523 2396 urceolos,
1578 2339 1666 2405 qui
1700 2339 1766 2392 ab

235 2426 429 2478 incolis
454 2426 732 2488 elaborati,
766 2442 886 2479 cum
917 2427 1016 2480 alia
1053 2429 1104 2479 in
1131 2429 1264 2482 loca.
1299 2436 1404 2479 tum
1436 2429 1592 2479 etiam
1634 2427 1768 2481 Con-

235 2519 638 2586 stantinopolim
672 2521 1042 2586 deportantur.
1079 2519 1264 2572 Solent
1297 2519 1437 2570 enim
1461 2533 1522 2571 ex
1554 2518 1630 2571 eis
1658 2528 1766 2571 tam

236 2610 357 2673 ipse
400 2607 699 2661 Turcorum
755 2612 1022 2668 sultanus.
1093 2624 1253 2677 quam
1317 2610 1404 2663 alii
1477 2618 1766 2677 magnates.

238 2715 440 2766 aquam
474 2696 704 2751 haurire.
751 2701 1176 2767 Didymotichnm
1213 2701 1413 2753 novella
1447 2699 1640 2753 Leonis
1672 2700 1772 2750 im-

241 2791 508 2859 peratoris
529 2789 1005 2857 Trajanopolitanae
1027 2792 1223 2843 montis
1281 2789 1560 2858 Rhodopes
1581 2801 1771 2845 metro-

241 2879 350 2946 poli
383 2879 618 2945 subjicit.
645 2879 980 2933 Andronicus
1014 2889 1190 2934 autem
1219 2879 1544 2948 Patreologus
1582 2897 1774 2936 secun-

237 2971 349 3022 dus
381 2969 543 3030 huius
594 2969 827 3021 nominis
884 2970 1192 3036 imperator,
1249 2971 1316 3021 ab
1361 2971 1666 3036 episcopatu
1705 2970 1771 3022 ad

245 3061 560 3128 metropolis
591 3060 898 3122 dignitatem
963 3060 1014 3113 in
1060 3060 1260 3129 synodo
1299 3061 1558 3128 provexit.
1587 3061 1773 3114 Vicina

239 3151 697 3218 Didymoticlioest
718 3151 1033 3218 Burgosine.
1059 3165 1176 3218 qua:
1193 3151 1440 3203 Castaldo
1466 3149 1656 3218 Bergas
1670 3159 1773 3214 est,

237 3245 363 3294 aliis
387 3245 542 3307 vulgo
562 3244 776 3309 Bregas.
799 3244 965 3309 magis
981 3244 1140 3294 etiam
1161 3244 1374 3297 vitiose.
1409 3241 1584 3297 Nostri
1617 3246 1783 3295 comi-

239 3343 323 3383 lus
357 3328 592 3390 Tui-cici,
617 3346 735 3381 cum
757 3330 875 3383 istic
903 3344 1166 3392 essemus.
1193 3330 1395 3399 Burgos
1415 3331 1774 3398 appellabant.

233 3420 512 3472 Gerardus
527 3417 780 3472 Mercator
799 3435 918 3472 cum
938 3420 1054 3473 aliis
1071 3436 1130 3473 ex
1152 3420 1341 3482 Bcraas
1360 3419 1486 3472 facit
1502 3421 1775 3488 Bergulam

233 3520 292 3562 ct
316 3509 872 3578 BergclenPtolemzei,
900 3509 1181 3577 Bergulion
1209 3509 1448 3571 Ccdrini,
1466 3511 1785 3563 ctArcad‘o-

238 3604 429 3672 polim.
459 3603 768 3657 Proximum
801 3602 868 3655 ab
888 3602 1313 3669 Itoc.oppidulum
1341 3617 1528 3656 versus
1558 3600 1779 3653 Iladria-

238 3698 484 3762 nepolim
519 3698 672 3749 medii
704 3698 805 3747 diei
838 3697 998 3749 distat
1019 3696 1387 3764 itinere,quod
1415 3695 1550 3747 idem
1577 3694 1778 3747 Castal-

234 3792 341 3841 dus
361 3789 652 3840 Sitibabam
675 3791 928 3843 nominat.
951 3802 1068 3838 cum
1089 3801 1116 3837 a
1162 3785 1352 3839 Turcis
1402 3787 1595 3838 nostris
1639 3783 1788 3836 Eski-

229 3882 377 3936 baba
401 3879 702 3931 diceretur:
734 3877 784 3928 id
809 3889 907 3933 est.
931 3876 1068 3930 Baba
1095 3887 1262 3927 vetns.
1285 3875 1614 3927 Soleimsnes
1633 3875 1784 3925 bassa

238 3983 493 4028 mortuus
511 3984 575 4023 eo
596 3985 742 4032 casn,
771 3969 858 4035 qui
885 3968 1136 4020 recitatur
1160 3968 1210 4018 in
1241 3964 1543 4021 annalibus.
1573 3966 1622 4016 in
1652 3978 1787 4030 pago

241 4079 353 4115 non
403 4061 584 4125 procul
643 4076 671 4110 a
729 4057 1273 4125 Calliupolisepultus
1308 4058 1552 4117 traditur,
1572 4055 1656 4106 cui
1689 4067 1786 4104 no-

239 4170 366 4204 men
397 4150 648 4217 Plagiari.
683 4151 753 4201 De
781 4156 1126 4200 monumento
1171 4157 1345 4198 tamen
1374 4147 1489 4210 ejus
1517 4146 1644 4198 nihil
1665 4144 1784 4197 istic

239 4243 629 4301 Intelleximus,
649 4239 773 4293 licet
800 4242 862 4292 ad
889 4239 1225 4303 Calliupolim
1250 4250 1479 4305 quatuor
1501 4238 1606 4288 fere
1624 4235 1786 4302 septi-

240 4335 424 4390 manis
442 4333 785 4384 barreretnus.
801 4330 1205 4384 Observandum
1225 4328 1275 4378 in
1293 4327 1573 4380 annalibus
1589 4335 1788 4380 mortu-

242 4442 334 4479 um
360 4424 505 4475 hunc
533 4418 885 4471 Soleimanetn
901 4419 1110 4469 duobus
1129 4425 1250 4468 ante
1268 4424 1465 4483 patrem
1487 4412 1785 4468 Urchanem

1864 1974 2208 2041 utentiqnam
2251 1975 2601 2041 reliquorum.
2643 1977 2849 2029 IIabent
2878 1989 3053 2031 autem
3108 1979 3388 2045 imperium

1866 2061 2223 2115 Cadilcscberi
2275 2074 2494 2116 caeteros
2559 2066 2609 2116 in
2662 2066 2844 2117 cadios
2898 2069 3009 2120 sive
3059 2069 3288 2135 jndiccs.
3338 2079 3389 2119 ct

1868 2147 2115 2214 Iloggias,
2154 2161 2207 2201 el
2261 2149 2595 2204 Talismanos
2633 2169 2645 2203 :
2686 2154 2826 2204 velut
2868 2155 3002 2220 apud
3042 2170 3138 2205 nos
3175 2157 3271 2207 sub
3309 2156 3388 2222 ju-

1869 2237 2175 2292 risdictione
2202 2239 2745 2309 archiepiscoporum,
2777 2243 3027 2309 episcopi,
3076 2246 3389 2313 presbyteri,

1870 2328 2103 2393 diaconi,
2153 2331 2514 2383 continentur.
2573 2331 2731 2383 Iidem
2789 2343 2840 2385 et
2900 2331 3224 2386 Cadilicatus
3283 2335 3393 2387 sive

1869 2416 2105 2484 judicum
2165 2417 2333 2471 ollicia
2371 2419 2730 2488 (Potestarias
2757 2421 2869 2474 Itali
2897 2422 3122 2489 vocant)
3170 2423 3393 2474 arbitra—

1874 2516 1927 2558 tu
1954 2522 2052 2559 suo
2076 2508 2322 2562 conlerrc
2347 2510 2540 2572 solerti,
2572 2511 2662 2564 sed
2690 2527 2749 2563 ea
2783 2511 2894 2576 lege
2947 2520 3143 2572 tamen,
3175 2519 3232 2563 ut
3268 2527 3394 2564 con-

1874 2596 2044 2648 stituti
2097 2597 2165 2649 ab
2211 2597 2340 2664 ipsis
2384 2599 2594 2664 judices
2639 2614 2667 2651 a
2732 2600 2942 2652 sultano
2993 2599 3395 2654 conﬁrmentur.

1874 2686 2186 2740 Addendum
2221 2689 2420 2752 ethoc,
2448 2688 2584 2742 duos
2607 2689 2727 2742 illos
2759 2691 2958 2756 primos
2981 2691 3186 2756 judiees
3226 2691 3394 2758 majo-

1876 2790 1962 2827 res
1983 2777 2250 2843 accepism
2273 2775 2480 2830 Turcos
2501 2794 2528 2829 a
2553 2777 2772 2841 Graecis,
2804 2795 3031 2848 quorum
3071 2780 3166 2849 (uti
3197 2780 3394 2833 dictum

1875 2865 2093 2933 smpius)
2144 2866 2377 2919 aemulati
2423 2878 2545 2922 sunt
2599 2869 2802 2937 imperii
2862 2878 3093 2922 veterem
3153 2870 3398 2924 formam.

1879 2956 2084 3022 Quippe
2119 2955 2288 3010 Graeci
2315 2957 2474 3011 etiam
2517 2960 2755 3012 Dicastas
2784 2959 3118 3026 sivejudices
3150 2961 3402 3024 Anatoles

1879 3056 1930 3099 et
1979 3047 2210 3102 IIelladis
2249 3048 2531 3101 habebant.
2558 3049 2808 3116 Adeoque
2841 3065 3028 3117 magna
3064 3049 3227 3103 fuisse
3251 3051 3419 3104 istac.

1880 3137 2049 3189 olIii-ia
2083 3138 2161 3190 vel
2182 3151 2243 3191 ex
2267 3154 2330 3192 eo
2361 3147 2528 3207 paret,
2555 3138 2694 3205 quod
2717 3139 3022 3205 imperatrix
3046 3139 3148 3191 Zoe
3168 3138 3393 3206 judicem

1886 3227 2190 3280 Grecorum
2244 3226 2430 3280 fecerit
2502 3228 2909 3281 Constantinum
2975 3228 3399 3287 lilonomacbum,

1884 3318 1967 3366 cui
2000 3328 2176 3370 tamen
2204 3334 2308 3372 non
2339 3320 2504 3371 multo
2531 3327 2648 3386 post
2679 3318 2786 3385 ipsa
2833 3319 3028 3385 nupsit.
3085 3328 3137 3370 et
3167 3333 3260 3386 per
3309 3333 3407 3370 nu-

1885 3409 2021 3476 ptias
2046 3409 2326 3476 imperium
2352 3410 2586 3472 tradidit,
2617 3410 2752 3462 sicut
2782 3411 2832 3460 in
2864 3409 2978 3477 ejus
3009 3410 3114 3460 vita
3147 3409 3409 3462 Cedrinns

1886 3499 2114 3565 scripsit.
2154 3498 2294 3551 Idem
2365 3501 2416 3550 in
2483 3499 2937 3566 Paralipomenis,
2995 3514 3112 3566 qua:
3181 3499 3402 3550 necdum

1889 3589 2142 3642 babcmus
2168 3590 2328 3649 edita.
2370 3589 2564 3655 jndicis
2610 3589 2856 3642 Hellados
2902 3589 3040 3655 (qua:
3075 3587 3273 3640 Grmcia
3302 3588 3406 3654 est)

1887 3694 1948 3730 ac
1978 3679 2344 3748 Peloponnesi,
2379 3690 2628 3748 tanquam
2654 3695 2844 3747 magno
2872 3680 3071 3747 praediti
3095 3677 3264 3732 ollicio
3291 3680 3402 3732 sive

1887 3768 2158 3833 dignitate,
2201 3771 2456 3821 meminit.

1934 3861 1940 3867 ’
2026 3858 2110 3910 50.
2142 3858 2380 3920 Scachr'u,
2411 3858 2492 3912 Sis
2522 3859 2782 3926 oppidum,
2822 3860 3036 3911 Μανία-α
3068 3861 3278 3925 ﬂumen.

1956 3948 2053 4010 Qui
2095 3947 2284 4001 Turcis
2329 3951 2412 4001 hic
2457 3950 2576 4001 Lala
2632 3951 2878 4007 Scacliin,
2935 3950 3169 4002 Laonico
3221 3951 3409 4002 Saiues

1888 4046 2130 4088 vocatur.
2166 4038 2227 4088 Et
2274 4040 2521 4104 pra'dicat
2559 4055 2676 4090 eum
2728 4040 2874 4091 valde
2929 4039 3212 4101 Laonicus.
3269 4043 3409 4106 opti-

1890 4146 2142 4196 tnnmque
2172 4129 2344 4181 virum
2371 4131 2617 4196 appellat.
2648 4129 2900 4193 Qumnam
2933 4146 3056 4181 vero
3083 4131 3148 4182 sit
3180 4130 3264 4182 illa
3297 4130 3410 4191 Sis,

1893 4223 2048 4288 cujus
2077 4232 2246 4284 capta
2275 4219 2332 4272 ﬁt
2357 4223 2554 4273 mentio
2584 4222 2886 4274 videndum.
2916 4221 3068 4272 Ponit
3101 4219 3294 4272 Marius
3319 4221 3412 4271 Ni-

1887 4327 1978 4378 ger
2022 4312 2072 4363 in
2101 4309 2324 4364 Thracia
2368 4311 2702 4378 SiSSOpolitn,
2753 4327 2868 4378 quae
2909 4312 3035 4362 olim
3077 4311 3214 4361 dicta
3259 4309 3417 4361 fuerit

1890 4401 2200 4467 Apollonia;
2261 4400 2410 4468 ponit
2439 4399 2732 4452 etPtnetns
2783 4402 2831 4451 in
2876 4401 3173 4451 Macedonia
3240 4401 3416 4452 Sisso-

244 4514 530 4570 mensibus
560 4530 571 4560 :
597 4511 679 4561 cui
707 4509 845 4559 ﬁlius
874 4509 1102 4560 Mur-ales
1120 4516 1241 4559 natu
1269 4507 1460 4568 minor,
1486 4522 1587 4557 non
1621 4505 1774 4558 Solei-

1895 4492 2076 4561 poliunt,
2101 4505 2220 4556 quaa
2256 4490 2522 4541 Veteribus
2551 4488 2708 4540 fuerit
2773 4491 3051 4556 Apollonia
3109 4489 3417 4542 Taulantio-

248 4619 439 4658 rnaues
460 4602 736 4653 successit.
756 4595 884 4649 Nam
902 4597 1141 4664 plerique
1157 4597 1507 4649 Soleimanem
1523 4599 1660 4648 inter
1680 4596 1786 4649 sul-

250 4705 415 4749 tanos
437 4691 694 4752 referunt,
723 4700 773 4741 et
798 4689 1022 4755 primum
1059 4687 1216 4748 bujus
1248 4688 1481 4739 nominis
1511 4687 1732 4740 faciunt.

319 4783 412 4838 29.
433 4781 671 4846 Βριριιιρ,
699 4778 900 4840 Chclili,
921 4776 1266 4839 Cadilescher,
1299 4788 1344 4829 et
1382 4777 1508 4831 Cadi
1527 4777 1700 4830 Asker.

326 4874 584 4939 Beleznga
621 4871 770 4923 locus
793 4877 872 4921 est
903 4867 1180 4925 Anatolite.
1221 4868 1308 4920 cui
1335 4883 1524 4921 nomen
1571 4883 1598 4920 a
1631 4885 1787 4936 quer-

249 4975 396 5016 ceto.
423 4962 531 5029 Sig-
561 4963 698 5012 iﬁcat
725 4961 866 5011 enim
901 4974 999 5010 vox
1030 4959 1139 5023 ipsa
1174 4957 1412 5010 novellas
1450 4974 1702 5025 quercus,
1733 4969 1785 5010 nt

253 5055 570 5106 adnotatum
601 5066 782 5117 supra,
809 5063 1030 5100 numero
1077 5048 1160 5114 Ψ.
1195 5045 1454 5099 Zenderlu
1510 5046 1678 5100 Chelil
1714 5057 1793 5098 est

257 5146 304 5197 is
370 5142 464 5207 qui
525 5141 668 5193 edito
721 5139 1158 5204 Chalcccondylaa
1214 5145 1462 5204 corrupta
1527 5139 1790 5203 scriptura

256 5232 504 5286 Chatites
530 5229 842 5296 appellatur,
886 5218 980 5295 pro
1024 5227 1273 5290 Cbaliles,
1312 5227 1452 5294 quod
1501 5227 1546 5277 ei
1603 5242 1790 5277 nomen

259 5333 345 5375 est
381 5319 520 5385 apud
553 5319 857 5386 Gregoram.
905 5319 976 5372 Ex
1024 5333 1087 5371 eo
1135 5319 1223 5386 qui
1265 5315 1433 5369 Haiim
1470 5316 1590 5367 facit
1627 5317 1790 5368 inter-

261 5426 388 5481 pres
439 5410 676 5470 Laonici,
743 5422 925 5463 errat:
959 5425 1080 5460 cum
1126 5409 1330 5460 diversa
1387 5409 1538 5473 plane
1579 5407 1793 5458 nomina

264 5505 377 5556 sint
395 5501 564 5554 Cbclil
586 5508 638 5551 et
661 5501 762 5551 Ali.
794 5501 901 5553 Vox
942 5501 1068 5552 Cadi
1102 5498 1292 5550 Turcis
1317 5498 1549 5564 judicem
1592 5497 1794 5564 signiti-

262 5604 374 5656 cat,
404 5593 496 5660 qui
522 5593 586 5643 de
610 5590 786 5642 causis
813 5589 1130 5653 litigantium
1157 5589 1335 5654 aliquo
1365 5587 1417 5638 in
1451 5588 1665 5654 oppido,
1714 5586 1795 5637 vel

269 5687 424 5744 urbe,
469 5685 548 5735 vel
581 5681 848 5750 provincia
874 5682 1161 5749 cognoscit.
1199 5678 1252 5730 In
1300 5677 1446 5729 Italia
1477 5686 1795 5742 potestatum

268 5783 511 5836 vocant,
564 5773 715 5840 cujus
766 5772 918 5823 uilicii
977 5772 1295 5824 mentionem
1348 5776 1539 5836 ιιι-πίοι-
1584 5768 1799 5821 Cra-cia:

1894 4598 2033 4634 rum.
2068 4578 2249 4633 Utrins
2273 4578 2538 4647 sitopinio
2569 4578 2780 4639 melior,
2832 4579 2929 4646 ipsi
2969 4579 3214 4631 viderint.
3256 4578 3413 4644 Equi~

1889 4674 2008 4725 dent
2035 4681 2280 4724 neutram
2360 4672 2542 4723 barum
2581 4670 2747 4737 accipi
2805 4671 2869 4722 de
2898 4669 2982 4722 Sis
3017 4670 3210 4737 Oppido
3266 4685 3419 4736 posse

1891 4775 2038 4831 puto,
2089 4779 2209 4816 cum
2259 4762 2551 4828 SisSOpoIis
2601 4761 2840 4814 Thracia:
2893 4775 3080 4813 versus
3132 4759 3417 4824 Euxinum,

1892 4855 2031 4908 baud
2073 4853 2256 4918 procul
2281 4853 2344 4904 ab
2368 4852 2642 4910 Ancliialo,
2684 4866 2838 4918 quain
2874 4866 3016 4903 nunc
3047 4851 3242 4902 Acltelo
3269 4851 3415 4901 Grae-

1891 4943 1937 4994 ci
1997 4950 2186 4992 vocant
2234 4941 2557 4992 collocetur:
2623 4940 2928 4992 Macedonia
2988 4954 3111 4992 vero
3170 4940 3419 4990 remotior

1892 5036 2048 5087 ctiam
2080 5033 2146 5085 sit
2170 5034 2234 5083 ab
2259 5032 2359 5084 illis
2387 5033 2536 5095 locis,
2557 5047 2672 5098 quae
2694 5031 2816 5083 buic
2839 5033 3075 5099 proxima
3097 5039 3420 5088 statuuntur,

1894 5123 2144 5178 nimirum
2192 5139 2218 5175 a
2266 5121 2499 5176 Tzurnlo
2563 5133 2614 5177 et
2667 5123 2982 5190 Burgosine.
3038 5123 3214 5175 licstat
3263 5123 3425 5189 igitur

1895 5227 1951 5268 nt
1974 5214 2116 5267 aliud
2144 5213 2222 5266 bis
2245 5213 2469 5264 vicinius
2494 5211 2742 5279 oppidum
2793 5227 3117 5278 quaeramus,
3146 5214 3284 5281 quod
3339 5212 3425 5264 Sis

1895 5304 2165 5357 annalium
2225 5303 2310 5355 sit.
2368 5302 2476 5355 IIoc
2531 5317 2654 5354 vero
2686 5300 2835 5352 nobis
2896 5314 3152 5354 monstrat
3209 5301 3426 5357 Gre-ciae

1894 5405 2090 5463 praetor
2119 5409 2234 5446 esSc
2256 5391 2491 5454 Cissunt,
2525 5408 2627 5444 non
2660 5394 2842 5459 plocnl
2881 5406 2908 5444 a
2957 5389 3190 5446 Tzurulo
3244 5404 3426 5453 cltum,

1897 5487 2116 5538 sicutex
2152 5485 2233 5535 bis
2261 5483 2436 5536 verbis
2461 5482 2578 5548 ejus
2605 5491 2854 5550 apparet:
2926 5482 3076 5549 Cepit
3142 5485 3429 5552 imperator

1896 5574 2054 5644 513
2083 5573 2315 5627 Ioannes
2343 5572 2514 5625 Ducas
2540 5555 2780 5625 Vatatzes
2812 5581 2863 5624 ct
2887 5570 3100 5624 Cissum
3130 5571 3429 5635 castellum,

1898 5674 1949 5717 et
1973 5679 2140 5731 usque
2194 5663 2257 5714 ad
2306 5679 2424 5716 cum
2454 5663 2695 5722 (luvium,
2737 5676 2895 5729 quem
2924 5661 3107 5727 vulgus
3155 5659 3429 5714 lllaritzam

1899 5755 2067 5808 vocat.
2142 5755 2334 5807 limitcs
2363 5755 2648 5810 ionsdtnit.
2679 5755 2880 5809 Potitus
2908 5765 2976 5806 cst
3023 5760 3072 5804 ct
3105 5759 3280 5803 tnontc
3332 5750 3428 5812 Tu.
