4032 6344
735 365 838 426 763

728 568 885 626 Verba
914 573 1137 635 reperies
1160 589 1378 627 numero
1421 577 1486 630 54
1519 578 1763 633 Historia!
1799 583 2064 636 Saxonum
2094 587 2251 640 Sora-

733 658 826 710 ltos
863 668 1074 720 vocant,
1121 663 1541 740 qttos‘Snrabros
1566 671 1702 736 apud
1753 670 2035 725 Laonicum
2069 677 2251 731 vitiose

728 747 970 816 legimus.
1013 749 1278 808 Vocantur
1305 765 1357 806 et
1385 756 1556 811 Rascii
1585 761 1664 813 vel
1693 760 1858 826 llazii,
1885 766 2022 832 quod
2043 772 2086 818 'a
2117 765 2245 830 ﬂos,

727 839 837 890 sive
864 837 1044 894 Bessis
1067 844 1347 897 deductum
1377 857 1518 914 puto.
1545 865 1663 902 cum
1686 852 1876 919 quibus
1900 855 2161 923 originem
2194 867 2246 910 et

727 923 954 991 linguam
979 943 1311 984 communem
1341 934 1551 988 habent.
1580 937 1854 992 Bonllnius
1879 942 2126 1009 Italianos
2163 945 2247 996 di-

724 1016 886 1074 xit,et
909 1018 1095 1070 melius
1124 1019 1409 1098 @oxiattos.
1433 1027 1571 1092 quod
1604 1038 1683 1080 est
1725 1043 1755 1082 a
1789 1030 2090 1086 Grecorum
2154 1034 2245 1087 illo

727 1103 835 1157 Rus
859 1107 995 1158 haud
1017 1109 1191 1162 dub-Te.
1218 1111 1270 1163 in
1301 1114 1430 1167 actis
1457 1118 1660 1169 concilii
1686 1117 2101 1175 Constantiensis
2125 1122 2245 1176 Sirli

726 1193 991 1254 dicuntur,
1017 1199 1155 1263 quod
1191 1216 1377 1254 nomen
1403 1204 1478 1256 eis
1504 1204 1763 1271 hodieque
1795 1209 1952 1263 datur
2006 1227 2032 1262 a
2060 1213 2247 1267 vicinis

718 1279 1071 1362 Carniulanis,
1104 1286 1406 1352 Carinthiis.
1439 1293 1805 1362 Stiriensibus,
1854 1300 2080 1364 Croatis,
2123 1302 2243 1355 Dal-

719 1371 894 1432 matis,
926 1370 1174 1439 Ungaris.
1200 1375 1319 1430 Ideo
1345 1379 1610 1447 loeusille,
1636 1399 1791 1453 quem
1823 1389 1988 1441 nostri
2019 1391 2245 1444 Annales

720 1474 751 1510 a
786 1459 1085 1514 Seniorum
1115 1466 1260 1518 clade
1296 1483 1484 1521 nomen
1517 1474 1785 1539 accepisse
1815 1486 2046 1541 narrant,
2083 1478 2132 1530 in
2161 1494 2246 1531 ar-

727 1549 950 1617 chetypo
987 1555 1263 1607 Annalium
1321 1556 1444 1610 Sert‘
1486 1561 1565 1612 vel
1624 1561 1750 1615 Zv-rt'
1779 1563 2017 1634 Zunguni
2072 1569 2244 1622 dictus

719 1642 885 1696 fuisse
918 1644 1184 1699 scribitur.
1220 1644 1330 1700 lloc
1357 1650 1495 1700 enim
1521 1649 1817 1707 Gaudcrius
1835 1655 2055 1710 Caesaris
2082 1661 2244 1712 inter-

718 1748 838 1800 pres
890 1734 941 1786 in
1002 1737 1245 1790 versione
1300 1753 1392 1791 sua
1449 1756 1551 1792 non
1608 1742 1847 1805 inseruit,
1910 1747 2011 1798 vim
2073 1749 2240 1814 ipsius

717 1825 1094 1890 appellationis
1145 1829 1441 1896 explicasse
1487 1841 1785 1886 contentus.
1831 1834 1978 1889 Facit
2034 1839 2246 1893 alterius
2278 1829 2318 1885 Β

718 1917 814 1967 hci
843 1920 1157 1971 mentionem
1190 1920 1448 1976 Cedrinus
1482 1932 1532 1976 et
1559 1925 1668 1985 alii,
1701 1927 1790 1993 qui
1827 1942 1855 1980 a
1893 1926 2242 1993 Bulgarorum

718 2008 860 2060 ctede
883 2020 1100 2065 vocatus
1132 2012 1286 2066 fuerit
1311 2014 1797 2086 Bulgaroctonium.
1827 2018 1905 2070 Ad
1939 2017 2054 2084 eius
2103 2021 2246 2073 vocis

717 2097 1062 2155 imitationem
1124 2100 1299 2155 licebit
1358 2104 1454 2157 huc
1514 2103 1637 2156 Seri
1686 2105 1924 2173 Zunguni
1960 2108 2242 2164 Turcicum

714 2186 931 2240 reddere
958 2192 1243 2255 composita
1279 2207 1404 2245 voce
1434 2192 1638 2252 Graeca.
1672 2195 2102 2253 Servoctonium.

915 2299 1000 2351 58.
1032 2299 1295 2353 Gildernm
1340 2303 1566 2370 Bajazit,
1603 2304 1770 2375 Jucup
1815 2307 2001 2363 Zelebi.

770 2386 927 2451 .Quod
981 2389 1199 2458 Bajaziti
1232 2392 1415 2445 datum
1473 2394 1570 2448 fuit
1614 2412 1911 2465 cognomen
1973 2399 2242 2453 Gilderum

712 2478 820 2530 sive
886 2477 1157 2544 Gildcruu,
1219 2482 1660 2550 signiﬁcationem
1748 2488 1982 2540 fulminis
2056 2491 2241 2562 habet:

713 2568 926 2634 perinde
954 2584 1015 2622 ac
1040 2571 1103 2622 de
1130 2573 1316 2637 priscis
1347 2573 1448 2626 illis
1497 2576 1728 2642 regibus,
1781 2577 2064 2631 Alexandri
2115 2597 2240 2633 suc-

709 2661 1030 2723 cessoribus,
1063 2663 1274 2727 quidam
1303 2663 1532 2717 Cerauni
1594 2667 1706 2719 sive
1765 2667 1997 2724 fulminis
2049 2687 2245 2740 cogito.

709 2765 829 2801 men
876 2750 1082 2813 habuit,
1111 2753 1292 2803 eadem
1339 2768 1403 2806 ex
1438 2769 1595 2808 causa
1652 2757 1954 2822 celeritatis,
1995 2772 2044 2813 et
2078 2764 2243 2831 impe-

709 2854 794 2894 tus
832 2841 881 2893 in
924 2841 1071 2893 bellis
1121 2843 1365 2909 gerendis
1415 2845 1600 2900 subiti.
1661 2847 1882 2916 Laalapis
1937 2840 2240 2918 appellatio,

705 2946 864 2997 quam
893 2931 939 2984 ei
992 2932 1204 3000 quidam
1255 2948 1313 2986 es
1365 2933 1598 2994 Laenico
1650 2939 1909 3002 tribuunt,
1964 2941 2240 3004 signiticati

705 3022 925 3075 alterius
954 3030 1050 3076 est.
1108 3025 1195 3075 Sic
1227 3024 1366 3076 enim
1401 3026 1663 3077 turbinem
1695 3027 1858 3078 Graeci
1915 3038 2127 3082 vocant.
2184 3030 2243 3082 Et

1911 385 2225 449 JOANNIS
2261 393 2711 468 LEUNCLAVII

730 486 785 530 ⁸³
826 479 1049 532 Amm“
1081 482 1334 536 Λ¹¹⁵ί¹’ί⁵¹⁰ί
1398 486 1632 553 ςΥννῖεηη
1681 490 1945 552 luxerunt.
2005 504 2472 563 q'lm'IIln-Anetu
2528 504 2834 571 Celbianum
2890 523 2999 574 sive
3073 523 3376 579 Celviauum
3452 549 3647 596 ponere

730 568 884 596 unt-alta
914 573 1134 596 -ησιη-ἒιιη
1160 589 1372 596 ..-..-.,._A
1424 577 1481 596 νι
1520 578 1576 596 II!
1615 589 1626 596 -
1699 581 1710 591 ο
1799 583 1829 596 n
2094 587 2125 596 ,-
3051 584 3054 589 -

3773 426 3880 487 7M

3689 551 3704 585 ζ
3757 552 3876 587 CII!"

2355 613 2556 663 narrat,
2619 607 2948 664 Theodorqu
3009 614 3297 679 Lascarim.
3358 635 3575 690 accepto
3632 626 3872 690 imperio.

2352 693 2659 749 Cclvianum
2719 705 3020 760 universum
3053 749 3066 770 .
3121 727 3241 764 cum
3293 713 3570 767 Ma—an-lria
3635 719 3872 785 regione,

2353 797 2470 834 cum
2506 784 2884 859 Philadelphia,
2920 806 2970 848 et
3026 787 3348 860 Neocastris,
3403 784 3714 870 occupasse.
3768 806 3875 857 Re-

2352 871 2558 927 l‘erenda
2593 871 2730 930 ’νει-ο
2764 890 2886 934 sunt
2917 883 3025 935 haec
3051 889 3112 938 ad
3148 903 3341 942 annum
3363 891 3720 946 Christianum
3748 897 3868 961 plus

2352 963 2523 1016 minus
2559 964 2836 1036 1206;quo
2871 984 3104 1040 tempore
3133 980 3354 1032 necdum
3407 996 3499 1036 seu
3556 982 3866 1048 Germiann,

2351 1068 2441 1105 seu
2468 1055 2715 1110 Celviano
2774 1061 3099 1130 imperabant
3127 1067 3287 1147 416
3308 1071 3620 1126 λ1ςοιιίειιιιρε
3648 1076 3862 1139 sultaai,

2351 1143 2440 1194 sed
2468 1155 2582 1197 erat
2630 1151 2801 1203 adhuc
2849 1167 2908 1204 ea
2971 1156 3114 1219 regio
3162 1143 3326 1211 (ἔτεὲοί
3369 1160 3530 1227 juris,
3565 1171 3617 1215 et
3666 1178 3696 1215 a
3729 1163 3864 1217 duce

2349 1230 2530 1285 Graeco
2575 1235 3056 1296 administrabatur.
3143 1243 3387 1304 Flandris
3467 1260 3645 1302 autem
3723 1251 3863 1303 Con-

2349 1323 2680 1392 stantinopoli
2761 1331 2958 1396 petitis,
3073 1331 3380 1390 Theodorus
3490 1338 3728 1391 Lascaris
3809 1341 3861 1393 in

2347 1414 2523 1466 Asiam
2596 1417 2846 1471 minorem
2923 1423 3208 1489 profectus,
3264 1428 3423 1480 urbes
3467 1432 3532 1479 ad
3580 1429 3861 1496 imperiam

2347 1513 2643 1570 spectantes
2681 1523 2708 1558 a
2746 1509 2967 1562 ducibus
2998 1513 3216 1577 Graecis,
3249 1519 3335 1584 qui
3368 1533 3426 1570 se
3458 1518 3508 1570 in
3558 1519 3653 1572 ista
3684 1535 3859 1572 rerum

2349 1595 2746 1662 perturbatione
2789 1599 3031 1656 dominos
3067 1619 3250 1658 earum
3287 1605 3541 1671 fecerant,
3583 1610 3739 1662 sicuti
3771 1627 3862 1662 stt-

2347 1699 2437 1748 pra
2469 1684 2666 1736 dicttnn
2697 1704 2842 1742 num.
2877 1689 2961 1753 15,
3014 1696 3297 1760 repetebat.
3355 1696 3526 1763 Atque
3562 1699 3662 1750 hoc
3710 1699 3862 1753 modo

2347 1773 2650 1828 Colvianum
2710 1795 2920 1848 quoque
2979 1783 3178 1848 redegit
3258 1785 3309 1838 in
3347 1794 3680 1853 potestatem.
3737 1789 3864 1842 duce

2345 1860 2638 1929 Theodoro,
2701 1883 2856 1936 quem
2939 1885 2969 1922 a
3033 1873 3318 1929 stoliditate
3406 1861 3867 1931 Morotheodoruni

2344 1955 2698 2020 appellabant,
2728 1959 2917 2026 ejecto.
2958 1958 3144 2014 Postea
3199 1973 3370 2017 tamen
3437 1967 3862 2021 decrescentibus

2344 2044 2594 2111 paulatim
2650 2047 2949 2101 Grrecorum
2991 2051 3212 2115 viribus.
3276 2043 3581 2110 Celviattunt
3613 2071 3641 2109 a
3679 2057 3860 2112 Turcis

2343 2145 2655 2202 occupatum
2679 2137 2863 2202 fuisse,
2889 2154 3303 2197 consentaneum
3339 2154 3448 2201 est:
3493 2146 3690 2214 quippe
3717 2153 3858 2214 cuius

2343 2227 2453 2292 agri
2541 2227 2833 2294 principem
2898 2232 3131 2286 Turcum
3199 2234 3459 2289 Laonices
3522 2235 3854 2289 Germianum

2342 2328 2509 2367 vocet.
2607 2317 2915 2375 Reinercius
2989 2321 3167 2377 Meleci
3225 2335 3275 2377 et
3338 2325 3556 2378 Azadini
3651 2327 3856 2380 fratrem

2343 2407 2612 2460 Aladinem
2671 2412 2827 2465 tradit
2882 2415 3121 2467 eumdem
3179 2430 3296 2469 esse
3344 2416 3508 2468 videri
3567 2433 3685 2469 cum
3730 2417 3854 2470 Lao-

2344 2498 2442 2548 nit-i
2500 2497 2804 2566 Germiano,
2859 2505 2944 2570 qui
3004 2503 3235 2569 regnarit
3289 2505 3494 2569 lconii,
3556 2516 3714 2574 atque
3767 2508 3854 2559 hac

2342 2589 2595 2655 dignitate
2645 2603 2879 2653 exutus,
2938 2594 2987 2645 in
3039 2593 3238 2646 Ioniam
3304 2597 3635 2664 profugerit,
3689 2598 3854 2665 ibique

2344 2682 2500 2731 vitam
2528 2682 2804 2746 privatam,
2850 2682 3077 2747 quietem
3122 2687 3394 2752 ampletus
3425 2689 3613 2751 egerit.
3641 2690 3710 2742 Ita
3745 2691 3852 2755 qui-

2342 2770 2458 2818 dem
2482 2784 2508 2817 c
2535 2769 2705 2820 verbis
2736 2769 2948 2822 Laoniri
2974 2772 3142 2839 colligi
3196 2789 3350 2842 posse
3381 2776 3570 2837 lateor,
3628 2780 3854 2845 adeoque

2342 2873 2446 2909 non
2513 2858 2607 2910 abs
2658 2876 2711 2911 re
2770 2862 2954 2923 videri,
3009 2862 3234 2918 Germen
3280 2880 3400 2917 eum
3466 2870 3850 2936 commigrasse.

2343 2951 2510 3015 deque
2534 2951 2648 3003 loco
2676 2951 2931 3005 domicilii
2970 2956 3155 3020 privati
3219 2970 3510 3023 cegnomen
3575 2961 3848 3026 accepisse.

2345 3036 2534 3090 Verum
2565 3055 2668 3092 non
2694 3040 2867 3103 video,
2901 3057 3000 3094 cur
3033 3043 3262 3096 hominis
3291 3045 3499 3112 privati,
3541 3048 3849 3117 privatisque

711 3113 994 3177 Baiazites,
1027 3129 1146 3166 cum
1183 3115 1590 3168 vehementioris
1643 3129 1782 3170 esset
1840 3118 2055 3186 ingenii,
2092 3119 2305 3206 facilec
2342 3129 2647 3195 parentibus
2709 3131 2810 3182 orti
2875 3132 2995 3184 tilia-
3052 3133 3262 3199 nuptias
3314 3144 3581 3202 tant0pere
3631 3137 3849 3191 Muratcs

710 3204 905 3256 turbini
938 3203 1348 3262 assimilabatur,
1388 3215 1438 3257 ιιι
1481 3206 1613 3258 ilem
1646 3205 1909 3261 Laonicus
1939 3210 2126 3277 inquit.
2160 3211 2231 3265 De

705 3293 1020 3360 cognomine
1047 3291 1244 3353 Zelebl,
1313 3295 1572 3361 qttod'hic
1616 3293 1796 3365 Jacupi
1851 3299 2118 3360 tribuitur,
2153 3301 2233 3353 di-

706 3390 850 3436 ctum
909 3385 1168 3452 superius,
1225 3399 1345 3436 esse
1376 3384 1664 3451 profectum
1731 3403 1792 3440 ex
1848 3390 2232 3442 consuetudine

709 3475 965 3538 Romana,
1001 3475 1088 3540 qui
1143 3475 1497 3528 nobilissimos
1553 3476 1812 3528 vocabant
1869 3480 2229 3544 Augustorum

710 3564 846 3615 tilios
873 3574 998 3614 natu
1031 3564 1276 3616 minores.
1312 3561 1558 3628 Jacupem
1588 3565 1696 3631 (qui
1724 3564 1951 3632 Jagupes
1976 3567 2230 3629 Laonico.

710 3652 905 3705 nostris
928 3652 1151 3703 Iacobus
1185 3661 1284 3714 est,
1316 3668 1417 3703 non
1461 3651 1745 3721 Jusephns,
1780 3658 1853 3706 uti
1883 3660 2079 3724 putavit
2106 3658 2235 3712 Lao-

707 3745 879 3797 uicus.
927 3742 1054 3795 Nam
1118 3743 1335 3812 lnssuplt
1393 3744 1581 3799 Turcis
1628 3747 2008 3817 dicitur,-qui-
2039 3749 2231 3820 Joseplt

704 3833 924 3903 nostris)
975 3837 1210 3888 nonnulli
1259 3843 1454 3889 temere
1517 3851 1771 3891 vocarunt
1843 3838 2229 3903 Soleimanem:

703 3942 824 3978 cum
845 3929 1012 3992 potior
1039 3928 1272 3979 habenda
1303 3929 1371 3981 sit
1400 3927 1548 3989 ﬁdes,
1607 3932 1705 3984 hac
1739 3934 1946 3998 quidem
1977 3935 2027 3987 in
2061 3947 2230 4004 parte,

705 4014 895 4068 Turcis
924 4027 971 4067 et
1011 4017 1225 4076 Grzccis,
1254 4032 1410 4082 quam
1447 4018 1622 4083 ipsis;

989 4105 1070 4157 59.
1109 4102 1370 4157 ϐινηιίηηὶ
1399 4107 1544 4167 ditio,
1569 4107 1805 4162 Germian
1839 4111 1948 4178 beg.

772 4194 1109 4249 Germianum
1139 4196 1273 4249 Asia:
1303 4195 1521 4251 Minoris
1580 4214 1700 4265 pars
1733 4211 1834 4258 est.
1901 4218 2016 4270 qua:
2069 4204 2238 4258 Cariae

701 4287 888 4348 veteri,
934 4302 1052 4337 cum
1115 4297 1258 4363 parte
1325 4286 1500 4355 Lydia:
1553 4290 1885 4360 Ma-oniatque
1935 4297 2233 4362 respondet,

701 4386 963 4441 quatenus
994 4377 1055 4427 ad
1117 4379 1492 4432 mediterranea
1546 4380 1932 4452 Phrygiamque
1981 4385 2232 4454 majorem

702 4471 785 4524 ha:
816 4468 1057 4519 tendunt.
1116 4465 1259 4518 Licet
1284 4469 1384 4521 hoc
1416 4470 1492 4522 vel
1545 4488 1610 4524 ex
1661 4489 1725 4524 eo
1777 4476 2042 4542 colligere.
2094 4457 2309 4545 quodD

703 4574 846 4612 nitito
872 4557 1026 4608 etiam
1052 4555 1171 4608 Nisa
1207 4557 1496 4610 collocetur
1545 4560 1596 4611 itt
1636 4561 1941 4622 Gertniano,
1972 4579 2088 4629 quae
2141 4581 2231 4618 ve-

702 4647 906 4699 teribus
932 4655 1010 4699 est
1041 4647 1173 4715 Nysa
1221 4648 1386 4700 Cariae
1438 4649 1832 4703 mediterraneas
1875 4651 2079 4713 civitas,
2118 4669 2234 4707 ver-

702 4756 794 4792 sus
824 4740 1137 4792 Maeandrum
1166 4736 1402 4792 ﬂuvium.
1452 4740 1560 4792 Leo
1584 4740 1808 4809 Sapiens
1834 4741 2116 4809 imperator
2178 4745 2231 4798 in

703 4827 914 4882 Novella
955 4830 1020 4883 de
1048 4829 1275 4883 Tlironis
1305 4829 1530 4897 appellat
1560 4827 1799 4899 Nyssam,
1850 4819 1946 4884 sub
1971 4833 2231 4901 Ephesina

708 4920 1008 4986 metropoli.
1085 4920 1341 4972 Prmterea
1409 4919 1747 4973 Germianum
1810 4921 1996 4975 ﬂuvius
2057 4923 2233 4977 Madre

707 5025 849 5064 nunc
877 5011 1132 5070 interluit,
1171 5019 1226 5062 ut
1247 5012 1370 5063 olim
1400 5010 1660 5064 Mazauder
1687 5013 1942 5065 iudicatas
1969 5014 2231 5082 regiones,

705 5103 793 5163 qui
828 5116 1046 5166 prorsus
1073 5100 1207 5152 idem
1253 5117 1372 5151 cum
1403 5099 1598 5154 Madre.
1647 5101 1846 5154 Nomen
1881 5105 2050 5171 ipsum
2100 5105 2231 5157 Ger-

709 5193 866 5244 miani
901 5194 1037 5242 unde
1070 5191 1262 5242 factum
1293 5193 1381 5248 sit,
1431 5200 1577 5244 certo
1633 5192 1808 5247 dicere
1839 5209 1940 5246 non
1987 5209 2229 5258 possum:

709 5284 810 5332 nisi
839 5283 1060 5333 velimus
1085 5296 1109 5332 a
1141 5280 1329 5334 Germe
1359 5283 1615 5344 derivare,
1643 5284 1782 5349 quod
1818 5285 1990 5352 oppidi
2018 5295 2069 5338 et
2122 5287 2233 5353 cpi-

708 5379 959 5434 seOpatus
1000 5383 1189 5420 nomen
1221 5380 1298 5421 est
1338 5369 1390 5420 in
1428 5367 1618 5422 Leonis
1642 5373 1858 5438 Augusti
1913 5372 2124 5426 Novella
2172 5377 2233 5426 de

710 5457 963 5522 Throuis,
1000 5460 1257 5523 Cyziceno
1319 5460 1636 5526 Hellesponti
1700 5465 2110 5529 metropolitano
2180 5465 2230 5516 in

709 5553 832 5603 Asia
862 5550 1074 5602 subditi.
1140 5550 1334 5604 l‘ra'tor
1367 5565 1558 5612 noster,
1590 5555 1676 5618 qui
1726 5555 1828 5607 200
1882 5556 1999 5622 plus
2063 5557 2234 5608 minus

711 5646 863 5698 annis
891 5647 1498 5716 anteChalcocondylem
1525 5661 1669 5698 suam
1704 5647 1915 5713 scripsit
1937 5647 2230 5704 historiam,

714 5739 915 5790 Videtur
948 5740 996 5791 in
1056 5738 1183 5794 lucis
1235 5738 1516 5792 Gcnniano
1567 5736 2026 5807 respondentibus,
2064 5737 2232 5804 regiu-

2337 3231 2480 3286 pater
2517 3220 2733 3286 Bajaziti
2770 3203 2877 3272 lilio
2906 3222 3216 3283 conciliare,
3273 3237 3570 3291 pompaque
3616 3228 3844 3291 magniﬁ-

2330 3310 2629 3361 centissima
2661 3310 2934 3362 celebrare
2958 3311 3243 3372 studuerit,
3273 3313 3358 3379 qui
3389 3315 3654 3383 praecipue
3678 3327 3844 3385 poten-

2333 3399 2455 3450 tiam
2515 3397 2745 3450 amnium
2802 3399 2852 3452 in
2905 3400 3194 3469 deligendis
3254 3403 3510 3455 uxoribus
3567 3407 3840 3470 spectabat,

2332 3489 2405 3540 uti
2430 3489 2672 3557 deinceps
2698 3491 2967 3557 apparebit
2994 3507 3056 3543 ex
3090 3493 3216 3543 inito
3237 3507 3355 3544 eum
3401 3493 3592 3546 illustri
3641 3494 3839 3561 despina

2334 3577 2548 3636 Servize.
2577 3577 2722 3631 Bulci
2746 3581 2871 3640 lilia.
2905 3581 3169 3648 conjugin.
3191 3578 3295 3631 Nec
3314 3582 3434 3633 item
3461 3582 3599 3635 scire
3624 3599 3836 3649 pomum,

2331 3667 2706 3735 quifuerinthi
2742 3670 3025 3723 .Germiani
3055 3669 3319 3737 principes
3374 3671 3440 3723 ab
3495 3674 3839 3726 lconiensihus

2332 3757 2465 3810 orti:
2498 3773 2616 3810 cum
2652 3758 2805 3819 eiecti
2827 3774 2853 3808 a
2884 3757 3093 3808 Tataris
3121 3757 3442 3820 lconienses,
3474 3775 3579 3812 non
3606 3763 3652 3812 in
3683 3759 3834 3818 lunia,

2333 3851 2420 3902 sed
2446 3849 2509 3900 ad
2541 3847 2736 3900 JEuum
2770 3849 2953 3900 urbem
2987 3849 3036 3899 in
3071 3847 3290 3902 Thracia
3315 3850 3638 3903 exsularint.
3689 3849 3832 3900 \‘clim

2333 3938 2432 3992 hoc
2454 3938 2609 3988 etiam
2639 3936 2912 4004 explicari,
2946 3950 3180 4003 quonam
3229 3939 3385 3988 modo
3435 3935 3742 3990 Germiauus
3775 3948 3834 3984 ex

2336 4028 2522 4078 horum
2581 4026 2806 4092 posteris
2860 4041 2889 4078 a
2946 4025 3175 4091 Bajazite
3232 4025 3447 4093 spoliari
3508 4029 3726 4093 potuerit
3776 4036 3832 4072 ea

2334 4116 2568 4182 regione,
2595 4131 2754 4184 quam
2787 4117 3022 4182 privatus
3059 4115 3193 4184 ipse,
3240 4115 3461 4181 privatis
3511 4114 3588 4183 (ut
3635 4115 3831 4170 dictum)

2333 4205 2643 4273 parentibus
2674 4216 2847 4268 natus,
2874 4221 2977 4258 non
3010 4203 3340 4272 possidebat?
3391 4218 3495 4269 quo
3523 4205 3645 4256 item
3693 4202 3831 4252 modo

2337 4296 2505 4364 possit
2527 4311 2555 4348 a
2585 4295 2921 4349 Temirlaueu
2945 4297 3218 4348 restitutus
3251 4293 3302 4345 in
3353 4294 3425 4355 id,
3447 4293 3587 4360 quod
3629 4295 3674 4347 in
3704 4303 3828 4361 pote-

2336 4398 2590 4439 statenon
2625 4386 2917 4437 habuerat?
2960 4383 3077 4436 lla-e
3099 4385 3235 4434 enim
3277 4381 3327 4432 in
3375 4383 3664 4436 Annalibus
3707 4384 3830 4435 hisce

2335 4475 2731 4528 disertetradita
2783 4475 3044 4542 leguntur.
3092 4470 3227 4524 Sunt
3279 4472 3378 4524 alia
3429 4486 3641 4539 quoque
3680 4472 3826 4538 plura,

2333 4581 2449 4632 ane
2473 4567 2536 4616 de
2567 4566 2648 4616 his
2672 4565 2721 4615 in
2765 4564 2994 4625 medium
3024 4562 3209 4615 all’erre
3263 4577 3495 4625 possem,
3528 4577 3588 4614 ac
3619 4560 3827 4613 nomina-

2335 4654 2426 4706 tim
2456 4656 2661 4716 docere,
2689 4656 2818 4706 duos
2871 4652 3059 4705 fratres
3084 4653 3399 4706 lathatinem
3454 4667 3506 4703 et
3560 4651 3823 4708 Aladinem,

2333 4761 2467 4811 quos
2504 4742 2814 4796 Reiueccius
2848 4744 2898 4794 iu
2939 4742 3289 4798 lconieusium
3319 4754 3598 4797 stemmate
3631 4741 3825 4796 Caiclto-

2334 4837 2468 4887 srois
2503 4835 2638 4887 lilios
2665 4833 2811 4896 facit,
2844 4835 2916 4886 uti
2971 4835 3389 4895 commentitios,
3438 4844 3493 4887 et
3526 4835 3616 4901 qui
3669 4844 3820 4885 rerum

2335 4929 2383 4980 in
2410 4937 2597 4980 natura
2626 4942 2894 4994 nunquam
2931 4927 3254 4988 exstiterint,
3292 4925 3667 4995 expungendos
3707 4934 3820 4978 esse.

2332 5018 2525 5070 Verum
2559 5017 2669 5070 haec
2703 5017 2807 5070 alio
2833 5020 3120 5086 pertinent,
3151 5018 3328 5072 futura
3361 5017 3534 5071 cuivis
3553 5015 3819 5074 manifesta.

2335 5125 2451 5160 cum
2506 5117 2694 5173 praator
2751 5109 3032 5176 aliquando
3097 5119 3275 5162 noster
3332 5109 3382 5160 in
3420 5108 3590 5162 lucem
3643 5106 3818 5162 exierit.

2333 5198 2482 5261 Quod
2517 5199 2741 5266 denique
2791 5199 3104 5253 Reineccius
3163 5201 3256 5261 ait,
3308 5198 3472 5253 videri
3531 5200 3821 5254 Chalcoeon-

2331 5290 2500 5356 dylem
2528 5291 2576 5342 in
2616 5290 2838 5343 Thracia
2865 5292 3124 5345 collocare
3156 5289 3420 5357 regionem
3477 5290 3817 5344 Gertnianum:

2332 5381 2395 5431 de
2419 5380 2516 5433 hoc
2545 5381 2755 5447 quidem
2790 5381 3074 5434 Germiauo
3119 5394 3221 5431 non
3280 5391 3452 5441 potest
3483 5379 3668 5446 accipi,
3719 5388 3815 5428 cum

2333 5470 2488 5520 situm
2517 5471 2570 5521 itt
2601 5471 2836 5523 Anatolia
2865 5471 2954 5530 sit,
3008 5481 3062 5523 et
3118 5469 3213 5519 sub
3247 5469 3602 5522 lconiensium
3632 5463 3816 5534 imperio

2333 5557 2533 5611 Turcos
2575 5560 2794 5610 necdum
2830 5560 2880 5610 in
2935 5559 3145 5624 Europa
3183 5556 3360 5611 {ivisse
3394 5560 3577 5624 pedem
3627 5558 3815 5609 constet.

2335 5646 2387 5698 Si
2423 5649 2537 5711 quis
2571 5658 2744 5700 tamen
2795 5648 3059 5700 desiderat
3109 5662 3265 5701 nosse
3313 5646 3437 5714 quid
3498 5647 3593 5700 hoc
3638 5645 3813 5700 nomine

2336 5738 2596 5793 Laouicus
2633 5739 2902 5809 intelligat,
2934 5742 2977 5794 is
3031 5738 3184 5803 sciat,
3215 5738 3352 5806 apud
3389 5735 3615 5793 Leonem
3674 5739 3817 5799 Λιιδιι·
