4032 6344
180 4290 187 4297 .
253 4246 605 4298 aCerasuute
670 4245 748 4297 Vel
808 4244 1010 4298 Omidie
1063 4245 1198 4305 sita;

257 409 363 469 765

1380 422 1770 480 PANDECTE
1811 421 2000 483 IIKST.
2039 425 2342 486 TURCIC.

3299 428 3406 486 766

257 533 404 583 stum
442 525 753 576 mentionem
783 527 888 578 ﬁeri
916 529 1398 598 arcliiepiSt-opatus
1428 534 1781 597 Gertniorum,
1814 539 1854 591 Α
1885 540 2238 600 monasteriis,
2292 539 2502 591 nomine
2533 555 2632 592 nou
2693 543 2822 592 adeo
2865 542 3081 592 recenti.
3111 539 3237 590 Nam
3293 539 3402 592 Leo

262 613 378 666 sive
406 613 694 680 Cermiani,
715 633 870 684 quem
901 619 1036 672 inter
1061 620 1354 673 Maroneam
1380 635 1428 675 et
1464 624 1784 693 Arcadiopo-

263 705 356 756 lim
388 703 627 758 Thracia:
659 709 827 759 medio
859 709 1007 776 ponit
1046 710 1181 764 loco.
1206 711 1311 766 Nec
1337 715 1386 767 in
1419 714 1628 769 Novella
1657 715 1787 770 Leo-

263 796 350 848 nis
383 795 610 861 Cermia,
639 799 727 851 sed
757 797 969 851 Germia
1006 801 1127 866 legi.

260 910 350 974 40.
414 910 631 974 llemid,
697 912 1007 986 Asc/teher_._
1051 913 1328 986 (Intoltige,
1393 919 1780 985 Seidischeher,

917 983 1139 1037 Gelvazi.

335 1069 541 1131 Hemid,
566 1086 680 1133 quae
713 1072 829 1122 aliis
875 1073 1047 1133 Etnid,
1103 1077 1303 1129 Uuiidic
1354 1078 1514 1146 Nigro
1567 1081 1780 1144 dicitur,

259 1161 523 1220 appellata
557 1161 650 1212 fuit
704 1163 895 1228 priscis
932 1165 1058 1216 urbs
1121 1165 1366 1219 Cerasus.
1430 1171 1505 1221 Ad
1555 1169 1780 1224 Pontum

258 1250 682 1315 Cappadocicum
740 1255 902 1306 nostri
955 1254 1221 1318 referuot;
1288 1258 1392 1309 Leo
1427 1260 1668 1324 Sapiens.
1730 1262 1780 1315 in

258 1338 493 1390 Thiouis
551 1343 613 1394 ad
671 1344 891 1398 Pontum
929 1345 1352 1400 Polemoniacum
1396 1367 1407 1400 :
1461 1352 1783 1420 subjicitque

257 1429 572 1482 Ci‘t‘asutttis
615 1435 916 1501 episcopum
976 1440 1382 1498 metrOpolitano
1413 1440 1780 1496 Neocaesariae.

257 1522 563 1574 Acschcln-r
616 1526 666 1578 in
727 1528 907 1580 Orteiii
983 1529 1160 1583 tabula
1237 1531 1456 1586 Natnlia‘.
1524 1535 1779 1600 scriptum

259 1611 452 1675 legitur
475 1613 690 1677 Acsara,
724 1618 961 1671 nonnihil
995 1618 1269 1673 immutate
1297 1624 1508 1676 nomine
1534 1623 1779 1679 Turcico.

261 1697 540 1754 Veteribus
561 1703 756 1757 Cra-cis
787 1707 922 1760 dicta
955 1707 1143 1762 fuisset
1197 1709 1534 1778 Lcucepolis,
1599 1730 1780 1766 recen-

259 1791 486 1844 tioribus
532 1795 860 1862 Asprapolis:
919 1814 1141 1866 quorum
1215 1809 1494 1869 utrumque
1545 1802 1782 1855 Turcica‘.

256 1883 591 1946 appellationi
622 1887 916 1953 respondet.
949 1888 1050 1942 Sed
1086 1891 1227 1944 nulla
1268 1891 1357 1944 tali
1409 1893 1621 1944 nomine
1649 1895 1779 1946 εἰνί⁹

255 1985 340 2026 tas
379 1974 428 2024 in
459 1973 524 2050 iis‘
567 1976 694 2028 locis
756 1979 892 2044 apud
951 1979 1151 2044 priscos
1207 1986 1486 2049 reperitur.
1526 1982 1782 2047 (Iutahige

258 2062 478 2125 majoris
508 2075 588 2118 est
612 2067 797 2120 civitas
830 2066 1083 2134 Phrygiae,
1138 2072 1401 2138 quondam
1434 2073 1571 2125 dicta
1625 2071 1782 2142 Coty-

255 2157 425 2208 nium.
454 2155 560 2210 Leo
598 2159 819 2224 Sapiens
871 2159 1153 2225 imperator
1186 2164 1513 2230 metropolim
1548 2163 1782 2234 Phrygiae

256 2243 405 2308 facit,
431 2245 567 2327 sicut
591 2254 640 2298 et
674 2247 827 2300 hodie
864 2248 1087 2302 celebris
1115 2260 1197 2304 est
1248 2251 1298 2304 in
1329 2253 1586 2316 Anatolia,
1629 2257 1781 2324 cujus

255 2334 310 2386 in
337 2337 511 2388 medio
541 2339 637 2388 sita
664 2347 765 2398 est.
820 2349 1033 2406 prOpter
1088 2340 1410 2395 sedemsive
1459 2344 1780 2398 domicilium

255 2426 560 2492 Beglcrbegi
613 2429 888 2490 Anatolize,
943 2431 1031 2498 qui
1105 2431 1289 2499 priscis
1347 2431 1599 2488 Romanis
1668 2445 1782 2488 eral.

254 2519 547 2584 pii-infectus
615 2523 981 2586 praetoriorum
1034 2521 1287 2583 Orientis.
1348 2524 1546 2579 Graecis
1606 2537 1779 2580 autem

258 2624 487 2674 magnus
539 2611 770 2664 Orientis
813 2612 1153 2681 domesticus,
1204 2618 1339 2682 quod
1389 2633 1516 2670 sane
1573 2628 1781 2681 propter

257 2697 471 2763 imperii
532 2703 720 2751 veteris
773 2699 1091 2756 imitationes
1161 2701 1413 2757 Turcicas
1469 2707 1776 2758 notandum.

256 2788 375 2840 Non
403 2799 541 2842 recte
581 2799 880 2844 nostrorum
926 2792 1042 2845 aliis
1091 2795 1142 2845 in
1192 2792 1394 2848 Galatia
1445 2797 1676 2861 ponitur.
1727 2805 1779 2850 et

253 2878 394 2930 Cute
423 2880 741 2940 nominatur.
771 2889 826 2932 ut
873 2880 1103 2932 Bellonio
1128 2900 1141 2932 :
1192 2882 1358 2957 Jovio‘
1393 2885 1565 2948 Cutia,
1594 2897 1643 2938 et
1672 2885 1780 2940 Cu-

255 2968 365 3020 teia
398 2987 408 3016 :
443 2969 560 3021 aliis
587 2969 813 3023 Chiutai.
861 2972 940 3024 vel
997 2970 1246 3023 Kiutbai:
1305 2973 1422 3025 aliis
1459 2974 1650 3034 Chuta,
1700 2977 1777 3028 vel

205 3121 208 3123 λ
253 3063 486 3123 (Iltntco,
520 3061 606 3128 qui
631 3071 806 3114 tamen
837 3063 935 3116 hoc.
972 3065 1185 3116 nomine
1215 3064 1470 3132 Corycum
1507 3081 1596 3132 per
1640 3081 1780 3118 erro-

1883 642 2091 693 quoque.
2118 629 2399 695 imperator
2438 630 2535 682 sub
2595 630 3070 691 TheSSalouicensi,
3127 640 3398 694 nmtropo-

1883 715 2045 766 litauo
2078 715 2385 778 Thessaliae,
2459 719 2684 772 collocat
2738 720 3105 786 episcopatum
3155 713 3399 776 llierissi,

1882 820 2036 870 quem
2063 806 2159 858 alia
2210 808 2405 860 dictum
2441 809 2786 876 appellatione
2835 810 2995 862 tradit
3038 811 3399 876 episcopatum

1883 896 2072 949 Montis
2101 900 2286 953 sancti.

2044 990 2132 1042 42.
2171 987 2398 1056 Usen/iu,
2431 989 2562 1042 Tilia
2593 991 2740 1054 felix,
2787 993 2971 1057 Tungri
3001 989 3224 1058 Gicluyi.

1951 1076 2186 1131 Cassidis
2253 1080 2474 1132 formant
2560 1081 2816 1146 hodieque
2883 1077 3107 1133 retinent
3177 1078 3401 1134 Uscufite

1881 1166 2174 1220 Turcorutn
2206 1171 2370 1222 instar
2397 1170 2568 1237 pileoli
2601 1171 2832 1232 rotundi,
2865 1171 3030 1222 ovalis
3060 1171 3238 1234 figurae
3265 1211 3276 1227 .
3320 1169 3400 1220 vel

1883 1259 2088 1311 retundi
2133 1259 2313 1311 calicis
2379 1261 2582 1326 absilue
2642 1261 2941 1327 pedunculo
2985 1259 3174 1313 facta»:
3211 1261 3397 1323 cuius-
3457 1273 3459 1276 ·

1882 1350 2023 1402 modi
2068 1365 2293 1404 coronas
2328 1351 2503 1403 ovales
2544 1366 2606 1404 ex
2651 1367 2782 1404 auro
2812 1354 2983 1405 solilo
3010 1360 3216 1418 gestare
3259 1351 3398 1404 sole-

1883 1440 2007 1490 bant
2060 1440 2400 1507 imperatores
2437 1440 2624 1493 Graeci.
2657 1440 2924 1507 Planeque
2957 1441 3080 1490 talis
3114 1440 3272 1492 etiam
3303 1440 3400 1490 im-

1883 1529 2172 1594 ponebatur
2230 1531 2351 1582 huic
2403 1528 2681 1596 'l‘lteolipto
2731 1532 3066 1598 patriarcbze,
3128 1548 3246 1584 cum
3301 1547 3401 1585 nos

1879 1614 2337 1685 Constantinopoli
2361 1635 2621 1681 eSSemus,
2649 1636 2673 1671 a
2699 1620 2905 1673 duobus
2924 1621 3037 1671 aliis
3061 1631 3184 1671 tunc
3205 1619 3398 1671 ibidem

1883 1709 2227 1773 prtesentibus
2273 1711 2588 1776 patriarcliis
2639 1710 2894 1764 Silvestro
2949 1709 3320 1771 Alexandrino,
3347 1719 3400 1761 et

1881 1793 2132 1846 Michaele
2185 1796 2538 1862 Antiocheno,
2580 1799 2666 1852 die
2701 1815 2729 1852 χ
2763 1798 2935 1851 Martii
2995 1799 3206 1860 mensis,
3259 1813 3400 1850 anno

1884 1885 2189 1938 Christiano
2222 1886 2384 1949 1585,
2418 1903 2524 1955 quo
2560 1898 2798 1956 tempore
2840 1892 2907 1942 ab
2939 1891 3019 1943 eis
3049 1891 3402 1956 inauguraba-

1888 1985 1971 2026 tur
1993 2016 2007 2036 ,
2049 1977 2188 2040 quod
2222 1976 2389 2029 Gneci
2425 1989 2617 2031 vocant
2646 1981 2695 2031 in
2731 1980 2974 2032 thronum
3010 1981 3278 2032 collocari.
3307 1982 3405 2031 So-

1886 2063 1993 2114 lent
2031 2063 2286 2130 hodieque
2323 2063 2564 2118 Genizari
2613 2075 2664 2119 et
2696 2067 2784 2118 alii
2832 2067 3050 2118 ditiores
3071 2082 3277 2120 emuro
3317 2084 3406 2120 so-

1884 2154 1990 2206 lido
2016 2155 2182 2208 factas
2201 2159 2443 2210 uscusias
2463 2169 2686 2217 gestare.
2706 2157 2870 2211 Pecos
2897 2159 3006 2226 ipse
3026 2159 3128 2210 vidi
3151 2159 3227 2211 sic
3250 2174 3402 2210 orna-

1886 2252 1963 2297 tos
1975 2245 2062 2310 qui
2077 2244 2268 2299 sultani
2285 2245 2574 2300 Turcoruiu
2595 2263 2840 2302 cursores
2855 2251 3206 2313 sunt,circum
3227 2249 3401 2316 ipsum

1885 2350 2092 2398 semper
2113 2337 2534 2402 obambulantes,
2561 2354 2680 2391 cum
2713 2354 2741 2391 e
2770 2340 2944 2392 saran
2979 2339 3172 2406 prodit.
3198 2337 3398 2391 Nomen

1886 2424 2032 2478 Titias
2062 2425 2224 2478 felicis
2241 2425 2526 2480 Turcicum
2562 2429 2611 2479 in
2648 2429 2934 2497 archetypo
2955 2430 3163 2494 legitur.
3189 2429 3404 2497 Di-vetlu

1885 2513 2023 2567 Caba
2063 2518 2200 2582 Agaz
2235 2532 2249 2567 :
2283 2521 2524 2582 quarum'
2543 2531 2731 2568 vocum
2767 2518 2935 2584 prima
2969 2515 3169 2569 felicem
3202 2496 3404 2585 signiii-

1885 2617 1987 2667 cat,
2021 2607 2182 2659 altera
2225 2609 2415 2670 tiliam,
2444 2608 2686 2660 arborem
2735 2609 2906 2660 tertia.
2948 2610 3074 2672 Quze
3113 2625 3238 2660 vero
3268 2608 3404 2660 [loli-

1887 2711 1965 2747 n:c
1999 2698 2064 2748 ab
2091 2699 2364 2750 chrsione
2397 2699 2570 2750 divina
2597 2700 2854 2752 mansisse
2879 2701 3070 2751 dicitur
3103 2698 3402 2764 appellatio,

1884 2786 2058 2848 lingua
2113 2787 2334 2840 Turcica
2392 2788 2584 2858 Taugri
2642 2789 2849 2859 Gictugi
2897 2791 3312 2858 pronuntiatur,
3349 2786 3402 2841 id

1884 2888 1980 2942 est,
2022 2881 2156 2934 Deus
2185 2882 2393 2932 evertit.

2192 2972 2277 3024 45.
2311 2972 2634 3035 Cumulzina,
2671 2971 2912 3034 illarolia,
2947 2970 3113 3024 Seres.

1953 3064 2073 3118 liazc
2128 3065 2315 3132 oppida
2364 3063 2492 3117 locis
2529 3064 2684 3132 paulo
2737 3073 2857 3116 ante
2915 3063 3402 3117 nominatis‘vicina

256 3169 371 3204 rem
406 3153 692 3219 accipiunt,
747 3154 810 3206 de
863 3170 967 3220 quo
1014 3156 1064 3207 in
1112 3156 1434 3207 Μαι-Ιιρῐηιιιθ
1498 3157 1539 3207 li
1601 3157 1776 3210 latius.
1807 3188 1848 3246 ο
1884 3168 2026 3216 sunt,
2075 3157 2292 3210 ulterius
2345 3157 2395 3208 in
2449 3155 2702 3209 Graaciam
2736 3157 2801 3210 de
2835 3156 2920 3209 die
2945 3157 3148 3209 scilicet
3179 3157 3228 3208 in
3260 3155 3397 3209 diem

253 3243 627 3296 Seidisclieber
674 3242 1106 3307 Turcis,Gratci3
1149 3245 1463 3314 i-iierapolis,
1513 3247 1776 3300 civitatem

255 3343 497 3387 sanctam
523 3333 629 3385 sive
654 3349 857 3386 sacram
884 3335 1162 3401 sigttilicat.
1189 3337 1323 3388 Sunt
1375 3347 1546 3389 autem
1599 3336 1780 3389 "iera-

257 3428 408 3492 poles
437 3427 486 3477 in
530 3426 765 3477 Anatolia
828 3427 908 3477 vel
949 3428 1069 3479 Asia
1125 3428 1314 3480 minori
1365 3429 1541 3494 pluris
1592 3439 1782 3496 pra‘ter

261 3518 532 3586 Syriacam
565 3527 612 3570 et
650 3518 798 3578 alias,
829 3534 944 3583 quae
979 3517 1079 3569 huc
1130 3534 1230 3571 non
1265 3519 1544 3586 pertinent.
1611 3519 1778 3572 Unam

259 3607 366 3661 Leo
389 3609 914 3676 Sapiens-Augustus
946 3608 1171 3660 collocat
1217 3609 1268 3659 in
1314 3609 1537 3677 Phrygia
1575 3611 1782 3662 Saluta-

261 3701 324 3764 ri,
383 3701 483 3751 sub
533 3700 935 3766 metmpolitano
999 3699 1309 3767 Synadensi.
1373 3700 1600 3752 Alteram
1659 3701 1781 3752 facit

259 3789 593 3857 metropolim
623 3789 855 3856 Phrygia!
897 3788 1253 3856 Cappatianre.
1288 3788 1375 3842 Sic
1398 3790 1536 3841 enim
1582 3790 1630 3840 in
1664 3789 1776 3855 ipsa

256 3876 453 3931 Leonis
484 3875 694 3930 novella
729 3877 938 3944 legitur,
964 3891 1081 3928 cum
1114 3878 1310 3930 rectius
1342 3878 1451 3929 ha-c
1481 3877 1580 3929 dici
1614 3876 1779 3946 Phry.

257 3971 338 4036 εἴη
377 3967 654 4022 Pacatiana
686 3967 929 4019 videatur
963 3968 1015 4020 in
1050 3968 1184 4021 libro
1206 3971 1267 4021 de
1291 3971 1566 4038 utriusque
1619 3971 1778 4035 impe-

257 4063 317 4114 rii
347 4064 553 4115 notitia.
605 4063 790 4115 Lector
829 4071 997 4115 utram
1069 4062 1226 4122 volet,
1278 4063 1517 4130 accipiat.
1567 4059 1778 4116 Gelvazi

254 4156 488 4220 denique
515 4153 776 4220 reperitur
804 4155 855 4205 in
881 4153 1140 4204 Anatolize
1193 4153 1386 4213 tabula,
1434 4167 1534 4203 non
1598 4153 1778 4218 procul

1269 4244 1358 4296 sed
1414 4243 1780 4296 immutatione

255 4323 552 4390 litterarum
586 4335 798 4398 exigua,
831 4334 1082 4387 Giolvaza
1110 4333 1378 4386 scribitur.

663 4423 752 4477 41.
787 4428 1106 4491 Magalgara,
1161 4421 1364 4474 Bolina.

1885 3246 2336 3322 progredientibus
2370 3244 2649 3299 eThracia
2710 3244 2922 3301 Turcis.
2977 3245 3113 3300 Sunt
3163 3247 3299 3300 enim
3349 3247 3402 3301 in

1880 3337 2071 3391 ﬁnibus
2099 3338 2331 3390 Thraciae
2366 3338 2676 3390 Giunulzina
2712 3347 2762 3390 cl
2795 3337 3005 3390 Marolia
3029 3379 3041 3396 ,
3074 3355 3176 3390 non
3212 3355 3400 3404 magno

1881 3427 2158 3495 disiunctze
2182 3427 2469 3480 interwllo.
2501 3427 2814 3479 Gumulziua
2853 3429 3106 3479 Castaldo
3141 3430 3189 3479 in
3221 3430 3397 3481 tabula

1852 3518 2096 3572 -Gra:ci:e
2129 3520 2407 3571 recentiori
2455 3519 2704 3572 Culmaza
2748 3527 2994 3586 corrupte
3041 3520 3232 3585 scripta
3279 3518 3402 3586 legi-

1882 3618 1968 3661 tur
1993 3645 2008 3669 ,
2065 3624 2159 3676 pro
2209 3610 2467 3664 Cumulza
2502 3610 2579 3662 vel
2609 3609 2883 3669 Gumulza,
2915 3625 3073 3678 quam
3105 3608 3261 3662 Turcl
3293 3609 3400 3662 Gu-

1880 3701 2162 3752 mulzinam
2193 3711 2397 3754 vocant.
2427 3700 2639 3777 ﬂarolia
2671 3701 2867 3755 (Im-cis
2887 3714 2968 3755 eSt
2995 3699 3222 3754 Maronia
3250 3701 3402 3768 ,‘qu:c

1883 3792 2016 3842 inter
2049 3793 2535 3860 archiepiscotiatus
2583 3791 2808 3845 refertur
2852 3808 2881 3845 a
2929 3791 3103 3845 Leone
3134 3791 3398 3857 Augusto,

1881 3883 2193 3948 geograpliis
2252 3877 2447 3935 nostri‘s
2493 3883 2602 3950 jam
2653 3884 2900 3956 Mai-ogna
2930 3883 3141 3934 dicitur.
3181 3881 3292 3933 Sita
3320 3891 3401 3932 est

1879 3971 2013 4022 ultra
2044 3973 2306 4024 civitatem
2336 3973 2549 4032 Aluum.
2574 3974 2639 4026 de
2668 3988 2768 4040 qua
2796 3988 3017 4024 numero
3044 3972 3111 4025 52
3141 3973 3397 4036 diximus,

1881 4077 1982 4126 qua
2040 4062 2146 4113 itur
2199 4064 2249 4116 in
2303 4061 2632 4117 Thessaliam
2671 4062 2970 4117 eTliracia.
3014 4065 3170 4116 Seres
3201 4063 3399 4117 Grrcis

1880 4167 2098 4204 numero
2151 4152 2504 4207 multitudinis
2534 4154 2703 4206 Serra:
2731 4155 2994 4215 dicuntur,
3024 4164 3149 4206 urbs
3171 4153 3298 4206 satis
3317 4169 3398 4204 ce-

1880 4242 2062 4303 lebris,
2113 4257 2269 4309 quam
2318 4240 2509 4295 Leonis
2563 4244 2785 4308 Augusti
2846 4243 3046 4295 novella
3081 4241 3237 4294 refert
3267 4241 3339 4291 int
3375 4256 3403 4290 r

1879 4337 2226 4400 tnetropoles.
2273 4332 2476 4385 pI'EBlOI’
2506 4333 2723 4387 Graecizc
2771 4345 2947 4388 nosti-i-
2999 4334 3134 4384 haud
3160 4330 3343 4398 procul
3372 4347 3398 4377 ιι

1877 4421 2050 4484 Cisso,
2069 4425 2131 4473 de
2150 4439 2248 4486 qua
2270 4423 2466 4473 dictum
2498 4438 2719 4474 numero
2748 4425 2814 4477 30
2839 4463 2852 4484 ,
2906 4437 3088 4475 versus
3114 4421 3407 4485 Maritum,

321 4517 472 4582 Quod
531 4514 777 4582 oppidum
832 4513 989 4564 Turei
1036 4513 1344 4579 Magalgarze
1382 4513 1593 4566 nomine
1646 4513 1781 4565 acci-
1806 4501 1856 4559 Ῑ)
1883 4513 1958 4563 vel
1997 4512 2225 4563 Hebrum
2261 4512 2472 4573 flumen,
2499 4514 2744 4564 collocat.

253 4609 420 4674 piant,
459 4605 594 4657 scire
639 4612 779 4656 certe
809 4617 911 4652 non
961 4617 1212 4667 possum:
1247 4601 1293 4653 id
1325 4599 1537 4668 quidem
1596 4600 1773 4654 dicere

253 4699 399 4752 licet.
441 4694 795 4760 quodcunque
837 4693 1047 4743 tandem
1076 4691 1161 4747 sit,
1208 4691 1257 4740 iu
1296 4691 1488 4742 finibus
1513 4688 1773 4751 Thraciae,

252 4786 565 4846 'l'licssaii:e,
615 4782 930 4836 Macedonia:
983 4781 1147 4846 quzeri
1210 4781 1418 4833 debere.
1481 4779 1775 4834 Gauderius

252 4880 519 4940 interpres
547 4871 773 4938 Caesaris
803 4873 1076 4925 adnotarat
1103 4871 1289 4933 videri,
1330 4873 1471 4938 quod
1501 4877 1568 4925 sit
1599 4873 1774 4942 Mega-

251 4969 461 5035 lupulis.
495 4965 599 5017 Sed
634 4965 720 5016 illa
746 4979 851 5016 non
883 4965 934 5017 in
965 4964 1046 5016 bis
1069 4963 1372 5029 regionibus
1406 4963 1577 5015 locum
1599 4963 1773 5027 habet,

251 5061 428 5113 sediu
480 5058 652 5110 Μαι-εδ
715 5070 806 5108 seu
869 5055 1258 5122 Peloponneso:
1324 5067 1418 5105 nec
1481 5054 1772 5119 Magalgara

255 5167 394 5200 nunc
460 5149 676 5202 dicitur.
751 5146 842 5196 sed
906 5144 1148 5197 Leoutari
1210 5145 1384 5211 vulgo,
1439 5142 1773 5195 Leontariutn

254 5241 489 5295 Laouico
518 5250 569 5291 et
599 5237 717 5290 aliis
745 5236 1146 5290 recentioribus.
1185 5235 1341 5303 417
1376 5234 1427 5284 Si
1452 5235 1567 5298 quis
1591 5235 1768 5299 appel-

255 5333 506 5384 lationem
538 5328 773 5381 Grmcatn
828 5325 1133 5392 Magalgam
1189 5327 1476 5394 proximam
1532 5326 1772 5393 requirit,

257 5423 640 5492 Megalagoram
666 5418 923 5486 accipiat:
953 5432 1056 5482 qua
1115 5418 1282 5469 forum
1318 5433 1560 5485 magnum
1613 5417 1773 5485 signi-

257 5514 465 5565 ﬁcatur.
502 5508 579 5562 Ex
618 5511 803 5561 eodem
839 5508 1068 5558 locorum
1129 5507 1234 5558 situ
1281 5508 1495 5572 colligo,
1534 5505 1770 5558 Bolinam

257 5603 444 5656 Turcis
474 5601 694 5659 dictum,
746 5613 862 5662 quae
883 5596 1080 5650 Graecis
1105 5605 1185 5648 est
1222 5597 1532 5666 Appollonia
1583 5599 1775 5649 montis

255 5695 396 5756 A'tlii,
425 5691 514 5756 qui
546 5703 686 5742 nunc
740 5686 938 5752 lingit)"
984 5683 1139 5744 Oios,
1192 5686 1302 5738 sive
1360 5705 1510 5738 mons
1560 5698 1775 5739 sanctus

260 5781 570 5844 appellatur,
606 5775 1018 5842 afthucnlibus
1046 5773 1122 5840 (ut
1158 5776 1363 5841 opinor)
1396 5777 1768 5842 Calogetorutu

2015 4603 2097 4655 Η.
2131 4601 2359 4664 Cavala,
2395 4601 2531 4665 Dire,
2564 4602 2730 4668 Sirus,
2767 4603 3042 4666 .ilaimstir,
3074 4604 3298 4662 Seleruc.

1950 4693 2273 4746 Recitautur
2307 4695 2493 4745 ordine
2538 4694 2714 4760 plut-es
2775 4711 2801 4745 a
2855 4694 3045 4749 Turcis
3077 4711 3242 4764 captae
3276 4700 3410 4751 ciri—

1879 4793 2012 4836 tates
2057 4783 2107 4834 in
2152 4782 2712 4840 CODﬁnibUS.Till'aiii£B
2734 4826 2746 4847 ,
2783 4784 3099 4839 Macedoniae
3131 4826 3144 4849 ,
3178 4787 3405 4841 Tltcs~a~

1885 4872 2000 4924 liae.-
2045 4874 2240 4925 tlavala
2292 4889 2476 4926 versus
2519 4873 2792 4942 Philippos
2843 4876 3162 4952 Macedoniae
3210 4881 3405 4942 tendit.

1882 4962 2239 5029 Bucephalam
2275 4965 2472 5030 putavit
2504 4963 2770 5019 Bellouius
2817 4970 3052 5034 antiquis
3083 4969 3246 5020 fuisse
3326 4971 3401 5022 di-

1882 5061 2050 5114 ctam,
2093 5055 2158 5106 ab
2208 5069 2343 5121 equo
2388 5058 2525 5123 regis
2544 5056 2847 5111 Alexandri.
2910 5058 3024 5111 Dine
3056 5061 3256 5111 videtur
3289 5077 3407 5116 esse

1883 5145 2038 5195 Doari
2071 5145 2146 5196 vel
2175 5146 2344 5203 Deari,
2375 5163 2532 5214 quant
2565 5150 2745 5203 eadem
2768 5152 2815 5201 iu
2847 5152 3034 5203 vicinia
3064 5152 3385 5203 recentiores

1880 5234 2159 5299 geographi
2187 5234 2470 5288 collocant.
2499 5234 2674 5296 Siros.
2710 5254 2822 5290 mea
2884 5240 3093 5305 quidem
3127 5239 3399 5307 opinione,

1879 5323 2038 5376 fuerit
2090 5323 2583 5394 liierissus;cujus
2638 5331 2998 5396 episcopatum
3061 5328 3406 5382 Thessaloni-

1879 5415 2023 5467 Censi
2071 5417 2272 5467 novella
2312 5416 2502 5471 Leonis
2542 5420 2877 5488 imperatoris
2907 5420 3141 5488 subjicit,
3177 5431 3230 5473 et
3262 5420 3406 5474 Mon-

1882 5505 1948 5554 tis
1978 5519 2186 5570 quoque
2215 5509 2381 5556 sancti
2421 5516 2568 5559 vocat
2601 5508 2985 5576 episvopatum,
3021 5517 3076 5562 ut
3099 5509 3255 5574 paulo
3284 5520 3409 5560 ante

1879 5595 2108 5656 dictum,
2162 5612 2381 5651 numero
2414 5599 2498 5649 Η.
2525 5601 2629 5651 Ant
2665 5599 2829 5668 Syrus
2861 5618 2888 5652 a
2921 5601 3111 5654 Turcis
3141 5602 3281 5652 dicta
3309 5617 3408 5667 pro

1882 5685 2090 5748 Sidrus,
2124 5703 2239 5751 qua».
2279 5688 2588 5756 Stdrocapsa
2619 5705 2780 5752 nunc,
2800 5691 2864 5742 ad
2891 5689 3114 5744 Montem
3138 5699 3402 5743 sanctum.

1882 5776 2022 5826 \clut
2051 5792 2078 5826 a
2120 5777 2268 5828 nobis
2303 5777 2606 5831 adnotatum
2637 5781 2899 5847 superius,
2933 5795 3149 5832 nuutetu
3189 5778 3264 5830 l8.
3297 5776 3404 5830 ila-
