4032 6344
623 445 724 509 ΤΠ

1777 443 2092 503 JOANNIS
2142 442 2598 504 LEUNCLM'II

3663 440 3756 500 ’Πὲ

694 558 828 611 Cum
855 565 1034 606 autem
1068 554 1187 604 anni
1226 550 1436 603 Turcici
1487 550 1610 610 296.
1661 548 1995 604 Christianos
2034 548 2147 604 eﬂi-
2180 559 2218 610 Α
2249 551 2586 603 Andronicus
2610 548 2933 616 Paliciilugus
2973 547 3010 600 ll
3047 549 3337 616 imperator
3395 550 3580 602 edidit.
3644 551 3754 617 lijns

628 647 770 700 ciant
797 644 940 696 ‘287:
985 642 1226 708 sequitur
1278 642 1496 692 omnino
1555 649 1630 692 tot
1685 641 1840 692 annis
1900 643 2151 693 hactenus

632 716 913 804 imperium
975 731 1386 784 Osinanidarum
1442 731 1684 790 durasse,
1750 745 1963 798 sumpto
2041 731 2152 798 ejus

629 827 802 885 initio,
864 824 1003 878 sicut
1031 823 1318 874 indicatum
1348 830 1448 884 est,
1506 823 1572 872 ab
1609 820 1767 890 420
1795 838 1932 873 anno
1994 821 2150 875 1500.

631 917 726 968 Sin
764 917 984 967 aliorum
1017 914 1166 981 sequi
1223 915 1457 968 rationes
1519 914 1785 976 velimus,
1854 916 2152 966 noeessario

634 1006 970 1058 referendum
1006 1007 1099 1055 erit
1144 1004 1458 1069 principium
1487 1005 1631 1067 regni
1655 1003 2060 1057 Osmanidarum
2089 1005 2151 1056 ad

628 1093 1405 1156 annumChristianum1205,
1456 1094 1591 1160 'lllOd
1645 1097 1882 1148 omnium
1927 1096 2155 1148 chrono-

632 1189 954 1256 graphoriuu
989 1197 1040 1237 et
1095 1185 1478 1238 Historieorum
1531 1185 1814 1238 illustrium
1874 1188 2152 1240 sententiis

631 1278 1044 1331 adversabitnr:
1084 1285 1172 1327 aut
1197 1277 1412 1328 omnino
1453 1275 1748 1338 fatendum,
1804 1277 1854 1328 in
1905 1277 1991 1327 illa
2027 1293 2155 1345 sup-

633 1368 909 1436 putatione
977 1376 1279 1418 nostrorum
1342 1367 1576 1433 quinque
1624 1375 1766 1418 totos
1818 1381 1984 1419 annos
2039 1383 2157 1422 esse

633 1458 945 1526 superﬂuos.

702 1550 787 1603 48.
823 1549 1211 1600 Monumentum
1257 1544 1482 1600 Muralis
1538 1549 1590 1599 in
1643 1564 1823 1614 campo
1869 1549 2087 1602 (Iosova.

700 1639 773 1691 De
804 1639 1075 1706 sepultura
1135 1637 1350 1692 Muralis
1408 1639 1582 1690 obiter
1649 1639 1866 1704 habeto,
1933 1643 2070 1694 tradi
2127 1656 2155 1694 a

631 1731 977 1798 quibusdam,
1013 1728 1240 1781 cadaver
1267 1728 1379 1792 ejus
1428 1730 1679 1796 Sopliiam
1736 1735 1898 1785 fuisse
1963 1734 2156 1801 depor-

635 1830 820 1872 tatum.
855 1819 954 1870 Alii
993 1835 1113 1871 cum
1145 1818 1334 1872 Turcis
1400 1821 1755 1885 consentiunt,
1804 1825 1890 1887 qui
1933 1824 2152 1876 Prusam

2250 643 2392 695 enim
2441 644 2551 695 haec
2610 643 2764 695 verba
2820 651 2990 694 sunt:
3045 639 3250 702 Vidina,
3291 656 3410 708 qua:
3458 643 3605 708 prius
3656 654 3758 692 erat

2249 738 2584 805 episcopatus
2614 735 2932 788 sanctissimi
2966 735 3458 802 archiepiscopatus
3493 733 3756 800 Bulgaﬂw,

2252 827 2665 891 iumetrOpolim
2723 834 2899 878 evecta
2958 835 3054 876 est.
3097 843 3113 872 ι
3173 824 3445 876 Bonﬂnius
3505 823 3758 877 Budinuin

2252 917 2512 969 nominat.
2536 915 2754 967 Michael
2790 915 2959 967 Ritius
2993 914 3259 974 Bidinum,
3298 916 3434 982 apud
3468 931 3624 982 quem
3677 927 3761 967 ta-

2254 1022 2369 1057 men
2408 1009 2540 1058 male
2579 1005 2832 1072 scriptum
2865 1006 3054 1074 legitur
3084 1005 3388 1068 Biolinium,
3422 1023 3518 1075 pro
3559 1007 3760 1061 Bidino.

2254 1095 2558 1153 \‘idincnsis
2582 1104 2942 1169 sangiacatus.
2981 1117 3122 1154 nunc
3174 1103 3313 1154 inter
3363 1103 3496 1156 alios
3557 1101 3765 1170 B-'gler-

2255 1188 2385 1256 bego
2408 1190 2805 1244 Temesvarensi
2848 1193 3115 1258 subjectos
3165 1202 3490 1251 recensetnr.
3541 1193 3606 1244 de
3668 1207 3768 1258 quo

2255 1277 2404 1344 plura
2442 1293 2538 1331 suo
2567 1280 2704 1340 loco,
2741 1280 2793 1331 in
2823 1279 3015 1332 Notitia
3051 1260 3296 1332 videlicet
3333 1279 3542 1344 imperii
3591 1277 3769 1332 OSnia-

2258 1371 2382 1422 uici.
2411 1370 2585 1424 Citros
2618 1373 2668 1423 iu
2717 1371 2922 1424 novella
2952 1370 3144 1425 Leonis
3180 1372 3513 1440 imperatoris
3571 1371 3770 1437 episco-

2255 1467 2409 1525 patus
2431 1468 2513 1512 est
2544 1460 2854 1525 Thessaliae,
2884 1462 2983 1514 sub
3029 1461 3434 1527 metropolitano
3491 1457 3773 1511 Thessalu-

2257 1547 2456 1599 nicensi
2491 1565 2504 1600 :
2544 1547 2750 1601 Bozinte
2787 1550 3199 1617 regionis-vulgo
3230 1564 3442 1617 quoque
3466 1559 3646 1602 notum
3699 1559 3774 1599 est

2259 1642 2691 1693 nomen.lni-olas
2722 1642 2958 1694 historici
2994 1640 3159 1693 Grzeci
3209 1642 3391 1694 dixere
3443 1639 3772 1693 Patzinaras.

2257 1729 2468 1796 Origine
2510 1741 2634 1781 sunt
2686 1732 2905 1794 Venelli,
2947 1732 3087 1799 quod
3154 1748 3216 1785 ex
3264 1733 3374 1800 ipsa
3425 1733 3625 1799 lingua,
3681 1748 3777 1792 qna

2262 1829 2481 1870 utuntur
2515 1818 2777 1885 hodieque
2814 1820 3022 1874 Veneda
3055 1823 3239 1888 liquet.
3301 1821 3661 1888 Antiquitates
3692 1823 3778 1869 Ιιυ-

636 1920 931 1960 mcinorant
992 1921 1255 1969 aveelum,
1311 1917 1361 1960 et
1409 1910 1555 1977 juxta
1607 1909 1862 1965 Thermas
1913 1913 2152 1965 Pi'itsmas
2191 1894 2227 1945 Β
2261 1923 2373 1959 rllm
2406 1908 2665 1960 Ccdt'imls
2728 1910 2778 1962 in
2836 1909 3185 1966 Munomacho
3235 1913 3471 1980 Augusto
3518 1913 3780 1964 lui-ulrnte

637 2001 897 2066 majorum
932 2001 1288 2053 monumentis
1317 2012 1690 2068 aggregatuiu:
1739 2002 1809 2055 ita
1867 2013 2060 2066 tamen,
2099 2015 2157 2056 ut

636 2089 784 2154 prius
809 2091 1213 2149 evisceraretnr,
1245 2101 1298 2142 et
1331 2093 1579 2144 intestina
1611 2092 1662 2142 in
1717 2093 1934 2158 planitie
1988 2096 2156 2147 C050-

635 2194 765 2230 vana
800 2179 1200 2246 (liassovianain
1228 2179 1558 2233 Sausovinus
1605 2182 1798 2248 ubique
1855 2199 1956 2235 non
2017 2195 2158 2237 recte

637 2270 810 2338 vocat)
832 2279 985 2322 terra:
1024 2272 1426 2324 mandarentur.
1468 2271 1522 2325 ld
1591 2289 1774 2326 verum
1837 2291 1951 2327 esse
2009 2278 2161 2329 colli-

637 2361 779 2426 gitur
800 2376 862 2413 ex
899 2361 977 2411 his
1014 2360 1236 2413 Bonﬁnii
1280 2363 1475 2425 verbis,
1526 2365 1716 2432 quibus
1753 2366 1910 2417 etiam
1969 2381 2162 2418 monu-

639 2451 824 2511 menti,
861 2464 924 2503 eo
961 2452 1077 2502 loco
1114 2453 1308 2514 relicti,
1378 2455 1639 2521 hodieque
1712 2455 2040 2522 superstitis.
2108 2465 2163 2508 et

639 2542 792 2593 nobis
819 2558 847 2593 a
873 2542 1159 2595 comitibus
1192 2542 1380 2595 Turcis
1442 2545 1746 2604 monstrati,
1800 2547 1998 2597 mentio
2059 2546 2115 2597 ﬁt
2145 2561 2159 2608 ;

638 2629 695 2682 ln
722 2631 893 2684 inedia
923 2633 1138 2698 (inquit)
1163 2631 1272 2685 fere
1310 2635 1532 2700 planitie
1579 2634 1797 2688 Cosovze
1852 2636 2000 2688 collis
2055 2651 2165 2689 mo-

614 2716 788 2773 idicus
816 2722 1070 2786 assurgit,
1129 2722 1279 2789 cujus
1345 2725 1550 2778 radices
1615 2725 1886 2778 Schitniza
1959 2725 2160 2778 lambit.

639 2808 754 2861 Non
789 2811 951 2861 multo
977 2809 1228 2873 ulterius,
1279 2812 1341 2864 ad
1379 2822 1540 2881 caput
1601 2817 1857 2882 aequoris,
1921 2815 2158 2882 quaedam

642 2905 804 2954 turris
834 2910 969 2965 erat,
1003 2904 1274 2969 cujusdam
1304 2904 1430 2955 olim
1489 2904 1763 2957 Amuratis
1820 2906 2054 2956 tumulus
2113 2915 2166 2957 et

645 2993 874 3061 pyra-mis
902 3009 914 3046 :
947 2994 1032 3062 qui
1062 2993 1341 3061 proﬂigato
1371 2995 1628 3058 exercitu,
1669 2997 1740 3046 ibi
1771 3009 1938 3048 caesus
1980 3002 2031 3046 et
2082 3009 2164 3047 se-

646 3084 825 3151 pultus
858 3093 956 3135 est.
995 3081 1261 3134 Hui-tenus
1289 3082 1584 3144 Bontinius,
1613 3085 1764 3149 cujus
1824 3083 1999 3137 verbis
2033 3101 2164 3138 non-

647 3171 778 3222 nihil
812 3172 1180 3222 iuliarreamus.
1212 3169 1533 3222 Seliituizam
1583 3171 1669 3222 alii
1706 3172 2028 3224 Schinitzam
2092 3182 2162 3226 te.-

651 3275 792 3310 nierc
835 3261 1107 3312 nominare
1145 3261 1365 3312 malunt.
1399 3264 1476 3312 Au
1516 3261 1648 3312 idem
1706 3263 1897 3315 ﬂuvius
1952 3263 2165 3316 sitcum

649 3347 881 3410 Horava,
917 3348 1212 3403 videbimus
1233 3351 1504 3418 deinceps,
1532 3368 1750 3404 numero
1780 3362 2023 3407 notarum
2046 3355 2163 3407 1⁸24.

651 3441 927 3493 Aniuratis
948 3443 1207 3493 tumulum
1263 3454 1312 3493 et
1367 3444 1686 3507 sepulturam
1751 3445 2013 3510 intelligit,
2064 3459 2170 3512 quo

647 3533 764 3582 luco
823 3532 1032 3583 fuerunt
1091 3531 1259 3599 ipsius
1322 3533 1525 3584 condita
1588 3535 1812 3586 viscera.
1878 3535 2167 3599 Quemdam

647 3623 780 3674 dicit
807 3624 1110 3674 Amurntcm
1153 3623 1441 3686 indeﬁnite,
1506 3639 1598 3690 pro
1625 3625 1832 3676 sultano
1897 3624 2097 3677 Murali:
2132 3623 2169 3676 Ι.

649 3715 990 3782 l’rotligatum
1027 3713 1175 3780 prius
1216 3715 1286 3766 ait
1335 3715 1649 3779 exercitum,
1705 3730 1807 3767 non
1844 3718 2168 3783 exprimens.

645 3806 978 3859 Turcicusne
1004 3805 1313 3874 proﬂigatus
1342 3805 1516 3867 fuerit,
1545 3821 1609 3858 an
1646 3807 1855 3859 hostilis
1883 3810 2169 3869 exercitus,

645 3914 711 3948 ac
742 3898 929 3950 deinde
970 3897 1224 3950 Mnrutem
1291 3913 1528 3950 caesum:
1577 3912 1696 3949 cum
1751 3913 1885 3950 Clt‘st)
1952 3897 2170 3963 Mur-ale,

647 3986 835 4038 Lazari
870 3985 1066 4038 Servis;
1111 3988 1361 4054 principis
1391 3990 1684 4040 exercitum
1717 4003 1745 4040 a
1780 3988 2010 4055 Bajazite
2069 3991 2174 4041 lilio

644 4077 875 4130 Muralis
903 4077 986 4129 hic
1017 4077 1292 4128 audiamus
1323 4079 1483 4129 luisse
1519 4079 1696 4135 unctio
1732 4080 1947 4130 victum.

546 4176 557 4186 ’
645 4189 735 4242 49.
774 4185 1081 4238 Kiratovum
1129 4200 1272 4236 mons
1313 4185 1531 4251 argenti.
1567 4185 1751 4237 Vidine
1784 4189 1884 4237 sive
1919 4185 2173 4250 Vidinuni,

1033 4256 1219 4317 (ἐξίτω,
1251 4253 1323 4306 Bo
1335 4269 1468 4316 zmu,
1495 4252 1809 4306 Patziuucw.
1831 4319 1833 4324 η

723 4346 1031 4400 Kiratovum
1073 4343 1259 4398 Turcis
1331 4346 1626 4413 appellatur
1675 4347 1925 4413 Oppidum
1981 4347 2176 4401 Serviat

655 4437 815 4490 silum
857 4437 918 4487 nd
950 4445 1201 4494 montem,
1237 4451 1393 4502 quem
1447 4438 1816 4505 Argentarium
1880 4452 2087 4503 vocant,
2146 4455 2172 4491 ιι

2258 1998 2558 2066 deseripsit.
2591 2000 2689 2054 Sed
2714 2018 2776 2054 eo
2807 2003 2921 2056 loco
2955 2004 3102 2057 deest
3130 2006 3181 2056 in
3211 2005 3355 2057 edito
3389 2004 3617 2056 Cedrino
3681 2009 3784 2053 tra-

2260 2097 2530 2156 gnientum
2564 2088 2786 2158 insigne,
2815 2095 2954 2158 quod
2986 2107 3104 2146 cum
3134 2093 3369 2146 historia:
3390 2093 3641 2146 studiosis
3683 2093 3782 2143 ali-

2260 2180 2470 2244 quando
2507 2182 3043 2236 coinmunicabinnts.
3104 2182 3192 2235 Vir
3223 2183 3361 2234 acris
3407 2181 3593 2247 jndicii
3646 2180 3784 2232 Peu-

2260 2283 2626 2336 cerus,qnem
2662 2272 2974 2325 adolescens
3010 2275 3061 2324 in
3109 2271 3445 2342 geometricis
3505 2282 3560 2324 et
3608 2283 3784 2323 astro-

2265 2356 2493 2408 nomicis
2518 2359 2701 2409 audire
2727 2359 2968 2422 memini,
3006 2357 3407 2414 Patainacarum
3449 2375 3542 2412 seu
3609 2358 3787 2411 Pulli-

2264 2463 2516 2500 nacoruni
2560 2466 2748 2502 nomen
2781 2467 2808 2504 a
2858 2450 3052 2504 Pozina
3099 2454 3211 2505 sive
3259 2450 3565 2511 Pozinania,
3619 2451 3784 2503 η‹›ι)ιιί

2263 2534 2495 2590 Polonia:
2525 2541 2838 2606 Inunieipio.
2868 2543 3108 2594 derivare
3157 2543 3398 2595 solebat:
3443 2543 3584 2611 quod
3633 2543 3683 2593 iu
3721 2543 3789 2592 iis

2263 2625 2464 2678 scilicet
2483 2627 2675 2680 ﬁnibus
2701 2628 2988 2698 aliquando
3021 2631 3176 2684 sedes
3203 2631 3452 2684 habuisse
3482 2631 3786 2686 videantur.

2263 2725 2547 2783 antequam
2584 2734 2771 2774 versus
2801 2720 3066 2776 Triballos
3096 2725 3529 2792 commigrarent.
3565 2721 3627 2773 Et
3657 2720 3789 2773 dicti

2265 2805 2510 2859 videntur
2565 2823 2594 2860 a
2627 2810 2824 2864 Graecis
2886 2810 3196 2876 Patzinacu‘,
3265 2822 3567 2865 nostrorum
3615 2829 3788 2871 more,

2265 2896 2461 2961 quibus
2494 2896 2774 2953 Bozinachi
2813 2918 2917 2954 non
2957 2905 3107 2955 aliter
3135 2903 3490 2970 appellantur.
3515 2918 3580 2954 an
3612 2903 3784 2960 Slazi.

2269 2989 2512 3044 Slavachi
2542 3007 2557 3045 :
2590 2993 2796 3055 Poloni,
2828 2993 3043 3045 Polachi
3073 3011 3083 3044 :
3127 2993 3315 3054 Buemi,
3352 2991 3644 3047 Bmmachi.

2573 3083 2660 3134 50.
2694 3081 3000 3134 Alasc/ieher
3047 3085 3097 3133 in
3130 3082 3458 3135 Communia.

2338 3171 2663 3226 Alascheher
2718 3172 2895 3239 lingua
2987 3171 3210 3226 Turcica
3295 3173 3560 3241 signiﬁcat
3613 3173 3788 3225 Altam

2272 3261 2778 3316 civitatem.Grzecis
2808 3279 2911 3315 uno
2931 3264 3190 3316 vocabulo
3245 3264 3512 3316 diceretur
3557 3261 3792 3332 llypsili-

2274 3355 2426 3421 polis.
2458 3351 2556 3407 Sed
2579 3355 2836 3422 ejusmodi
2865 3356 3074 3408 nomine
3110 3355 3254 3406 nulla
3309 3356 3568 3419 reperitur
3622 3357 3671 3405 in
3705 3355 3793 3404 hi—

2274 3446 2453 3499 storiis
2480 3447 2626 3505 urbs.
2651 3461 2745 3499 nec
2784 3448 2920 3513 apud
2954 3446 3315 3514 Geographos,
3365 3446 3506 3510 quod
3545 3447 3791 3512 equidem

2273 3538 2455 3591 sciam.
2487 3535 2590 3591 Leo
2625 3538 2847 3605 Sapiens
2878 3540 3145 3604 Augustus
3169 3536 3222 3610 [in
3251 3534 3452 3588 novella
3509 3537 3572 3587 de
3619 3533 3794 3586 Thru-

2275 3628 2355 3679 nis
2380 3626 2476 3680 sub
2500 3627 2777 3695 metropoli
2827 3625 3167 3679 Neocaesarize
3227 3625 3375 3679 Ponti
3433 3623 3791 3679 Polemoniaci

2278 3729 2516 3772 recenset
2551 3720 2910 3785 episcopatum
2946 3716 3220 3786 llypsilon,
3269 3715 3318 3769 id
3381 3725 3460 3770 est
3516 3717 3677 3769 altum
3709 3718 3794 3767 vel

2273 3807 2573 3860 sublimem.
2621 3807 2761 3858 ldetn
2797 3806 2897 3856 sub
2928 3804 3215 3874 Synadensi
3266 3802 3504 3874 Phrygia:
3537 3803 3798 3857 Salutat-is

2275 3899 2552 3966 metropoli
2581 3899 3192 3966 collocatepiscopatnm
3244 3896 3447 3968 Ilypsu,
3514 3900 3651 3966 quod
3708 3898 3797 3950 iti-

2274 3991 2390 4043 dem
2415 3989 2598 4042 Grazce
2631 3989 2898 4043 alluditad
2923 3990 3276 4042 altitudinem.
3324 3989 3424 4042 Sed
3475 4005 3541 4040 an
3571 3989 3634 4040 ad
3676 3990 3798 4039 Ala-

2276 4078 2576 4132 seheberim
2641 4094 2702 4132 ea
2735 4067 2950 4132 nomina
2980 4086 3298 4147 congruant,
3366 4087 3423 4130 ut
3485 4080 3800 4129 existimen-

2277 4179 2365 4220 tur
2393 4169 2801 4237 appellationem
2832 4168 3064 4221 Graecam
3114 4167 3272 4253 Ἰξατεὶ
3308 4169 3484 4235 lingua
3524 4184 3618 4221 sua
3673 4169 3796 4220 red-

2277 4259 2746 4327 didisse:judicio
2807 4259 3020 4310 lectoris
3077 4259 3270 4312 eruditi
3335 4257 3603 4324 relinquo.
3660 4258 3794 4324 Quia

2278 4357 2449 4402 tamen
2483 4352 2661 4404 statim
2694 4348 2780 4401 hic
2811 4346 3054 4414 sequitur
3083 4348 3391 4401 Aidinensis
3431 4349 3542 4414 agri
3571 4354 3794 4410 mentio,

2277 4443 2367 4509 qui
2411 4457 2594 4494 versus
2625 4440 2833 4492 Cariam
2879 4437 3118 4509 Phrygia:
3172 4439 3357 4505 majori
3413 4437 3691 4492 ﬁnitimam
3740 4457 3798 4493 se

658 4527 852 4579 l‘odinis
870 4525 1094 4593 argenti.
1120 4523 1354 4578 Gallicus
1386 4528 1645 4594 interpres
1698 4526 1917 4583 Laonici
1961 4531 2174 4584 liliodo-
2206 4533 2252 4591 D
2279 4530 2596 4600 porrigit,et
2627 4528 2968 4582 Alascheberi
2995 4538 3146 4597 capta
3181 4519 3390 4581 venisse
3438 4529 3684 4596 Bajazitis
3744 4533 3796 4583 in

659 4637 757 4688 peti
795 4619 936 4671 hunc
970 4632 1087 4671 esse
1119 4618 1248 4679 vult,
1312 4633 1431 4671 cum
1497 4622 1567 4671 slt
1628 4621 1863 4674 Haemus.
1915 4625 2178 4675 Antonius

659 4710 937 4765 Bonﬂnius
970 4710 1168 4776 argenti
1202 4706 1503 4761 fodinarum
1547 4709 1596 4762 in
1628 4709 1810 4764 Servia
1857 4712 2176 4762 mentionem

660 4803 807 4862 facit,
843 4810 899 4853 ut
929 4801 1208 4853 admodum
1237 4801 1514 4854 nobilium.
1570 4802 1881 4856 Kiralovuin
1935 4802 2180 4854 Castaldo

662 4891 914 4943 scribitur
944 4890 1193 4946 Cratm'o.
1233 4893 1367 4957 quod
1416 4891 1552 4944 idem
1587 4902 1669 4944 est
1730 4907 1849 4945 cum
1910 4891 2179 4942 Kiratovo.

667 4970 910 5032 Vidinam
942 4979 1097 5032 hodie
1127 4980 1335 5041 dicunt,
1368 4996 1527 5047 quam
1581 4978 1785 5032 Marius
1840 4977 1997 5046 Niger
2055 4979 2180 5029 olim

663 5071 774 5122 vult
804 5071 1114 5138 appellatam
1156 5070 1323 5122 fuisse
1384 5068 1758 5121 Viminacium.
1796 5069 1924 5138 Ejus
1983 5067 2035 5120 in
2091 5064 2183 5118 Ju-

664 5164 882 5215 Stttlintti
916 5164 1137 5230 Augusti
1165 5163 1374 5214 amissa:
1426 5162 1642 5214 novellae
1695 5162 1844 5214 titulo
1874 5161 1930 5212 ﬁt
1965 5159 2182 5235 mentio,

665 5252 820 5320 cujus
845 5255 1108 5321 epitomen
1144 5256 1194 5304 in
1227 5257 1243 5304 i
1271 5252 1493 5303 aialitlis
1535 5253 1691 5303 .meis
1744 5252 1943 5304 Graecis
1993 5245 2182 5312 reperi.

664 5345 964 5398 Samhucus
999 5345 1253 5396 nosterin
1289 5340 1532 5410 Ungaria:
1576 5341 1961 5408 chorographia
2015 5336 2186 5405 quod-

666 5442 785 5490 dam
847 5432 1129 5496 Vuninatz,
1192 5433 1460 5486 diversum
1519 5449 1546 5484 a
1609 5432 1817 5493 Vidina,
1872 5446 1994 5483 mox
2051 5428 2186 5481 infra

669 5525 978 5586 ltelgradum
1004 5525 1173 5591 ponit.
1204 5523 1641 5592 Chalcoronilylis
1672 5525 1934 5591 interpres
1965 5520 2194 5574 Latinus

667 5617 932 5687 Bydenain
995 5613 1241 5672 reddidit,
1272 5629 1429 5679 quam
1500 5613 1755 5683 Vidynam
1819 5611 2050 5664 scribere
2101 5607 2191 5662 de-

669 5709 888 5760 buerat:
933 5703 1375 5772 quemadmodum
1414 5705 1603 5771 legitur
1625 5705 1781 5757 etiam
1813 5703 1862 5753 in
1893 5700 2186 5767 posteriore

671 5796 872 5850 novella
913 5797 977 5848 de
1015 5797 1197 5848 ordine
1249 5793 1602 5861 Thronorum,
1662 5810 1820 5863 quam
1869 5792 1922 5844 in
1990 5792 2188 5857 synodo

2279 4630 2590 4688 potestatem
2659 4617 3108 4673 traditnrzlacile
3171 4619 3474 4687 perSHaderi
3551 4622 3794 4689 equidem

2282 4706 2411 4757 tuihi
2448 4701 2678 4771 paterer,
2708 4707 2958 4772 oppidum
3020 4705 3283 4774 posterius
3343 4705 3544 4774 llypsu,
3595 4711 3797 4762 abolito

2280 4796 2535 4849 vocabulo
2566 4794 2766 4858 Graeco,
2838 4798 3121 4850 Turcicnm
3188 4797 3509 4850 AlaSeheber
3558 4801 3796 4868 ejusdem

2282 4885 2562 4952 signiﬁcati
2591 4887 2799 4940 diversa
2825 4887 2877 4939 in
2911 4887 3088 4954 lingua
3114 4901 3303 4938 nomen
3331 4893 3615 4956 accepisse.
3639 4890 3794 4960 421

2284 4975 2355 5026 De
2385 4976 2713 5042 regionibus,
2745 4975 3018 5030 Aidinensi
3079 4983 3133 5028 et
3190 4974 3503 5043 Sarchania,
3554 4984 3799 5047 superius

2282 5080 2310 5117 a
2346 5066 2494 5118 nobis
2516 5081 2738 5120 numero
2767 5067 2830 5119 15
2865 5075 3169 5118 tractatam.

2283 5182 2366 5233 5i.
2388 5182 2710 5236 Constantini
2735 5200 2765 5233 ιι
2791 5180 2968 5234 Turcis
2991 5181 3231 5246 appellati
3259 5181 3552 5238 Crircorum
3577 5186 3798 5250 impera-

2351 5263 2481 5304 tores
2513 5252 2977 5320 oniiier,Nigeboli,
3006 5255 3241 5318 prutliuni
3289 5254 3730 5320 Nicopolitnnum.

2351 5340 2408 5393 Ei
2438 5341 2738 5394 Grmcorum
2777 5339 3102 5404 imperatori,
3135 5341 3216 5394 cui
3257 5342 3512 5409 Bajazites
3557 5343 3802 5396 intulisse

2285 5434 2477 5485 bellum
2507 5435 2720 5493 dieitur,
2786 5445 2976 5483 nomen
3012 5441 3126 5483 erat
3185 5430 3414 5487 Joannes
3474 5431 3805 5501 Palaeolugus

2283 5517 2679 5588 (Calojoannem
2709 5519 2862 5586 vulgo
2921 5519 3286 5584 nominabant,
3335 5534 3438 5571 non
3489 5534 3516 5571 a
3567 5521 3808 5587 pulchri-

2286 5611 2488 5671 tudine,
2523 5610 2612 5662 sed
2644 5608 2904 5676 bonitate)
2939 5610 3029 5675 qui
3066 5608 3359 5662 Manuelem
3424 5610 3610 5671 lilium,
3647 5613 3808 5678 cujus

2285 5715 2382 5752 nos
2437 5709 2690 5768 prmcepta
2747 5700 3074 5753 educationis
3130 5700 3284 5767 regiae
3315 5699 3496 5752 Latina
3557 5698 3807 5763 ferimus,

2285 5801 2581 5844 eonsortem
2628 5793 2834 5861 imperii
2892 5794 3043 5844 vivus
3086 5789 3399 5858 designavit.
3445 5789 3812 5846 Nihiloninns
