4032 6344
692 452 796 515 779

1863 446 2186 518 ῙΟΛΝΝΙΞ
2225 449 2696 517 LEUNCLAVH

3788 454 3918 521 ’⁸180

692 561 923 630 majores
952 562 1121 631 ponit,
1169 561 1530 618 Orthobulcm
1566 572 1619 617 et
1658 562 2080 641 M‘nlsumanem,
2142 581 2237 619 no—
2268 575 2314 633 Α
2343 562 2714 628 Mechmetem,
2740 570 2804 616 et
2843 561 3082 633 reliquos
3119 563 3257 618 ﬁlios
3285 564 3550 633 ‘Baiazitis
3591 566 3645 619 in
3675 577 3919 635 potesta~

688 656 820 710 stris
854 654 1235 723 Cyriscelebim
1285 655 1532 711 lictitium
1587 656 1957 726 ingerentibus
1989 674 2004 711 ε
2035 658 2088 712 in
2120 672 2239 713 eam

686 746 922 816 denique
941 748 1263 801 sententiam
1294 745 1438 812 veni,
1464 754 1524 800 ut
1552 746 1874 818 Cyriscelebi
1925 748 2069 803 circa
2112 763 2243 803 con-

688 840 1004 893 troversiam
1035 839 1280 906 excluso,
1338 838 1506 892 veluti
1570 855 1728 910 quem
1778 854 1879 895 nec
1917 840 2081 895 Turci
2136 855 2239 896 nec

686 930 855 985 Graeci
919 941 1214 1002 agnoscant
1261 946 1278 997 ;
1359 932 1598 1001 reliquos
1667 933 1833 1001 duos,
1883 932 2237 987 Ortltobulem

684 1021 1218 1093 Mulsumanemque,
1254 1040 1352 1094 pro
1384 1040 1492 1079 uno
1522 1033 1577 1079 et
1621 1026 1817 1095 eodem
1848 1024 2106 1095 Bajazitis
2131 1026 2241 1081 lilio

686 1115 996 1171 Solcimane
1025 1124 1259 1173 statuam
1300 1117 1635 1181 habendum,
1666 1132 1824 1186 quem
1859 1126 2042 1174 tamen
2072 1118 2239 1172 inter-

683 1206 884 1260 lectum
918 1221 947 1260 a
996 1205 1234 1274 Temire,
1299 1216 1454 1276 capta
1506 1206 1777 1272 Sebastia,
1839 1223 1935 1277 per
1993 1223 2234 1262 errorem

682 1299 851 1354 Grarci
903 1300 1257 1355 crediderint.
1302 1288 1442 1370 Ejus
1490 1302 1765 1372 Opinionis
1828 1316 1963 1356 meae
2013 1314 2232 1355 causam

652 1394 819 1447 hanc
856 1391 1028 1447 habeo
1083 1392 1225 1462 quod
1283 1407 1479 1447 nomen
1538 1392 1856 1448 Orthobulis
1912 1408 2016 1447 non
2041 1391 2236 1447 Turci-

679 1496 972 1546 cumesse,
1006 1485 1105 1538 sed
1160 1482 1407 1539 Graecum
1469 1484 1729 1549 arbitrer,
1772 1492 1827 1539 et
1861 1483 2001 1537 idem
2070 1484 2236 1554 signi-

680 1578 841 1630 ﬁcare
897 1574 1120 1639 Graecis,
1175 1577 1315 1643 quod
1379 1574 1576 1630 Turcis
1633 1573 1967 1631 Musulman.
2024 1575 2236 1647 Quippe

678 1682 800 1722 cum
837 1668 891 1721 in
914 1666 1109 1721 Turcia
1151 1681 1423 1731 versarer,
1452 1666 1846 1735 interrogatum
1872 1682 1903 1722 a
1941 1684 2027 1723 me
2058 1668 2235 1723 virum

678 1758 1022 1827 magniﬁcum
1063 1768 1118 1812 et
1170 1758 1606 1828 amplissimum,
1668 1758 1730 1814 Ι).
1776 1758 2232 1815 Bartholomteum

677 1850 1000 1916 l‘czzenum,
1022 1850 1166 1906 'Czcs.
1200 1850 1551 1919 Majestatisa
1587 1851 1853 1917 consiliis,
1887 1859 1941 1906 et
1962 1866 2133 1921 nuper
2164 1851 2230 1905 ad

2317 659 2450 708 tein
2487 649 2721 706 Temiris
2753 651 2985 706 venisse.
3017 651 3156 717 Quid
3185 657 3422 724 optatius
3447 655 3699 711 accidere
3724 654 3912 712 Temi-

2314 745 2385 797 -ri
2416 752 2648 813 poterat,
2685 758 2845 811 quam
2904 753 3096 814 preter
3143 746 3318 814 ipsum
3360 758 3571 815 patrem
3622 750 3762 805 lilios
3810 753 3915 805 ha-

2339 832 2464 889 bere
2490 834 2563 899 in
2582 841 2870 904 potestate,
2910 836 3107 905 quibus
3142 838 3358 902 occisis,
3394 838 3814 896 Osmanidurum
3850 844 3910 896 in

2338 927 2464 981 Asia
2496 943 2680 995 regno,
2703 929 2919 982 nemine
2952 940 3306 999 repugnante,
3329 943 3589 1000 perpetuo
3612 932 3916 989 frueretur?

2339 1018 2409 1071 At
2437 1027 2644 1073 tantum
2668 1017 2861 1085 abluit,
2886 1029 2944 1074 ut
2968 1021 3018 1074 id
3042 1022 3264 1087 laceret,
3289 1032 3347 1076 ut
3367 1025 3528 1077 etiam
3557 1026 3758 1080 diserte
3775 1026 3915 1079 Laco

2341 1111 2495 1167 nicus
2523 1111 2677 1164 initio
2702 1112 2826 1164 libri
2860 1114 3037 1181 quarti
3065 1115 3315 1178 fateatur,
3338 1113 3542 1169 Mosen]
3577 1133 3610 1171 a
3643 1133 3770 1188 rege
3799 1118 3916 1172 Te-

2339 1202 2473 1255 mire
2496 1216 2740 1255 annonas
2763 1202 3029 1258 incastris
3056 1204 3333 1271 habuisse,
3365 1208 3694 1276 tandemque
3721 1209 3918 1262 dimis-

2340 1308 2459 1348 sum
2485 1308 2549 1348 ex
2578 1293 2913 1362 captivitate,
2940 1296 3074 1348 mari
3103 1295 3170 1349 ad
3202 1297 3475 1365 regionem
3533 1300 3767 1367 patriam
3818 1315 3913 1353 re-

2338 1385 2529 1442 diisse.
2555 1385 2655 1452 Qui
2684 1386 2941 1455 plurium,
2968 1385 3050 1439 vel
3079 1387 3319 1441 omnium
3352 1390 3529 1455 potius
3563 1391 3686 1443 vita
3715 1405 3916 1459 peper—

2337 1476 2445 1543 cit,
2480 1491 2579 1530 eur
2608 1477 2662 1530 in
2695 1492 2862 1531 unum
2892 1476 3136 1531 saviisse
3164 1459 3444 1531 credatur?
3473 1480 3621 1533 Adde
3649 1482 3899 1535 testimo-

2338 1568 2490 1622 nium
2520 1569 2713 1623 hostis.
2744 1566 3024 1637 Nusquam
3051 1567 3210 1623 Turci
3246 1569 3582 1638 scripserunt
3611 1571 3665 1624 in
3691 1572 3910 1626 annali-

2337 1660 2458 1725 bus,
2483 1662 2863 1730 interemptum
2887 1675 2919 1714 a
2943 1658 3159 1715 Temire
3179 1659 3430 1732 Bajaziti's
3460 1662 3696 1732 aliquem
3733 1662 3909 1718 fuisse

2337 1752 2507 1807 ﬁlium
2532 1792 2549 1820 ,
2602 1754 2694 1809 sed
2733 1767 2985 1823 sperasse
3018 1750 3290 1807 Temirem
3339 1752 3541 1823 potius,
3588 1756 3913 1824 quempiam

2338 1844 2571 1898 ﬁliorum
2598 1838 2914 1899 Gilderunis
2944 1857 3003 1897 se
3033 1850 3427 1897 conventurum
3449 1883 3465 1907 ,
3498 1844 3644 1912 quod
3682 1844 3765 1898 illi
3797 1845 3912 1899 lor-

676 1944 890 1997 Portam
913 1942 1258 1997 Osmanicam
1314 1950 1438 1996 cum
1484 1956 1706 1996 munere
1748 1942 1908 2014 legati
1964 1912 2215 2005 missum,
2259 1912 2305 1973 Β
2334 1925 2537 1989 midine
2564 1950 2673 1989 non
2706 1936 3009 1990 necessaria
3035 1932 3260 2003 trepidi,
3286 1935 3588 1991 omiserint.
3620 1932 3740 1991 lmo
3768 1937 3911 1993 fero-

676 2031 934 2100 quidnam
998 2047 1097 2086 vox
1128 2031 1429 2086 Musulman
1490 2030 1683 2087 Turcis
1742 2032 2095 2102 signiﬁcaret,
2136 2047 2222 2085 re-

676 2123 940 2190 spondere
981 2121 1222 2185 memini,
1272 2121 1379 2172 vim
1412 2119 1561 2174 illius
1617 2120 1860 2173 eamdem
1925 2118 2047 2175 e’sse
2098 2134 2221 2174 cum

628 2276 631 2279 _
676 2209 968 2266 Ortbodoxi
1003 2210 1223 2263 nomine
1266 2206 1707 2263 GramoNixerat
1756 2214 1937 2263 autem
1970 2209 2057 2262 ille
2079 2218 2223 2264 totos

674 2311 797 2354 octo
820 2300 1129 2370 reipublicae
1157 2314 1323 2354 causa
1357 2307 1487 2354 tunc
1541 2315 1711 2354 annos
1744 2300 1884 2354 inter
1929 2298 2220 2375 Barbaros,

672 2405 970 2461 eorumque
1018 2388 1273 2460 linguam
1307 2400 1485 2445 norat.
1521 2389 1655 2445 Cum
1698 2390 1861 2461 igitur
1896 2388 2100 2445 Graecis
2130 2404 2222 2444 or-

674 2484 941 2539 tliodoxus
967 2485 1059 2546 sit,
1106 2483 1197 2551 qui
1229 2491 1431 2536 rectam
1484 2483 1808 2535 sententiam
1856 2489 2020 2545 tenet,
2049 2481 2221 2536 idem-

671 2592 777 2646 que
829 2574 1098 2645 signillcet
1148 2572 1467 2627 vocabulum
1529 2571 1819 2625 Turcicum
1869 2570 2218 2625 Musulman:

673 2670 941 2737 sequitur,
988 2665 1309 2721 Orthobulis
1374 2678 1590 2733 quoque
1658 2678 1852 2717 nomen
1907 2662 2047 2717 idem
2100 2676 2221 2717 esse

673 2775 795 2813 cum
828 2757 1191 2820 Musulmano,
1220 2755 1434 2822 quando
1466 2756 1543 2809 sic
1570 2753 1775 2808 (ἓνωοὶς
1813 2753 2115 2822 appellatur
2148 2752 2218 2819 is,

668 2850 834 2919 cujus
873 2858 1082 2902 rectum
1114 2847 1428 2913 consilium,
1469 2855 1615 2900 recta
1670 2844 1920 2899 voluntas
1965 2853 2069 2898 est.
2107 2843 2219 2898 Hoc

674 2939 832 2993 modo
862 2938 1146 2991 manifesto
1180 2946 1352 3006 paret,
1398 2936 1539 2990 unde
1571 2930 2024 3003 Clialcoc‘ondylis
2054 2949 2208 2990 error

673 3030 922 3093 manarit,
957 3028 1095 3082 duos
1120 3043 1183 3081 ex
1217 3042 1324 3080 uno
1354 3025 1607 3095 Bajazitis
1640 3026 1778 3079 lilios
1806 3024 2065 3079 facientis
2092 3045 2106 3079 :
2152 3040 2218 3080 ex

668 3134 733 3178 eo
760 3121 1037 3185 nimirum,
1078 3121 1218 3187 quod
1248 3134 1413 3172 unum
1459 3117 1678 3170 in-duos
1711 3115 2092 3183 distingueret,
2130 3117 2217 3170 cui

668 3212 896 3268 diversis
964 3211 1017 3264 in
1066 3208 1264 3277 linguis
1325 3206 1622 3266 diversum,
1658 3203 1751 3259 sed
1816 3204 1980 3258 unius
2037 3213 2214 3258 tamen

668 3302 977 3372 signiﬁcati,
1015 3314 1211 3354 nunicu
1259 3308 1397 3351 erat.
1430 3294 1539 3351 Nec
1573 3297 1707 3349 mihi
1742 3295 2029 3364 quisquam
2071 3296 2215 3365 ohje-
2245 3265 2290 3327 δ

669 3394 821 3456 cerit,
854 3392 995 3445 aliud
1033 3404 1152 3444 esse
1211 3388 1535 3453 Musulman,
1588 3397 1643 3441 et
1685 3387 1829 3441 aliud
1883 3386 2209 3441 Mulsumau.

667 3485 873 3555 Quippe
904 3500 1085 3539 vocem
1121 3484 1422 3538 Musnlman
1465 3498 1494 3536 a
1525 3482 1724 3538 Graecis
1779 3482 2047 3536 enuntiari
2083 3480 2218 3533 Mul—

667 3592 881 3640 suman,
927 3584 980 3629 et
1036 3576 1088 3627 in
1154 3574 1419 3638 historiis,
1480 3584 1530 3628 et
1583 3573 1705 3627 aliis
1751 3575 1994 3642 ipsorum
2056 3571 2212 3625 libris

669 3668 968 3735 saepissime
1003 3664 1357 3734 deprehendi.
1388 3664 1531 3727 Quin
1562 3663 1725 3717 etiam
1762 3664 1982 3715 verbum
2013 3659 2216 3714 llusul-

669 3760 987 3821 manissare,
1029 3758 1096 3811 de
1146 3770 1255 3825 quo
1296 3755 1549 3823 superius
1590 3754 1798 3808 dictum
1850 3768 2073 3806 numero
2120 3752 2212 3818 ‘32,

670 3852 852 3905 multis
878 3850 929 3906 in
972 3849 1105 3903 locis
1154 3850 1293 3918 apud
1350 3846 1567 3902 Gra'cos
1614 3845 1683 3899 ita
1713 3852 1976 3897 mutatum
2036 3845 2213 3911 reperi

670 3942 1015 4010 transpositis
1045 3941 1261 4002 litteris,
1297 3948 1357 3991 ut
1393 3936 1878 3991 Mulsumanissare
1920 3936 2210 4004 legeretur.

667 4037 746 4089 Ne
786 4034 885 4087 hoc
916 4033 1133 4100 quidem
1187 4031 1494 4093 tacendum,
1546 4042 1889 4097 quaecunque
1928 4026 2094 4080 'l‘ut'ci
2144 4026 2212 4081 de

668 4128 974 4184 Soleimane
1018 4131 1341 4183 memorant,
1378 4136 1407 4173 a
1453 4121 1691 4175 Laonico
1721 4123 1785 4175 ad
1819 4120 2210 4174 Musnlmanem

666 4222 874 4276 referri.
900 4220 1031 4285 Quis
1059 4230 1186 4284 ergo
1240 4213 1353 4265 lieri
1409 4227 1566 4281 posse
1625 4226 1730 4265 non
1788 4212 2085 4273 existimet,
2156 4216 2216 4262 ut

667 4330 861 4367 nomen
895 4312 993 4363 Illir
1040 4308 1263 4361 Sulman
1305 4306 1372 4357 ab
1401 4304 1617 4357 ~exteris
1674 4309 2105 4355 commutaretur
2159 4302 2210 4351 in

667 4402 1014 4457 Musulman?
1063 4401 1154 4451 Sic
1206 4405 1351 4451 certe
1380 4393 1619 4447 Mirchan
1682 4392 1882 4445 alicubi
1941 4392 2206 4459 scriptum

664 4497 840 4561 legere
862 4492 1102 4551 memini,
1130 4491 1218 4555 qui
1260 4488 1475 4541 nomine
1512 4486 1723 4553 integro
1755 4483 2036 4537 diceretur
2062 4479 2212 4533 Etnir

664 4588 838 4640 Clian.
893 4582 1046 4647 Quod
1080 4595 1205 4634 vero
1236 4594 1418 4631 necem
1474 4576 1785 4631 Ortlmbulis
1838 4578 2048 4639 attinet,
2092 4589 2213 4643 qua:
2248 4619 2289 4671 Β

666 4685 981 4732 recensetur
1004 4689 1031 4725 a
1061 4672 1287 4734 (ἐι-λαως,
1318 4686 1345 4722 a
1374 4667 1565 4721 Turcis
1595 4667 1811 4720 silentio
1865 4667 2208 4734 praeteritur:

668 4771 800 4823 nihil
825 4784 885 4823 ea
912 4766 1113 4821 nostris
1167 4761 1471 4817 rationibus
1510 4758 1702 4823 officit,
1738 4772 1858 4811 cum
1910 4756 2027 4809 vice
2055 4769 2210 4809 versa

666 4861 826 4913 'l‘urci
904 4857 1214 4912 'l‘emiriano
1295 4852 1477 4922 praelio
1544 4847 1877 4915 Mustapham
1960 4843 2212 4912 Bajazitis

666 4953 831 5005 lilium
894 4948 1214 5003 occubuisse
1270 4950 1591 5001 memorent,
1660 4954 1820 5008 quem
1878 4936 2046 4990 Graeci
2102 4944 2209 4987 tam

668 5055 816 5099 certo
846 5060 951 5099 non
990 5042 1212 5111 periisse
1245 5038 1555 5099 credebant,
1612 5043 1671 5088 ut
1701 5034 1863 5087 alium
1918 5028 2205 5100 quemdam

669 5137 1013 5190 mentientem
1044 5134 1144 5186 hoc
1178 5144 1392 5187 nomen.
1421 5126 1581 5179 veluti
1635 5123 2045 5194 supposititium
2104 5120 2209 5172 fra-

669 5222 799 5278 trem
842 5232 1081 5293 poscmlll
1116 5218 1435 5272 Muchemeti
1462 5215 1658 5269 dedere
1688 5216 1910 5279 nollent,
1970 5219 2210 5266 mortuo-

667 5332 770 5384 que
814 5313 1148 5366 Muchemete
1177 5319 1363 5363 contra
1412 5306 1675 5360 hluratem
1727 5306 2045 5366 secundum,
2095 5301 2208 5355 Mu-

667 5406 923 5459 chcmetis
957 5401 1143 5462 lilium,
1196 5413 1291 5451 sua
1322 5412 1443 5451 cum
1466 5397 1703 5463 pernicie
1756 5396 2022 5449 foverent.
2063 5392 2206 5445 Prat-

667 5510 809 5551 tcrea
836 5510 938 5547 non
971 5494 1066 5544 abs
1100 5504 1155 5542 re
1180 5490 1373 5541 mirum
1408 5489 1571 5541 alicui
1607 5487 1876 5549 videatur,
1904 5486 2203 5539 Laonicum

662 5593 859 5651 dicere,
886 5593 1128 5638 necatum
1157 5596 1185 5634 a
1214 5580 1425 5634 Temire
1451 5580 1703 5647 Bajazitis
1736 5579 1900 5631 lilium
1934 5577 2208 5631 Orthobu-

663 5685 762 5733 ΙιἹιι
792 5700 803 5734 :
838 5675 996 5749 425
1023 5690 1141 5727 cum
1174 5674 1217 5726 is
1249 5672 1454 5725 anetori
1478 5673 1596 5723 belli
1632 5669 2047 5737 etinjuriarum,
2069 5666 2203 5734 patri

661 5776 971 5843 prpercerit;
999 5782 1051 5823 ct
1083 5783 1334 5837 expresse
1366 5764 1635 5820 Laonicus
1673 5768 1809 5819 idem
1845 5776 2024 5833 postea
2074 5759 2206 5814 scri-

660 5871 747 5922 bat
775 5868 893 5927 llidc
924 5866 1041 5920 lzccl
1066 5863 1268 5930 dubia),
1294 5859 1704 5922 Mulsttmatmn,
1749 5856 1967 5919 Moscm,
1994 5852 2201 5918 .icsnm,

2332 2028 2470 2082 ciam
2496 2028 2673 2097 potius
2693 2035 2746 2082 et
2768 2027 3105 2082 iracundiam
3129 2029 3214 2084 sui
3259 2028 3519 2099 Bajazitis
3569 2028 3909 2098 vituperant;

2331 2106 2563 2171 Teiniris
2590 2116 2978 2171 humanitatem
2995 2128 3059 2171 ac
3084 2117 3399 2173 modestiam
3422 2118 3667 2172 laudant.
3688 2111 3913 2184 Super-

2328 2215 2411 2263 est
2437 2222 2628 2271 unum,
2670 2221 2813 2277 quoc
2844 2207 3007 2280 Aobjici
3036 2208 3225 2278 possit,
3281 2209 3347 2263 de
3376 2200 3539 2263 Ziche
3574 2206 3912 2263 Orthobulis

2331 2298 2463 2363 lilio,
2514 2313 2672 2364 quem
2720 2297 2996 2352 Laonicus
3040 2298 3116 2353 ait
3149 2297 3349 2353 bellum
3397 2299 3651 2354 intulisse
3698 2297 3911 2354 Joauui

2328 2388 2627 2452 Comneno,
2693 2377 3097 2457 Trapezuntino
3128 2392 3461 2457 imperatori.
3500 2390 3605 2445 Sed
3640 2392 3729 2446 hic
3765 2393 3907 2446 milii

2328 2480 2650 2547 respondeat
2696 2479 2913 2547 aliquis,
2967 2480 3108 2533 unde
3152 2480 3368 2535 tandem
3418 2480 3609 2535 Ziches
3642 2477 3731 2535 ille
3780 2490 3913 2551 post

2328 2579 2555 2623 mortem
2583 2570 2752 2638 patris
2775 2570 3095 2625 Orthobulis
3122 2585 3267 2624 anno
3290 2571 3524 2640 denique
3555 2573 3913 2640 sexagesimo

2326 2662 2560 2729 primum
2617 2663 2671 2716 in
2716 2676 2933 2716 scenam
2991 2662 3217 2731 prodiit?
3261 2677 3439 2732 quove
3500 2664 3660 2718 modo
3707 2667 3913 2720 salvus

2324 2753 2496 2808 evasit
2524 2769 2555 2809 e
2584 2762 2661 2808 tot
2691 2755 2997 2823 parricidiis
3030 2765 3083 2809 et
3106 2756 3341 2810 lanienis
3362 2755 3559 2810 horum
3587 2766 3910 2826 temporum

2323 2844 2379 2900 in
2418 2844 2835 2901 Osmauidarum
2884 2847 3113 2913 fatuilia,
3182 2851 3284 2904 sub
3335 2848 3506 2912 Musa,
3557 2846 3914 2903 Mucbeinete

2325 2939 2519 3006 primo,
2559 2934 2767 2993 Murate
2794 2942 3034 2994 secundo
3062 2982 3080 3005 ,
3131 2939 3471 2994 Muchemete
3502 2941 3773 3002 secundo,
3810 2942 3911 3009 qui

2323 3046 2510 3087 omnes
2548 3028 2825 3099 parricidae
2844 3031 3108 3086 fuerunt?
3136 3032 3248 3086 Cur
3274 3031 3401 3086 huic
3436 3040 3542 3084 tam
3588 3031 3679 3084 diu
3710 3046 3914 3088 savus

2333 3122 2420 3176 ille
2442 3122 2805 3177 Muclicmetcs
2851 3121 3124 3177 secundus
3152 3121 3414 3191 pepercit,
3437 3122 3529 3190 qui
3558 3120 3640 3173 vix
3676 3132 3913 3177 mortuo

2324 3220 2496 3278 patre,
2524 3215 2843 3281 sanguinem
2877 3217 3060 3269 statim
3108 3212 3410 3268 fraternum
3443 3214 3604 3269 sitiit?
3652 3214 3733 3269 An
3769 3218 3912 3272 huic

2322 3307 2551 3361 credidit
2580 3309 2877 3362 exercitum
2902 3308 3403 3377 suspiciOsissimus
3425 3309 3667 3362 omnium
3696 3322 3910 3379 tyran-

2325 3397 2469 3450 nusl
2537 3395 2778 3465 Denique
2829 3405 3042 3452 constat
3088 3412 3153 3450 ex
3190 3394 3434 3451 Turcicis
3483 3395 3797 3464 annalibus,
3848 3400 3908 3455 id

2324 3488 2583 3555 temporis
2612 3487 2825 3543 viciniae
2855 3485 3219 3558 Trapezuntis
3256 3488 3569 3553 praefectum
3604 3504 3634 3543 a
3666 3488 3905 3547 Euche-

2327 3586 2467 3631 mete
2498 3577 2667 3633 fuisse
2702 3580 2997 3632 maximum
3033 3588 3161 3632 natu
3192 3577 3363 3631 lilium
3391 3578 3762 3650 Mustapbam,
3800 3588 3903 3654 qui

2327 3677 2537 3721 tantum
2558 3669 2823 3724 decennio
2854 3680 2974 3738 post
3004 3668 3090 3722 illa
3120 3684 3240 3723 cum
3267 3668 3700 3738 Trapezuntibus
3721 3672 3901 3742 bella,

2324 3758 2537 3814 Parthis
2552 3762 2603 3813 in
2624 3762 2931 3815 Armeniam
2946 3761 3391 3817 etCaramaniam
3412 3763 3605 3820 inlusis
3625 3769 3899 3835 occurrit,

2324 3851 2509 3921 eisque
2531 3850 3006 3917 caesisJusul‘zcm
3056 3853 3249 3925 begum
3275 3853 3470 3910 ducem
3521 3858 3701 3912 vivum
3743 3867 3899 3931 cepit

2321 3951 2374 3998 et
2405 3944 2541 4008 patri
2576 3944 2740 3998 misit:
2770 3947 2914 4013 quod
2945 3955 3321 4013 argumentum
3349 3957 3430 4002 est
3448 3950 3689 4016 evidens,
3715 3954 3898 4009 fuisse

2325 4044 2436 4087 tum
2489 4033 2826 4104 Mustapliam
2880 4038 3050 4090 virilis
3090 4040 3302 4102 atatis,
3351 4054 3453 4094 nec
3509 4033 3723 4096 Zichem
3787 4045 3896 4099 Os-

2327 4126 2599 4180 manidam
2630 4129 2681 4182 in
2737 4129 2810 4183 iis
2845 4129 2975 4183 locis
3026 4130 3107 4184 vel
3165 4130 3452 4199 imperium
3505 4133 3740 4202 aliquod,
3808 4140 3892 4190 Vel

2322 4218 2620 4271 exercitum
2654 4219 2928 4273 habuisse.
2956 4220 3086 4285 Quae
3106 4221 3319 4274 cumita
3340 4224 3470 4285 sint,
3496 4234 3666 4279 restat
3696 4235 3756 4279 ut
3775 4236 3893 4281 sta-

2326 4319 2543 4363 tuamus
2590 4324 2825 4378 quatuor
2870 4312 3094 4364 υιιιιιὶηο
3156 4312 3401 4377 nomina,
3458 4313 3778 4371 Orthobulis
3836 4331 3891 4373 et

2326 4396 2709 4461 Mulsumanis,
2742 4413 2860 4466 qua:
2885 4400 3054 4453 Graeci
3077 4401 3459 4468 tradiderunt;
3495 4406 3881 4474 Cyrsicelebis,

2323 4488 2467 4556 quod
2522 4490 2689 4543 nostri
2728 4489 3115 4555 ;So|cimanis,
3147 4492 3289 4561 quod
3347 4491 3533 4560 Turci;
3569 4488 3783 4550 tandem
3833 4500 3885 4550 in

2321 4597 2486 4635 unum
2520 4580 2842 4636 conferenda
2877 4580 3236 4638 Soleimanem
3284 4584 3535 4652 Bajazitis
3560 4605 3882 4657 germanum

2321 4671 2527 4733 illium,
2572 4684 2698 4725 natu
2744 4680 3070 4727 maximum:
3106 4678 3262 4745 cujUs
3288 4679 3330 4731 si
3368 4677 3564 4732 Ziches
3612 4681 3699 4733 ille
3733 4684 3878 4733 illius
3960 4694 3963 4699 '

2314 4774 2422 4811 non
2484 4760 2626 4822 fuit,
2697 4775 2965 4828 nusquam
3018 4779 3083 4815 ne
3144 4765 3363 4819 nomine
3437 4768 3651 4837 quidem
3716 4778 3880 4823 tonus

2318 4849 2510 4904 Turcis
2563 4858 2741 4915 notus;
2774 4868 2895 4905 cum
2920 4852 3219 4909 Orthobnle
3275 4857 3465 4911 ﬂctitiu
3524 4872 3694 4927 patre,
3751 4882 3882 4928 sui»

2317 4942 2476 5011 positi
2510 4942 2594 4996 ius
2647 4943 2791 4997 Illius
2857 4943 3058 4999 Graecis
3119 4947 3487 5003 defendendus
3534 4952 3876 5020 relinquitur.

2313 5035 2524 5089 Habent
2596 5035 2822 5091 lectores
2903 5038 3100 5090 crnditi
3176 5041 3410 5094 rationes
3492 5059 3681 5104 meas,
3740 5028 3880 5113 quas

2315 5128 2399 5180 vel
2446 5125 2799 5195 approbandi,
2851 5129 2931 5181 vel
2980 5129 3313 5196 confutandi,
3368 5135 3589 5188 liberam
3652 5138 3733 5189 eis
3787 5154 3882 5205 po-

2317 5226 2566 5272 testatem
2617 5218 2776 5275 facio.
2845 5218 3103 5274 Neutrum
3156 5232 3333 5276 tamen
3382 5243 3440 5278 ex
3502 5227 3717 5282 duobus
3768 5231 3877 5283 illss

2319 5324 2348 5361 a
2373 5308 2609 5363 Laonico
2642 5313 2955 5366 memoratis
2991 5314 3043 5367 in
3091 5317 3505 5370 Usmanidarum
3535 5322 3692 5372 omisi
3722 5321 3879 5372 raini-

2313 5401 2405 5464 lia,
2458 5416 2523 5455 ne
2568 5404 2691 5470 quis
2733 5403 2908 5457 nimia
2964 5418 3049 5457 me
3100 5406 3415 5459 temeritatis
3466 5420 3745 5462 arcessat:
3785 5414 3873 5475 qui

2317 5502 2509 5562 praeter
2541 5494 2659 5559 hos,
2692 5496 2916 5549 necdum
2945 5496 3142 5548 auditis
3172 5496 3662 5565 aliorumjudiciis,
3698 5502 3876 5569 pluri-

2312 5583 2412 5652 bus
2440 5584 2598 5637 etiam
2628 5585 2878 5655 Bajazitis
2910 5586 3034 5639 ﬁliis
3054 5622 3068 5646 ,
3098 5582 3224 5639 Jesu
3264 5588 3488 5652 minori,
3524 5590 3603 5641 Ali
3630 5629 3645 5654 ,
3682 5590 3871 5644 UllSlIll

2316 5674 2646 5745 lllustapbaa,
2710 5680 2965 5734 natalium
3015 5682 3438 5737 controversiam
3490 5700 3707 5740 morere
3752 5700 3866 5741 non

2314 5763 2689 5821 dubitaverim.
