4032 6344
138 498 254 565 7‘81

224 618 315 668 oo.
354 613 566 668 ηψπ-ἑκ
601 616 776 684 begin,
805 613 1048 683 Erzinga:
1074 614 1332 682 princeps,
1383 613 1656 684 Diorryge.

225 730 332 796 Qui
359 726 553 782 Turcis
580 739 662 783 est
688 729 918 783 Techrin
950 729 1117 798 begus
1143 766 1160 792 ,
1209 725 1450 793 Erzingie
1493 726 1575 780 vel
1628 726 1721 778 Er-

145 821 400 875 1.inzanis
428 820 698 890 princeps,
736 836 765 874 a
797 819 1036 874 Laonico
1068 830 1292 874 vocatur
1321 817 1558 873 Scender
1579 862 1592 884 ,
1624 835 1721 871 rex

140 910 568 965 Armeniorum:
601 911 688 963 cui
720 908 1010 978 Bajazitem
1044 909 1197 962 illato
1244 909 1405 971 bello,
1435 908 1720 974 Erzingam

67 987 70 989 Α
141 1001 443 1066 ademisse,
481 1017 604 1054 cum
629 1001 915 1056 annalibus
945 1000 1092 1055 hisce
1120 1001 1489 1063 consentiens,
1519 1007 1722 1052 narrat.

143 1092 351 1146 Postea
389 1093 546 1146 tradit
581 1091 911 1155 Tezetinem,
949 1093 1124 1145 virum
1152 1092 1300 1161 regio
1334 1092 1597 1161 sanguine
1627 1103 1721 1143 or-

145 1193 269 1237 tum
304 1185 370 1238 ab
405 1184 682 1253 Erziganis
735 1199 881 1254 rege,
933 1199 1101 1253 puero
1150 1183 1468 1252 Mustaphar,
1500 1183 1722 1237 Muratis

145 1278 381 1331 secundi
425 1277 604 1340 fratri,
653 1277 858 1331 auxilio
903 1277 1135 1332 venisse.
1187 1275 1299 1331 Hoc
1350 1291 1447 1346 ego
1500 1291 1718 1340 nomen,

145 1369 272 1422 site
307 1366 598 1429 Teretinis,
633 1369 748 1422 sive
769 1366 1073 1434 Tezerinis,
1109 1368 1250 1422 idem
1283 1383 1402 1422 esse
1432 1379 1562 1438 puto
1594 1381 1718 1422 cuin

147 1460 425 1514 Tecltrine
446 1470 752 1514 nostrorum
783 1461 1086 1515 annalium.
1107 1459 1397 1530 Diorryges
1420 1460 1599 1530 oppidi
1628 1474 1723 1514 no—

145 1568 280 1606 men
308 1553 550 1700 G;aecum
584 1567 612 1606 a
634 1552 801 1609 fossis
822 1552 893 1608 ab
909 1552 1180 1624 Euphrate
1211 1552 1487 1623 perductis
1517 1550 1717 1608 factum

145 1646 360 1699 arbitro
395 1685 412 1700 .

145 1646 412 1700 arbitror.

204 1759 301 1813 61.
340 1758 442 1824 Qui
475 1758 517 1812 Τ
520 1761 788 1814 urcomani
808 1802 824 1826 ,
851 1760 1093 1814 saltantis
1125 1757 1484 1826 Alcairensis,
1514 1750 1663 1823 Cair,

679 1830 885 1895 llissi'r,
920 1830 1218 1884 Miszraim.

1316 497 1710 559 PANDECTE
1747 496 1797 555 Il
1812 496 1945 555 [ST
1992 494 2294 554 TURClC.

3281 487 3387 552 782

1746 613 1792 671 Α
1823 610 2070 664 Camesa.
2123 608 2330 675 Mueige
2373 606 2566 662 Turcis
2600 619 2714 674 est,
2764 609 2852 676 qui
2901 608 3100 662 (Ira-cis
3149 606 3388 661 historiis

1827 702 2137 753 nominatur
2167 701 2372 754 Moavia
2407 709 2460 754 et
2491 698 2685 753 Mai/ia.
2721 700 3006 754 Cursorem
3037 697 3184 763 dixi,
3225 713 3385 767 quem

1823 789 1985 846 Turci
2017 792 2118 847 Pec
2144 802 2238 846 aut
2268 792 2428 860 Peicl,
2461 791 2633 846 nostri
2665 790 2967 859 lacqueium
3000 789 3206 843 dicunt.
3237 788 3386 843 Beal-

1825 886 1925 939 bec
1986 883 2155 954 Syriae
2202 900 2348 940 cavae
2384 887 2612 951 civitas,
2663 883 2897 938 Postello
2945 882 3164 944 Balbec,
3195 881 3386 950 priscis

1833 977 2132 1047 Heliopolis
2161 976 2281 1031 fuit.

2271 1088 2361 1145 63.
2399 1090 2670 1158 Carabag‘,
2717 1087 2915 1158 Ungra.

1893 1205 1969 1257 Ad
1997 1204 2334 1273 'Carab‘agum
2367 1205 2681 1258 hibernasse
2728 1203 2997 1257 Temirem
3043 1203 3263 1256 tradtmt
3292 1216 3386 1255 an»

1824 1299 1998 1362 nales,
2045 1299 2233 1351 urbem
2283 1299 2397 1350 sive
2445 1297 2710 1361 Partha,
2763 1299 2875 1352 sive
2914 1297 3153 1350 Persian:
3193 1294 3387 1364 quibus

1823 1392 2132 1445 nominibus
2181 1385 2562 1445 indiil‘erenter
2604 1389 2845 1452 utimur,
2892 1403 2986 1456 pro
3048 1401 3108 1440 ea
3146 1387 3388 1456 regione,

1821 1498 1941 1552 qua:
1993 1474 2186 1536 Turcis
2221 1489 2306 1534 est
2352 1480 2524 1542 Aicm,
2577 1481 2657 1533 vel
2708 1479 2860 1533 Aiem
2909 1479 3122 1545 vilaget,
3170 1477 3235 1531 de
3284 1491 3387 1544 qua

1822 1573 2074 1640 superius
2123 1572 2330 1625 dictum
2387 1580 2614 1624 numero
2663 1579 2914 1622 notarum
2941 1569 3226 1640 “secundo.
3273 1567 3388 1623 Vox

1819 1664 2067 1735 Carobag
2107 1665 2381 1734 signiﬁcat
2426 1663 2605 1732 lingua
2643 1661 2873 1715 Turcica
2902 1661 3115 1715 vineam
3154 1662 3387 1730 nigram.

1819 1755 2288 1826 Chalcocondyles
2320 1754 2575 1824 scripsit,
2607 1750 2874 1807 Temiretn
2907 1755 3128 1808 solitum
3162 1770 3219 1807 se
3249 1756 3386 1808 reci-

1822 1863 1951 1918 pere
1979 1849 2257 1902 Cheri‘am:
2293 1847 2437 1917 quod
2471 1847 2698 1915 primum
2731 1843 2996 1910 Sebastia,
3033 1848 3174 1914 quod
3204 1847 3385 1900 itidem

225 1933 605 1998 Turcomanos
673 1948 836 1997 'vocat
902 1953 1094 1999 auctor
1162 1936 1436 1997 annalium
1512 1941 1720 1995 Turcos
1753 1938 2084 2028 BCbalepia
2111 1939 2215 2007 (sic
2238 1941 2506 2006 interpres
2535 1937 2775 2007 scripsit)
2803 1939 3167 2008 Damascoque
3192 1941 3385 2007 captis,

147 2048 350 2086 omnes
404 2032 460 2085 in
503 2030 656 2096 Asia,
717 2028 928 2087 ceteris
976 2031 1251 2102 subjectos
1313 2031 1505 2102 begis,
1564 2042 1717 2086 extra

148 2125 502 2179 Osmanidas.
551 2126 641 2181 Sic
688 2124 926 2196 Turquia
978 2118 1290 2182 Belvacensi
1336 2140 1559 2196 regnum
1608 2113 1722 2178 Ico-

151 2221 351 2274 niense
372 2218 590 2283 dicitur,
617 2214 867 2289 Ayibono
892 2218 1066 2273 minor
1090 2211 1239 2272 Asia.
1267 2216 1472 2272 Praetor
1496 2216 1718 2272 Graecia

153 2317 348 2363 noster
398 2307 644 2362 subditos
675 2300 941 2362 lconiensi
992 2308 1207 2362 sultano
1276 2308 1521 2377 duplices
1575 2309 1724 2373 facit,

153 2401 360 2468 partim
389 2397 755 2452 Musulmanos
785 2397 1083 2468 appellans,
1110 2400 1303 2468 partim
1329 2399 1727 2453 Turcomanos.

157 2489 239 2543 De
300 2488 762 2544 Musulmanorum
815 2490 1037 2545 nomine
1095 2491 1299 2545 dictum
1335 2501 1517 2552 antea,
1581 2490 1726 2560 quod

157 2582 310 2636 haud
339 2581 506 2636 dubie
528 2591 658 2636 tunc
687 2583 846 2636 etiam
877 2591 1029 2650 paret
1087 2583 1329 2636 habitum
1369 2582 1514 2636 velut
1562 2582 1729 2635 hone-

161 2673 330 2726 stius.
370 2670 741 2727 Turcomanos
764 2674 842 2727 ait
874 2689 996 2729 esse
1029 2678 1262 2742 gentem,
1292 2687 1412 2742 qua
1440 2665 1728 2727 Persarum

156 2765 266 2834 (sic
327 2757 538 2818 Turcos
591 2759 900 2821 iconie'nscs
967 2777 1156 2829 vocat,
1213 2765 1362 2820 velut
1412 2781 1442 2818 e
1509 2763 1732 2819 Perside

153 2855 449 2925 oriundos)
500 2867 775 2911 extremos
820 2859 952 2911 lines
987 2855 1276 2923 insidebat,
1311 2866 1364 2910 et
1401 2854 1728 2926 implacabili

159 2949 292 3002 odio
321 2947 590 3004 Romanos
614 2948 686 3019 (id
715 2959 819 3013 est,
851 2948 1091 3020 Graecos)
1127 2925 1731 3020 persequens,ag\endis

161 3041 367 3110 praedis
396 3057 461 3094 ex
497 3041 688 3095 borum
722 3040 866 3110 agris
895 3039 1283 3103 delectabatur,
1310 3042 1608 3109 praesertim
1640 3040 1733 3094 illo

164 3143 448 3201 tempore,
483 3146 590 3202 quo
621 3147 709 3186 res
736 3129 1041 3186 lconienses
1084 3130 1449 3194 ﬂuctuabant,
1479 3129 1734 3185 miriﬁce-

163 3242 277 3293 que
297 3223 700 3279 Tancharorutu
724 3219 1173 3294 impressionibus
1189 3222 1569 3277 turbabantur.
1594 3223 1734 3292 Ergo

167 3312 501 3371 Turcomani
546 3328 673 3370 tunc
704 3326 861 3370 erant
894 3315 1077 3370 infami
1113 3312 1373 3371 vocabulo
1413 3315 1586 3369 instar
1616 3315 1732 3369 illo-
1760 3314 1805 3372 ϐ

169 3424 294 3462 rum
334 3409 668 3476 praedonum,
698 3424 836 3478 quos
861 3424 1006 3462 nunc
1039 3407 1352 3462 Martelosos
1371 3415 1423 3462 et
1455 3405 1733 3462 Uscochos

169 3501 341 3569 (unde
367 3501 728 3556 Scacchorum
751 3500 864 3554 sive
881 3500 1307 3554 latrunculorutn
1333 3497 1550 3566 nomen)
1575 3513 1736 3551 voca-

168 3609 319 3646 mus.
355 3591 559 3647 Praetor
606 3593 822 3661 quidem
856 3603 984 3645 tunc
1013 3592 1323 3646 Michaelem
1351 3592 1736 3661 Palzeologum,

170 3688 238 3737 ad
269 3682 597 3736 Jathatincm
633 3683 904 3738 sultanuin
942 3683 1404 3738 Musulmanoruni
1450 3699 1508 3737 se
1548 3682 1736 3737 confe-

171 3787 381 3831 rentem
407 3816 422 3840 ,
455 3777 520 3831 ab
556 3777 637 3830 his
668 3771 1022 3830 Turcomanis
1048 3818 1063 3840 ,
1112 3777 1258 3830 omni
1291 3777 1546 3830 comitatu
1574 3786 1626 3831 et
1651 3793 1735 3830 su-

173 3870 440 3938 pellectile
490 3869 777 3936 spoliattnn
804 3867 979 3922 fuisse
1037 3878 1238 3933 narrat,
1295 3885 1393 3922 nec
1441 3868 1735 3936 quidquam

173 3972 402 4010 suorum
437 3961 504 4008 ab
549 3956 628 4008 eis
662 3955 905 4024 potuisse
937 3957 1211 4024 recipere,
1269 3955 1392 4007 licet
1432 3955 1562 4010 hinc
1612 3955 1738 4008 inde

174 4047 426 4100 dimissis
451 4045 740 4110 mandatis,
769 4044 1020 4099 sultanus
1053 4044 1389 4112 imperasset,
1422 4054 1478 4097 nt
1508 4045 1736 4114 spoliato

179 4145 286 4191 lani
326 4150 574 4205 corpora,
595 4150 756 4205 quam
785 4150 872 4189 res
893 4135 1155 4207 adempte
1177 4135 1612 4189 restituerentur.
1644 4134 1736 4188 Al-

177 4230 477 4285 cairensem
510 4231 794 4291 .sullanum
831 4228 1054 4282 annales
1096 4243 1247 4282 more
1290 4226 1522 4282 Turcico
1568 4230 1740 4282 nomi-

177 4329 308 4373 nant
330 4317 545 4388 Egypti
567 4319 842 4389 Syriaeque
868 4319 1164 4382 sultanum,
1192 4318 1258 4371 ab
1280 4318 1415 4372 aula:
1435 4319 1548 4372 sive
1582 4325 1740 4388 regiae

179 4412 319 4464 luco.
364 4410 584 4464 Cairum
622 4411 891 4464 Laonicus
933 4411 1208 4478 antiquam
1255 4408 1540 4477 Memphim
1591 4410 1738 4464 facit.

177 4501 344 4572 426
380 4502 463 4566 Al,
500 4511 560 4554 ut
591 4504 874 4566 articulus,
901 4503 1136 4556 additur.
1169 4500 1279 4554 Vox
1311 4503 1425 4568 ipsa
1473 4502 1740 4570 signiﬁcat

183 4599 389 4657 urbem,
422 4596 750 4648 excellentiae
767 4609 952 4656 causa,
975 4593 1118 4662 quod
1147 4593 1358 4645 urbium
1391 4594 1618 4645 maxima
1648 4594 1734 4646 sit.

185 4686 356 4740 llodie
382 4685 574 4742 Turcis
595 4697 649 4741 et
669 4687 934 4740 Arabibus
959 4687 1151 4739 incolis
1177 4685 1360 4737 Miszir
1420 4683 1740 4753 appellatur,

186 4794 215 4832 a
245 4779 613 4834 vetustissimo
644 4788 752 4833 tam
783 4775 1020 4850 Egypti,
1055 4788 1215 4847 qUam
1246 4775 1612 4847 Egyptiorum
1649 4794 1742 4831 no~

186 4873 352 4939 tuine,
388 4872 653 4926 Mizraim.

467 4987 555 5039 63..
609 4985 823 5040 Citemes
849 5027 864 5048 ,
900 4985 1124 5054 Mueige,
1160 4983 1399 5037 Bralbec.

258 5099 465 5151 Civitas
509 5097 677 5164 Syria:
726 5097 956 5152 Cltetnes
1016 5098 1142 5150 olim
1193 5095 1332 5149 dicta
1385 5093 1485 5147 fuit
1536 5095 1742 5156 Emisa,

193 5191 453 5259 Gregorio
480 5189 726 5242 l-lmiseno
753 5189 972 5240 alumno
999 5188 1168 5249 clara,
1199 5186 1354 5254 cujus
1382 5195 1596 5239 exSIaut
1625 5197 1749 5240 octo

197 5286 312 5336 libri
375 5283 442 5335 de
489 5280 742 5344 homine,
794 5281 884 5346 qui
930 5279 1201 5330 nonnullis
1249 5278 1301 5329 in
1351 5277 1748 5345 exemplaribus

200 5396 296 5431 non
358 5386 504 5432 recte
553 5373 798 5444 Gregorii
853 5371 1076 5441 Nysseni
1139 5369 1557 5422 nostri’nomen
1616 5387 1748 5439 pra:-

201 5473 398 5523 ferunt.
430 5469 663 5522 Ortclius
693 5450 927 5525 natavit,
974 5463 1111 5532 quod
1148 5459 1342 5514 Turcis
1379 5469 1433 5513 et
1480 5462 1749 5516 Arabibus

202 5565 264 5615 sit
294 5563 514 5614 llamsa.
542 5561 644 5614 Sed
678 5561 765 5615 hic
799 5559 1028 5614 Chetnes
1058 5557 1252 5624 legitur
1273 5592 1290 5619 ,
1337 5555 1480 5620 quod
1516 5555 1748 5609 aliorum

204 5657 478 5723 scripturae
507 5654 755 5713 vicinius,
784 5653 984 5721 quibus
1009 5649 1198 5702 llatues
1239 5655 1477 5699 vocatur.
1521 5644 1608 5699 Fit
1633 5648 1752 5714 ejus

206 5750 332 5813 apud
377 5745 681 5812 Aythonum
709 5745 793 5797 his
848 5743 1029 5796 verbis
1059 5739 1260 5793 mentio
1287 5754 1300 5789 :
1326 5735 1532 5789 Civitas
1585 5734 1751 5806 Syria;

208 5839 411 5899 llaines,
476 5849 596 5902 quas
628 5835 841 5888 Camela
867 5835 1038 5887 hodie
1071 5831 1366 5901 appellatur
1395 5841 1424 5877 a
1457 5827 1703 5893 pluribus
1741 5849 1751 5881 :

211 5947 289 5985 uin
320 5927 635 5988 videndum,
677 5942 741 5979 an
783 5939 885 5977 non
943 5941 1040 5993 pro
1077 5921 1292 5978 Camela
1345 5919 1505 5974 scribi
1553 5917 1721 5974 dcbca

1824 2030 2031 2087 fecerit.
2082 2031 2226 2100 Ergo
2268 2030 2380 2084 “veri
2441 2031 2501 2084 fit
2544 2032 2718 2087 simile
2747 2076 2762 2098 ,
2807 2032 3053 2085 Cheriam
3091 2046 3118 2083 a
3159 2030 3390 2084 Laonico

1823 2121 1930 2175 dici
1963 2135 2082 2188 qua:
2107 2120 2195 2174 hic
2241 2119 2489 2189 Carabag
2521 2121 2851 2186 nominatur,
2885 2122 3132 2175 nonnihil
3183 2131 3388 2175 mutato

1824 2215 1908 2270 vel
1943 2230 1972 2268 a
2003 2214 2205 2269 Grecis
2239 2214 2322 2270 vel
2356 2215 2551 2270 Turcis
2580 2216 2868 2270 vocabulo.
2905 2213 3161 2286 Engurim
3199 2231 3385 2282 supra,

1827 2322 2054 2361 numero
2101 2316 2352 2360 notarum
2382 2303 2448 2361 l0
2469 2346 2484 2371 ,
2517 2308 2754 2364 diximus
2783 2310 3047 2378 Ancyram
3076 2323 3214 2362 esse.
3245 2304 3383 2360 Tan-

1827 2409 1941 2459 tum
1978 2401 2067 2455 hic
2095 2401 2400 2454 addendum
2438 2402 2748 2470 putavimus
2788 2402 2964 2456 obiter
2989 2440 3004 2463 ,
3043 2402 3181 2456 hanc
3225 2402 3385 2455 etiam

1829 2492 1880 2546 in
1900 2493 2044 2546 edito
2079 2490 2512 2562 Chalcocondyle
2528 2484 2764 2548 chram
2789 2493 3076 2548 nominari:
3101 2494 3239 2563 quod
3265 2509 3388 2549 cum

1827 2587 1999 2640 Graeci
2033 2584 2252 2638 mollius
2280 2585 2562 2639 enuntieut
2598 2585 2775 2655 Ungra
2798 2625 2812 2650 ,
2842 2587 3058 2654 prOpius
3092 2587 3294 2640 accedit
3324 2587 3388 2640 ad

1831 2673 2115 2732 Turcicam
2149 2672 2574 2748 appellationem
2611 2679 2835 2746 Enguri.

1831 2815 1921 2870 64.
1959 2813 2109 2868 Bulci
2147 2814 2316 2883 ﬁlius,
2371 2814 2658 2871 Dervirlar.
2699 2811 2992 2881 Muatuphue
3043 2830 3202 2869 mors.
3241 2812 3386 2870 Cra:—

2123 2900 2303 2936 corum
2338 2885 2400 2937 de
2419 2883 2842 2958 Bajazitis'liliis
2887 2900 3109 2938 errores.

1905 3002 1976 3054 De
2000 2999 2181 3054 Bulcis
2206 3009 2259 3053 et
2289 2998 2640 3053 Bulcovitziis
2671 2999 2878 3064 prolixe
2923 3001 3275 3055 tractavimus
3323 3005 3388 3053 ad

1835 3106 2084 3152 notarum
2113 3109 2366 3148 numeros
2392 3093 2460 3146 66
2489 3106 2540 3146 et
2560 3095 2648 3148 δι.
2670 3092 2768 3146 llic
2815 3102 3022 3147 tantum
3054 3109 3392 3152 moneantus,

1835 3189 1998 3244 istum
2019 3188 2169 3241 Bulci
2196 3188 2361 3240 lilium
2381 3186 2495 3255 (qui
2519 3185 2710 3239 Turcis
2740 3195 2823 3238 est
2853 3184 3117 3254 Bulcogli)
3137 3200 3394 3254 expresse

1835 3277 2106 3330 nominari
2142 3291 2170 3329 a
2198 3275 2548 3344 Spandugino
2575 3273 2886 3344 Georgium,
2918 3274 3120 3329 Servis
3158 3276 3394 3344 despotic

1839 3370 2008 3423 illium
2040 3384 2054 3419 :
2088 3369 2245 3435 cujus
2277 3368 2509 3434 majores
2531 3376 2583 3422 et
2615 3375 2861 3435 posteros
2878 3367 3198 3422 continuato
3234 3385 3395 3436 supe-

1840 3459 1953 3511 rius
1983 3464 2271 3510 stemmate
2303 3455 2568 3523 complexi
2600 3471 2805 3509 sumus.
2843 3457 2918 3508 Ac
2953 3467 3254 3525 temporum
3309 3472 3395 3510 sa-

1837 3565 1912 3603 ne
1936 3550 2073 3609 r‘atio
2101 3547 2434 3616 Spandugini
2455 3548 2736 3602 sententiae
2767 3560 3106 3616 nequaquam
3134 3547 3392 3602 adversa-

1838 3651 1945 3696 tur.
1974 3641 2198 3694 Dervisii
2241 3655 2333 3694 seu
2368 3639 2663 3695 Dervislari
2692 3650 2820 3694 sunt
2848 3641 2923 3693 illi
2974 3639 3192 3707 quidem
3249 3642 3391 3704 apud

1839 3734 2043 3788 Tui-cos
2066 3734 2250 3800 aliqua
2282 3749 2344 3786 ex
2371 3743 2520 3801 parte
2545 3733 2820 3801 CaIOgeris
2839 3731 3082 3794 Graecia,
3117 3732 3395 3786 monachis

1840 3827 2040 3880 nostris
2068 3824 2272 3889 afﬁnes,
2307 3826 2380 3877 uti
2413 3826 2662 3892 superius
2690 3824 3011 3887 indicatum;
3045 3824 3137 3877 sed
3160 3823 3281 3877 aliis
3312 3837 3394 3876 ta-

1840 3920 2043 3972 mende
2073 3919 2252 3971 causis
2283 3918 2465 3984 (modo
2497 3915 2719 3968 Paulum
2750 3916 3130 3973 Tomorreum,
3171 3913 3392 3967 fratrem

1841 4011 2128 4077 Georgium
2161 4009 2407 4073 Ungariaa
2436 4006 2753 4073 perniciem,
2791 4017 2842 4059 et
2886 4006 3021 4060 alios
3078 4006 3143 4059 dc
3196 4007 3398 4060 nostris

1840 4102 2100 4169 excipias)
2123 4117 2182 4154 ea
2207 4099 2565 4167 comparatio,
2596 4098 2737 4164 quod
2753 4096 2911 4164 vulgo
2941 4097 3077 4151 solet
3096 4097 3224 4159 dici,
3247 4098 3397 4151 clau-

1839 4195 2003 4248 dicat.
2036 4193 2244 4262 Quippe
2281 4207 2402 4246 cum
2437 4189 2691 4243 universa
2726 4190 2810 4243 lex
2843 4198 2897 4265 et
2940 4189 3212 4259 religionis
3270 4204 3396 4254 pro-

1843 4287 2006 4342 fessio
2041 4285 2420 4339 Mahumetana
2450 4283 2796 4350 sanguinaria
2827 4282 2915 4340 sit,
2943 4283 3174 4348 speciem
3232 4279 3396 4334 Tui-ci

1842 4379 2060 4448 quidem
2095 4376 2359 4444 religiosa:
2394 4373 2608 4442 pietatis
2639 4374 2690 4424 in
2724 4372 2856 4437 legis
2904 4372 3090 4438 peritis
3145 4387 3208 4423 ac
3269 4372 3400 4426 Der-

1842 4472 1993 4524 visiis
2055 4470 2169 4523 suis
2229 4469 2514 4535 requirunt
2549 4485 2561 4519 :
2597 4475 2649 4518 at
2689 4465 2900 4518 interim
2928 4466 2993 4516 ab
3039 4466 3261 4534 agendis
3305 4483 3399 4522 eos

1844 4559 2028 4620 rebus,
2054 4567 2162 4609 tam
2216 4571 2365 4624 pace,
2411 4573 2572 4623 quam
2631 4555 2794 4617 bello,
2832 4559 3142 4623 praesertim
3205 4566 3396 4611 coiitra

1771 4641 1822 4698 D
1847 4648 2187 4701 Christianos
2234 4659 2286 4700 et
2321 4647 2504 4702 hostes
2537 4647 2844 4716 reipulilicaa
2883 4663 3012 4708 suae,
3060 4663 3397 4715 nequaquam

1843 4748 2050 4803 arcent,
2079 4740 2376 4808 sedmagis
2435 4740 2619 4804 etiam,
2649 4755 2810 4807 quam
2863 4748 3104 4798 caeteros,
3139 4738 3400 4793 devovere

1845 4831 2008 4883 vitam
2045 4845 2197 4884 suam
2232 4847 2327 4898 pro
2369 4831 2646 4898 religione,
2669 4844 2871 4896 proque
2904 4829 3015 4896 lege
3050 4829 3243 4896 patria,
3269 4845 3400 4884 suos

1847 4923 1966 4976 illos
1992 4923 2275 4990 religiosos
2312 4922 2517 4973 volunt.
2552 4920 2684 4974 llinc
2738 4922 2945 4990 aliquot
3007 4923 3058 4975 in
3120 4923 3402 4994 Ungaricis

1847 5015 2043 5068 ﬁnibus
2077 5026 2264 5082 captos
2295 5030 2321 5065 a
2350 5017 2549 5068 nostris
2582 5015 2861 5076 recordor,
2898 5016 3041 5068 viros
3072 5019 3399 5085 caeteroquin

1846 5105 2080 5173 alicujus
2103 5109 2449 5161 auctoritatis
2501 5118 2553 5162 et
2615 5109 3056 5171 existimationis,
3090 5111 3181 5176 qui
3220 5109 3399 5161 Dervi-

1847 5198 2022 5251 slaros
2055 5215 2112 5251 se
2146 5182 2541 5266 proﬁtebantur
2571 5242 2583 5254 .
2631 5201 2768 5255 Hinc
2802 5203 2851 5254 in
2904 5201 3006 5252 vita
3051 5200 3399 5255 Muchcmetis

1849 5290 2006 5358 primi
2050 5291 2370 5345 seditionem
2405 5293 2651 5347 Torlacis
2703 5295 2948 5346 monachi
2988 5292 3225 5355 Turciri,
3267 5305 3317 5345 et
3346 5295 3396 5346 in

1849 5382 1955 5434 vita
1991 5381 2244 5448 Bajazitis
2298 5387 2543 5448 secumli,
2595 5384 2946 5439 Scacboculis
2978 5385 3216 5436 eremitze
3276 5400 3404 5436 san-

1849 5473 2078 5542 guinarii
2116 5489 2342 5541 pugnas,
2381 5487 2430 5528 ct
2465 5477 2663 5540 aedes,
2696 5487 2749 5529 ct
2775 5479 3142 5548 grassatioues
3204 5478 3392 5529 imma-

1852 5582 1966 5628 nes,
2002 5565 2197 5632 qurbus
2230 5567 2399 5619 multa
2448 5568 2616 5620 millia
2658 5569 2934 5621 hominum
2968 5568 3250 5634 absumpta
3282 5567 3398 5619 fuco

1853 5665 2011 5719 runt;
2065 5665 2117 5707 ct
2153 5655 2339 5707 invita
2395 5656 2634 5726 denique
2703 5659 3052 5721 Soleimanis,
3092 5659 3157 5711 ad
3194 5674 3395 5710 annum
3465 5699 3467 5701 .

1849 5747 2217 5800 Christianum
2258 5745 2412 5807 1526,
2454 5749 2774 5804 Calenderis
2817 5752 3025 5803 Zeiebis
3057 5761 3107 5803 et
3139 5749 3404 5802 Dervisla-

1855 5843 2056 5892 riorum
2116 5850 2294 5891 motus
2332 5855 2394 5891 ac
2449 5842 2628 5908 pra-lia
2704 5844 2948 5910 legimus.
2991 5841 3100 5900 llac
3161 5857 3288 5908 ergo
3344 5846 3406 5892 σιμ

1855 5947 2020 5986 causa
2071 5929 2360 5985 Servianos
2450 5931 2571 5984 illos
2636 5931 2929 5988 fortissime
3007 5950 3104 6001 pro
3175 5933 3408 6003 Bajnwe
