4032 6344
706 477 813 558 “783

1882 473 2207 546 JOANNIS
2251 469 2706 542 LEU‘NCLA‘vli
3821 468 3909 542 78'.

711 612 1029 668 dimicantes
1083 606 1229 659 Bulei
1280 605 1500 666 milites,
1545 601 1884 656 truculentos
1934 615 1995 652 ac
2055 600 2260 651 feroces
2293 605 2332 657 Α
2370 599 2741 654 nominantur.
2805 602 2963 660 caput
3023 602 3104 646 est
3163 595 3291 647 ttrbs
3353 593 3696 652 Semercant,
3763 597 3911 647 hoilic

724 704 996 758 Dervisios
1038 699 1340 768 appellabat
1370 695 1576 760 Temir,
1600 694 1691 764 qui
1717 707 1775 746 se
1805 691 2080 759 vitamque
2103 706 2258 743 suam

716 810 815 864 pro
841 794 1014 848 salute
1043 805 1266 844 suorum
1330 788 1570 841 animose
1625 781 1991 836 devovissent.
2033 779 2261 833 Germa-

709 901 843 942 num
873 901 999 938 vero
1031 881 1290 951 Bajazitis
1325 880 1493 933 lilium
1545 875 1882 944 Mustapham
1937 875 2039 924 hoc
2076 871 2264 940 Pl‘il‘liﬂ

715 981 943 1050 periisse
968 978 1201 1029 diximus
1231 988 1295 1026 ex
1341 971 1441 1024 fide
1473 971 1663 1022 horum
1715 965 1989 1019 annalium
2033 961 2262 1014 antehae

715 1071 1022 1139 aliquoties,
1062 1068 1221 1132 idque
1256 1065 1378 1117 licet
1425 1061 1677 1119 witauus
1737 1055 2101 1138 Muchemctes
2153 1054 2260 1120 pri—

717 1179 860 1227 mus,
915 1163 1151 1229 itemque
1178 1156 1416 1211 Murates
1455 1151 1728 1209 secundus
1762 1160 1883 1218 post
1908 1145 2135 1201 mortem
2171 1156 2263 1211 pa-

715 1256 814 1311 tria
849 1255 1046 1321 sacpius
1072 1266 1255 1304 verum
1285 1261 1404 1302 esse
1436 1250 1863 1315 protestarentur
1892 1255 1907 1292 :
1939 1247 2117 1292 tamen
2173 1251 2262 1288 us-

714 1361 820 1416 que
871 1348 1004 1398 adeo
1049 1341 1250 1396 Grecis
1317 1339 1580 1406 impressa
1642 1334 1708 1388 de
1741 1331 1844 1384 hoc
1889 1330 2104 1383 diversa
2147 1335 2264 1378 erat

714 1437 921 1508 opinio,
948 1432 1285 1499 Mustapbam
1328 1439 1385 1500 ut
1419 1428 1607 1491 alium,
1647 1440 1743 1494 pro
1789 1422 2026 1491 legitimo
2056 1433 2112 1473 se
2133 1431 2261 1472 ven-

717 1529 998 1591 ditantem,
1041 1523 1212 1579 obviis
1245 1521 1384 1576 ulnis
1422 1519 1753 1586 exciperent,
1783 1523 1838 1570 et
1868 1511 2035 1566 armis
2070 1517 2258 1563 contra

718 1620 980 1674 Muratem
1009 1627 1203 1684 magna
1256 1627 1378 1665 cum
1439 1605 1802 1676 imprudéntia
1871 1601 2121 1669 maloque
2161 1614 2261 1654 suo

718 1720 1042 1769 tuerentur:
1085 1705 1343 1762 oﬂerente
1381 1698 1716 1767 amplissima
1773 1703 1999 1763 qumque
2031 1689 2258 1752 Murate,

719 1803 878 1859 modo
915 1800 1160 1854 neutrius
1199 1811 1228 1848 a
1263 1791 1507 1862 partibus
1537 1797 1761 1849 starent,
1817 1800 1879 1838 ac
1939 1785 2086 1853 ipsos
2117 1781 2261 1834 inter

720 1910 781 1949 se
829 1907 941 1946 rem
995 1889 1161 1942 armis
1206 1887 1498 1938 decernere
1551 1885 1883 1948 paterentur.
1946 1871 2261 1928 Consimilis

2364 690 2622 740 mercium
2673 686 2976 740 Indicarum
3022 688 3266 754 emporio
3299 686 3660 738 celeberrimo
3691 695 3913 753 septem-

2364 779 2688 834 trionalibus
2743 778 2906 830 etiam
2971 786 3121 830 nota.
3181 775 3554 830 Sarmacauda
3590 777 3911 849 plerumque

2363 882 2604 933 vui-ator,
2625 869 2767 922 edito
2812 869 3049 923 Laonico
3093 866 3725 936 Samraclia‘nta,llitteris
3747 877 3911 924 trans-

2363 961 2578 1031 positis,
2621 975 2718 1027 pro
2746 959 3154 1014 Samarchanta.
3187 957 3325 1012 Sunt
3355 961 3446 1026 qui
3484 961 3688 1015 dictam
3726 973 3911 1030 putant

2362 1068 2390 1106 a
2441 1050 2588 1114 Sem,
2653 1049 2814 1102 Nolue
2876 1051 3003 1113 lilio.
3063 1063 3295 1119 quorum
3328 1046 3909 1118 opinloni'Turcoram

2361 1137 2736 1216 pronuntiatio
2788 1141 3104 1199 Semercant
3153 1145 3500 1213 astipulatur.
3536 1144 3908 1199 Herae-udam

2365 1237 2650 1305 Sogdiaua:
2685 1235 2958 1290 veteribus
2998 1237 3315 1302 appellatam
3371 1235 3698 1290 existimant
3730 1237 3907 1300 aliqui.

2365 1331 2631 1384 Cuterum
2674 1326 2966 1394 Bajaaitem
2990 1313 3055 1378 ex
3079 1325 3243 1378 animi
3267 1325 3587 1392 aegritudine
3617 1325 3911 1391 doloreque

2364 1425 2637 1469 mortuum
2702 1413 2926 1482 scripsit
2987 1413 3474 1483 (.‘lialcocondyles,
3527 1415 3612 1467 cui
3674 1413 3910 1466 Turcicz

2365 1503 2707 1555 narrationes
2757 1516 2864 1554 non
2922 1495 3333 1556 adversantur:
3392 1503 3486 1556 sed
3539 1503 3772 1564 addunt,
3821 1505 3910 1556 hoc

2365 1607 2597 1646 mcerore
2627 1593 2775 1646 velut
2811 1591 2876 1643 ad
2911 1590 3345 1658 desperationem
3373 1592 3647 1656 adactum,
3687 1600 3907 1647 mortem

2363 1684 2581 1738 sibimet
2608 1683 2709 1752 ipsi
2743 1683 3098 1737 conscivisse.
3129 1681 3281 1746 Quod
3311 1683 3604 1739 dilucidius
3638 1701 3909 1754 exponens

2365 1773 2681 1829 Theodorus
2701 1775 3097 1844 Spanduginns.
3125 1775 3200 1830 ait
3227 1773 3538 1842 Bajaaitem,
3577 1792 3672 1845 spe
3702 1779 3908 1832 liberta-

2367 1864 2435 1917 tis
2480 1864 2705 1926 amissa,
2756 1864 3128 1923 constituisse,
3155 1879 3277 1919 cum
3335 1866 3516 1919 animo
3546 1883 3644 1920 suo
3676 1849 3908 1937 seipsuin

723 1987 850 2040 huic
881 1982 1190 2036 Graecorum
1221 1987 1303 2031 est
1335 1987 1487 2028 error
1519 1971 1588 2025 de
1625 1967 1881 2038 Bajazitis
1915 1965 2049 2028 ﬁlio,
2107 1978 2264 2034 quem
2297 1957 2339 2018 Β
2368 1955 2639 2009 occidere.
2689 1953 2797 2010 Sed
2860 1969 2983 2009 cum
3050 1955 3258 2008 nullum
3287 1955 3289 1958 ⁴
3319 1956 3438 2026 ejus
3477 1959 3798 2025 peragenda
3845 1961 3909 2011 ni

722 2079 906 2133 lidium
935 2077 1034 2144 (sic
1064 2073 1208 2127 enim
1245 2068 1477 2122 chordas
1513 2066 1775 2134 interpres
1805 2059 2055 2126 reddidit)
2078 2057 2260 2125 Opilex

723 2170 972 2224 Prusirus
1031 2164 1354 2219 incolumem
1388 2156 1702 2228 Byzantium
1747 2153 2060 2222 perduxerit
2094 2170 2106 2202 :
2141 2164 2261 2202 rum

722 2275 900 2317 tamen
939 2257 1080 2312 nulla
1103 2255 1190 2308 fiat
1227 2253 1278 2305 in
1306 2248 1592 2304 annalibus
1609 2244 1723 2300 Alis
1751 2242 2072 2311 cuiuspiam,
2106 2235 2264 2308 Baja-

727 2354 847 2406 xitis
879 2351 994 2412 ﬁlii,
1033 2344 1272 2405 mentio;
1325 2356 1424 2394 nec
1471 2338 1538 2393 ab
1569 2338 1688 2405 ipso
1742 2332 1960 2404 quidem
2005 2329 2260 2393 Laonico,

726 2460 846 2498 cum
870 2442 994 2494 alibi
1015 2433 1262 2504 Bajazitis
1289 2433 1422 2484 illius
1447 2440 1709 2483 recenset.
1734 2421 2040 2475 Notandum
2072 2418 2260 2488 magis,

725 2536 869 2601 quod
902 2531 1062 2583 etiam
1115 2526 1450 2580 Musulmanc
1503 2523 1763 2586 regnante
1817 2521 2065 2566 narrata
2115 2508 2265 2563 Mose

725 2622 961 2689 lesuque
1018 2616 1278 2670 fratribus
1311 2610 1640 2666 oecultatum
1688 2605 1856 2659 fuisse
1901 2601 2084 2672 Prusia
2135 2615 2266 2669 pue-

727 2729 846 2768 rum
911 2709 1296 2763 Muchemetem
1353 2699 1490 2768 apud
1549 2697 1700 2750 illum
1755 2694 1932 2762 ipsum
2018 2691 2263 2760 opilicem

726 2801 1051 2856 chordarum
1092 2839 1104 2856 .
1154 2810 1182 2847 a
1238 2807 1346 2860 quo
1387 2790 1747 2843 Muchemetes
1830 2789 1933 2837 hoc
1987 2784 2263 2852 opitlcium

726 2892 994 2949 didicerit.
1073 2887 1134 2940 Et
1195 2886 1392 2938 factum
1445 2881 1496 2934 id
1556 2879 1766 2934 scilicet
1811 2892 1840 2929 a
1893 2875 2034 2928 Mose
2068 2914 2082 2937 ,
2153 2889 2264 2927 om-

727 2986 876 3038 nium
943 2979 1362 3039 crudelissimo,
1454 2973 1534 3024 vel
1585 2970 1702 3038 ipso
1764 2969 1995 3022 Laouim
2065 2977 2203 3022 teste
2247 3006 2260 3030 ,

726 3091 795 3129 ne
837 3078 904 3127 ab
938 3074 1060 3126 aliis
1092 3071 1292 3122 charos
1329 3065 1428 3120 sibi
1481 3079 1612 3132 puer
1640 3061 1992 3115 occideretur.
2053 3058 2265 3112 Muche-

729 3179 921 3223 nictent
989 3178 1115 3217 vero
1181 3162 1289 3228 iam
1374 3143 1813 3224 grandiusculum
1901 3149 2024 3205 inde
2081 3149 2265 3218 profu-

2367 2046 2588 2100 modum
2621 2046 2934 2120 inveniret,
2962 2055 3068 2099 tam
3102 2047 3337 2111 denique
3364 2047 3456 2101 diu
3493 2058 3652 2115 caput
3681 2049 3910 2103 allisisse

2367 2137 2442 2190 illi
2480 2153 2657 2193 caveae
2684 2138 2751 2193 de
2781 2137 2923 2195 ferro
2953 2137 3130 2203 facta,
3161 2153 3268 2208 qua
3301 2141 3585 2193 tenebatur
3646 2143 3909 2200 inCillall‘.

2366 2231 2537 2285 donec
2566 2245 2675 2298 pra
2704 2229 2888 2285 furore
2912 2228 3146 2284 fremens
3171 2243 3234 2284 ac
3258 2228 3511 2286 frendens
3533 2271 3549 2296 ,
3581 2233 3779 2288 misere
3816 2236 3908 2290 sibi

2366 2330 2592 2375 mortem
2606 2319 2849 2381 .aﬂ‘erret.
2867 2321 3186 2392 tyrannique
3208 2321 3335 2386 vita,
3354 2325 3648 2381 secundum
3678 2335 3908 2396 poetam,

2368 2412 2642 2483 indignata
2695 2413 2794 2468 sub
2844 2411 3065 2468 umbras
3120 2413 3354 2484 fugeret.
3399 2414 3669 2485 lnterpres
3694 2416 3908 2472 Laonici

2366 2503 2661 2574 pugnatum
2693 2511 2845 2558 notat
2872 2505 3012 2564 inter
3042 2503 3340 2572 Bajazitem
3387 2515 3439 2561 et
3461 2503 3733 2563 Temirem
3769 2525 3910 2562 anno

2368 2597 2675 2651 Christiano
2709 2595 2866 2651 i397;
2895 2595 3161 2648 Mortuum
3189 2597 3482 2667 Bajazitem
3520 2601 3706 2655 scribit
3741 2592 3907 2656 Fran—

2369 2688 2552 2742 ciscus
2577 2687 2915 2743 Sansovinus
2940 2700 3082 2740 anno
3105 2686 3239 2741 1598
3261 2729 3273 2748 .
3296 2685 3573 2745 Geufraus
3595 2704 3736 2744 anno
3758 2691 3908 2748 “00.

2368 2794 2506 2848 quos
2542 2779 2788 2849 equidem
2836 2777 2948 2834 lalli
2979 2779 3203 2848 opinor.
3243 2778 3450 2850 Quippe
3497 2782 3795 2835 secundum
3832 2797 3912 2835 ra-

2372 2873 2546 2926 tiones
2602 2881 2886 2927 accuratas
2936 2874 3210 2926 annalium
3257 2871 3733 2941 deprehendimus,
3769 2888 3911 2924 com-

2321 2964 2330 2985 '
2369 2966 2594 3020 missum
2651 2963 2821 3019 fuisse
2876 2963 3120 3033 praelium
3165 2977 3309 3017 anno
3334 2962 3415 3016 vel
3442 2961 3600 3025 1399,
3630 2961 3713 3015 vel
3747 2959 3902 3022 H00.

2369 3056 2717 3110 Gilderunem
2750 3073 2878 3110 vero
2907 3065 3177 3109 mortuum
3214 3068 3355 3108 anno
3387 3052 3545 3108 1403.
3580 3053 3842 3108 Similiter
3864 3056 3909 3108 in

2328 3209 2331 3213 ,
2370 3149 2525 3201 annis
2579 3149 2725 3218 regni
2765 3147 2924 3215 huius
2964 3157 3203 3200 erratum
3238 3160 3268 3199 a
3299 3143 3568 3210 Laonico,
3602 3146 3695 3216 qui
3725 3146 3908 3215 viginti

727 3261 867 3328 εῇεςε
921 3256 983 3306 ad
1060 3251 1266 3303 Aloi-im
1321 3246 1678 3298 Cat-amntium
1709 3279 1724 3304 ,
1758 3255 1812 3293 'a
1873 3255 1981 3307 quo
2023 3240 2261 3307 adjutus,
2292 3243 2333 3299 C
2368 3241 2602 3309 quinque
2634 3248 2899 3302 numerat,
2931 3255 3029 3309 pro
3060 3239 3188 3295 solis
3217 3237 3626 3307 quatuordecim
3663 3258 3671 3289 :
3708 3240 3774 3292 de
3808 3254 3909 3306 quo

729 3345 992 3402 servatori
1045 3357 1144 3394 suo
1191 3339 1320 3390 Mosi
1379 3337 1575 3388 bellum
1643 3333 1882 3385 intulerit
1955 3349 1966 3384 :
2046 3330 2137 3383 sed
2190 3331 2274 3383 vi-

665 3445 670 3450 ”
730 3448 874 3489 etum
911 3431 1066 3501 427
1097 3430 1403 3495 confugisse
1428 3427 1489 3479 ad
1510 3426 1648 3477 Alim
1683 3424 1925 3486 fratrem,
1947 3425 2183 3475 exsulem
2216 3438 2277 3477 ac

733 3532 971 3594 inopem,
993 3535 1045 3574 et
1065 3521 1275 3588 quidem
1299 3514 1820 3582 ConstantinOpolim
1854 3532 1864 3565 :
1893 3514 1980 3567 ubi
2028 3515 2274 3566 nonnihil

730 3615 1093 3685 respiraverit,
1145 3609 1486 3674 collectisque
1535 3607 2057 3672 suorum,reliquiis,
2103 3607 2279 3656 denuo

731 3723 932 3760 tentare
962 3706 1080 3758 belli
1122 3703 1385 3756 lortunam
1429 3700 1744 3752 decreverit.
1778 3697 1897 3750 llaec
1934 3698 2194 3751 Laenicus
2213 3698 2278 3750 de

731 3797 1273 3869 pueroMuchenIEle.
1333 3790 1920 3858 cliordaruuropificis
1979 3790 2270 3856 discipulo.

730 3906 860 3959 pene
888 3889 1181 3957 pueriliter.
1215 3899 1310 3936 nec
1335 3897 1462 3934 vero
1480 3881 1676 3934 multas
1702 3881 1770 3931 ob
1807 3894 1999 3933 causas
2049 3895 2276 3931 consen-

731 3996 901 4035 tanea.
939 3980 1102 4043 Magis
1129 3976 1303 4028 idonei
1345 3988 1520 4025 rerum
1549 3972 1899 4024 Turcicarum
1960 3971 2274 4038 scriptores,

732 4073 830 4141 ipsi
860 4070 1042 4127 Tutei.
1079 4065 1318 4124 tradunt.
1377 4064 1534 4114 rebus
1583 4062 1893 4114 Tetniriano
1953 4064 2133 4128 prmlio
2183 4061 2274 4114 dc-

733 4162 984 4229 spcratis,
1026 4158 1213 4210 bassas
1265 4152 1556 4205 abduxisse
1609 4167 1815 4212 secum,
1875 4161 2086 4218 arrepta
2131 4151 2274 4217 fuga,

737 4251 1022 4304 maximum
1048 4256 1173 4299 natu
1210 4243 1465 4311 Bajazitis
1496 4244 1659 4292 lilium
1685 4239 2063 4303 Soleimanem,
2118 4241 2276 4292 veluti

738 4345 1028 4409 legitimum
1049 4340 1214 4407 patris
1240 4353 1289 4388 tn
1316 4333 1542 4402 imperio
1559 4345 1927 4387 successorem
1948 4341 2031 4384 :et
2061 4331 2274 4384 illorum

734 4432 1411 4498 exemploMucliemctcm,
1447 4441 1550 4478 non
1588 4438 1812 4491 puerum
1867 4427 1949 4489 (ut
2007 4421 2274 4488 Laouicus

736 4524 981 4592 putavit),
1018 4525 1106 4574 sed
1137 4521 1408 4586 copiarum
1437 4533 1500 4570 ex
1527 4517 1748 4584 imperio
1769 4525 1992 4582 paterno
2009 4530 2268 4582 quarum-

735 4620 855 4670 (lam
888 4616 1097 4678 ducem.
1133 4614 1245 4664 suis
1267 4612 1447 4662 itidem
1483 4611 1640 4661 rebus
1667 4609 1742 4660 uti
1766 4608 2090 4668 consuleret,
2110 4609 2272 4660 Ama-

731 4715 1017 4763 aiamcum
1051 4703 1166 4756 suis
1223 4715 1278 4753 se
1327 4698 1662 4752 contulisse:
1699 4710 1806 4762 quo
1856 4696 1974 4748 loco
2025 4697 2276 4763 deinceps

730 4798 1086 4856 eumvixissc,
1118 4808 1221 4846 non
1239 4789 1638 4844 scmelannales
1671 4792 1925 4839 tradunt:
1963 4796 2014 4839 et
2042 4787 2275 4839 indidem

734 4906 852 4944 cum
879 4887 1114 4942 exercitu
1163 4893 1346 4937 contra
1369 4882 1570 4933 Musam
1605 4883 1823 4930 lratrem
1859 4880 2110 4942 movisse,
2141 4886 2277 4945 p0st-

735 4999 892 5050 quam
923 4983 1203 5034 interiecto
1234 4976 1561 5038 Soleimanc,
1591 4975 1851 5027 vindicem
1903 4975 2050 5027 necis
2107 4976 2274 5040 ipsius

737 5091 792 5125 se
825 5074 1102 5141 professus
1126 5079 1287 5123 esset.
1325 5069 1449 5133 Qua:
1477 5082 1579 5128 res,
1614 5080 1730 5118 meo
1773 5080 1902 5119 sane
1943 5065 2166 5130 judicio,
2194 5064 2274 5117 di-

737 5181 851 5230 gna:
877 5174 1001 5215 sunt
1061 5161 1337 5213 hominum
1396 5158 1631 5211 historia:
1678 5158 2040 5210 studiosorum
2095 5159 2276 5210 obser-

740 5254 951 5303 vatione
989 5268 999 5300 :
1041 5266 1156 5301 rum
1181 5251 1230 5301 in
1267 5247 1551 5315 publicatis
1580 5247 1836 5300 hactenus
1869 5249 2084 5315 scriptis
2111 5251 2275 5301 histo-

739 5346 861 5398 rzcis
890 5343 1020 5396 nihil
1053 5343 1355 5399 intricatius
1383 5342 1449 5392 de
1471 5339 1710 5391 Turricts
1746 5341 1903 5394 rebus
1922 5342 2272 5406 reperiamus,

737 5449 897 5500 quam
930 5448 1043 5498 qua:
1079 5434 1143 5485 de
1174 5431 1404 5496 hocipso
1437 5442 1671 5494 tempotc
1704 5445 1924 5483 summa:
1975 5431 2272 5484 'l‘urcorum

740 5522 1068 5575 infelicitatis
1100 5533 1367 5572 memora:
1389 5523 1592 5586 prodita
1648 5521 1893 5588 legimus.

808 5648 895 5700 65.
940 5646 1253 5708 Semercont,
1284 5645 1534 5713 Bajazitis
1570 5663 1725 5708 morr,
1761 5667 2010 5701 annorum
2054 5651 2207 5701 ratio.

808 5779 1058 5849 Regionis
1092 5779 1413 5845 lacataina',
1461 5784 1614 5850 cujus
1671 5786 1858 5838 lllCOiiB
1911 5785 1960 5837 id
2019 5789 2274 5852 temporis

730 5873 960 5946 “imperio
1001 5873 1225 5927 leniit-is
1276 5884 1554 5942 parentes,
1606 5876 1838 5930 Laouico
1892 5875 2274 5933 Tzachataides

2377 3330 2496 3384 vide
2522 3346 2683 3400 supra
2713 3347 2940 3385 numero
2973 3332 3035 3384 47
3070 3343 3272 3387 notata.

2635 3422 2724 3476 66.
2746 3423 3068 3487 Castamom',
3103 3423 3346 3492 Congert',
3376 3423 3562 3494 Congi.

2440 3514 2806 3584 Claudiopolis
2829 3517 3016 3572 civitas
3038 3525 3120 3570 est
3141 3517 3483 3581 Honoriadis,
3510 3518 3559 3569 ir.
3590 3517 3760 3570 Ponto
3797 3529 3910 3585 pro-

2377 3607 2572 3672 vincia,
2599 3623 2756 3676 quam
2783 3623 2908 3661 nov.
2935 3607 3127 3662 Leonis
3154 3609 3377 3677 Augusti
3413 3589 3747 3676 metropolim
3771 3607 3907 3669 faett,

2377 3700 2532 3766 eique
2567 3707 2758 3772 praster
2785 3700 2917 3753 alios
2956 3701 3319 3769 episcopatus,
3349 3698 3658 3754 Heracleam
3705 3715 3908 3768 quoque

2376 3788 2656 3844 Ponticam
2692 3791 2929 3859 subjicit.
2954 3790 3100 3846 "anc
3122 3791 3322 3847 Marius
3343 3791 3503 3862 Niger
3522 3793 3721 3847 recenti
3747 3796 3906 3846 nomi-

2377 3897 2443 3935 ne
2501 3882 2603 3933 dici
2666 3891 2821 3951 putat
2887 3880 3291 3947 Castamenam,
3349 3885 3464 3939 sive
3491 3883 3903 3943 Castamonani;

2377 3973 2468 4025 sed
2530 3970 2750 4037 fallitur,
2790 3988 2908 4025 cum
2962 3974 3157 4030 rectius
3217 3973 3564 4029 Castromena
3626 3975 3696 4028 sit
3761 3975 3908 4029 Clau-

2375 4062 2622 4130 di0polls.
2667 4064 2992 4118 Castamona
3024 4080 3150 4120 vero
3178 4067 3282 4119 sita
3317 4067 3532 4138 longius
3561 4077 3677 4130 est.
3732 4081 3908 4124 Versus

2379 4153 2612 4221 Sinopen
2676 4156 2930 4223 oppidum
2978 4155 3325 4222 Helenoponti
3368 4169 3420 4211 et
3477 4156 3902 4228 Paphlagoniam.

2379 4239 2507 4295 Tam
2568 4244 2823 4313 Sinopes,
2882 4261 3043 4314 quam
3100 4247 3464 4304 Castamonae.
3500 4253 3741 4314 nomina,
3793 4268 3902 4307 cum

2379 4333 2509 4402 ipsis
2543 4335 2756 4402 oppidis
2783 4375 2796 4398 ,
2832 4321 3118 4408 supersunt
3155 4376 3171 4401 ,
3207 4342 3282 4392 uti
3341 4323 3521 4394 videre
3554 4353 3634 4395 est
3664 4344 3716 4396 in
3751 4359 3904 4396 anna-

2379 4424 2506 4476 lium
2548 4425 2927 4493 supplemento
2971 4436 3174 4493 nostro,
3201 4431 3267 4481 ad
3304 4445 3504 4484 annum
3552 4433 3901 4486 Christianum

2382 4514 2535 4569 1594.
2590 4512 2719 4570 Istic
2771 4519 2916 4571 enim
2965 4517 3327 4574 tunc‘Osman
3358 4524 3514 4576 bassa
3553 4525 3899 4578 vczirazemes

2377 4619 2563 4662 contra
2611 4607 2805 4664 Persas
2857 4611 3052 4680 iturus,
3086 4612 3305 4666 militem
3345 4615 3394 4666 in
3428 4615 3663 4678 hibernis
3705 4618 3898 4670 habuit.

2377 4699 2689 4755 Menaviuus
2711 4703 2905 4756 alicubi
2934 4703 3272 4770 Castcmolcn
3301 4691 3618 4778 nominavit.
3651 4705 3897 4758 Ceilriuus

2379 4791 2429 4841 in
2461 4791 2715 4845 Michaelc
2750 4793 3062 4847 Slratiotico
3102 4796 3214 4848 sive
3246 4781 3495 4857 militari,
3535 4794 3894 4849 Castanmuem

2377 4884 2626 4948 appellat.
2663 4896 2710 4936 et
2773 4885 2826 4936 in
2883 4882 3243 4952 Paphlagonia
3284 4884 3515 4938 collocat
3549 4880 3648 4939 his
3698 4889 3894 4940 verbis:

2376 4971 2750 5026 Castamonem
2811 4977 2861 5026 in
2915 4972 3469 5043 Paphlagonia'sitam
3505 4977 3758 5038 veniunt,
3791 4992 3894 5044 qm?

2377 5077 2504 5114 sane
2523 5064 2809 5117 Castamon
2833 5065 3160 5118 domicilium
3184 5072 3300 5116 erat
3316 5065 3554 5133 magistri
3575 5063 3894 5135 [oliiciorumi

2375 5153 2563 5206 lsaacii
2582 5153 2860 5208 Comueni.
2884 5147 3082 5206 Prwtor
3103 5154 3320 5208 Graecia:
3337 5164 3520 5207 noster
3539 5156 3891 5210 CaSIatttmtant

2381 5258 2530 5298 vocat
2564 5247 2614 5299 in
2653 5247 2886 5299 llistoria
2923 5262 3040 5304 sua.
3075 5245 3140 5299 de
3170 5245 3421 5299 Michaelc
3450 5249 3756 5318 Palmologo,
3789 5260 3891 5316 post

2380 5337 2545 5389 \ictos
2578 5353 2604 5388 a
2649 5338 2862 5390 Tataris
2896 5337 3237 5402 leonienscs,
3283 5341 3392 5391 hac
3441 5355 3848 5394 conmemoraus
3880 5357 3888 5387 :

2379 5427 2600 5482 Htchael
2623 5430 2952 5487 Comnenus.
2978 5431 3078 5481 hoc
3102 5429 3266 5496 praelii
3287 5441 3499 5494 eventu,
3529 5448 3644 5485 cum
3675 5433 3890 5482 maximo

2377 5518 2712 5573 Persicorum
2755 5522 3084 5572 exercituum
3121 5520 3254 5573 duce
3281 5561 3296 5582 ,
3347 5537 3504 5589 quem
3541 5523 3885 5588 Peclarpacm

2379 5608 2553 5662 Persae
2607 5611 2732 5679 (hoc
2777 5618 2879 5668 est,
2931 5607 3238 5663 Iconienses
3272 5608 3458 5679 Turci)
3492 5625 3677 5663 vocare
3708 5611 3888 5662 solem,

2379 5699 2427 5748 in
2461 5700 2595 5750 viam
2632 5714 2750 5752 sese
2782 5697 2942 5748 dabat
2975 5713 2986 5747 :
3040 5698 3278 5760 adeoque
3313 5700 3557 5766 pluribus
3589 5715 3683 5752 una
3711 5699 3884 5751 dicurs

2378 5791 2476 5842 iter
2521 5790 2808 5851 faciebant,
2842 5805 2964 5841 cum
3001 5790 3210 5843 hostem
3245 5791 3346 5844 sibi
3395 5807 3424 5845 a
3471 5800 3619 5860 tergo
3647 5791 3863 5844 iniurii-

2377 5893 2479 5935 tem
2502 5883 2779 5946 haberent,
2807 5884 3059 5949 llUflSqii;
3089 5883 3313 5950 singulis
3339 5898 3460 5937 cum
3484 5897 3546 5940 eo
3571 5880 3882 5938 dimicarent.
