4032 6344
227 418 344 480 735

226 535 475 593 Tandem
529 538 911 619 festina-bendi

225 630 391 696 juxta
424 646 584 700 quam
622 634 817 689 domus
856 634 1075 691 indicati
1105 635 1455 706 Peclarpacis.
1477 651 1611 694 erat.
1647 639 1788 696 Hac-

240 732 403 776 tenus
443 736 660 790 prator.
718 726 847 793 Quae
900 743 1029 782 vero
1066 730 1152 783 hic
1189 729 1421 799 Congcri
1450 734 1785 800 nominatur,

227 828 357 888 eam
377 815 546 881 ipsam
566 832 684 872 esse
700 810 855 886 puto,
877 835 1036 889 quam
1063 821 1114 873 in
1132 822 1389 876 Aoatoliaa
1406 823 1584 877 tabula
1612 823 1784 895 Gongi

226 906 490 971 scriptam
508 908 756 977 legimus.
774 912 911 965 haud
930 915 1115 981 procul
1137 930 1165 967 a
1184 913 1504 968 Castamona
1522 916 1781 970 dissitam.

286 997 377 1050 67.
428 997 655 1053 Genuini
686 1000 953 1069 Bajazitis
983 1006 1082 1073 ﬁlii
1104 997 1344 1059 secretio
1366 1009 1757 1061 commentitiis.
1814 1030 1819 1043 η-

306 1087 437 1152 Quae
488 1093 553 1141 de
598 1091 851 1155 Bajazitis
910 1094 1094 1149 liberis
1147 1098 1243 1151 hoc
1305 1097 1421 1152 loco
1459 1115 1562 1151 non
1599 1086 1784 1155 multis

228 1180 419 1232 verbis
478 1193 816 1248 exponuntur
844 1225 857 1243 ,
907 1185 1147 1253 diligenti
1190 1189 1624 1242 consideratione
1672 1206 1791 1250 nte-,,

132 1274 135 1275 '
229 1269 518 1336 morisque
564 1272 720 1340 digna
771 1282 929 1327 sunt.
964 1274 1169 1344 Quippe
1216 1293 1337 1330 cum
1372 1278 1445 1330 illi
1477 1279 1543 1331 de
1574 1281 1780 1336 Turco—

228 1364 355 1410 rum
409 1364 695 1423 sententia,
761 1382 863 1418 non
925 1366 1105 1433 plures
1173 1384 1421 1436 numero,
1470 1386 1631 1438 quam
1681 1389 1774 1426 sex

223 1451 459 1503 omnino
499 1451 697 1507 fuerint
726 1473 737 1507 :
765 1457 890 1523 quid
922 1458 1065 1512 aliud
1091 1468 1390 1516 statuamus
1415 1502 1428 1523 ,
1458 1478 1619 1528 quam
1654 1464 1779 1518 reii-

223 1556 370 1601 quos
406 1532 666 1599 hactenus
691 1548 845 1600 nobis
874 1548 1146 1610 obtrusos.
1178 1552 1327 1605 velut
1353 1553 1402 1605 in
1434 1554 1640 1622 judicio
1664 1564 1774 1609 sta-

223 1640 315 1685 tus
376 1634 442 1686 ab
492 1636 621 1703 ipsis
667 1637 860 1691 Turcis
919 1647 1330 1707 condemnatos.
1368 1661 1480 1711 pro
1527 1648 1774 1712 genuinis

220 1722 501 1792 dcineeps
538 1729 755 1794 agnosci
824 1745 927 1785 non
962 1733 1200 1788 debere?
1246 1734 1429 1804 Neque
1448 1736 1619 1808 .528
1646 1755 1788 1795 vero.

205 1813 311 1890 a-el
346 1828 534 1880 unum,
561 1818 644 1869 vel
669 1818 898 1873 alterunt
927 1820 1189 1879 duntaxat
1232 1826 1331 1879 hoc
1359 1827 1623 1895 judicium
1655 1840 1769 1882 tan-

1373 426 1764 493 PANDECTE
1799 436 1995 496 HIST.
2039 398 2334 496 renato.

966 545 1355 602 Castamonam.
1428 551 1771 618 perveniunt,
1809 551 1859 607 Α
1885 567 2041 616 mus,
2104 552 2373 608 Urchanis
2431 553 2573 609 tilius
2612 552 2862 608 Osmanis
2890 551 2953 605 N.
2986 551 3435 620 Hadtiauopolim

3321 429 3424 492 ’786

1893 644 2126 711 cepisset
2178 664 2192 698 :
2227 644 2413 701 eodem
2470 655 2523 700 et
2581 644 2730 712 regni
2762 644 2919 699 sedes
2943 660 3009 699 ex
3042 633 3167 697 Asia
3203 645 3431 697 commi-

1888 748 2075 800 grasse
2106 734 2348 797 videtur,
2379 735 2520 804 quod
2562 746 2705 789 recte
2732 749 2789 789 se
2820 734 3055 808 facturos
3094 732 3292 788 sulla‘ni
3325 731 3427 783 du—

1887 833 2089 889 cerent,
2145 825 2189 880 si
2225 827 2384 880 rebus
2438 827 2732 882 Anatolicis
2781 826 2891 895 jam
2937 824 3423 893 tranquillioribus,

1886 916 2211 982 przeciputtm
2264 918 2465 973 militia,
2510 921 2702 974 'robnr
2768 918 3150 986 lladrianopoli
3196 919 3336 972 velut
3367 918 3419 971 in

1883 1007 2129 1060 excubiis
2162 1007 2422 1062 haberent
2450 1028 2462 1062 :
2503 1012 2662 1075 unde,
2699 1012 2985 1064 momentis
3025 1025 3199 1064 rerum
3233 1024 3295 1061 ex
3324 1025 3431 1062 nsn

1884 1111 1986 1149 suo
2014 1100 2375 1166 gerendarum
2410 1101 2801 1156 animadversis
2828 1140 2842 1159 .
2877 1103 3126 1170 progredi
3166 1102 3422 1169 paulatim

1883 1185 2046 1241 latius
2082 1200 2133 1243 et
2184 1190 2235 1244 in
2274 1191 2500 1261 Europa:
2522 1194 2726 1248 viscera
2761 1195 2992 1266 grassari
3020 1193 3421 1259 possent.'San;

1881 1280 2101 1334 sovinus
2132 1283 2429 1349 existimat,
2460 1287 2695 1353 primum
2737 1287 2976 1340 omnium
3010 1285 3419 1346 Mucltemetem.

1878 1368 2184 1431 Gilderunis
2227 1373 2391 1427 ﬁlium
2422 1415 2437 1438 ,
2486 1377 2592 1430 huc
2629 1377 2837 1445 imperii
2867 1378 2947 1430 sui
2973 1377 3159 1453 sedem.
3187 1384 3418 1430 transtuo

1878 1458 2027 1523 lisse.
2063 1464 2206 1531 quod
2241 1465 2458 1519 urbium
2494 1466 2739 1520 Thracia:
2764 1466 2925 1522 facile
2950 1460 3112 1537 caput
3135 1466 3277 1522 esset
3311 1469 3417 1519 Ha-

1874 1550 2221 1621 drianopolis.
2258 1554 2361 1611 Sed
2408 1565 2531 1611 ante
2579 1557 2931 1612 Muchcmetis
2964 1560 3121 1611 etiam
3175 1567 3447 1632 tempom._

1874 1650 2080 1696 certum
2128 1645 2240 1698 sive
2289 1634 2466 1715 regiae,
2520 1650 2635 1703 sive
2681 1648 2853 1704 Portre
2882 1648 3179 1704 Osmanicre
3211 1649 3425 1713 locum,

1874 1722 2128 1784 sultanos.
2151 1732 2352 1800 priores
2386 1733 2769 1806 lladrianopoli
2804 1738 3183 1801 constituisse,
3231 1738 3411 1806 pluri-

1873 1819 1973 1872 bus
2008 1836 2069 1874 ex
2107 1823 2239 1878 locis
2288 1824 2503 1881 Laoniei
2554 1816 2907 1897 nianifcqstum
2958 1841 3061 1885 est.
3116 1830 3320 1897 Quippe
3351 1834 3416 1885 de

521 1875 530 1880 -
1051 1875 1056 1876 κ
1122 1875 1125 1876 ν
1174 1875 1187 1879 τ
1359 1875 1622 1895 ,πη-η--.
1656 1875 1740 1882 ----

217 1900 324 1968 git,
378 1904 471 1957 sed
521 1906 800 1977 rejiciendi
835 1913 1057 1966 omnino
1112 1916 1333 1981 totidem
1373 1920 1614 1984 veniunt,
1639 1938 1743 1989 quo

2169 1875 2184 1878 τ
2218 1875 2231 1878 ,
2289 1875 2502 1881 _____-.._
2960 1875 3061 1885 νυ..
3122 1875 3320 1897 ηψπ-

1870 1908 2209 1968 Mulsumane
2278 1918 2557 1988 eloquens,
2617 1920 2930 1987 Profectus,
2968 1922 3162 1991 inquit.
3193 1922 3413 1976 lladria—

213 2004 375 2047 extra
407 2002 828 2055 controversiam
858 2003 1091 2073 legitimi.
1120 2018 1409 2080 censentur
1437 2027 1451 2061 :
1508 2013 1765 2068 nimirum

214 2085 272 2138 lii
312 2102 427 2151 sax,
449 2087 796 2157 Orthobules,
819 2093 1597 2170 Mulsumaues,Cyriscelebis,
1632 2106 1779 2171 Alis,

210 2174 405 2241 Jcsus
432 2180 608 2235 minor
637 2221 650 2244 ,
721 2182 1044 2253 Mnstaphas-
1078 2203 1438 2258 cognomento
1488 2192 1713 2251 Dusmes
1746 2214 1761 2251 :

210 2284 343 2324 cum
402 2271 564 2351 primi
614 2289 678 2327 ex
733 2274 816 2331 Itis
869 2277 1184 2335 Orthobulis
1236 2283 1345 2338 lilio
1390 2283 1570 2349 Ziebc,
1604 2304 1761 2358 quem

206 2361 394 2430 ipsum
418 2380 629 2434 quoque
650 2366 813 2424 Turc’i
841 2387 937 2427 ceu
967 2384 1171 2429 cretum
1198 2375 1612 2434 Osmanidarum
1641 2398 1762 2437 san-

205 2456 379 2518 guine
438 2472 543 2511 non
599 2474 919 2529 agnoscunt.
957 2458 1172 2531 [nterim
1226 2485 1353 2524 Vero
1402 2488 1498 2541 pro
1554 2475 1763 2530 duobus

202 2547 471 2614 explosis,
495 2551 601 2606 duo
617 2555 912 2610 succedunt
934 2558 1195 2614 hactenus
1221 2563 1436 2628 quidem
1457 2566 1643 2629 ignoti,
1666 2568 1759 2622 sed

204 2654 236 2689 a
264 2635 457 2693 Turcis
484 2657 576 2710 pro
600 2646 854 2713 legitimis
878 2650 1037 2718 agniti
1063 2650 1371 2708 Gilderunis
1402 2655 1491 2709 lilii
1519 2673 1611 2727 pro
1629 2658 1760 2713 Dus?

204 2746 295 2783 me
315 2731 615 2799 Mustaplta,
641 2730 952 2807 Lius't’apltas
983 2741 1212 2807 Zelebis,
1240 2747 1472 2801 amissus
1497 2749 1547 2800 itt
1582 2766 1758 2817 pugna

212 2832 402 2875 contra
425 2822 711 2891 Temirem,
734 2844 827 2896 pro
843 2828 966 2884 Jesu
989 2832 1194 2888 minore
1223 2834 1491 2897 ,Casanes
1527 2838 1755 2897 Zelebis.

198 2909 296 2966 68.
326 2912 367 2965 Α
399 2932 497 2987 φφ
521 2932 731 2996 necatus
745 2919 913 2996 fuerit
934 2921 1042 2983 Isa,
1071 2924 1477 2996 Constantinus,
1505 2946 1597 2996 pro
1638 2930 1754 2985 Ma-

552 2986 706 3040 nuale
734 2988 1030 3044 Gra'corum
1064 2993 1389 3059 imperatore.

274 3072 511 3141 Scripsit
563 3076 852 3141 Laonicns,
900 3082 1043 3137 inter
1103 3084 1491 3141 Mulsumauem
1540 3073 1753 3148 iit-sum-

1869 2006 2130 2072 nopolim,
2170 2010 2331 2073 regni:
2370 2011 2550 2065 sedem
2600 2016 2725 2084 (hoc
2777 2029 2880 2083 est,
2914 2034 3031 2085 quas
3068 2034 3215 2085 regni
3257 2018 3411 2072 sedes

1866 2096 2003 2163 erat)
2030 2139 2043 2162 ,
2082 2114 2301 2168 regnum
2339 2104 2644 2161 ordinavit.
2683 2105 2746 2161 Et
2799 2109 2961 2177 paulo
2990 2120 3110 2163 ante
3139 2109 3205 2163 de
3246 2109 3407 2171 Maso,

1866 2182 2326 2259 Hadrianopolim.
2356 2194 2452 2260 ait,
2480 2210 2598 2263 qua:
2635 2198 2780 2266 regni
2807 2200 2959 2253 sedes
2981 2208 3083 2261 est,
3110 2188 3403 2267 profectus.

1865 2275 2061 2330 ibidem
2096 2295 2184 2333 rex
2216 2281 2536 2339 declaratur.
2561 2287 2729 2351 Quam
2766 2290 2982 2343 reroad
3016 2291 3198 2345 urbem
3234 2299 3408 2345 trans-

1858 2365 1969 2443 lata
2021 2371 2233 2426 tertium
2278 2373 2436 2428 fuerit
2470 2374 2652 2442 Porta,
2684 2395 2843 2432 nemo
2872 2396 2976 2434 non
3012 2382 3182 2434 novit.
3256 2438 3259 2445 η

2118 2463 2205 2518 70.
2229 2464 2395 2531 Gerle,
2427 2466 2615 2536 Dolap,
2642 2470 2953 2527 Soleimmtis
2980 2490 3167 2528 mores.
3242 2536 3243 2539 η

1938 2552 2009 2608 De
2040 2555 2410 2613 lsvendiarum
2436 2561 2640 2617 ditione
2670 2567 2922 2633 superius
2951 2569 3270 2637 explicatum
3304 2587 3419 2623 nn-.

1863 2659 2012 2698 mero
2040 2656 2288 2702 notarum
2321 2649 2408 2710 15,
2432 2667 2534 2720 qua
2566 2662 2617 2707 et
2646 2653 2802 2709 Gerle
2838 2660 3404 2726 comprebetulrbatur

1860 2735 2134 2802 oppidum.
2169 2739 2222 2791 ld
2256 2750 2379 2795 nota
2410 2730 2478 2817 19
2512 2744 2748 2799 diximus
2776 2748 2826 2799 in
2856 2747 3052 2811 tabulis
3078 2753 3402 2820 geograpbi~

1860 2824 1936 2877 cis
1965 2838 2218 2897 corrupte
2254 2832 2515 2899 scriptum
2552 2834 3153 2907 inveniri'Gerede-pro
3187 2842 3395 2897 Gerele.

1858 2914 2091 2973 Narrant
2118 2936 2243 2975 vero
2269 2926 2491 2981 annales
2517 2968 2532 2991 ,
2563 2926 2926 2984 Soleitnanent
2962 2945 3139 2987 caSIra
3181 2946 3398 3004 proptrr

1856 3007 2070 3074 Gerlen,
2099 3013 2164 3065 ad
2199 3014 2368 3079 ripam
2396 3016 2632 3075 fluminis
2662 3021 2889 3077 locasse.
2922 3024 3035 3079 Non
3072 3029 3397 3093 exprimitur

1853 3096 1973 3165 ejus
2007 3088 2242 3158 fluminis
2277 3104 2365 3159 hic
2396 3123 2613 3169 nomen.
2656 3112 2748 3164 sed
2789 3111 2840 3165 in
2879 3112 3139 3166 Anatolize
3189 3115 3394 3169 descri-

192 3179 306 3231 que
339 3166 597 3232 majorem
619 3180 763 3236 gesta
801 3169 965 3227 fuisse
986 3175 1050 3228 de
1083 3174 1308 3244 imperio
1339 3178 1497 3243 bella,
1522 3197 1748 3250 quorum
1778 3193 1820 3253 c
1854 3190 2034 3257 ptione
2072 3192 2235 3261 Dolap
2280 3207 2519 3251 vocatur.
2543 3199 2863 3256 S‘oleiutauis
2904 3203 3137 3259 indolem
3163 3205 3395 3263 Clt'alco—

192 3265 380 3307 tamen
407 3260 629 3313 annales
656 3261 708 3313 bi
740 3276 844 3317 non
874 3265 1188 3330 meminere,
1222 3261 1544 3340 tandemque
1564 3272 1744 3330 Jcsum

188 3360 224 3398 ει
262 3344 601 3404 Mulsumane
647 3362 1004 3421 peremptum.
1060 3354 1189 3424 Ejus
1252 3361 1521 3426 parricidii
1589 3367 1744 3432 culpa

189 3435 634 3506 Mulsumanem",
666 3442 769 3495 hoc
807 3454 887 3498 est
914 3487 928 3509 ,
966 3445 1322 3502 Soleimanem
1374 3451 1611 3519 profecto
1648 3460 1746 3511 im-

185 3539 496 3581 merentem
555 3542 765 3594 onerat,
817 3535 972 3604 cujus
1030 3547 1307 3592 auctorem
1346 3538 1505 3597 Turei
1539 3544 1740 3602 Musam

184 3614 435 3683 produnt
462 3618 842 3687 ,tquibuscum
887 3622 999 3692 ipsa
1037 3640 1215 3679 rerum
1276 3639 1547 3697 gestarum
1575 3635 1742 3689 series

130 3731 137 3739 -
183 3706 487 3762 consentit.
534 3711 605 3765 De
654 3714 869 3767 nomine
922 3716 1303 3797 Constantini,
1364 3737 1471 3790 quo
1531 3725 1741 3782 Turcos

180 3798 503 3854 Grmcorum
544 3802 901 3872 imperatores
934 3823 1125 3864 omnes
1154 3812 1477 3880 appellasse,
1508 3832 1736 3873 numero

180 3898 438 3944 notarum
482 3891 557 3946 ’51
613 3894 871 3961 diximus,
907 3900 1211 3968 exemplum
1255 3903 1343 3957 hic
1375 3907 1519 3960 aliud
1550 3909 1733 3965 habes.

177 3980 235 4037 Is
266 3983 412 4038 enim
440 3983 661 4040 Graecus
709 3985 1022 4056 itupvrator,
1048 3991 1115 4045 ad
1144 4007 1302 4063 quem
1324 4004 1574 4051 narratur
1599 3999 1735 4053 emir

176 4068 525 4126 Suleimanes
576 4073 827 4127 obsidum
874 4076 994 4133 loco
1027 4078 1243 4145 misisse
1274 4096 1514 4139 sororem
1555 4101 1729 4153 suam,

174 4165 521 4235 fratremque
542 4177 674 4239 natu.
691 4169 998 4235 minimum,
1030 4188 1134 4227 non
1162 4174 1503 4232 Constantini
1536 4196 1729 4238 nomen

174 4257 436 4322 habebat,
497 4259 587 4312 sed
646 4259 927 4327 Matiuelis,
982 4277 1045 4318 ex
1094 4263 1453 4338 Palaaologina
1502 4268 1728 4340 familia,

170 4345 338 4415 cujus
362 4355 418 4422 et
447 4350 695 4416 superius
726 4349 863 4405 facta
895 4354 1130 4407 mentio-
1440 4356 1441 4359 “

421 4458 511 4515 69.
544 4458 705 4516 Sedes
752 4448 953 4529 imperii
984 4464 1191 4521 Turrici
1214 4469 1453 4529 diversa.

1850 3282 2103 3352 condyles
2129 3300 2344 3355 quoque
2397 3305 2493 3344 ceu
2548 3291 2747 3350 bonam
2777 3295 3053 3363 praedicat,
3098 3301 3257 3366 eique
3282 3317 3393 3354 ma-
3470 3348 3473 3351 Α

1848 3386 1981 3439 gnas
2004 3376 2229 3432 virtutes
2290 3379 2509 3446 tribuit,
2575 3379 2667 3439 Sed
2719 3386 2905 3441 eadem
2955 3403 3074 3443 cum
3110 3388 3302 3444 Turcis
3326 3396 3391 3445 de

1849 3469 2122 3533 perpetuis
2169 3470 2284 3539 ejus
2332 3476 2699 3541 potationibus
2723 3489 2773 3532 et
2800 3481 2925 3533 luxu
2960 3493 3386 3540 commemorat:

1843 3569 1964 3622 qua:
1999 3558 2203 3612 homini
2239 3552 2412 3617 minus
2453 3580 2629 3618 rerum
2677 3582 2897 3622 suarum
2947 3572 3167 3640 provido
3190 3574 3391 3629 sollit'io.

1768 3692 1769 3695 η
1844 3653 2002 3714 toque
2025 3650 2233 3703 tandem
2264 3646 2486 3707 exitium
2522 3658 2839 3714 attulerunt.

1843 3737 1931 3798 71v.
1985 3737 2229 3827 Vales/ilia
2268 3742 3125 3827 parg_bogdqnia,__Nemetsassii.
3183 3758 3375 3827 Much,

2088 3810 2337 3880 Callicia,
2386 3810 2632 3888 tiaoda,
2669 3820 2875 3887 Mune,
2906 3810 3142 3893 Bogdmi.
3184 3810 3199 3892 ί

1908 3921 2066 3976 Dacia
2106 3923 2375 3994 quondam
2419 3932 2803 4001 appellabatur
2840 3938 3168 4005 amplissima
3206 3945 3375 4012 regio,

1835 4024 1954 4079 qua:
1977 4011 2451 4086 Transsylvaniam
2490 4038 2612 4076 cum
2676 4032 2901 4096 utraque
2929 4027 3176 4086 Valacbia
3205 4011 3384 4089 conti-’

1835 4101 2012 4156 nebat.
2038 4102 2103 4157 Et
2125 4106 2347 4176 cingunt
2374 4112 2546 4167 amba:
2575 4106 2838 4172 Valeri-ia:
2877 4115 3389 4190 Transsylvaniam,

1832 4210 2058 4265 quarum
2095 4214 2199 4253 una
2234 4201 2454 4271 majoris
2486 4220 2676 4260 nomen
2704 4206 2883 4275 habet,
2924 4211 3091 4267 altera
3126 4216 3370 4271 minoris.

1830 4284 2003 4356 Major
2037 4289 2104 4342 ad
2145 4289 2412 4348 Euxinum
2466 4311 2612 4351 mare
2663 4313 2723 4352 se
2775 4302 3045 4371 porrigit,”
3075 4315 3127 4358 et
3172 4310 3389 4363 nosttis'

1828 4376 2112 4444 Moldavia,
2136 4381 2329 4439 Turcis
2354 4387 2779 4456 Carabogdania,
2805 4396 2955 4459 quasi
2980 4396 3127 4465 nigra
3164 4396 3369 4465 Bogda-

1828 4467 1935 4532 nia,
1969 4469 2083 4525 sive
2115 4471 2351 4542 Bogdani
2382 4476 2529 4545 regio
2554 4478 2754 4533 dicitur
2786 4497 2799 4534 :
2830 4496 2856 4534 a
2893 4480 3162 4543 frumento
3189 4490 3373 4558 nigro,

238 4554 490 4620 Quanam
527 4559 848 4612 caremonia
876 4562 1073 4616 sultanj
1106 4561 1319 4619 Turcici
1354 4583 1578 4634 regnum
1614 4560 1724 4625 ra"-
1756 4570 1805 4633 ι)
1827 4558 1981 4627 0115118
2008 4571 2242 4633 estager
2283 4566 2389 4622 ille.
2421 4568 2813 4628 feracissimus.
2843 4575 3106 4644 Gallicus,
3140 4590 3193 4635 et
3222 4584 3359 4639 alter

166 4646 370 4716 spicari
392 4651 765 4706 consueverint
790 4691 805 4716 ,
827 4652 1127 4721 expositum
1164 4669 1193 4708 a
1229 4659 1382 4713 nobis
1410 4669 1491 4713 est
1520 4662 1724 4728 prolixe

166 4735 221 4788 in
258 4735 542 4792 annalium
570 4739 976 4809 supplemento,
1008 4743 1167 4798 initio
1200 4748 1349 4821 regni
1383 4749 1598 4804 Selimis
1635 4766 1723 4807 se-

166 4826 362 4892 cundi,
408 4828 551 4896 quod
598 4829 787 4885 incidit
832 4832 885 4889 in
919 4842 1128 4892 'annum
1154 4821 1523 4895 Christianum
1557 4841 1716 4897 1566.

167 4920 398 4975 Solebat
445 4930 625 4976 autem
670 4922 777 4978 hoc
807 4924 858 4981 in
893 4926 1099 4982 calfieri
1132 4927 1367 4994 civitate,
1407 4946 1527 5000 qua:
1564 4936 1718 4990 sedes

156 4996 313 5065 Vesaet
346 5013 582 5087 imperii.
641 5014 915 5084 Principio
974 5017 1165 5074 Turcis
1192 5034 1256 5076 ea
1287 5021 1386 5076 fuit
1416 4996 1582 5078 brusa
1634 5025 1717 5077 Bi-

163 5102 391 5172 thynia,
442 5106 605 5172 paulo
651 5116 779 5162 ante
823 5118 1050 5166 mortem
1084 5099 1336 5168 Ostnanis
1360 5116 1431 5169 ab
1464 5109 1724 5175 Uri-hane

163 5194 277 5249 tilio
314 5202 472 5264 capta
503 5210 520 5248 :
576 5210 695 5265 quae
747 5197 873 5253 licet
903 5201 1167 5257 honorem
1200 5204 1340 5259 hunc
1368 5223 1477 5263 non
1506 5205 1595 5262 diu
1630 5225 1712 5264 rc-

162 5287 346 5357 tinuit,
389 5274 471 5342 ex
498 5289 723 5359 pristina
779 5299 954 5347 tamen
997 5297 1350 5365 pratrogativa
1397 5301 1613 5367 meruit,
1651 5312 1709 5356 ut

158 5375 462 5446 longissimi
485 5382 740 5449 temporis
758 5383 930 5451 spatio
962 5384 1157 5443 sultani
1184 5385 1483 5443 Turturum
1509 5392 1707 5445 mortui

158 5468 401 5531 paternis
429 5477 483 5523 et
505 5472 663 5525 avitis
692 5472 821 5527 istic
848 5474 1235 5539 monumentis,
1268 5476 1430 5530 etiam
1460 5478 1549 5534 diu
1575 5486 1697 5548 pOst

157 5566 368 5625 captant
395 5557 942 5631 Constantinopolim,
971 5564 1114 5621 sicut
1140 5565 1198 5623 in
1230 5567 1338 5621 vita
1367 5567 1565 5622 sultani
1599 5571 1700 5624 Sc-

154 5646 298 5701 limis
349 5634 572 5705 secundi
614 5650 684 5706 de
742 5653 1001 5709 Achmete
1054 5655 1393 5727 Corcutrque
1448 5658 1703 5717 fratribus

157 5738 352 5795 ibidem
386 5742 821 5813 sepultisvidere
846 5745 994 5813 licet,
1024 5746 1373 5808 inferrentur.
1411 5749 1695 5823 Postquam
1724 5736 1734 5750 “

1825 4650 2268 4725 Clialcocondylis
2310 4658 2597 4729 interpres,
2650 4662 2928 4721 Podoliam
2957 4670 3247 4738 periuscite
3278 4674 3359 4728 fa-

1822 4741 2005 4808 ciunt,
2031 4748 2301 4816 regionem
2329 4750 2469 4818 juris
2498 4748 2762 4811 Polonici.
2794 4756 2965 4813 Minor
2996 4771 3216 4829 propter
3255 4763 3359 4818 Da-

1820 4834 1966 4888 nubii
1996 4836 2140 4905 ripas
2172 4842 2519 4908 extenditur,
2546 4846 2938 4917 ct‘plerumque
2963 4849 3315 4924 Transalpina
3342 4898 3357 4922 .

1818 4922 2064 4980 Bonilnio
2115 4928 2364 4984 Montana
2395 4949 2609 5003 quoque
2636 4938 2777 4993 sicut
2796 4950 2848 4995 et
2874 4924 2996 4997 aliis
3025 4922 3354 5004 nominatur.

1818 5014 2095 5073 Vlacltiam
2126 5008 2385 5079 vocavere
2415 5025 2610 5095 Grmci,
2643 5039 2699 5086 et
2719 5032 3183 5096 inrolastlaebos
3216 5060 3229 5095 :
3258 5037 3380 5110 pro

1814 5110 2013 5172 quibus
2067 5112 2390 5182 interpretes
2446 5116 2690 5181 Zonarze,
2756 5122 2974 5179 (iedrini
3028 5137 3081 5182 et
3122 5114 3350 5183 aliorum

1811 5201 2194 5258 historicorum
2247 5208 2529 5265 reddidere
2560 5210 2829 5268 Blacliiam
2856 5224 2908 5269 et
2936 5215 3178 5279 Blacbos.
3216 5235 3352 5275 con-

1811 5299 1889 5345 tra
1933 5294 2227 5349 molliorem
2262 5300 2648 5365 pronuntiandi
2681 5309 2944 5360 rationem
2985 5306 3294 5363 Grecorum
3332 5331 3346 5364 :

1808 5398 1945 5452 quos
1981 5373 2257 5441 imitantes
2297 5387 2485 5455 Turci,
2531 5408 2637 5446 non
2695 5394 2895 5459 lblach,
2949 5398 3234 5455 sed'lﬂacb
3272 5404 3347 5457 di-

1809 5474 2193 5532 cunt.'Nomeu
2222 5478 2579 5536 Valachorum
2618 5501 2722 5539 non
2753 5502 2782 5542 a
2818 5487 3041 5547 Flaccis
3062 5493 3341 5556 Romanis.

1806 5568 2015 5638 origine
2042 5568 2305 5636 fabulosa,
2337 5571 2500 5644 429
2535 5590 2652 5647 quae
2702 5579 2945 5647 pluribus
2981 5593 3179 5639 tamen
3233 5588 3343 5655 pla-
3431 5616 3434 5620 ~

1805 5660 1933 5712 cuit.
1968 5659 2059 5713 sed
2110 5676 2139 5714 a
2179 5662 2459 5721 Germanis
2512 5670 2710 5724 nostris
2760 5671 3055 5742 profectum
3086 5676 3338 5731 arbitror.

1805 5751 2121 5807 Habuerunt
2150 5755 2293 5810 enim
2324 5759 2527 5816 vicinos
2550 5761 2675 5818 Daci
2701 5764 3016 5829 Germanos,
3045 5776 3170 5836 puta
3199 5765 3342 5835 Qua-

158 5844 279 5885 vero
313 5832 636 5893 tansvoctis
676 5832 732 5890 in
767 5831 1037 5905 Europam
1085 5837 1277 5907 copiis,
1318 5837 1554 5896 Mur’atcs
1584 5842 1697 5909 pri-
1801 5842 1939 5911 dos,
1968 5841 2203 5912 Gothos,
2242 5846 2505 5917 Gepidas,
2543 5852 2595 5907 iu
2631 5869 2856 5922 quorum
2886 5869 3047 5923 agro,
3074 5857 3165 5926 qui
3198 5871 3344 5925 nunc
