4032 6344
653 447 756 509 797

1838 458 2158 523 JOANNIS
2191 465 2658 533 LEUNCLAVII

3765 472 3855 534 788

650 566 977 633 t.lcpisiensis
1030 567 1247 635 dicitur,
1296 572 1483 627 incohe
1528 575 1824 643 praesertim
1870 574 2198 632 Casemarca

2334 583 2423 639 72.
2460 584 2853 656 Samobunugli,
2881 587 3045 653 Asopi
3075 588 3148 641 rel
3186 585 3341 650 Azepi
3360 607 3377 649 ,-
3453 584 3669 641 Laonici
3696 586 3829 643 locut

652 654 815 714 vicini
853 677 911 715 se
942 662 1335 722 Nemctsassios
1375 669 1642 740 hodieque
1700 672 1983 727 nominaut
2014 714 2029 735 ,
2068 686 2200 726 voce

653 756 717 805 u'e
769 752 1007 811 Nemetis
1058 757 1159 822 (sic
1214 759 1413 830 [iugari
1468 760 1766 819 Germanos
1815 765 2110 833 appellant,
2145 772 2204 817 ut

652 842 881 899 Venethe
931 848 1177 903 nationes
1234 849 1530 921 Nemitzos)
1566 868 1617 908 et
1647 854 1847 910 Sassiis
1878 855 2199 923 composita,

649 953 770 1003 quae
817 939 1032 994 Sassios
1089 942 1203 994 sive
1257 943 1500 1019 Sasones
1549 945 1847 1003 Germanos
1906 946 2199 1015 signiiicat.

651 1030 904 1085 Germani
972 1049 1102 1088 vero
1153 1039 1396 1105 plerique
1455 1048 1561 1094 tam
1618 1039 1782 1094 Italos
1810 1054 1971 1107 quam
2013 1038 2200 1093 Gallos

652 1122 767 1191 (qui
817 1116 1118 1183 Grrmanis’
1148 1140 1277 1185 sunt
1325 1132 1507 1197 Walii,
1569 1132 1711 1186 sicut
1753 1130 1979 1185 Gilimer
2002 1144 2199 1184 nomen

651 1216 941 1273 Gothicum
968 1234 1054 1277 est
1084 1224 1333 1279 Wiltucr.
1392 1226 1458 1279 Et
1490 1226 1541 1278 in
1574 1224 1765 1295 Anglia
1796 1238 2015 1291 quoque
2047 1220 2200 1274 Wal-

653 1313 827 1365 lorum
885 1330 1079 1375 nomen
1141 1318 1335 1386 priscis
1397 1318 1590 1373 incolis
1639 1314 2080 1385 provincialibus,
2136 1312 2203 1364 ab

653 1404 1166 1471 Anglo-Saxonibus
1217 1411 1417 1466 nostris
1464 1408 1715 1470 inditum,
1764 1396 1969 1473 manet)
2007 1417 2203 1457 vocare

652 1497 828 1551 solent
853 1497 1107 1555 Walchos
1135 1513 1188 1554 et
1214 1501 1521 1557 Walischos
1554 1522 1568 1556 ι
1600 1516 1829 1569 quorum
1856 1500 2053 1564 linguai
2081 1510 2204 1563 l"'0'

656 1610 669 1631 ι
689 1590 870 1646 inciali
895 1608 1017 1649 cum
1048 1593 1230 1662 lingua
1266 1595 1460 1656 Daciae,
1486 1611 1607 1663 qua:
1631 1596 1743 1661 ipsa
1771 1607 1987 1661 quoque
2005 1588 2202 1641 Roma-

653 1699 845 1740 norum
884 1684 1161 1753 provincia
1192 1687 1461 1754 quundam
1490 1686 1607 1750 fuit,
1638 1684 1812 1737 ailinis
1840 1690 1983 1737 essm
2015 1700 2026 1733 :
2062 1680 2200 1739 icltllli

655 1792 682 1822 ει
713 1774 916 1826 nostris
954 1773 1299 1828 Walchorutu
1352 1792 1548 1829 nomen
1600 1789 1877 1841 accepere,
1919 1771 2064 1841 quod
2108 1770 2203 1823 de-

653 1867 990 1923 nuntiatione
1018 1868 1247 1921 molliori
1268 1878 1527 1922 mutatum
1562 1868 1614 1921 in
1648 1864 1956 1920 Waiachos.
1988 1861 2202 1917 Suffra-

654 1965 810 2011 ttatur
846 1957 971 2013 huic
1005 1958 1245 2026 opinioni
1283 1973 1411 2011 mea:
1434 1966 1591 2011 vetus
1638 1956 1799 2010 etiam
1833 1954 2071 2009 Gallici-a2
2100 1972 2202 2011 no-

658 2062 802 2106 men,
848 2047 1104 2117 frequens
1143 2049 1195 2102 in
1227 2050 1469 2117 antiquis
1507 2047 1756 2118 ngariae
1789 2063 1975 2115 regunt
2006 2048 2202 2111 titulis,

656 2148 764 2202 quo
794 2136 1046 2197 Valachia
1093 2140 1523 2209 significabatur.
1574 2141 1762 2194 eadem
1794 2156 1915 2213 cum
1952 2140 2121 2195 Gallis
2154 2149 2207 2193 et

660 2229 805 2292 Italis
856 2241 1016 2295 utens
1072 2235 1280 2304 lingua,
1343 2234 1484 2288 sicut
1513 2242 1564 2287 ct
1591 2248 1739 2287 nunc
1763 2232 2077 2287 aﬂinitatem
2106 2233 2205 2288 ali—

656 2343 817 2393 quam
854 2342 979 2379 cum
1017 2342 1203 2381 eorum
1246 2329 1427 2397 lingua
1471 2326 1791 2397 provinciali
1819 2326 2034 2383 retinet.
2078 2324 2206 2379 Vai-

664 2421 806 2471 toilae
841 2433 964 2471 vero
994 2434 1186 2477 nomen
1232 2419 1554 2488 generaliter
1589 2419 1861 2490 signiﬁcat
1890 2419 2206 2489 [traiectum

664 2509 914 2572 militum,
942 2523 1103 2578 quem
1135 2509 1477 2575 capitaneum
1500 2509 1659 2578 volgo
1689 2518 1903 2562 vocant.
1931 2508 2034 2562 Sed
2066 2506 2210 2577 apud

665 2603 904 2668 t'ugaros
930 2609 984 2652 ut
1009 2600 1158 2665 olim,
1194 2601 1274 2655 sic
1309 2600 1470 2655 etiam
1506 2600 1688 2664 hodie,
1718 2600 1839 2656 duae.
1869 2610 1995 2654 sunt
2027 2599 2211 2665 appel-

661 2698 888 2749 miones
920 2692 1456 2748 administrationum
1480 2690 1841 2745 maximarum
1874 2706 1888 2744 :
1916 2705 2023 2745 una
2053 2691 2205 2755 Bani,

660 2787 727 2840 .le
756 2800 857 2852 qna
882 2801 980 2840 suo
1012 2789 1150 2848 loco,
1187 2784 1446 2837 nimirum
1487 2782 1816 2852 capite-174,
1854 2782 2066 2849 plenius
2116 2780 2205 2835 di-

656 2878 798 2928 t‘itlrl
832 2891 1045 2936 sumus.
1070 2880 1237 2929 altera
1281 2874 1551 2930 Vaivodtr.
1582 2876 1764 2929 Banus
1792 2883 1873 2928 est
1899 2888 2096 2943 prmses
2124 2888 2212 2927 re-

662 2972 785 3034 eius
813 2969 867 3022 in
901 2968 1085 3037 aliquo
1130 2982 1193 3021 ex
1232 2969 1414 3037 regnis
1458 2966 1710 3038 Ungaria:
1765 2967 2053 3032 adjunctis.
2092 2965 2215 3019 Vai-

662 3063 794 3115 mda
846 3077 974 3115 vero
1028 3076 1225 3130 presses
1285 3061 1486 3113 dicitur
1524 3098 1540 3122 ,
1599 3058 1719 3111 loco
1779 3057 1920 3125 regis
1979 3057 2213 3111 admini-

661 3155 977 3209 strationem
1004 3153 1207 3209 habens
1235 3151 1287 3205 in
1319 3152 1500 3221 aliqua
1534 3148 1974 3219 provincia,puta
2008 3146 2215 3201 Trans-

663 3250 928 3315 sylvania,
950 3245 1204 3300 Valachia
1239 3244 1452 3311 majori,
1477 3241 1733 3296 Valachia
1758 3240 1952 3294 minori
1985 3256 1998 3292 :
2032 3238 2125 3292 sed
2152 3253 2212 3291 ea
2242 3224 2285 3283 ο

663 3346 773 3406 Ιναο
805 3349 1009 3399 tamen,
1064 3350 1120 3390 ιιι
1186 3338 1546 3404 gubernatore
1576 3336 1648 3387 sit
1680 3330 1926 3395 inferior.
1956 3329 2215 3391 Yaivodae

666 3430 906 3489 \‘alachi,
938 3440 1215 3496 postquam
1242 3428 1309 3485 ab
1335 3425 1581 3494 ngariae
1612 3439 1793 3493 regum
1816 3422 2123 3479 obedientia
2152 3437 2212 3475 se
2236 3475 2249 3481 η

664 3522 1078 3584 sntitraxissent.
1106 3533 1255 3571 more
1282 3517 1590 3572 Grmeorum
1621 3516 1878 3582 despotaa,
1900 3514 1967 3567 de
1994 3529 2099 3581 qua
2132 3513 2216 3565 di-

663 3618 866 3684 gnitate
916 3613 1167 3683 superius
1215 3613 1440 3664 numero
1475 3616 1728 3667 notarum
1791 3606 1859 3659 δι
1889 3605 2096 3675 prolixe
2130 3605 2219 3657 di-

662 3721 835 3774 ctum,
856 3723 951 3778 pro
982 3704 1234 3760 Vaivodis
1262 3702 1448 3758 audire
1472 3701 1799 3762 maluerunt,
1818 3697 1972 3766 quasi
1999 3698 2043 3751 si
2065 3696 2218 3766 priu-

664 3805 815 3870 cipes
865 3809 1050 3854 essent
1106 3794 1392 3852 absoluti:
1441 3807 1539 3847 nec
1587 3790 1806 3860 regibus
1838 3788 2089 3857 subjecti,
2125 3787 2217 3842 scd

666 3896 848 3962 potius
910 3893 1175 3962 dignitate
1230 3887 1447 3957 regibus
1508 3872 1764 3955 proximi.
1827 3879 2031 3935 Verum
2090 3896 2221 3934 nsu-

670 3988 811 4044 venit
841 3986 942 4048 eis,
979 3982 1121 4053 quod
1150 3981 1354 4036 Grecis
1385 3977 1653 4033 accidisse
1684 3983 1918 4040 constat,
1967 3976 2058 4043 qui
2104 3988 2219 4026 ma-

668 4063 844 4137 ximas
874 4075 937 4129 ad
968 4073 1245 4145 angustias
1266 4068 1751 4134 redactoimperio,
1780 4068 1967 4121 titulos
1995 4066 2221 4133 ampliu-

670 4188 757 4226 res
796 4167 1175 4235 excogitarnut
1216 4181 1231 4218 :
1292 4162 1370 4215 uti
1424 4174 1569 4213 nunc
1609 4159 1770 4219 etiam
1800 4157 1940 4240 apud
1972 4158 2224 4210 Ausones

673 4258 963 4323 t:0tlllllllos
1000 4257 1054 4310 in
1084 4256 1202 4325 ipso
1234 4246 1628 4322 propemodum
1661 4246 1974 4310 amittenda:
2002 4244 2223 4307 Iiberta-

672 4355 742 4417 tis
800 4350 1031 4408 articulo
1077 4343 1382 4403 consimilia
1436 4338 1682 4411 quaedam
1718 4335 1995 4419 allectarc,
2029 4344 2224 4404 prater

673 4458 874 4501 morem
913 4439 1199 4505 majorum,
1229 4436 1497 4493 videmus.
1528 4433 1883 4501 Desp0tarum
1908 4440 2055 4485 certe
2079 4442 2224 4480 nunc

673 4534 885 4593 illorum
900 4546 961 4583 ea
988 4532 1092 4583 sub
1118 4529 1345 4583 Tureica
1376 4526 1633 4585 servitute
1653 4522 1895 4584 conditio
1926 4528 2031 4584 est,
2064 4534 2216 4573 man-
2255 4558 2298 4614 υ

668 4623 936 4698 cipiorutn
976 4631 1033 4678 ut
1063 4616 1284 4677 nomine
1310 4615 1510 4684 potius,
1538 4629 1703 4687 quam
1739 4612 2068 4679 principum,
2096 4624 2222 4662 ceu-

669 4714 823 4771 seutli
857 4712 1096 4769 veniant.
1149 4707 1252 4761 Sed
1301 4704 1631 4775 pergendum
1686 4703 1748 4753 ad
1793 4700 1919 4753 alia.
1962 4699 2224 4755 Valacho-

672 4823 790 4859 rum
831 4805 919 4859 ille
980 4800 1238 4863 Vaivoda,
1295 4812 1456 4867 quem
1504 4793 1739 4848 Annales
1790 4790 1842 4845 hi
1885 4790 2101 4844 Murzeu
2129 4803 2227 4846 γο-

670 4902 835 4959 t-ant.’
862 4895 1098 4950 Laooico
1147 4891 1348 4949 Mirxes
1386 4887 1597 4948 dicitur
1621 4926 1635 4946 ,
1669 4882 1916 4939 Bonlinio
1954 4879 2223 4943 Merches,

672 4995 775 5051 hoc
794 5003 899 5057 est,
920 4988 1150 5044 Marcus.
1177 4979 1619 5051 Reperiturapud
1648 4976 1898 5032 eumdem
1928 4973 2223 5037 Lttonicum

672 5095 727 5145 et
780 5083 983 5138 Mirdan
1023 5077 1291 5137 Valacltiae
1330 5072 1587 5142 principis
1618 5084 1837 5135 nomen,
1866 5067 2224 5136 compositum

671 5193 734 5230 ex
793 5177 895 5230 hoc
954 5174 1068 5239 ipso
1116 5169 1254 5225 Mirx
1288 5176 1341 5220 et
1376 5163 1486 5217 Dan
1518 5164 1632 5218 sive
1660 5161 1842 5219 Gdan.
1869 5160 1999 5215 Nam
2034 5161 2226 5229 etipsa

676 5269 819 5335 regio
874 5264 1161 5333 Bogdanite
1210 5275 1407 5321 nomen
1442 5260 1649 5324 accepit
1716 5272 1744 5309 a
1808 5253 2079 5324 Bogdanis
2107 5255 2222 5306 sive

673 5358 1011 5424 principibus
1058 5357 1191 5417 suis,
1251 5351 1342 5420 qui
1379 5348 1640 5410 vocabulo
1681 5363 1811 5401 sane
1843 5346 1931 5416 pio
1962 5344 2221 5401 dicuntur

677 5445 934 5513 llogdani,
984 5454 1241 5510 tanquam
1290 5440 1381 5493 Dei
1425 5455 1639 5496 munus.
1679 5440 1761 5492 vel
1790 5436 2112 5503 Theodosii.
2142 5439 2224 5489 vel

676 5533 967 5594 Theodori,
997 5532 1079 5583 vel
1112 5530 1385 5584 DorOthei.
1411 5529 1647 5583 Meminit
1672 5532 1830 5600 hujus
1866 5531 2012 5585 vocis
2046 5538 2097 5582 ct
2126 5528 2226 5581 Ce-

682 5627 873 5681 tlrinus
906 5626 958 5679 in
982 5624 1179 5679 Basilio
1210 5623 1625 5694 Bulgaroctouo,
1670 5641 1790 5701 cum
1824 5624 1895 5677 ait
1924 5642 1937 5678 :
1973 5620 2226 5677 Occurrit

678 5718 838 5770 etiam
897 5716 1208 5787 imperatori
1257 5715 1561 5787 Bogdanus,
1597 5726 1901 5771 castrorum
1942 5712 2221 5770 interioris

681 5808 912 5880 tz‘giuuis
943 5811 1197 5882 toparclta
1234 5810 1344 5869 sive
1378 5808 1614 5883 regulus.
2098 5824 2109 5835 ί

2708 658 3014 711 emendatus
3028 673 3047 721 ;
3076 661 3208 711 emir
3239 656 3457 713 Halem.

2372 764 2541 830 Quem
2573 766 2662 821 hic
2690 767 2929 823 Annales
2957 768 3348 839 Samobunogli
3380 771 3496 825 sive
3548 768 3719 823 lilium
3768 767 3853 821 Sa-

2304 859 2555 913 mobuna:
2582 853 2801 923 vocant.
2833 862 2970 916 inira
3001 861 3195 918 Scheic
3216 863 3480 918 Bedredio
3539 862 3851 933 appellatur.

2303 950 2391 1003 ubi
2426 950 2493 1005 de
2510 952 2776 1008 seditione
2795 969 2890 1023 per
2911 957 3086 1021 ipsum
3125 965 3262 1010 mota
3294 956 3514 1024 prolixae
3531 962 3662 1008 sunt
3683 970 3853 1007 narra-

2305 1041 2499 1098 tiones.
2536 1043 3023 1112 Stipendiariorum
3053 1049 3274 1102 nomine
3318 1048 3625 1116 intelligunt
3660 1046 3855 1113 Azapws

2303 1134 2386 1188 vel
2404 1135 2630 1204 Azepos.
2668 1136 2937 1193 Laonicus
2960 1139 3157 1193 alicubi
3183 1139 3499 1208 peregrinos
3528 1138 3686 1201 dixit,
3719 1152 3854 1189 more

2302 1224 2737 1295 Grmco,quibus
2762 1225 2896 1281 Χειιί
2954 1239 3242 1291 vocantur,
3300 1230 3353 1283 id
3410 1237 3513 1292 est,
3572 1225 3853 1297 peregrini,

2303 1317 2394 1385 qui
2424 1317 2708 1386 stipendiis
2733 1317 2987 1373 conducti
3020 1320 3277 1384 militant,
3309 1319 3413 1374 hoc
3440 1328 3546 1384 est,
3604 1318 3694 1387 qui
3746 1326 3856 1370 sunt

2304 1408 2688 1478 misthophori,
2748 1410 2889 1465 sicut
2924 1410 3087 1466 ii'dem
3121 1412 3412 1481 appellant.
3473 1410 3621 1465 ldem
3670 1407 3793 1462 alibi
3842 1426 3854 1457 :

2305 1499 2609 1555 Turcorum
2643 1502 2870 1568 pedites.
2898 1502 2999 1563 ait,
3058 1518 3198 1572 quos
3230 1503 3500 1573 Azapidas
3529 1509 3750 1554 vocant.
3803 1498 3856 1550 Et

2305 1593 2529 1646 omnino
2554 1593 2804 1647 militiam
2835 1595 2888 1648 hi
2920 1595 3221 1664 pedestrem
3249 1599 3476 1659 obeunt,
3502 1595 3627 1648 licet
3654 1592 3763 1646 alio
3802 1589 3857 1641 li-

2305 1680 2386 1736 bri
2423 1683 2598 1737 octavi
2632 1682 2755 1736 loco
2804 1683 3052 1751 legantur
3103 1686 3217 1741 htec
3270 1685 3431 1739 verba
3482 1683 3537 1740 in
3599 1681 3709 1734 vita
3759 1678 3859 1732 llu-

2304 1774 2563 1828 chemetis
2593 1773 2635 1827 ll
2668 1785 2795 1829 tunc
2828 1774 3145 1846 Belgradum
3178 1774 3538 1845 oppugnantis
3570 1771 3860 1840 :Azapides

2305 1864 2467 1932 (quos
2503 1863 2842 1919 llussarones
2866 1866 3034 1919 nostri
3064 1865 3280 1933 vocant)
3304 1860 3857 1935 diripueruntforum.

2309 1952 2422 2009 Rex
2453 1954 2741 2021 clamabat,
2769 1965 2828 2009 ut
2862 1956 3165 2011 eximerent
3218 1970 3414 2010 eorum
3482 1954 3713 2024 puellas.
3762 1952 3853 2007 llic

2309 2050 2542 2117 primum
2570 2047 2740 2102 lector
2767 2049 3037 2114 observet,
3063 2047 3362 2115 Azapidum
3396 2048 3613 2103 nomine
3661 2046 3859 2116 pedites

2311 2137 2651 2209 Ungarornm
2676 2142 2743 2193 ah
2777 2148 3001 2195 auctore
3024 2141 3273 2211 intelligi,
3305 2141 3398 2216 qui
3427 2140 3567 2210 regis
3600 2139 3717 2193 sive
3756 2137 3857 2192 sul-

2310 2233 2418 2287 taui
2455 2233 2812 2287 Muehemetis
2844 2232 3046 2299 i‘orum,
3080 2221 3301 2288 scilicet
3344 2243 3622 2300 castrense
3688 2246 3856 2287 rerum

2311 2326 2364 2379 in
2388 2324 2627 2379 exercitu
2668 2324 2960 2390 venalium,
2993 2324 3342 2395 diripuerint.
3389 2323 3529 2394 Ergo
3557 2339 3680 2393 qua:
3709 2324 3860 2376 inter-

2294 2418 2447 2487 .jccta
2480 2418 2640 2471 verba
2677 2425 2822 2481 sunt,
2845 2432 2982 2483 quos
3033 2417 3376 2471 Hussarones
3431 2416 3602 2471 nosui
3656 2426 3857 2481 vocant,

2313 2508 2577 2576 glossema
2618 2519 2741 2562 sunt
2792 2509 3102 2575 interpretis
3147 2509 3403 2577 imperiti,
3445 2507 3713 2576 Azapiiias
3771 2523 3861 2575 pro

2314 2594 2717 2651 llussaronibus
2760 2596 3097 2666 accipientis,
3141 2613 3265 2650 cum
3334 2597 3586 2666 Azapida:
3667 2598 3860 2667 pedites

2313 2689 2442 2753 sint,
2477 2687 2816 2742 lin’ssaroues
2842 2689 3074 2757 equites.
3134 2688 3335 2742 Deinde
3374 2689 3580 2758 puellas
3633 2689 3863 2743 eximere

2312 2782 2474 2845 dixit,
2501 2797 2622 2835 cum
2656 2780 2827 2837 Graeci
2865 2779 3085 2834 Laonici
3118 2780 3277 2834 verba
3302 2780 3634 2849 signiﬁcent,
3687 2778 3861 2833 oculo-

2313 2892 2429 2930 rum
2463 2890 2621 2929 coras
2668 2874 2784 2927 sive
2824 2872 3058 2943 pupulas
3118 2881 3212 2927 aut
3262 2871 3494 2941 pupillas
3544 2885 3738 2925 eruere
3788 2871 3862 2930 vel

2313 2970 2569 3033 eilodere,
2603 2969 2747 3039 quod
2776 2969 2938 3037 paulo
2956 2968 3148 3025 melius
3179 2964 3402 3037 adjectis
3429 2966 3661 3035 margini
3693 2965 3861 3019 verbis

2316 3063 2609 3126 redditum,
2646 3060 2960 3116 uthostium
2995 3062 3185 3115 oculos
3211 3060 3618 3128 exsculperent.
3676 3058 3861 3113 Praefe-

2315 3162 2437 3207 ctus
2462 3160 2645 3206 autem
2708 3150 3093 3227 signiferorum
3136 3150 3329 3204 Turcis
3366 3158 3449 3204 est
3476 3149 3618 3203 emir
3660 3149 3856 3214 llalem,

2317 3247 2476 3316 cujus
2498 3259 2683 3313 supra,
2714 3244 2943 3297 numero
2971 3250 3222 3297 notarum
3245 3242 3333 3306 14,
3364 3242 3502 3297 facta
3523 3242 3627 3296 fuit
3651 3245 3855 3297 mentio.

2316 3338 2458 3392 Sane
2482 3350 2731 3405 magnum
2771 3333 2931 3402 hujus
2950 3333 3180 3389 oﬂieium
3199 3342 3301 3400 est,
3325 3345 3379 3389 et
3396 3334 3756 3397 fructuosum,
3786 3334 3858 3387 di-

2314 3431 2625 3499 gnitateque
2669 3428 2975 3504 proximum
3007 3428 3073 3480 ab
3097 3442 3194 3498 aga
3218 3426 3617 3504 genizarorum,
3639 3427 3737 3481 Sed
3762 3425 3859 3479 olli-

2316 3520 2523 3580 ciorutn
2554 3501 2753 3583 Portaa,
2777 3528 2882 3579 tam
2916 3534 3103 3576 eorum
3126 3534 3246 3587 quae
3268 3518 3408 3571 intra
3426 3500 3687 3583 saraium,
3712 3531 3856 3585 quam

2315 3626 2437 3679 quae.
2473 3609 2607 3665 foris
2647 3610 2894 3664 ordinata
2930 3620 3078 3674 sunt,
3098 3608 3366 3678 expositio
3387 3609 3565 3679 plena,
3589 3610 3761 3665 locum
3780 3624 3839 3678 po

2318 3701 2658 3757 seitaiium..

2316 3796 2403 3848 75.
2437 3796 2602 3848 Musa:
2633 3794 2740 3847 sive
2768 3793 2928 3864 ﬂetis
2950 3793 3237 3848 crudelitas
3273 3809 3289 3864 ξ
3343 3793 3606 3858 Lazarus,
3637 3810 3728 3864 pro
3762 3790 3858 3847 Ste-

2576 3870 2748 3932 phano
2779 3862 2971 3916 Servio:
2992 3865 3232 3933 despola,
3261 3862 3453 3918 Lazari
3478 3864 3612 3934 ﬁlio.

2392 3958 2464 4012 De
2510 3955 2700 4011 Vidina
2749 3956 2952 4013 dietnm
3010 3972 3239 4031 numero
3321 3968 3572 4012 notarum
3649 3957 3734 4020 49,
3805 3959 3859 4005 de

2323 4050 2600 4109 Butuvada
2627 4059 2681 4106 et
2716 4049 2911 4104 Matera
2942 4049 3221 4120 deinceps,
3268 4049 3391 4106 loco
3448 4050 3621 4118 magis
3661 4049 3857 4106 idoneo,

2321 4144 2387 4196 ad
2429 4157 2629 4196 annum
2676 4141 3044 4204 Christianum
3078 4140 3216 4195 1444
3254 4141 3485 4194 dicetur.
3549 4138 3712 4191 Musa:
3758 4134 3855 4187 sive

2325 4230 2487 4285 Hosis
2508 4229 2901 4294 crudelitatem,
2938 4230 3384 4294 etiracundiam,
3430 4243 3493 4283 ac
3538 4226 3851 4298 tyrannidem

2322 4322 2373 4377 iu
2407 4336 2559 4383 suos.
2583 4321 2854 4376 Laonicus
2885 4322 3051 4376 etiam
3086 4328 3504 4386 commemorat,
3537 4319 3731 4389 partim
3783 4314 3853 4381 his

2326 4416 2526 4480 verbis,
2555 4413 2720 4486 530
2744 4411 2919 4467 Moses
2951 4412 3045 4466 ira:
3074 4412 3345 4482 imperare
3377 4426 3481 4465 non
3519 4418 3741 4479 poterat,
3772 4403 3850 4460 sed

2326 4522 2567 4579 praeceps
2609 4490 2662 4561 in
2694 4490 2814 4574 eam
2848 4504 3141 4569 ferebatur,
3178 4503 3441 4574 quidquid
3474 4503 3562 4558 illa
3605 4504 3852 4562 dictasset,

2325 4602 2572 4667 iaciens;
2610 4600 2804 4672 partim
2850 4600 2957 4654 alio
3012 4599 3150 4663 loco,
3212 4597 3387 4652 verbis
3462 4588 3849 4653 consimilibus:

2330 4695 2574 4762 Optimus
2615 4693 2848 4760 quisque
2878 4690 3258 4759 indignabatur
3287 4689 3359 4742 ob
3390 4688 3554 4741 Mosis
3572 4682 3849 4739 violentiam

2330 4792 2384 4835 ct
2407 4782 2766 4854 tyrannidem.
2797 4782 3030 4849 Causam
3062 4796 3213 4841 vero,
3244 4794 3341 4832 cur
3372 4778 3513 4831 bello
3541 4775 3733 4829 Servis:
3776 4770 3847 4823 de-

2330 4884 2538 4944 spotam
2566 4880 3012 4950 persequeretur,
3051 4870 3322 4925 Laonicus
3346 4870 3619 4939 exposuit,
3654 4881 3763 4923 cum
3784 4878 3845 4917 re-

2330 4968 2484 5030 citat,
2521 4980 2644 5019 eum
2674 4980 2702 5018 a
2729 4964 2953 5041 despota
2994 4964 3275 5017 desertum
3334 4960 3528 5029 fuisse,
3572 4960 3847 5016 Graecorum

2330 5058 2776 5127 persuasionibus
2809 5056 3063 5121 adducto,
3124 5055 3479 5109 Mulsumanis
3528 5064 3587 5125 ut
3639 5050 3846 5123 partibus

2333 5162 2505 5217 semet
2535 5161 2869 5221 aggregaret,
2892 5151 3035 5221 quod
3068 5148 3243 5204 Moses
3273 5148 3558 5217 aegerrime
3580 5145 3762 5201 tulerit.
3799 5136 3846 5190 Ει

2333 5247 2611 5315 despotam
2642 5246 2788 5315 hunc
2823 5227 3057 5298 Annales
3084 5252 3278 5297 vocant
3309 5240 3598 5303 Lazarum,
3626 5252 3738 5292 cum
3784 5243 3845 5283 ta-

2332 5355 2451 5399 men
2479 5356 2542 5394 ex
2570 5339 2802 5408 Historia
2823 5345 3052 5403 constet,
3081 5335 3193 5390 haec
3215 5349 3245 5388 a
3276 5332 3554 5401 Stephano
3578 5341 3734 5402 gesta,
3762 5326 3845 5377 La-

2333 5432 2441 5485 zari
2478 5432 2607 5496 lilio,
2636 5428 2848 5500 Georgii
2878 5439 3028 5499 patre
3062 5443 3077 5481 :
3107 5441 3217 5503 quo
3242 5424 3309 5478 de
3357 5424 3610 5503 superius
3653 5428 3844 5475 nnnu-ro

2334 5524 2401 5577 δι
2432 5524 2802 5577 tractavimus.
3133 5501 3140 5509 ’

2339 5615 2425 5670 74.
2466 5614 2678 5678 Ceivise,
2700 5611 3171 5683 Gebiseﬂu'byssa,
3202 5611 3403 5683 Lebuaa
3422 5627 3441 5676 ;
3463 5602 3839 5669 Αιιαιιιεβὶιιιιε

2871 5681 3178 5749 Astacenus,
3216 5681 3395 5738 lntztt.

2405 5777 2621 5833 Geivise
2659 5774 2971 5844 oppidulum
3020 5786 3102 5831 est
3146 5774 3429 5846 Bithyniae,
3458 5774 3613 5828 situm
3635 5762 3835 5821 aiiNico-

2342 5869 2668 5924 utedicnscm
2706 5866 2791 5921 vel
2844 5866 3171 5923 Astaccuutn
3202 5868 3383 5938 potius
3440 5860 3718 5933 antiquitus
3770 5847 3831 5909 δι’
