4032 6344
156 385 270 491 ea

1307 433 1697 495 PANDECTE
1725 437 1917 497 HIST.
1961 438 2264 500 TURCIC.
2356 470 2357 475 π

3264 426 3370 490 790

158 546 311 595 ctum
344 540 546 606 sinum,
583 538 635 593 in
665 539 780 609 ipsa
814 542 895 596 via
928 557 1029 612 qua
1077 544 1566 616 Constantinopoli,
1605 561 1724 615 qua:
1753 549 1798 606 Λ
1826 544 2028 603 Varsac
2056 558 2111 604 et
2137 550 2340 624 Versae
2397 544 2693 617 appellant,
2758 542 2813 623 in
2865 538 3125 594 Anatoliae
3162 534 3375 624 tabula

159 632 289 684 hinc
324 632 514 684 itinere
540 630 689 685 bidui
734 634 903 699 abest,
924 632 1288 690 Nicomediam
1321 638 1447 699 itur,
1480 637 1551 690 Ea
1593 651 1716 689 vero

160 724 393 776 ulterius
416 739 443 775 a
471 722 686 778 Gcivise
706 726 868 780 distat
903 726 1061 782 unius
1097 727 1289 782 itinere
1317 730 1441 783 diei.
1476 728 1725 797 Geogra-.

160 818 323 885 phica
354 817 578 872 Natolim
599 819 890 887 descriptio
920 821 1210 875 Abrahami
1270 820 1456 876 Ortelii
1487 820 1715 887 Gejecen

162 907 347 970 habet,
376 923 507 961 voce
538 910 783 963 nonnihil
818 919 1019 964 mutata
1058 929 1070 963 :
1102 909 1436 979 Busbequius
1470 912 1520 963 iu
1557 911 1719 964 Itine-

162 998 311 1050 rario
350 996 579 1054 Gebiseu
614 1001 823 1064 scribit,
856 1000 1112 1066 additque
1167 1003 1364 1068 putari,
1427 1002 1565 1056 hanc
1590 1001 1718 1055 olim

163 1089 336 1145 fuisse
356 1091 661 1159 Libyssam,
690 1091 999 1147 llannibalis
1031 1094 1279 1162 sepulcro
1296 1094 1583 1148 celebrem.
1611 1093 1719 1162 Ego

163 1195 296 1248 pace
314 1181 445 1233 tanti
466 1181 563 1233 viri
598 1181 846 1237 Geivisen
892 1184 1050 1245 hanc,
1081 1183 1193 1239 sive
1226 1183 1482 1249 Gebisen,
1504 1201 1608 1237 non
1629 1184 1723 1239 Li-

166 1275 345 1341 byssae
364 1271 616 1342 reliquias
627 1274 882 1338 arbitror,
898 1274 989 1329 sed
1006 1274 1205 1328 Astaci.
1227 1274 1357 1327 Nam
1373 1272 1593 1344 Libyssa
1611 1276 1726 1327 lon-

164 1365 213 1431 gi
226 1379 288 1416 ns
307 1380 332 1413 a
354 1364 472 1438 sint!
495 1374 695 1417 remota
713 1375 815 1427 est,
830 1380 1020 1419 versus
1036 1364 1297 1435 Bithyniae
1314 1367 1723 1433 mediterranea,

164 1460 219 1503 et
245 1450 435 1503 urbem
481 1450 748 1506 Nicmam:
795 1452 1064 1521 hodieque
1098 1454 1365 1508 vocabulo
1402 1455 1623 1524 propius
1659 1456 1725 1509 ad

166 1540 456 1611 Libyssam
492 1544 798 1608 accedente,
832 1542 1043 1598 Lebusa
1065 1545 1282 1599 dicitur.
1313 1546 1574 1601 Astacum
1601 1560 1729 1607 vero

168 1641 460 1701 prouterea
491 1642 621 1703 puto
650 1650 792 1689 nunc
847 1650 969 1689 esse
1004 1633 1280 1699 Geivisen,
1320 1637 1466 1706 quod
1530 1637 1618 1691 hic
1670 1637 1725 1692 in

166 1725 603 1781 amoenissimum
624 1728 770 1782 illum
791 1728 956 1781 maris
983 1727 1159 1782 sinum
1180 1731 1503 1799 prospectus
1525 1736 1728 1798 pateat,

166 1833 332 1884 quem
374 1819 440 1872 ab
462 1819 674 1881 Astaco,
706 1821 979 1891 quondam
1014 1821 1116 1875 huc
1143 1823 1262 1877 loco
1335 1823 1458 1887 sita,
1518 1830 1728 1877 veteres

166 1911 923 1979 appellaveruntAstacenum
958 1936 972 1971 :
1001 1925 1061 1971 ut
1091 1917 1250 1986 paulo
1305 1915 1543 1971 ulterius.
1566 1915 1730 1982 idem,

171 2012 383 2056 mutato
429 2006 664 2073 nomine,
721 2005 1152 2063 Nicomediensis
1219 2008 1441 2062 dicitur.
1493 2010 1727 2064 Astacus

169 2092 461 2161 ipsa,cum
484 2096 755 2152 Astaceno
780 2098 922 2161 sinu,
960 2098 1041 2152 sic
1086 2098 1156 2152 ab
1216 2108 1519 2153 astacorum
1557 2099 1737 2167 copia,

170 2200 296 2252 qua
327 2199 650 2241 cancrorum
701 2191 1034 2244 marinorum
1089 2189 1316 2260 species
1370 2201 1475 2255 est,
1522 2191 1741 2245 nomine

173 2278 339 2347 vulgo
361 2277 565 2333 Graecis
601 2280 1367 2351 hodiequeConstantinopoli
1428 2292 1575 2347 noto,
1607 2282 1740 2337 mihi

173 2369 400 2435 quidem
437 2371 646 2424 videtur
680 2372 966 2441 appellata.
1002 2372 1134 2438 Quae
1162 2374 1323 2442 paulo
1352 2382 1470 2443 post
1490 2375 1741 2429 nomina-

177 2469 267 2514 tur
304 2461 519 2523 lutzua,
549 2478 715 2531 pagus
744 2473 838 2516 aut
861 2464 1015 2518 vicus
1042 2475 1126 2519 est
1155 2463 1592 2534 ignobilis,baud
1620 2479 1744 2534 pro-

174 2552 260 2603 cul
302 2568 333 2605 a
366 2551 605 2607 Tzurulo
632 2554 771 2610 situs
803 2556 855 2609 in
897 2556 1112 2622 itinere,
1148 2538 1745 2627 quoConstantinopoli

176 2640 485 2711 Selybriam
542 2654 596 2699 et
656 2646 882 2701 ulterius
937 2645 1376 2717 Hadrianopolim
1423 2650 1554 2703 itur.
1615 2648 1743 2718 Ejus

176 2732 440 2802 deinceps
462 2746 677 2803 quoque
700 2736 759 2789 lit
786 2737 987 2790 mentio
1005 2736 1058 2791 in
1081 2747 1324 2792 extremo
1354 2737 1552 2791 Selime
1578 2735 1619 2798 l.
1652 2736 1743 2805 qui

177 2825 598 2895 cerreptusistic
610 2826 875 2896 pestilenti
896 2828 1089 2882 morbo
1108 2828 1228 2891 fuit,
1246 2844 1354 2897 quo
1370 2828 1546 2882 subito
1564 2828 1742 2898 periit.

641 2915 730 2970 75.
758 2914 951 2970 Akenzi
981 2918 1057 2970 vel
1090 2917 1325 2971 Acanzii.

256 3007 392 3061 Sine
426 3006 691 3077 stipendio
726 3008 963 3062 militant
996 3007 1139 3076 apud
1161 3006 1367 3061 Turcos
1404 3007 1631 3072 Akenzi,
1657 3024 1747 3061 ru-

180 3102 381 3157 sticum
410 3116 581 3170 genus
604 3100 909 3164 hominum,
965 3102 1104 3155 sicut
1148 3101 1289 3169 apud
1333 3097 1578 3169 Ungaros
1621 3100 1748 3153 Hui-

1817 641 2175 710 geographica
2197 622 2478 708 Versageli
2513 637 2794 694 scribitur.
2860 633 3043 687 Coniae
3096 622 3400 701 princeps,-

1818 733 1931 786 sive
1958 733 2126 800 begus
2154 731 2343 796 lconii,
2374 728 2708 785 Caramaniae
2734 726 2981 796 princeps
3044 722 3265 782 dicitur,
3310 720 3377 772 ah

1820 828 1940 881 aula
1966 827 2084 880 sive
2112 824 2258 894 regia
2286 822 2583 878 lconiensi.
2614 820 2677 876 Et
2710 820 2849 876 bello
2911 816 3069 887 petiit
3092 813 3236 867 hunc
3264 810 3379 864 Mu-

1820 918 2090 973 chemetcs
2146 926 2371 990 propter
2413 916 2742 986 societatem
2792 925 2912 965 cum
2973 905 3169 994 elusa:
3223 903 3380 994 cujus

1821 1009 2109 1080 adiuvandi
2131 1022 2294 1062 causa
2330 1005 2554 1061 Prusam
2572 990 3221 1059 Caramauusobsederat‘,
3252 990 3381 1048 dum

1825 1098 2188 1153 Muchemetes
2218 1098 2437 1163 absens,
2472 1097 2525 1151 in
2555 1095 2773 1164 Europa
2825 1105 2938 1145 rem
2956 1094 3145 1143 contra
3204 1082 3380 1153 ipsum

1826 1188 2039 1244 Musam
2071 1187 2303 1242 fratrem?
2321 1195 2550 1255 gereret.

2227 1273 2321 1330 78.
2349 1272 2614 1329 Samsom's
2657 1269 2926 1340 oppidum.

1895 1365 2067 1435 Hujus
2077 1363 2311 1420 civitatis
2329 1363 2593 1419 Cedrinus
2608 1369 2662 1417 et
2678 1363 2766 1414 alii
2789 1356 3103 1420 meminere,
3126 1365 3383 1423 tanquam

1827 1458 1883 1512 in
1909 1456 2085 1513 Ponto
2116 1454 2391 1527 provincia
2422 1455 2561 1511 sine.
2593 1452 2801 1507 Praetor
2823 1450 3049 1507 Graeciae
3075 1455 3259 1502 noster
3285 1444 3378 1505 ait,

1829 1548 1997 1603 inilla
2020 1548 2169 1619 regni
2199 1547 2280 1602 vel
2315 1546 2526 1616 imperii
2577 1543 2750 1599 Graeci
2812 1539 3156 1604 confusione,
3180 1552 3300 1606 quae
3357 1550 3387 1587 a
3474 1602 3477 1605 ν

1830 1638 2241 1710 Flandriscapta
2260 1635 2727 1703 Constantinopoli
2743 1634 2971 1698 exstitit,
2990 1629 3188 1686 Sabam
3208 1643 3391 1698 quem-

1832 1728 1955 1785 dam
1982 1744 2080 1800 pro
2110 1731 2332 1784 sebanc
2358 1728 2546 1783 urbem
2621 1723 2903 1780 Samsonis
2950 1734 3243 1790 occupasse
3263 1733 3387 1771 cum

1833 1827 1945 1874 tota
1971 1820 2188 1885 vicinia,
2224 1822 2309 1875 cui
2355 1819 2505 1889 prius
2553 1814 2892 1883 imperatoris
2937 1812 3108 1867 (ἔτωοί
3173 1809 3391 1864 nomine
3481 1860 3483 1863 ,

1837 1920 2098 1982 praeerat,
2121 1912 2412 1979 statimque
2443 1908 2661 1977 subiicit
2695 1907 3023 1961 mentionem
3044 1902 3393 1974 Cappadocia:

1837 2003 1951 2058 sive
1980 2002 2133 2072 regni
2158 1999 2530 2076 Trapezuntii,
2558 1999 2704 2053 velut
2727 1998 2854 2052 huic
2899 1996 3089 2062 vicini,
3145 1993 3288 2065 quod
3339 1990 3393 2049 in

1838 2103 2101 2164 potestate
2133 2091 2349 2149 Davidis
2387 2091 2646 2149 Comneni
2672 2098 2797 2145 tunc
2827 2088 3009 2143 fuerit.

1910 2212 1999 2267 79.
2035 2211 2316 2275 Bouiania,
2372 2209 2615 2269 Cunuza,
2649 2208 2923 2271 Genusus,
2978 2203 3327 2269 Tatarbasar,

2485 2279 2749 2346 Tatargoi.
2927 2351 2932 2354 _

1907 2370 2229 2430 Cum'l’atari
2261 2372 2516 2427 dicuntur
2554 2370 2606 2423 in
2636 2367 2957 2424 Romaniam
2992 2382 3057 2422 ex
3080 2364 3237 2439 531
3271 2365 3399 2420 Asia

1842 2465 2073 2536 migrare
2098 2463 2258 2534 iussi,
2286 2461 2565 2518 Romanis:
2585 2459 2805 2516 nomine
2832 2457 3120 2514 Thraciam
3144 2456 3398 2526 accipito,

1845 2556 2007 2625 cuius
2037 2555 2142 2611 hoe
2174 2553 2467 2610 Annalium
2496 2553 2617 2608 loco
2667 2566 2978 2622 expressum
3035 2559 3272 2605 castrum
3296 2548 3401 2602 Cu-

1844 2662 2004 2713 nuza,
2036 2662 2143 2701 non
2171 2644 2355 2716 procul
2380 2644 2533 2712 abest
2557 2642 2624 2697 ab
2652 2642 2785 2697 urbe
2810 2640 3187 2708 Pbilippopoli,
3216 2649 3269 2691 et
3292 2637 3399 2693 Cu-

1846 2752 2010 2792 nozos
2042 2736 2245 2791 Graecis
2296 2733 2629 2788 nominatur.
2676 2729 2961 2787 Gastaldus
3011 2730 3064 2783 in
3126 2727 3399 2782 hodierna:

1845 2827 2064 2882 Graeciaa
2095 2825 2276 2880 tabula
2309 2824 2665 2895 geographica
2683 2831 2839 2877 vocat
2859 2820 3194 2892 Cognuzam,
3216 2819 3398 2874 ltalica

1846 2918 2140 2985 Graecaque
2177 2914 2643 2985 pronuntiatione.
2665 2911 2776 2972 Nos
2802 2914 2854 2969 in
2879 2914 3071 2968 itinere
3094 2922 3280 2968 nostro
3306 2927 3401 2979 per

1849 3011 1963 3064 haec
1990 3010 2105 3078 ipsa
2138 3008 2255 3062 loca
2278 3006 2778 3077 proﬁciscebamur,
2809 3012 2863 3059 et
2891 3005 2941 3058 in
2981 3004 3239 3073 oppidulo
3265 3018 3400 3069 quo-

1850 3101 1970 3156 dam
1997 3101 2402 3171 pernoctadtes,
2436 3098 2631 3152 ibidem
2660 3095 3194 3164 deprehendebamus
3223 3108 3288 3147 ex
3322 3094 3401 3161 ip-

180 3192 370 3247 duchi.
396 3191 668 3261 Quidquid
694 3192 949 3261 consequi
982 3192 1176 3261 pra-dae
1204 3204 1456 3262 possunt,
1488 3193 1590 3245 sibi
1618 3192 1742 3245 reti-
1773 3195 1816 3252 (1
1849 3208 1910 3245 so
1932 3192 2148 3244 nomine
2173 3190 2297 3253 loci,
2322 3188 2489 3242 fuisse
2522 3186 2797 3255 regionem
2820 3185 2960 3238 hanc
2995 3183 3123 3237 olim
3158 3182 3390 3245 Tataris,

180 3293 317 3338 stent
351 3300 363 3337 :
395 3296 504 3336 non
535 3291 705 3335 totum
738 3282 1182 3350 tamen.Quippe
1211 3299 1317 3336 non
1352 3282 1582 3335 aliarum
1607 3282 1745 3335 dun-

181 3382 340 3433 taxat
377 3387 558 3426 rerum
592 3387 835 3437 suarum,
858 3372 1319 3441 quaspossident,
1360 3388 1545 3426 verum
1584 3373 1743 3426 etiam

181 3465 369 3521 ninnis
401 3475 513 3520 tum
554 3464 769 3534 prada,
807 3473 917 3518 tum
962 3464 1122 3527 lucri,
1154 3464 1299 3532 quod
1341 3466 1391 3517 in
1421 3464 1578 3518 bellis
1622 3479 1748 3533 per-

183 3555 695 3625 cipiunt,decumas
718 3556 929 3617 sultano
958 3568 1056 3608 suo
1075 3552 1283 3606 solvere
1313 3561 1596 3621 coguntur.
1632 3552 1749 3607 Itali

184 3661 363 3717 genus
388 3647 492 3701 hoc
524 3645 754 3699 militum
778 3661 876 3702 sua
898 3644 1079 3714 lingua
1106 3643 1433 3699 Ventureros
1455 3647 1747 3721 appellant,

186 3738 390 3808 priscis
420 3734 655 3792 Volones
676 3737 802 3792 dicti
834 3736 1003 3792 fuisse
1030 3737 1282 3793 videntur
1322 3754 1336 3790 :
1388 3738 1531 3791 unde
1588 3736 1753 3792 Calli-

187 3830 427 3890 machus
455 3827 758 3896 Experiens
788 3842 894 3881 non
929 3828 1261 3896 ineleganter
1318 3836 1537 3883 nostros
1589 3843 1754 3885 cruce

187 3922 459 3993 signatos,
496 3918 734 3973 Volones
782 3918 1103 3971 nominavit.

651 4006 737 4061 76.
776 4004 1106 4077 Michalagli,
1136 4006 1315 4067 Tocat.

260 4103 449 4159 Prima
479 4100 718 4156 nominis
748 4096 1184 4165 Michalinorum,
1234 4099 1350 4154 sive
1391 4096 1759 4169 Michaloglio-

188 4212 338 4256 rum.
376 4195 490 4249 sive
527 4190 875 4246 Micbalidum
908 4190 1130 4253 mentio,
1154 4192 1207 4244 in
1256 4190 1343 4247 his
1396 4192 1612 4262 quidem
1644 4194 1763 4249 An-.

190 4283 412 4339 nalibus
445 4267 547 4336 hoc
564 4281 685 4334 loco
714 4280 1004 4349 reperitur.
1035 4278 1110 4335 De
1165 4280 1251 4337 his
1296 4281 1506 4337 dictum
1534 4297 1564 4337 a
1603 4284 1762 4340 nobis

188 4384 353 4429 antea
413 4384 643 4427 numero
680 4378 929 4425 notarum
970 4370 1059 4424 27.
1098 4370 1238 4426 Urbs
1290 4371 1479 4437 Tocat,
1537 4389 1646 4443 quo
1679 4390 1761 4428 re-

188 4469 405 4537 legatus
464 4464 629 4519 fuisse
685 4463 884 4517 dicitur
935 4461 1292 4517 Mechemete‘s
1356 4461 1755 4532 Michalugllns.

1847 3282 1952 3336 huc
1987 3281 2131 3337 velut
2158 3281 2208 3331 in
2248 3279 2515 3333 coloniam
2549 3275 2819 3338 deductis,
2866 3276 2932 3329 ad
2981 3274 3398 3330 inhabitandqu

1845 3386 2187 3428 concessam.
2220 3368 2352 3423 Nam
2393 3366 2633 3438 oppiduli
2690 3382 2885 3422 nomen
2942 3366 3131 3420 incoL-c
3152 3365 3403 3418 dicebant

1848 3480 1967 3519 esse
1994 3464 2343 3528 'l‘atarbasar,
2395 3476 2514 3528 qua:
2538 3474 2635 3515 vox
2699 3459 3000 3528 ciiuporium
3049 3458 3162 3512 sive
3226 3455 3397 3535 fortun

1851 3556 2169 3615 Tatarorum
2211 3554 2495 3624 significat.
2524 3551 2629 3607 Nec
2666 3552 2903 3621 longius,
2960 3565 3120 3620 quam
3174 3565 3265 3605 sex
3316 3558 3407 3603 aut

1851 3655 2052 3715 septem
2089 3647 2339 3701 horarum
2364 3646 2575 3708 itinere,
2602 3644 2768 3698 distat
2789 3660 2815 3695 a
2832 3641 3210 3712 Philippopoli.
3244 3640 3405 3696 Poni-

1855 3750 1941 3794 tur
1962 3739 2159 3793 ibidem
2192 3753 2221 3792 a
2245 3736 2499 3792 Castaldo
2523 3735 2761 3804 Tartagi,
2791 3749 3014 3803 prorsus
3040 3734 3129 3787 ubi
3150 3732 3406 3787 Tatarba-

1852 3843 1944 3882 sar
1968 3827 2267 3881 viatoribus
2296 3827 2362 3880 ab
2418 3824 2747 3897 Haernijugis
2796 3823 3079 3880 altissimis
3138 3824 3191 3876 in
3249 3825 3404 3891 plana

1854 3916 2096 3971 Thraciae
2116 3916 2563 3973 descendentibus
2584 3916 2842 3977 occurrit.
2870 3916 2922 3969 in
2948 3930 3167 3991 :rquore
3198 3918 3405 3979 spatio-

1854 4010 2071 4064 sissimo
2124 4008 2388 4078 longeque
2448 4008 2811 4077 pulcherrimo
2857 4008 2958 4068 sita
2995 4025 3008 4061 :
3042 4008 3185 4077 quod
3213 4025 3405 4063 nomen

1858 4115 1886 4152 a
1914 4100 2123 4156 Tataris
2142 4101 2323 4157 itidem
2358 4101 2570 4159 videtur
2595 4100 2916 4159 derivatum.
2952 4099 3182 4156 fortasse
3206 4098 3397 4155 Talar-

1859 4195 1943 4261 goi
1963 4193 2329 4258 scribendum,
2387 4194 2528 4261 quod
2589 4192 2907 4253 Tatarorum
2972 4200 3053 4245 est
3112 4204 3302 4258 pagus,
3358 4201 3407 4245 et

1861 4282 2001 4338 idem
2022 4283 2226 4338 scilicet
2256 4299 2377 4337 cum
2407 4282 2753 4338 Tatarbasar.

2321 4375 2413 4428 80.
2448 4373 2713 4440 Manissa,
2748 4372 2955 4435 Torlac.

1938 4465 2098 4520 Tur-ci
2160 4465 2450 4520 Manissam
2507 4476 2702 4519 vocant
2733 4468 2917 4521 urbem
2957 4469 3409 4536 Asiaticam,quaa

186 4546 540 4615 existimatur
570 4569 599 4607 a
623 4554 916 4623 plerisque,
940 4569 1075 4622 quos
1110 4556 1251 4609 inter
1272 4567 1324 4609 et
1363 4555 1565 4611 Marius
1591 4557 1756 4627 Niger
1788 4542 1830 4598 θ
1857 4555 2061 4611 ϐπ·εείε
2083 4552 2477 4626 θειΜιιειιὶδίει,
2539 4554 2746 4611 Latinis
2806 4557 3099 4628 Magnesia.
3157 4559 3413 4616 Sansovi-

185 4663 305 4723 est,
338 4647 671 4718 respondere
699 4647 866 4701 veteri
898 4644 1273 4713 Neocaesarize,
1341 4663 1502 4717 quam
1538 4651 1589 4703 in
1616 4649 1758 4720 Cap.

188 4740 424 4816 padocia
457 4738 746 4802 collocant,
774 4736 944 4806 ipsam
980 4751 1201 4807 quoque
1262 4740 1759 4811 provinriamCap-

190 4830 441 4901 padociae
461 4826 756 4883 Toeeatum
783 4828 1088 4897 appellante
1120 4828 1313 4885 Pineto
1351 4848 1365 4882 :
1395 4845 1515 4883 cum
1560 4829 1758 4893 Leonis

187 4919 428 4991 Augusti
478 4916 703 4973 Novella
753 4918 821 4972 de
875 4917 1110 4980 thronis,
1178 4916 1572 4983 Neocresariam
1631 4918 1760 4973 facit

191 5010 542 5081 metropolim
583 5008 738 5063 Ponti
772 5003 1161 5065 Polemoniaci.
1198 5007 1459 5064 Tocatam
1488 5010 1626 5065 hanc
1658 5026 1759 5064 no-

191 5113 369 5171 stram
394 5098 672 5154 Laonicus
723 5095 1015 5153 Tochatam
1094 5101 1331 5168 scripsit,
1386 5117 1486 5155 nec
1541 5104 1763 5165 desunt,

189 5194 287 5263 qui
313 5191 509 5245 malint
533 5204 651 5244 eam
681 5188 882 5244 referre
901 5191 966 5243 ad
985 5188 1317 5245 Armeniam.
1347 5191 1587 5246 Belloniu
1616 5203 1763 5247 certe

190 5284 360 5339 Nisar
393 5290 477 5337 est
499 5280 1090 5345 Neoczesariamomine
1106 5282 1418 5347 recentiori,
1435 5284 1577 5353 quod
1603 5288 1764 5353 paulo

191 5378 425 5449 propius
467 5374 533 5430 ad
572 5373 808 5443 priscum
851 5372 983 5427 illud
1009 5371 1222 5433 videtur
1242 5376 1521 5430 accedere.
1549 5376 1765 5432 Pedites

193 5484 436 5538 quorum
456 5468 566 5522 dux
600 5467 653 5521 in
685 5465 998 5520 Valachiam
1029 5465 1335 5535 profugisse
1355 5467 1572 5535 dicitur,
1604 5472 1766 5538 paulo

196 5569 329 5615 ante
365 5557 499 5611 dicti
536 5556 689 5611 fuere
718 5555 1082 5626 stipendiarii,
1115 5554 1308 5619 Turcis
1339 5557 1525 5628 Achi,
1554 5562 1617 5618 de
1648 5563 1765 5631 qui-

197 5655 303 5711 bus
333 5664 566 5706 numero
595 5649 685 5703 72.

412 5741 501 5796 77.
543 5739 743 5795 Varsac
772 5741 880 5795 sive
914 5740 1103 5798 Versae
1130 5762 1147 5811 ;
1177 5744 1356 5800 Canio:
1384 5746 1554 5817 begus.

270 5831 546 5907 Oppidum
572 5832 908 5891 Caramauize
945 5834 1058 5895 sive
1095 5837 1312 5905 Ciliciae,
1338 5839 1477 5908 quod
1535 5842 1769 5899 Αιηιςιιρε

1864 4642 1968 4718 nus
1994 4650 2157 4704 et’alii
2188 4665 2295 4709 non
2318 4659 2463 4704 recte
2496 4649 2849 4719 Mangresiam
2904 4661 3091 4720 putant
3119 4652 3279 4705 hodie
3308 4667 3410 4705 no-

1866 4742 2084 4796 minari.
2116 4739 2253 4794 Sunt
2276 4732 2456 4796 autem
2483 4740 2536 4794 in
2570 4741 2693 4794 Asia
2743 4742 2934 4795 minori
2969 4743 3229 4797 civitates
3255 4744 3411 4813 hujus

1867 4834 2106 4888 nominis
2158 4832 2315 4897 duae,
2380 4845 2609 4899 quarum
2671 4847 2777 4885 una
2828 4830 3025 4886 dicitur
3092 4833 3410 4890 adamnem

1865 4921 2189 4977 Maeandrum
2212 4923 2314 4977 sita
2340 4920 2635 5002 Magnesia;
2669 4923 2804 4977 hanc
2828 4923 3108 4992 Ephesius:
3134 4928 3410 4995 metropoli

1863 5013 2082 5069 Novella
2142 5011 2337 5068 Leonis
2410 5012 2635 5082 Augusti
2704 5015 2965 5083 subjicit;
3055 5017 3275 5069 alteram
3348 5020 3412 5070 ad

1865 5109 2244 5177 Smyrnensem
2280 5110 2616 5178 metropolim
2652 5109 2832 5172 refert,
2857 5110 3225 5165 mnimtiissimo
3254 5110 3408 5165 sitam

1865 5214 2055 5255 Versus
2082 5199 2324 5270 ligneum
2360 5217 2507 5258 mare
2539 5203 2676 5256 loco.
2739 5201 2995 5269 Superest
3053 5203 3213 5255 etiam
3274 5219 3414 5255 nunc

1866 5301 2111 5362 utraque,
2153 5294 2243 5347 sed
2276 5294 2622 5361 posteriorem
2653 5294 2795 5347 illaut
2832 5302 2977 5361 puta,
3010 5309 3172 5360 quium
3219 5298 3413 5350 sultani

1870 5380 2081 5435 Tui-cici
2119 5382 2240 5437 filiis
2275 5386 2386 5439 suis
2417 5382 2815 5439 inhabitandam
2841 5376 3117 5448 assignare
3138 5385 3312 5439 solent
3336 5389 3420 5441 in-

1873 5482 2105 5528 \etcrala
2137 5477 2525 5531 consuetudine
2551 5495 2563 5529 :
2587 5477 2727 5545 sicut
2750 5474 2946 5530 ibidem
2970 5476 3207 5531 diximus
3232 5492 3419 5545 supra,

1870 5564 2018 5632 jussu
2047 5574 2271 5632 paterno
2328 5567 2440 5636 jam
2485 5566 2899 5631 Muchen‘tctem,
2947 5567 3161 5622 unicum
3216 5567 3416 5621 sultani

1872 5642 2095 5711 Mhratis
2119 5656 2185 5711 lll
2210 5690 2213 5695 η
2238 5658 2427 5723 lilium,
2464 5660 2678 5730 degere.
2704 5660 2897 5716 Torlac
2920 5673 3109 5713 nomen
3143 5667 3224 5711 est
3277 5661 3418 5727 apud

1876 5748 2077 5803 Turcos
2109 5750 2242 5804 certi
2264 5750 2476 5819 generis
2506 5751 2899 5821 religiosorum,
2924 5748 3132 5802 diversa
3175 5748 3418 5817 quaedam

1870 5855 1899 5895 a
1929 5840 2283 5899 Caleudcruut
2312 5852 2363 5900 et
2390 5842 2752 5900 Dcrvisiorum
2807 5841 3147 5915 professione
3184 5855 3420 5911 sequen-
