4032 6344
80 427 88 433 '
156 409 161 412 ’
191 420 307 479 ῗ·ὶ3

1360 435 1760 510 PANDECTE
1806 440 2007 502 lllST.
2045 416 2343 508 Tuncm.

3322 444 3429 518 τηε

136 618 139 619 ν
198 548 275 595 lle
300 536 426 603 quis
456 537 772 608 inaequalem
806 542 992 596 υιιδηιὶ
1023 544 1189 598 fuisse
1226 545 1646 611 Vulticmartlm.‘
1678 569 1765 605 ra-
1798 548 2171 621 A'detniuutas
2205 562 2390 617 [lavari
2429 564 2568 620 vires
2594 566 2823 622 Karulus
2856 568 3425 636 imperatorOcciden-

193 632 356 687 tione
390 634 673 699 potestatis
692 643 746 688 et
776 635 1012 702 imperii,
1046 638 1187 705 quod
1225 639 1533 706 allectabat,
1589 646 1770 713 δυεμῖ-

199 734 368 781 retur
394 741 411 777 :
441 733 500 783 ut
530 724 662 777 nihil
694 725 759 779 de
802 727 1138 783 labefactatis
1176 731 1592 786 Osuiauidarum
1643 737 1767 789 viri-

196 816 312 869 bus
339 824 460 884 post
494 800 869 873 calamitatem
930 819 1188 888 liajazitis
1218 823 1413 886 dicam,
1461 824 1634 879 saltim
1689 829 1767 878 vi—

196 908 440 973 deamus
472 923 533 962 ex
564 909 696 979 ipsis
723 910 951 965 aliorum
990 906 1280 971 Annalium
1333 933 1493 969 manu
1527 928 1771 971 exarato-

197 1004 330 1054 rum
358 999 569 1066 Latinis
597 1003 795 1064 verbis,
823 1021 985 1072 quam
1032 1009 1235 1075 potenti
1272 1009 1498 1079 principi
1555 1011 1770 1081 molitor

197 1096 297 1155 ille
330 1095 621 1157 succedere
653 1097 906 1154 voluerit.
943 1101 1119 1163 Anno,
1152 1101 1424 1169 inquiunt;
1461 1102 1597 1157 1310
1648 1103 1771 1155 Vol-

198 1187 466 1241 demarus
510 1186 1006 1258 Brandeburgcusis
1073 1194 1339 1253 marebio.
1380 1194 1607 1249 mortuis
1661 1196 1769 1249 fra-

199 1280 478 1332 truelibus
499 1290 549 1331 et
598 1281 1083 1347 patruis,divisum
1120 1284 1171 1336 in
1226 1286 1421 1337 multas
1456 1296 1636 1353 partes
1688 1297 1769 1341 to-

201 1357 323 1423 tum
363 1372 515 1425 solus
558 1371 703 1425 illius
768 1373 913 1429 tituli
978 1373 1213 1429 obtinuit
1270 1375 1674 1444 principatum:
1718 1385 1771 1430 et

206 1463 459 1532 glorians
513 1464 568 1517 in
622 1465 935 1526 fortitudine
992 1483 1054 1522 ac
1108 1470 1474 1537 magnitudine
1522 1471 1771 1537 potentia:

202 1548 348 1619 suae,
386 1556 593 1611 curiam
621 1554 886 1611 celebrem
919 1566 972 1611 et
1005 1561 1268 1617 famosam
1322 1563 1518 1616 indixit
1558 1564 1773 1632 regibus

201 1655 261 1699 εί
292 1646 625 1729 ρτῖηυῖρῑιηιε
679 1664 841 1717 Ρτιδβθ
883 1650 1150 1720 longeque
1191 1654 1413 1720 positis:
1460 1657 1770 1710 babiturmu

203 1752 267 1790 se
292 1738 652 1807 nuptiascum
675 1732 780 1795 lilia
806 1742 981 1809 patrui
1013 1744 1094 1797 sui
1128 1744 1477 1807 significans,
1500 1755 1553 1798 et
1579 1759 1773 1799 onmcs

205 1826 713 1907 vilissineredariis
760 1834 825 1886 ad
886 1834 1046 1902 hujus
1130 1836 1488 1889 solemnitatis
1517 1836 1769 1905 gaudium

206 1921 479 1976 imitans.
522 1920 653 1975 Eam
684 1923 933 1984 tenuitin
988 1925 1206 1979 civitate
1252 1926 1517 1983 maritima
1570 1925 1767 1979 Rosto-
1804 1922 1841 1974 Β

203 2016 359 2076 chio,
388 2015 490 2067 sita
526 2014 691 2069 maris
717 2017 781 2068 ad
804 2026 1043 2084 portum,
1075 2020 1214 2071 unde
1270 2035 1458 2075 versus
1527 2019 1775 2082 lianiam,

206 2110 496 2170 Succiam,
522 2106 871 2178 Norvegiam,
894 2117 947 2164 et
979 2110 1044 2164 ad
1069 2120 1249 2178 partes
1290 2106 1422 2163 alias
1458 2112 1736 2181 navigatur
1761 2130 1774 2165 :

206 2202 266 2251 iu
311 2212 473 2267 quem
545 2201 708 2254 etiam
756 2201 970 2271 navigia
1020 2204 1282 2261 mercium
1335 2203 1671 2256 diversarum
1709 2203 1775 2257 de

203 2286 447 2342 diversis
490 2295 545 2341 et
586 2290 819 2342 remotis
861 2290 1175 2357 regionibus
1210 2290 1504 2359 appellunt.
1538 2291 1611 2357 {In
1677 2292 1777 2343 bac

204 2379 366 2439 luris
396 2378 496 2433 fuit
533 2394 625 2453 rex
667 2379 867 2442 Danish
922 2396 1045 2435 cum
1083 2382 1297 2435 duobus
1356 2382 1602 2442 ducibus,
1666 2380 1775 2437 ira-

208 2471 391 2529 tribus
423 2471 558 2535 suis,
590 2482 643 2526 et
681 2473 944 2537 immensa
988 2474 1334 2527 multitudine
1377 2475 1559 2543 populi
1616 2484 1773 2530 terra:

203 2574 359 2615 sua:
392 2560 580 2626 duces,
619 2562 865 2623 comites,
912 2562 1065 2615 liberi
1103 2561 1342 2618 barones
1408 2565 1775 2618 innumerabi-

115 2690 122 2697 .
208 2644 294 2719 les
324 2652 392 2706 de
437 2653 717 2717 .Saxonia;
764 2654 1103 2726 man-hiems
1134 2663 1189 2709 et
1247 2665 1525 2724 magnates
1562 2665 1669 2711 tam
1704 2644 1782 2711 de.

210 2745 328 2799 illis
360 2759 522 2813 quam
550 2747 617 2799 de
646 2746 851 2802 exteris
910 2746 1179 2815 partibus,
1238 2763 1465 2816 quorum
1518 2765 1775 2804 numerus

207 2838 300 2890 vix
338 2846 548 2906 poterat
584 2838 865 2892 aestimari.
919 2836 1163 2891 Marcblo
1208 2840 1458 2894 manibus
1488 2840 1627 2907 regis
1671 2841 1776 2893 Da-

210 2931 316 2982 nia:
349 2928 508 2983 miles
534 2943 655 2983 cum
687 2944 881 2996 magno
906 2933 1101 2982 decore
1144 2929 1453 2999 insignitur.
1508 2931 1647 2987 Mille
1688 2948 1771 2988 se-

213 3019 483 3089 ptingenti
523 3021 747 3083 nobiles,
783 3021 834 3073 in
892 3021 996 3075 boc
1046 3021 1336 3087 tirocinio,
1368 3037 1521 3090 novae
1575 3025 1775 3079 militia:

208 3112 433 3183 cingulo
468 3128 563 3181 per
594 3115 959 3167 marchionem
1000 3128 1122 3167 cum
1157 3129 1347 3182 pompa
1380 3116 1613 3169 maxima
1673 3117 1773 3169 de-

210 3214 495 3257 corantur.
524 3205 595 3257 lbi
619 3205 964 3261 dominarum
998 3207 1063 3261 de
1095 3208 1333 3271 diversis
1371 3209 1614 3276 partibus
1665 3211 1774 3261 for-

213 3310 524 3354 mosarum.
578 3298 719 3352 sicut
753 3306 807 3352 et
850 3299 1107 3365 militum,
1137 3298 1551 3355 innumerabilis
1605 3301 1774 3354 exsti-

216 3390 284 3444 tit
317 3395 498 3457 copta.
526 3388 780 3450 Tentoria
848 3405 947 3458 per
1002 3406 1225 3460 campos
1265 3403 1472 3452 erecta,
1541 3392 1775 3446 scarlato

217 3481 577 3546 circumdata,
631 3494 753 3534 cum
786 3480 1159 3551 operimentis,
1190 3481 1461 3555 subselliis
1493 3491 1545 3535 et
1577 3492 1775 3535 strato-

216 3572 345 3641 riis,
363 3573 511 3628 velut
538 3588 728 3630 aurum
765 3573 1019 3628 micantia
1056 3572 1396 3625 videbantur.
1438 3572 1590 3627 Putei
1631 3572 1772 3640 pleni

217 3665 369 3728 vino,
402 3666 659 3720 cerevisia
693 3674 744 3719 et
773 3665 1020 3727 medone,
1072 3664 1136 3717 ad
1187 3663 1523 3733 potandum;
1582 3674 1801 3732 specus‘

151 3754 162 3761 ’
218 3759 435 3824 repleta:
485 3758 763 3829 carnibus.
819 3758 1064 3827 piscibus
1122 3766 1174 3811 et
1237 3755 1555 3823 frumento;
1614 3771 1829 3812 naveso

218 3860 441 3913 onusta:
459 3850 745 3918 speciebus
766 3850 1104 3911 aromaticis,
1135 3850 1200 3901 ad
1225 3850 1534 3916 corporales
1558 3849 1779 3918 explen-

217 3940 317 4007 das
345 3940 593 4004 delicias,
631 3940 987 3994 habebantur.
1022 3940 1157 4009 Quae
1184 3940 1400 4009 quidem
1452 3938 1622 4008 gloria
1657 3947 1776 4005 post

221 4032 334 4084 bac
368 4028 419 4082 in
455 4028 687 4096 favillam
719 4029 865 4082 brevi
901 4037 985 4081 est
1016 4028 1258 4089 redacta,
1318 4034 1536 4093 propter
1561 4023 1776 4090 nuptias

217 4122 461 4184 illicitas,
497 4134 550 4174 et
592 4120 789 4175 fastum
845 4120 1027 4190 gloria
1055 4118 1422 4187 -temporalis.
1474 4116 1606 4169 Nam
1658 4115 1775 4183 ipse

224 4213 583 4267 Voldemarus
610 4212 851 4269 marebio
879 4214 999 4267 sine
1035 4212 1247 4265 haerede
1297 4209 1551 4270 decessit,
1606 4216 1657 4260 et
1708 4206 1773 4267 ad

198 4307 511 4377 imperium
547 4314 690 4359 totus
723 4306 811 4358 ille
833 4303 1170 4373 principatus
1223 4297 1588 4375 amplissimus
1619 4296 1778 4350 devo-

218 4401 367 4464 lutus
396 4398 519 4451 fuit.
551 4395 826 4449 Hactenus
857 4393 1141 4447 Annalium
1168 4392 1351 4452 verba,
1412 4403 1639 4455 quorum
1701 4388 1778 4441 le-

222 4494 459 4558 ctionem
503 4489 785 4557 Maguilico
820 4486 1047 4539 Domino
1075 4484 1402 4553 Hieronymo
1435 4478 1569 4533 Beck
1591 4495 1618 4532 a
1650 4475 1783 4566 [ιξο-

1880 650 1949 704 lis
1974 654 2194 714 electus.
2220 654 2361 723 quod
2384 656 2543 709 illum
2588 658 2730 712 velut
2758 660 3158 729 :emulum,qui
3218 672 3423 732 patrem
3508 678 3511 683 ‘

1880 746 2157 801 habuisset
2188 748 2589 815 imperatorem,
2624 768 2726 804 non
2763 753 2859 807 abs
2884 768 2942 808 re
2965 753 3069 810 sibi
3095 740 3313 821 suisaue
3338 773 3424 809 re-

1880 839 1980 891 bus
2015 839 2405 894 formidabilem
2441 852 2649 908 putaret
2676 863 2689 897 :
2718 829 3194 907 volebateumdem
3224 848 3425 902 ditione

1877 928 2311 997 Brandebnrgica
2366 930 2579 1000 pulsum
2647 934 2965 1006 liudolpbus
3027 939 3190 999 Saxo.
3254 941 3424 1010 stirpe
3496 946 3497 949 “

1879 1021 2291 1076 Aubaltiuorum
2317 1040 2379 1077 ex
2416 1027 2615 1080 Albcrti
2649 1025 2774 1083 Urs.
2833 1029 3071 1097 posteris
3108 1028 3305 1093 editus,
3369 1044 3426 1084 ut

1879 1116 2055 1182 aiiqua
2088 1116 2294 1170 ratione
2346 1118 2703 1187 principatum
2746 1121 2892 1175 illum
2924 1122 3028 1178 sibi
3057 1124 3281 1191 suisque
3341 1140 3422 1179 re-

1878 1216 2058 1276 petere
2082 1211 2293 1262 tandem
2330 1211 2621 1278 aliquamlo
2657 1220 2861 1281 posset,
2892 1230 3053 1285 quem
3110 1215 3236 1285 jure
3289 1233 3421 1286 pro-

1880 1300 2254 1368 pinquitatatis
2305 1313 2357 1357 et
2414 1307 2719 1373 agnationis
2767 1324 2888 1362 cum
2927 1366 2931 1372 _
2965 1289 3440 1380 Brandeburgiris‘

1878 1392 2214 1459 principibus
2259 1399 2562 1461 exstinctis,
2622 1400 2687 1452 ad
2742 1404 3126 1470 se-pertinere
3180 1406 3422 1471 putabat.

1879 1481 2137 1538 Triennio
2172 1494 2285 1541 toto
2331 1488 2568 1543 Murates
2596 1490 2823 1555 imperio
2872 1494 3026 1559 potiri
3083 1495 3270 1559 quieto
3322 1481 3447 1549 non;

1880 1577 2074 1644 potuit,
2110 1578 2432 1634 defendente
2466 1598 2524 1635 se
2547 1582 2666 1636 istic
2723 1582 3024 1652 Mustapha,
3053 1601 3245 1653 resque
3312 1570 3429 1643 tur;
3460 1612 3472 1618 -

1793 1720 1796 1724 λ
1882 1668 2039 1723 hante
2074 1671 2376 1726 Turcicas-z
2412 1674 2500 1727 hic
2540 1676 2775 1730 triennio
2801 1692 2899 1729 nec
2936 1677 3175 1733 Bavarus
3210 1682 3283 1733 uti
3317 1682 3421 1733 frui

1882 1759 2318 1833 Braudeburgica
2351 1754 2593 1832 regiOne,
2617 1783 2716 1822 nec
2754 1769 2896 1821 vinci
2928 1770 3106 1837 potuit
3136 1772 3425 1825 Voldema-

1882 1870 1997 1907 rus.
2035 1854 2332 1924 Mustapha:
2352 1859 2519 1919 tristis
2554 1859 2783 1913 fuitillic
2810 1862 3010 1919 exitus,
3043 1863 3129 1916 hic
3163 1864 3429 1919 infelicior
3482 1852 3483 1855 η

1876 1949 2145 2001 molitoris
2174 1947 2509 2006 Voldemari.
2565 1952 2902 2021 Musta‘pbam
2940 1957 3055 2008 neci
3084 1956 3232 2009 dedit
3308 1957 3439 2011 istic-

1875 2040 2124 2106 laqueus,
2159 2040 2247 2094 hic
2286 2038 2663 2095 Voldemarum
2716 2060 2882 2112 rogus
2940 2045 3261 2114 absumpsit.
3317 2048 3430 2102 lloc

1875 2132 2038 2185 modo
2072 2146 2291 2197 causas,
2323 2134 2573 2194 consilia,
2595 2126 3317 2201 personat-um‘ratioues.et
3341 2156 3427 2192 rc-
3508 2128 3510 2131 ’

1873 2236 1994 2273 rum
2034 2231 2224 2275 eventa
2256 2222 2425 2276 fuisse
2445 2224 2771 2285 consimilia,
2793 2227 3426 2293 respondentibusetiam

1875 2312 2215 2377 temporibus
2247 2312 2399 2378 ipsis,
2422 2312 2667 2367 videmus
2693 2314 2956 2381 :ideoque
2983 2317 3231 2377 tamsibi
3269 2318 3430 2372 rebus

1874 2400 2126 2454 Omnibus
2152 2403 2391 2469 gemina,
2431 2409 2541 2454 tam
2594 2404 2827 2459 illustria
2858 2405 2968 2457 duo
3017 2408 3198 2461 saeculi
3246 2396 3429 2464 iunius

1874 2491 2140 2557 exempla,
2187 2489 2428 2555 jucunda
2502 2492 2669 2557 lectu,
2753 2482 3192 2549 consideratione
3245 2496 3431 2564 digna,

1875 2582 2104 2635 libenter
2134 2584 2220 2637 hic
2258 2583 2329 2638 ob
2359 2583 2547 2638 oculos
2576 2600 2777 2653 ponere
2803 2586 3061 2639 studiosis
3085 2587 3443 2641 historiarum

1875 2674 2172 2729 voluimus.

1875 2784 1962 2839 8L
2015 2768 2333 2840 Vardurium
2366 2791 2630 2856 oppidum,
2662 2789 2945 2843 Vardarius
2996 2791 3187 2855 amnis,
3228 2788 3434 2843 Varda-

2296 2859 2461 2921 riomt,
2509 2859 2767 2922 l’ardari,
2809 2859 3048 2912 Venturi.

1946 2945 2097 3010 Quod
2150 2946 2342 3014 legitur
2398 2948 2449 2999 in
2499 2947 2798 3002 Annalibus
2824 2948 3166 3011 Vardarium,
3201 2948 3459 3009 Tltessa-.

1876 3039 1959 3092 lia!
2011 3040 2265 3108 Oppidum
2330 3048 2431 3105 est,
2483 3040 2548 3093 ad
2616 3040 2934 3093 Vardarium
2987 3040 3225 3102 ﬂumen,
3289 3041 3431 3109 quod

1875 3128 2069 3181 Axium
2110 3130 2316 3198 priscos
2351 3130 2591 3192 dixisse,
2652 3138 2846 3195 praetor
2890 3138 3075 3183 uoster
3104 3141 3173 3182 et
3211 3131 3299 3183 alii
3335 3146 3433 3183 no-

1877 3228 2024 3281 tant.
2075 3221 2138 3274 ad
2163 3221 2448 3289 septimum
2486 3236 2513 3274 a
2546 3206 2924 3274 Thessalonica
2966 3222 3192 3288 lapidem
3214 3222 3374 3274 situm
3416 3239 3431 3274 :

1876 3311 2001 3366 licet
2043 3312 2199 3367 fossae
2243 3311 2516 3366 Vardaria:
2552 3312 2649 3369 l00
2684 3312 3005 3368 milliaribus
3026 3314 3226 3368 Graecis
3256 3314 3439 3367 absint
3495 3331 3500 3336 '

1876 3419 1906 3459 a
1949 3403 2356 3469 Thessalonica,
2397 3404 2463 3459 de
2509 3405 2706 3473 quibus
2748 3404 2893 3458 alibi.
2928 3404 3167 3458 Meminit
3199 3404 3306 3457 Leo
3340 3405 3439 3458 Sa-

1876 3495 2027 3564 piens
2076 3490 2347 3561 Au'gustus
2393 3495 2444 3549 in
2494 3495 2713 3550 Novella
2747 3497 2814 3550 de
2859 3496 3067 3550 tltronis
3095 3497 3439 3563 episcopatus

1878 3582 2348 3647 Vardariotarum,
2411 3599 2571 3653 quem
2625 3584 2934 3651 metropoli'
2962 3580 3457 3637 Thessalonicensi'
3496 3582 3527 3611 ν

1877 3675 2117 3744 subjicit.
2159 3674 2221 3728 Et
2252 3675 2413 3730 hosce
2446 3674 2798 3729 Vardariotas
2828 3676 2986 3729 etiam
3028 3674 3234 3747 Turcos
3268 3673 3443 3751 nomi—

1878 3776 2002 3829 nat,
2036 3771 2325 3821 trauslatos
2365 3766 2585 3820 aliunde
2633 3767 2841 3821 scilicet
2870 3768 2976 3821 huc
3007 3765 3071 3819 ad
3120 3764 3380 3819 Vardariu
3405 3752 3437 3815 in

1880 3858 2120 3912 ﬂuvium.
2145 3858 2447 3914 Scribimus
2466 3868 2645 3913 autem
2676 3857 3019 3920 Vardarium,
3046 3872 3194 3910 more
3217 3855 3437 3909 Graeco:

1880 3964 2001 4005 cum
2041 3950 2131 4001 alii
2184 3948 2501 4003 Bardarium
2552 3950 2768 4010 malint,
2821 3958 3013 4002 contra
3042 3945 3439 4026 pronuntiatio-
3519 3999 3524 4005 ,

1881 4055 1999 4093 nem
2033 4040 2329 4094 incolarum
2352 4080 2366 4101 ,
2394 4040 2589 4109 quibus
2619 4050 2699 4095 est
2732 4039 2956 4094 Vardari
2983 4047 3039 4093 et
3072 4038 3314 4093 Verdari.

2156 4135 2247 4189 85.
2284 4133 2507 4189 Caussin
2539 4136 2648 4204 beg,
2687 4133 2887 4187 Gra’ris
2926 4133 3196 4187 Zunaim.

1952 4224 2120 4291 Quem
2141 4224 2356 4280 Turcici
2375 4224 2610 4280 Annales
2646 4225 2972 4280 Chuseiuem
3000 4220 3210 4295 begum,
3232 4226 3400 4296 lsmyr
3418 4244 3445 4278 υ

1882 4316 2201 4386 principem,
2241 4316 2565 4380 nominaut,
2602 4313 2871 4370 Laonicus
2922 4313 3207 4368 Zunaitem
3252 4327 3441 4381 vocat,

1884 4407 2222 4478 Smyrnaeum
2258 4407 2550 4476 principem
2584 4424 2597 4460 :
2645 4407 2735 4475 qui
2772 4421 2891 4458 cum
2930 4404 3127 4457 Dusme
3162 4403 3441 4470 Mustapba
3482 4426 3485 4427 ν

1884 4500 2128 4569 captivus
2171 4514 2203 4553 a
2246 4500 2451 4554 Grmcis
2498 4498 2799 4552 custoditus
2851 4495 3014 4558 luerit
3068 4495 3123 4547 in
3187 4495 3440 4563 Epidauri

220 4580 513 4652 poldsIOrl',
542 4590 595 4633 ut
622 4578 730 4633 alia
787 4577 1276 4647 plurapdebemus.
1332 4573 1408 4627 Ex
1472 4573 1558 4625 his
1601 4578 1777 4623 autem

1886 4606 2029 4653 arce,
2077 4606 2219 4644 nunc
2239 4588 2600 4643 Monemuasia
2626 4589 2738 4642 sive
2771 4585 3044 4648 Malvasia,
3078 4596 3132 4638 et
3183 4588 3235 4638 in
3265 4586 3444 4639 Imbro

221 4674 430 4744 liquido
464 4681 638 4742 paret,
660 4686 767 4724 nou
808 4668 1034 4730 minoris
1067 4667 1234 4722 fuisse
1264 4664 1525 4719 momenti
1588 4661 1782 4715 Volde-

221 4770 529 4824 mariauum
565 4768 665 4819 hoc
692 4764 991 4833 ttegotium,
1016 4778 1177 4832 quain
1204 4760 1333 4815 illml
1366 4758 1781 4825 Mustaphzeum.

224 4860 633 4927 Reeenseamus
657 4866 705 4909 et
732 4854 858 4918 alia,
888 4842 1006 4923 qua:
1042 4854 1094 4906 iu
1122 4851 1585 4921 comparationem
1615 4848 1791 4900 utrin-

184 4974 187 4977 ν
220 4967 329 5020 que
369 4949 834 5022 venirepossunt.
864 4946 905 4998 Α
964 4944 1243 5011 Mustapha
1277 4943 1453 4994 stabat
1495 4939 1790 5005 imperator

223 5042 450 5101 Graecus
482 5037 625 5105 istic,
658 5055 688 5093 a
720 5037 1042 5093 Voldemaro
1069 5036 1243 5091 stabat
1266 5034 1573 5088 Germanus
1620 5030 1789 5096 impc-

224 5146 377 5192 rator
410 5132 498 5188 hic
528 5150 541 5187 :
567 5113 623 5183 et.
645 5140 794 5184 tanto
816 5122 1035 5197 quidem
1097 5115 1387 5193 potentior,
1418 5130 1622 5192 quanto
1647 5119 1792 5173 Grai--

226 5246 350 5284 cum
373 5227 660 5296 imperium
691 5224 739 5275 id
762 5223 1018 5291 temporis
1046 5219 1369 5275 Germanico
1392 5215 1624 5271 debilius
1647 5221 1788 5266 erat.

227 5323 433 5376 Practer
495 5320 883 5386 imperatorem
968 5327 1093 5387 cum
1176 5310 1459 5379 Mustapha
1512 5303 1788 5373 conjuncti

227 5412 502 5481 principes
526 5411 658 5476 illic,
692 5408 850 5482 4,33
883 5406 973 5461 hic
995 5403 1373 5458 Voldemarum
1404 5415 1617 5471 quoque
1646 5397 1791 5469 priu-

229 5506 380 5573 cipcs
447 5484 809 5572 praepotentes
867 5498 1141 5555 fovebant.
1209 5492 1552 5548 Debilitatam
1613 5488 1792 5541 Mura-

148 5660 154 5665 ,
238 5597 307 5653 tis
334 5594 631 5666 potentiam
669 5592 889 5647 Gnccus
942 5591 1233 5659 imperator
1259 5595 1314 5639 et
1362 5583 1576 5637 Turcici
1634 5583 1787 5636 vole-

230 5688 358 5743 bant
386 5682 677 5755 principes,
716 5682 858 5750 quod
890 5696 919 5734 a
951 5681 1160 5734 Murate
1185 5676 1286 5731 sibi
1315 5682 1639 5731 metuerent.
1666 5690 1792 5730 sua-

231 5793 334 5846 que
363 5776 503 5831 tueri
554 5775 778 5843 pmiter,
805 5783 858 5825 ct
885 5772 1033 5847 prius
1077 5771 1144 5824 ab
1174 5766 1482 5824 Osmanidis
1534 5765 1637 5819 sibi
1697 5783 1790 5834 per

234 5869 338 5937 vim
357 5875 541 5939 erepta
574 5865 1261 5935 recuperareniterentur:
1315 5858 1501 5914 itidem
1572 5858 1789 5913 volebat

1891 4683 2206 4753 Lemnoque
2254 4683 2450 4738 insulis
2473 4724 2487 4746 ,
2536 4681 2776 4751 quiaudlu
2808 4681 3052 4735 sultsnus
3082 4678 3445 4733 Muchemetes

1891 4774 2104 4839 vixerit,
2157 4772 2240 4829 cui
2290 4774 2504 4843 quidem
2548 4774 2649 4839 hac
2690 4775 2742 4824 in
2782 4787 2839 4826 re
2890 4770 3173 4842 gratillcati
3213 4769 3342 4822 sint.
3378 4769 3444 4823 At

1890 4866 2224 4921 Mucbemete
2275 4876 2512 4928 mortuo,
2544 4864 2855 4934 Musmpbas
2880 4864 3138 4918 cumhoc
3161 4850 3444 4922 liberatus.

1889 4968 1944 5011 et
1974 4958 2185 5012 'Murati
2236 4957 2587 5031 Mquehemetis
2642 4958 2751 5013 lilio
2805 4958 2911 5013 fuit
2954 4956 3258 5027 oppositus,
3311 4971 3446 5023 prte-

1890 5055 2026 5108 scuti
2075 5068 2197 5107 cum
2227 5057 2415 5106 rerum"
2437 5051 2744 5108 Graecarum
2779 5050 3109 5111 discrimine,
3138 5048 3281 5101 sicut
3307 5048 3445 5102 idem
3520 5105 3527 5111 ,

1890 5147 2092 5217 prolixe
2144 5154 2550 5213 commemorat.
2602 5144 2786 5199 Obiter
2839 5142 2939 5196 hoc
2980 5142 3142 5193 etiam
3179 5139 3470 5209 adjicitor,

1890 5240 2167 5295 Zuanitetu
2198 5238 2339 5291 hunc
2362 5237 2462 5291 dici
2488 5236 2819 5299 Sansovino,
2854 5249 2958 5288 non
2985 5231 3265 5286 Zunaitetu
3303 5249 3315 5284 :
3355 5247 3447 5300 prr

1891 5331 2232 5387 oscitantiam
2264 5332 2565 5401 scriptoris,
2602 5340 2657 5383 ut
2687 5336 2835 5397 puto.

1986 5425 2079 5479 86.
2120 5421 2335 5487 Vlubat,
2382 5422 2696 5490 Lopaa'ium,
2737 5418 2967 5487 Lupadi,
3015 5415 3353 5483 Rhyndacus,

1926 5504 1933 5507 “
2520 5491 2814 5547 Hichalist’.

1962 5586 2269 5641 Monuimus
2318 5601 2500 5656 supra.
2565 5597 2790 5638 nmuero
2850 5578 3101 5636 notarum
3158 5577 3248 5639 16.
3302 5573 3441 5643 quod

1893 5683 2085 5737 Turcis
2106 5681 2359 5750 oppidum
2396 5680 2623 5733 minoris
2652 5677 2794 5731 Asia:
2824 5675 3039 5731 dicatur
3069 5670 3280 5729 Vlubat,
3305 5667 3447 5721 Lao-

1894 5780 2012 5832 uiro
2065 5774 2360 5843 Lopadium
2407 5789 2547 5835 esse,
2605 5787 2746 5826 nunc
2789 5770 2946 5837 vulgo
3004 5766 3206 5836 Lupadi
3254 5778 3450 5835 norma

1895 5872 2109 5929 habere.
2159 5868 2431 5924 Mclicu‘sis
2480 5867 2765 5943 Antonius,
2812 5863 3021 5951 ‘Podota
3061 5869 3263 5929 noster,
3292 5860 3450 5931 cuius
