4032 6344
645 419 750 480 τειδ
1816 416 2137 479 JOANNIS
2162 414 2624 476 LEUNCLAVI‘I‘
3736 418 3858 483 isti

638 542 802 593 supra
844 524 1186 579 meminimus
1239 538 1466 579 numero
1508 531 1755 579 notarum
1788 525 1882 591 Ἡ,
1925 526 2183 596 Lapidmn
2217 533 2258 587 Α
2289 523 2378 576 ille
2451 522 2835 587 subduxisset,
2890 534 3251 579 mercatorum
3276 526 3564 594 impositas
3610 532 3843 600 navigii?

635 632 850 684 quoque
873 616 977 669 dici
1009 615 1234 670 volebat.
1269 615 1371 670 Sed
1395 615 1481 669 hic
1513 614 1842 678 addendum,
1874 631 1979 670 non
2026 615 2180 684 oppi-
2283 613 2471 682 copias
2501 629 2625 668 snas
2658 621 2805 668 trans
2850 613 3249 683 Hellespontum
3273 619 3393 673 vehi
3426 633 3675 676 curasse.
3707 621 3840 687 Qui-

637 711 763 762 dum
810 709 1069 761 duntaxat
1111 723 1231 762 esse
1273 706 1592 776 Lopadium,
1642 707 1734 761 sed
1784 707 1946 762 etiam
2005 707 2179 761 lacum
2281 703 2396 758 bus
2435 704 2488 757 in
2530 705 2736 768 verbis,
2767 706 2985 774 quinam
3015 707 3089 760 illi
3117 720 3452 766 mercatores
3482 711 3706 776 fuerint,
3729 729 3840 768 non

640 799 933 865 aneiiium
962 807 1013 853 ei
1045 798 1399 867 ρτοαυεηιεηι
1427 799 1589 853 elacu
1619 798 1914 868 Lopadium
1940 814 2174 864 amnem,
2282 793 2622 862 exprimitur.
2657 793 2759 849 Sed
2789 795 3081 860 Laonicus,
3109 813 3221 852 rem
3246 799 3505 856 disertius
3530 817 3835 871 exponens.

635 892 822 944 eodem
856 891 1092 960 conspici
1126 891 1263 954 loco,
1284 900 1336 944 et
1368 891 1554 945 iisdem
1574 892 1827 960 appellari
1851 892 2157 946 nominibus

2280 881 2647 950 Praevenerat,
2665 887 2857 957 inquit,
2873 889 3176 942 Amuratem
3193 890 3835 964 Iustapbas,Callipolim

641 981 787 1036 Licet
842 982 942 1035 hoc
1001 986 1160 1058 etiam
1213 983 1497 1051 perspicue
1545 982 1611 1037 de
1642 981 1857 1037 Laonici
1893 984 2070 1037 verbis
2101 983 2178 1036 in.
2283 977 2703 1032 transfretando.
2740 980 3038 1063 Amurates
3079 996 3226 1048 vero,
3255 993 3444 1039 nactus
3473 983 3835 1040 Januensium

639 1073 893 1142 telligere,
935 1089 1057 1127 cum
1097 1088 1185 1128 res
1235 1075 1452 1130 easdem
1499 1074 1763 1138 referens,
1788 1076 1861 1130 ait
1895 1093 1909 1128 :
1945 1074 2019 1130 Eo
2048 1086 2181 1129 tem-
2280 1067 2457 1120 "al/im
2490 1069 2802 1136 ωειιίῐηθῐηι
2827 1087 2945 1141 (illa?
2976 1071 3114 1126 ῖοΐῑθ
3139 1075 3439 1143 δββυιθτθῑ,
3471 1091 3596 1130 cum
3636 1079 3837 1147 guber-

638 1180 764 1231 pore
789 1175 963 1220 castra
1009 1167 1246 1221 Muratazi
1304 1170 1641 1223 metabantur
1681 1185 1844 1238 prope
1882 1169 2159 1237 Lopadiun

2279 1168 2463 1214 natore
2487 1161 2801 1229 paciscitur,
2832 1175 2891 1218 ut
2929 1180 2986 1220 se
3015 1180 3136 1220 cum
3164 1169 3460 1236 peregrinis
3489 1180 3542 1224 et
3576 1171 3838 1224 militibus

635 1259 836 1322 “eum,
869 1269 923 1313 ei
946 1260 1220 1328 regionem
1241 1259 1527 1314 Miciiaiicii
1553 1263 1835 1315 vastabant
1867 1277 1880 1313 ε
1911 1262 2000 1317 ubi
2028 1263 2178 1317 lacus
2275 1248 2460 1304 Ianua:
2483 1251 2886 1320 (stipendiarios
2907 1255 3147 1310 etPortae
3191 1258 3386 1314 milites
3409 1271 3620 1315 vertere
3653 1261 3838 1317 debuit

634 1349 816 1402 multis
840 1349 1174 1415 iambagibns
1223 1363 1318 1416 per
1362 1350 1636 1418 angustias
1689 1350 1744 1403 in
1801 1366 1946 1404 mare
2008 1360 2178 1405 semet
2278 1339 2588 1412 ίηιεΓΡΓε³)ν
2632 1345 2959 1414 τθιίίιιιίείιυθ
2980 1347 3173 1414 copiis,
3205 1349 3259 1402 in
3299 1350 3839 1420 Europamlnnsw‘

630 1439 874 1503 effundit,
909 1449 961 1494 et
1000 1441 1196 1494 ibidem
1233 1456 1367 1509 pons
1400 1451 1506 1496 est.
1534 1441 1846 1511 Mustaphas
1877 1453 2054 1498 autem
2087 1459 2162 1498 ac-

2279 1432 2447 1488 beret.
2465 1433 2760 1487 Mercedem
2783 1436 3128 1502 gubernatori
3151 1440 3312 1493 solvit
3327 1441 3641 1510 maximam,
3660 1459 3832 1513 quan-

630 1534 848 1596 eedene,
895 1544 1069 1588 eesire
1124 1535 1319 1590 ieeevii
1355 1534 1507 1600 in“,
1563 1536 1761 1590 ostium
1788 1535 1959 1600 ﬂuvii,
1995 1538 2084 1605 qui
2110 1553 2173 1591 ev
2277 1531 2383 1575 tam
2405 1525 2675 1588 pollicitus
2697 1527 2976 1590 pecuniam
3004 1529 3446 1600 fuerat,impigre
3465 1536 3829 1589 numerando.

632 1625 746 1677 lae“
801 1632 1101 1692 promanat.
1152 1624 1358 1690 Quibus
1403 1626 1456 1679 in
1499 1627 1679 1681 vei-iiis
1718 1643 1836 1695 quae
1890 1627 2171 1682 Miciwiicii
2275 1611 2410 1666 Hinc
2446 1628 2574 1682 ergo
2609 1618 2719 1683 jam
2746 1620 3118 1686 cognoscitur,
3150 1624 3626 1679 mereatoresillos
3663 1625 3835 1680 fuisse

631 1715 778 1784 ηείο
819 1727 1061 1781 νοωων,
1115 1731 1259 1770 nune
1309 1716 1600 1780 Mieheiizi.
1642 1726 1752 1770 iam
1787 1719 1854 1770 ab
1885 1718 2044 1785 huius
2076 1733 2175 1771 ηο-
2275 1702 2605 1773 Genuenses,
2653 1710 2850 1778 quibus
2891 1713 2979 1764 alii
3028 1712 3287 1768 Muratem
3323 1716 3376 1769 in
3409 1719 3621 1787 singula
3657 1730 3832 1773 trans-

630 1806 791 1857 minie
841 1807 1025 1871 ﬂuvie,
1083 1823 1244 1872 quem
1302 1807 1369 1861 ei,
1396 1808 1592 1875 oppido
1650 1809 1899 1861 dicitur;
1952 1807 2091 1875 quod
2142 1823 2173 1862 a
2273 1797 2638 1851 vellendarum
2683 1801 2856 1867 capita
2917 1802 3146 1858 ducatos
3198 1805 3471 1872 singulos,
3529 1810 3622 1862 alii
3679 1812 3834 1866 binos

632 1895 830 1962 Lepide
873 1897 985 1950 sive
1029 1897 1266 1964 Lepedie
1299 1897 1618 1952 miiiierihus
1656 1897 1855 1953 armis
1894 1897 1956 1952 io
1987 1899 2169 1952 disiai,
2208 1887 2245 1939 Β
2275 1887 2501 1940 solvisse
2527 1898 2851 1944 memorant.
2875 1890 2941 1946 Et
2975 1895 3242 1949 notandus
3271 1897 3356 1949 hic
3387 1898 3539 1952 locus
3560 1909 3666 1952 tam
3693 1902 3833 1955 Lao-

628 1985 944 2038 Addendum
989 1997 1042 2038 ei
1089 1989 1208 2048 hoc.
1261 2003 1470 2042 amnem
1521 1988 1816 2056 Lopadium
1867 1988 2059 2058 priscis
2086 1988 2172 2043 di-
2276 1980 2580 2047 nici,qnam
2609 1985 2910 2042 annalium.
2939 1996 3155 2054 propter
3189 2000 3497 2044 nostrorum
3529 1993 3830 2045 hallucina-

628 2084 772 2130 cium
800 2078 966 2132 fuisse
997 2078 1371 2149 niiyndaeum.
2275 2073 2466 2138 tiones,
2514 2090 2746 2143 quorum
2786 2076 2875 2129 alii
2921 2089 3170 2131 navatam
3218 2079 3360 2135 hanc
3394 2079 3587 2135 Turcis
3619 2083 3771 2137 aiunt
3801 2098 3830 2136 a

2270 2162 2646 2221 Genuensibus
2708 2183 2925 2236 operam
2978 2178 3220 2237 tempore
3277 2173 3465 2240 prima:
3519 2172 3827 2228 Turcorum

626 2234 710 2288 87.
745 2232 904 2287 Falso
925 2251 1128 2288 rumore
1148 2236 1334 2302 didita,
1357 2253 1435 2290 res
1456 2239 1628 2306 magni
1649 2239 1895 2293 momenti
1913 2238 2168 2307 confecta.
2271 2256 2671 2322 iraesieciionis
2717 2232 2769 2312 ii.
2820 2259 3114 2329 Europam,
3157 2263 3207 2316 in
3239 2265 3440 2331 quibus
3469 2276 3556 2320 εει
3594 2265 3832 2319 Nicoiai-

2269 2344 2384 2410 des,
2430 2347 2496 2400 de
2544 2363 2652 2416 qno
2695 2366 2858 2419 supra
2911 2352 3111 2407 dictum
3154 2370 3382 2408 numero
3431 2367 3685 2410 notarum
3713 2358 3827 2411 με

2268 2437 2357 2490 alii
2413 2439 2656 2493 referunt
2703 2442 2767 2494 ad
2816 2443 2867 2496 id
2915 2453 3149 2513 tempus,
3190 2462 3296 2514 quo
3323 2449 3567 2502 rescissis
3591 2451 3832 2504 auctori-

2269 2536 2374 2581 tate
2431 2529 2700 2598 pontificis
2747 2533 3000 2598 induciis,
3043 2552 3179 2605 quas
3241 2538 3542 2596 Vladislaus
3594 2542 3830 2598 Polnnus

2267 2615 2514 2686 Ungaria:
2560 2635 2653 2674 rex
2713 2636 2835 2676 cum
2891 2621 3101 2679 Murate
3155 2637 3344 2695 pactus
3398 2627 3599 2693 fuerat,
3636 2632 3833 2700 ‘Euge-

2266 2709 2388 2764 nius
2431 2708 2494 2762 IV
2534 2711 2790 2779 pontifex,
2843 2723 2897 2766 et
2940 2712 3103 2770 Italia:
3134 2718 3420 2796 principes,
3454 2718 3673 2790 Ungaro
3703 2737 3832 2790 pro-

2265 2801 2546 2864 miserunt,
2587 2818 2643 2857 se
2680 2804 2996 2860 triremibus
3020 2807 3344 2863 obsessuros
3373 2809 3781 2879 Hellespontum
3813 2833 3826 2865 :

2262 2907 2372 2959 quo
2429 2893 2608 2948 minus
2652 2909 2715 2948 ex
2761 2895 2886 2950 Asia
2935 2897 3191 2962 Murates,
3248 2902 3336 2955 ubi
3384 2902 3582 2955 bellum
3633 2916 3828 2956 contra

2261 2979 2612 3034 Caramanum
2661 2984 2907 3051 gerebat,
2966 2988 3017 3040 in
3077 2989 3343 3056 Europam
3405 2993 3826 3055 transmittere,

2260 3084 2593 3143 conatusque
2634 3074 2888 3140 Vladislai
2961 3080 3136 3148 regis,
3182 3079 3389 3149 Europa
3445 3081 3654 3138 Turcos
3707 3086 3828 3152 eje-

2260 3164 2419 3226 cturi,
2461 3175 2641 3233 posset
2675 3168 2954 3235 impedire.
3003 3168 3120 3234 Quo
3164 3186 3294 3226 sane
3327 3181 3588 3242 tempore,
3621 3177 3665 3230 si
3705 3175 3820 3230 Ge-

2260 3269 2489 3308 nuenses
2533 3259 2961 3325 transportandis
3001 3259 3192 3316 Turcis
3231 3278 3450 3333 operam
3500 3265 3693 3321 Murati
3729 3284 3830 3323 na.

2258 3353 2513 3409 vassent,
2571 3361 2668 3400 ceu
2721 3349 2957 3415 pessime
3025 3351 3092 3406 de
3136 3363 3243 3408 tota
3306 3357 3488 3411 meriti
3539 3360 3830 3427 republica

2259 3431 2565 3487 Christiana
2612 3436 2746 3490 diris
2795 3439 3037 3494 omnium
3081 3441 3257 3497 devoti
3303 3443 3551 3501 fuissent.
3583 3447 3688 3501 Sed
3714 3447 3828 3505 hoc

2259 3521 2472 3589 quidem
2525 3539 2616 3579 eos
2657 3525 2925 3583 Laonicus
2964 3539 3017 3584 et
3047 3531 3286 3587 Annales
3331 3533 3384 3587 hi
3419 3535 3646 3590 crimine
3679 3536 3824 3592 libe-

2258 3617 2409 3674 rant,
2460 3627 2579 3681 cum
2633 3615 2847 3671 interim
2887 3620 3069 3689 negari
3115 3632 3366 3691 nequeat,
3396 3625 3532 3681 hanc
3564 3626 3825 3685 Genuen-

2257 3700 2394 3753 sium
2418 3739 2433 3765 ,
2461 3703 2800 3770 privatorum
2827 3716 3003 3762 tamen
3038 3710 3321 3767 hominum
3350 3729 3589 3782 operam,
3626 3719 3679 3772 in
3712 3719 3824 3774 hoc

2258 3798 2497 3859 wmpore
2524 3804 2706 3848 contra
2745 3796 3084 3868 Mustapham
3119 3801 3310 3858 Murati
3344 3807 3666 3874 prmstitam,
3705 3811 3820 3867 non

2257 3880 2370 3936 leve
2397 3882 2706 3941 Graecorum
2728 3887 2889 3945 rebus
2913 3892 3163 3951 attulisse
3187 3895 3468 3961 damnum,
3493 3914 3557 3953 ac
3585 3903 3820 3969 proinde

2254 3976 2464 4029 caeteris
2509 3977 2671 4031 etiam
2731 3981 2896 4037 totius
2953 3981 3179 4054 Europae
3226 3988 3442 4057 populis
3485 3989 3821 4048 Christianis

2256 4063 2424 4120 fuisse
2466 4071 2702 4124 noxiam.
2738 4071 2966 4150 Bolairis
2997 4085 3050 4129 et
3100 4077 3251 4133 Ezeaa
3294 4081 3531 4148 planitiei
3572 4083 3692 4139 loca
3723 4100 3821 4138 su-

2255 4157 2436 4222 perius
2457 4161 2700 4227 exposita
2727 4171 2854 4215 sunt
2888 4179 3115 4220 numero
3139 4167 3229 4221 ‘25.
3251 4168 3481 4225 Tantum
3510 4172 3597 4226 hic
3621 4175 3817 4228 obser-

2254 4247 2515 4312 vandum,
2563 4251 2779 4324 nomine
2812 4253 2981 4308 Boleri
3015 4257 3127 4311 sive
3167 4257 3419 4324 Bolairis,
3445 4264 3609 4318 etiam
3650 4269 3816 4335 Oppi-

2253 4338 2380 4390 dum
2428 4339 2514 4391 hic
2545 4340 2704 4393 situm
2739 4343 2980 4414 intelligi.
3019 4346 3204 4403 Mortis
3243 4365 3432 4419 genus,
3473 4371 3584 4424 quo
3613 4357 3818 4412 Musta-

2254 4426 2413 4495 pham
2450 4429 2686 4485 Murates
2713 4434 2851 4490 allici
2887 4435 3111 4503 jusserit
3133 4481 3146 4504 ,
3180 4441 3436 4496 nimirum
3463 4455 3518 4499 ut
3546 4446 3614 4500 de
3641 4449 3812 4517 pinna

2251 4518 2486 4588 quadam
2523 4537 2798 4578 murorum
2828 4529 2977 4583 urbis
3011 4528 3536 4602 lladrianopolitanze
3571 4553 3810 4608 suSpen-

669 4602 786 4667 Quo
835 4601 951 4654 loco
1001 4602 1099 4655 sita
1149 4605 1218 4656 sit
1259 4603 1424 4673 Buga,
1478 4605 1610 4658 satis
1639 4604 1859 4670 intelligi
1887 4612 2060 4673 potest
2086 4603 2152 4658 de
2181 4601 2224 4621 ν
2254 4609 2506 4676 deretur,
2552 4629 2580 4666 a
2619 4613 3052 4690 Chalcocondyle
3103 4601 3319 4678 silentio
3367 4601 3723 4694 praeteritum,
3760 4643 3813 4691 ’τι

601 4693 800 4747 notatis
853 4691 1101 4761 superius
1140 4692 1204 4744 ad
1252 4707 1533 4744 numerum
1565 4692 1655 4745 24.
1689 4693 1730 4743 Α
1754 4692 2021 4760 Le0padio
2045 4709 2148 4747 non
2252 4699 2441 4756 Turcis
2477 4706 2750 4759 memoriae
2785 4712 3047 4776 proditur.

601 4782 755 4853 longe
808 4783 987 4846 distat,
1046 4783 1310 4851 habetque
1366 4782 1566 4843 lacum,
1614 4797 1678 4834 ex
1732 4797 1840 4849 quo
1868 4792 2152 4849 promanat
2439 4795 2525 4849 90.
2568 4795 2764 4850 Lazari
2791 4803 2912 4866 duo,
2955 4803 3148 4860 Serviw
3178 4807 3399 4870 despotw
3426 4809 3604 4867 simul.

601 4876 774 4927 amnis
841 4875 1004 4943 Buga,
1057 4872 1257 4928 civitati
1318 4873 1686 4940 cognominis.
1744 4870 2148 4928 Recentioribus
2319 4879 2414 4936 llis
2461 4889 2617 4941 annis
2667 4887 2942 4946 Bonlinius
2972 4908 3093 4947 cum
3144 4913 3249 4952 uno
3290 4900 3544 4972 Georgio,
3579 4907 3804 4976 despota

599 4964 732 5020 Juba
780 4968 855 5020 vel
908 4967 1058 5020 Guha
1086 4965 1365 5025 scribitur,
1397 4963 1594 5015 litteris
1627 4965 1991 5032 transpositis.
2021 4967 2148 5018 Am-
2249 4974 2608 5032 Βοχίεηοι-ιηη
2658 4982 2770 5035 sive
2815 4981 3201 5051 “alienorum.
3243 4994 3334 5059 qui
3367 4963 3650 5061 et'servii’
3682 4963 3808 5052 'Mm

602 5059 682 5110 nis
716 5056 879 5124 Buga,
925 5073 1082 5125 quem
1133 5056 1390 5114 diximus.
1434 5052 1674 5122 Lopadio
1709 5056 1914 5109 flumini
1952 5056 2147 5110 misce-

2260 5076 2413 5121 'atem
2449 5071 2580 5123 bella
2607 5072 2838 5141 gessisse
2879 5076 3122 5144 scripsit.
3157 5080 3393 5137 Annales
3429 5101 3556 5141 vero
3582 5087 3801 5145 Turcici

602 5163 706 5214 tur,
742 5150 882 5216 quod
930 5151 1108 5233 itidem
1148 5146 1364 5201 Grzecos
1411 5147 1537 5199 olim
1579 5146 1925 5218 Bbyntlacum
1966 5149 2146 5218 appcl-
2246 5160 2498 5222 tradunt,
2535 5177 2678 5215 anno
2710 5163 3023 5220 Christiano
3057 5168 3189 5220 H27
3223 5169 3488 5226 Lazarum
3521 5176 3803 5248 despotam

602 5241 739 5292 lasse
767 5240 923 5305 paulo
954 5246 1077 5289 ante
1108 5237 1431 5291 notavimus.

2260 5265 2423 5304 senem
2476 5253 2678 5308 ditione
2711 5271 2806 5311 sua
2838 5272 3062 5323 prorsus
3091 5271 3341 5328 exutum,
3395 5265 3671 5336 nihiloque
3701 5273 3807 5325 mi-

599 5352 666 5402 89
710 5351 996 5424 Ceizuenses
1021 5353 1229 5417 quidam
1255 5353 1313 5424 in
1336 5349 1596 5418 Europam
1621 5353 1843 5409 Muralis
1878 5356 1932 5410 11
1963 5359 2139 5424 capias
2242 5358 2344 5395 ""5
2410 5359 2553 5405 θυηθ
2594 5352 2840 5417 sequenti
2884 5353 3130 5421 ΡΓοιῖωο
3175 5354 3471 5423 “unum:
3499 5359 3804 5416 ίηεωιιτδιο

671 5429 814 5471 trans
870 5420 1313 5486 Ilellesponlum,‘
1353 5432 1564 5487 accepta
1613 5430 1839 5479 mercede
1888 5420 2135 5492 ntaxinm,
2241 5433 2407 5499 bello,
2450 5437 2637 5493 Lazari
2673 5420 3274 5513 regionem-universam
3307 5450 3619 5518 populatum
3653 5469 3798 5509 esse.

671 5498 1021 5518 .--.....,...,....

2397 5498 2401 5499 ,
2731 5498 2759 5510 υ
2949 5509 2956 5513 ,
3105 5498 3119 5500 -
3307 5498 3619 5518 ,-,_-_-__.
3655 5498 3797 5509 -.ηπ

666 5498 1044 5556 ¹νί¹¹¹⁸Ρ⁰⁷¹αη¹’
2237 5526 2440 5591 Quibus
2476 5545 2539 5582 ex
2592 5533 2766 5588 verbis
2800 5537 3044 5603 equidem
3093 5537 3306 5606 colligo,
3359 5543 3576 5598 nomine
3604 5545 3797 5603 Lazari

560 5663 566 5671 ι
663 5599 919 5654 Helerunt
973 5598 1169 5663 Turci,
1227 5599 1508 5667 Muratem,
1560 5614 1614 5658 ut
1675 5606 2009 5676 illustapliam
2053 5609 2135 5662 fu-
2236 5619 2378 5672 senis
2432 5620 2653 5691 intelligi
2712 5598 3069 5695 Stephanum,
3115 5598 3304 5683 Lazari
3359 5634 3516 5700 primi
3569 5598 3791 5703 lilium,

594 5691 823 5758 gicntem
878 5693 1229 5761 Opprimeret,
1259 5708 1379 5748 cum
1413 5711 1598 5751 onmes
1623 5701 1687 5753 ad
1733 5699 2131 5768 Hellespontum
2233 5723 2389 5776 quem
2436 5710 2667 5770 Mnrates
2697 5691 2862 5786 regno
2903 5691 3127 5790 ejecci'it
3167 5739 3181 5777 :
3208 5723 3300 5777 sed
3327 5691 3393 5777 ab
3421 5725 3542 5793 ejus
3569 5691 3684 5784 lilio

594 5795 806 5852 propter
843 5785 1622 5860 Callioitolitanumtrajectum
1661 5808 1823 5848 naves
1854 5795 1902 5848 in
1935 5805 2128 5850 terram
2233 5810 2439 5867 ccptam
2486 5819 2605 5860 mox
2652 5785 2947 5874 ditionem;
2991 5827 3018 5872 a
3077 5811 3280 5869 Muratc
3328 5785 3594 5884 direptam
3643 5832 3788 5882 anno

694 2366 892 2421 Praeter
919 2367 1046 2421 illud
1090 2379 1435 2437 stratagema,
1481 2386 1588 2439 quo
1615 2370 1969 2427 Mecliemetcs
2003 2375 2168 2443 begus

627 2462 997 2530 Miclialoglius
1045 2462 1406 2532 Muslaphazos
1465 2480 1713 2534 proceres
1766 2480 1829 2519 ac
1889 2464 2166 2518 milltesin

627 2564 803 2614 partes
834 2553 1053 2609 Muratis
1077 2556 1334 2620 attraxit,
1367 2559 1509 2611 aliud
1539 2557 1698 2611 etiam
1731 2572 1758 2608 a
1793 2557 2029 2610 Laenico
2058 2571 2168 2610 me-

625 2647 806 2698 morize
846 2649 1114 2715 proditum
1159 2660 1257 2714 est,
1283 2666 1389 2718 quo
1421 2651 1712 2719 singularis
1752 2651 1987 2703 Vafritiei
2022 2665 2167 2704 com-

622 2744 800 2788 mento
857 2752 942 2789 res
1003 2739 1202 2805 pariter
1254 2756 1316 2793 ac
1344 2756 1465 2809 spes
1495 2736 1686 2796 omnes
1717 2742 2010 2809 Mustaphre
2044 2740 2167 2794 fun-

619 2825 764 2878 ditus
793 2841 994 2879 eversa!
1018 2840 1359 2882 corruerunt.
1393 2832 1477 2884 Ait
1516 2835 1681 2895 enim,
1708 2834 1883 2887 missis
1918 2833 1984 2886 ad
2020 2831 2165 2886 Grae-

621 2931 804 2968 corum
860 2918 1237 2985 imperatorem
1288 2935 1352 2974 ac
1412 2937 1681 2987 proceres,
1735 2932 1839 2976 tam
1870 2939 1897 2977 a
1936 2925 2162 2990 Murate,

619 3023 775 3075 quam
816 3009 1088 3078 Mustaplia
1137 3011 1341 3079 legatis,
1383 3012 1598 3065 Griecos
1640 3014 1849 3066 tandem
1874 3030 1931 3068 re
1958 3015 2163 3068 delibe-

619 3111 731 3153 rata
783 3100 1126 3167 Mustaphaeis
1168 3118 1443 3165 asseusos,
1477 3103 1846 3157 Muratamrum
1895 3108 2159 3172 postulata

616 3193 888 3260 reiecisse.
945 3192 1080 3247 Tum
1136 3210 1264 3248 vero
1311 3195 1592 3248 Muratmos
1632 3209 1848 3248 suorum
1877 3197 1929 3250 in
1980 3208 2154 3252 castra
2184 3226 2227 3288 ρ

617 3288 848 3338 maxima
894 3302 1013 3340 cum
1054 3282 1394 3341 festinatione
1446 3304 1731 3353 reversos,
1788 3306 1911 3342 mox
1965 3288 2158 3342 falsum

615 3378 874 3444 sparsisse
921 3393 1224 3439 rumorem,
1270 3395 1376 3444 quo
1421 3379 1636 3435 Graecos
1676 3383 2010 3435 allirmabant
2041 3380 2158 3434 Mu-

616 3469 744 3521 ralis
786 3479 964 3535 partes
999 3470 1293 3536 amplexos.
1329 3469 1398 3521 Ea
1428 3487 1485 3522 re
1523 3487 1615 3537 per
1641 3472 1966 3540 transfugas,
2000 3483 2055 3525 ut
2078 3476 2155 3538 lit,

613 3561 664 3616 in
719 3560 949 3611 hostium
992 3574 1206 3627 quoque
1248 3559 1439 3613 castris
1459 3561 1643 3624 didita,
1675 3578 2010 3631 summopere
2040 3578 2158 3630 per-

613 3652 854 3703 turbatos
883 3650 1258 3718 Mustaphmos,
1284 3665 1511 3718 quorum
1546 3653 1698 3719 legati
1735 3668 1856 3707 cum
1883 3664 2158 3721 peroptato

609 3740 914 3794 Grzecorum
965 3756 1222 3810 responso
1272 3743 1502 3797 necdum
1546 3743 1886 3810 appulerant,
1935 3745 2157 3813 abjectis

609 3833 802 3886 animis
834 3834 912 3886 vel
941 3832 1163 3888 Muratis
1193 3850 1249 3888 se
1273 3835 1454 3904 gratim
1472 3849 1535 3888 ac
1559 3834 1679 3888 fidei
1715 3836 2046 3903 permisisse,
2073 3840 2156 3893 vel

610 3924 730 3993 fuga
786 3925 941 3977 saluti
995 3925 1335 3979 consuluisse
1363 3943 1376 3978 :
1421 3924 1584 3995 434
1613 3925 1755 3994 quod
1782 3924 1848 3978 ab
1884 3926 1996 3993 ipso
2023 3941 2158 3993 quo-

608 4029 712 4080 que
735 4013 1006 4081 Mustapha
1046 4014 1268 4077 factum,
1320 4012 1549 4067 Zunaite
1587 4015 1839 4078 patritum
1866 4017 1929 4069 ad
1954 4017 2153 4084 princi—

606 4112 788 4172 patum
829 4119 886 4157 se
933 4104 1243 4170 recipiente.
1286 4103 1633 4157 Memorabile
1683 4105 1925 4172 profecto
1969 4121 2152 4159 exem-

606 4197 776 4265 plum,
814 4211 918 4263 quo
950 4203 1103 4263 pacto
1132 4208 1522 4262 nonnunquam
1555 4196 1604 4248 in
1632 4195 1783 4249 bellis
1810 4211 1896 4249 res
1921 4198 2154 4252 maxime

606 4288 910 4342 rumoribus
954 4288 1032 4340 vel
1082 4287 1371 4356 prosperis,
1408 4287 1487 4340 vel
1543 4281 1806 4351 adVersis,
1853 4303 1976 4342 cnm
2021 4288 2151 4344 dex-

605 4377 815 4432 teritate
844 4377 1070 4446 sparsis,
1105 4375 1474 4445 perﬁciantur.

976 4489 1065 4542 88.
1093 4489 1254 4559 Buga,
1293 4489 1461 4555 Guba,
1495 4507 1588 4559 pro
1619 4490 1787 4561 Buga.
