4032 6344
123 456 235 520 797
575 483 579 487 ν
1279 437 1674 517 PANDECTE
1710 456 1914 516 msr.
1956 455 2267 517 Tuncrc.
2748 474 2751 477 η
3248 455 3361 516 τειθ

124 572 383 642 proximo
424 572 589 627 fuisse
623 589 638 625 :
693 569 960 626 Lazarum
1010 584 1141 625 vero
1183 570 1456 640 iuniorem
1510 570 1680 632 hunc,
1712 572 1763 630 Α
1787 571 2069 642 interiecto
2097 569 2366 626 Romanis
2396 570 2618 640 acOpiis
2645 577 2965 637 occupatum
2993 566 3119 621 fuit.
3140 566 3355 632 Quibus

123 665 347 736 Georgii
393 680 587 719 nomen
627 663 883 718 habuisse
925 664 1184 734 perspicit
1229 678 1295 716 ex
1355 664 1547 716 horum
1588 660 1686 715 de-
1785 676 1816 717 e
1843 662 2021 716 verbis
2047 661 2905 733 intelligitur,Thraciaamonlem
2930 673 3049 712 esse
3072 656 3352 727 Tuganum

124 769 408 826 spotarum
439 767 724 811 stemmate
771 756 964 819 lector,
1014 755 1159 826 quod
1216 768 1416 825 supra,
1461 765 1687 808 numero
1786 752 1870 807 vel
1894 752 2454 827 Toganmmvicinum
2489 751 2757 815 'l'zurulo,
2783 750 2849 805 de
2875 765 2979 818 qua
2997 748 3249 817 superius
3276 749 3358 801 di-

126 860 253 905 nota
263 867 381 911 rum
411 850 498 914 54,
539 851 806 904 dedimus.
1142 894 1145 897 Α

411 943 783 1002 91.1bralu'm.
815 942 1047 996 Praimes
1089 952 1138 997 et
1174 939 1479 1009 Mpraimes.

195 1038 303 1103 Qui
349 1035 544 1091 Turcis
587 1035 821 1089 lbrahim
854 1034 1045 1099 bassa,
1072 1034 1300 1088 Chelilis
1328 1032 1505 1086 bassat
1540 1038 1694 1097 pater

128 1130 354 1193 dicitur,
393 1112 634 1183 Laonico
661 1125 903 1181 Praimes
932 1137 1034 1191 est,
1063 1127 1175 1180 Alis
1208 1125 1351 1178 ﬁlius
1382 1140 1397 1175 :
1433 1134 1542 1190 quo
1575 1120 1695 1173 loco

132 1221 341 1276 notavit
390 1220 456 1275 ad
486 1219 607 1273 libri
665 1219 964 1286 marginem
1012 1220 1301 1284 interpres,
1355 1216 1500 1267 hunc
1541 1224 1697 1264 eum-

132 1314 257 1366 dem
316 1327 438 1367 esse
477 1327 598 1367 cum
646 1295 1040 1376 Chaiambego,
1068 1308 1122 1362 in
1164 1322 1274 1376 quo
1309 1319 1440 1371 sane
1467 1304 1695 1357 fallitur.

132 1404 274 1457 Nam
323 1405 409 1456 hic
454 1402 848 1471 Chaiambegns
892 1400 1226 1467 interpretis.
1267 1396 1505 1450 Laonieo
1558 1393 1700 1447 libro

134 1503 295 1551 sexto
336 1494 631 1548 Carambes
660 1494 878 1553 dicitur.
913 1491 1112 1546 Priami
1143 1490 1304 1551 ﬁlius,
1337 1486 1561 1542 Ghelilis
1594 1483 1703 1537 l'ra-

136 1601 240 1643 ter.
297 1588 398 1642 [lbi
432 1595 579 1649 nota,
630 1586 903 1641 Priamum
954 1583 1129 1638 Vocari
1173 1582 1392 1635 nomine
1425 1584 1703 1642 corrupto.

138 1682 263 1734 loco
295 1678 549 1738 Praimis.
583 1693 743 1746 quem
780 1676 953 1731 (ἕτκοί
990 1673 1302 1742 Mpraimem
1331 1668 1600 1727 scribunt,
1635 1665 1705 1718 oh

139 1771 415 1826 difﬁcilem
462 1764 595 1838 ipsis
630 1768 1129 1838 pronuntiationem
1181 1762 1371 1817 litterae
1406 1768 1607 1812 nostra:
1644 1756 1704 1813 Β.

142 1878 242 1928 pro
279 1878 384 1932 qua
415 1860 507 1915 MP
536 1870 743 1932 ponunt
774 1876 789 1915 :
834 1869 892 1913 ut
921 1856 1249 1926 Mpajazites.
1286 1868 1381 1922 pro
1407 1851 1702 1918 Bajazites;

140 1956 497 2025 Bompertus,
541 1969 640 2024 pro
686 1952 996 2015 Robertus;
1038 1949 1350 2017 Mpiperius.
1399 1959 1498 2014 pro
1546 1941 1702 1994 [lihe-

144 2044 285 2109 rius,
341 2043 663 2113 cognoluine
699 2042 900 2101 Tiberii
943 2057 958 2104 ;
993 2037 1277 2107 Mpajnlus,
1328 2049 1424 2104 pro
1472 2031 1701 2101 Bajulo:

143 2155 267 2210 quae
314 2138 615 2208 posteriora
678 2122 788 2195 duo
818 2132 1163 2201 reperiuntur
1215 2127 1356 2196 apud
1413 2124 1703 2179 Gedrinum

144 2241 199 2285 et
223 2230 544 2299 Gregoram.
598 2226 868 2281 Laonicus
917 2226 1056 2278 lihro
1099 2219 1294 2274 deinde.
1320 2225 1516 2270 octavo
1544 2214 1706 2266 etiam

149 2324 438 2386 l‘reimem,
494 2322 609 2376 sive
656 2317 858 2373 rectius
908 2314 1217 2385 Mpreimem
1272 2308 1426 2363 dixit.
1469 2306 1534 2358 Et
1562 2304 1708 2358 Grre-

147 2432 271 2469 cum
324 2414 584 2479 Praimes,
645 2411 759 2465 sive
812 2407 1073 2481 Preimes,
1126 2396 1706 2461 ancicumlbrahim,

151 2508 290 2563 facta
320 2515 447 2560 sunt
484 2520 547 2560 ex
581 2502 804 2558 Hebraeo
833 2498 1125 2554 Abraham.

318 2595 478 2669 435
512 2594 600 2650 θῖ.
640 2593 870 2648 Hui-otes
898 2589 1217 2667 ASalonicam
1241 2566 1524 2654 Expugnat.

221 2711 466 2766 Annales
498 2709 549 2762 bi
580 2707 797 2778 quidem
832 2721 938 2760 non
960 2705 1223 2768 indicant,
1266 2701 1482 2755 cuinam
1540 2695 1712 2751 Mura-

153 2813 236 2860 tes
288 2800 595 2857 Salonicam
642 2800 756 2854 sive
800 2796 1240 2852 Thessalonicam
1280 2790 1580 2845 ademerit:
1620 2784 1713 2839 sed

154 2913 243 2953 res
266 2897 349 2952 sic
376 2894 558 2949 habet.
589 2895 741 2954 Anno
767 2888 1078 2945 Christiano
1118 2885 1256 2940 “25
1307 2879 1602 2937 Thessalia!
1633 2876 1714 2930 ci-

154 3000 297 3043 VllaS
326 2984 715 3060 Thessalonica
737 2981 959 3036 vendita
1006 2976 1317 3046 reipublicae
1348 2972 1566 3027 Venetae
1615 2968 1717 3021 fuit

155 3082 223 3135 ab
270 3080 586 3135 Andronico
661 3066 985 3140 Palamlogo,
1060 3066 1324 3123 Manuclis
1374 3062 1718 3133 imperatoris

154 3173 471 3237 Grecorum
517 3166 930 3238 antepenultimi
966 3164 1099 3229 ﬁlio,
1148 3158 1433 3230 pennltimi
1466 3154 1716 3217 Joannis,

156 3272 209 3318 et
238 3264 416 3318 ultimi
469 3259 824 3316 Constantini
856 3258 1031 3313 fratre
1090 3272 1104 3309 :
1139 3253 1224 3309 cui
1284 3252 1401 3320 lege
1438 3256 1716 3318 permuta-
1744 3240 1788 3296 G

162 3357 352 3422 tionis,
386 3352 553 3409 annui
588 3352 792 3406 reditus
826 3348 1064 3404 civitatis
1092 3343 1395 3400 Tarvisinu:
1415 3344 1722 3396 cesserunt.

161 3447 267 3511 Sed
304 3455 556 3500 mortuus
589 3440 691 3495 fuit
721 3438 1068 3493 Andronicus
1118 3435 1173 3489 in
1209 3432 1421 3491 itinere,
1462 3429 1589 3481 dum
1620 3423 1722 3476 Ve-

164 3540 342 3603 netias
370 3537 669 3607 navigaret.
704 3531 887 3587 Nihilo
934 3530 1115 3584 minus
1140 3524 1277 3580 urbe
1315 3522 1466 3592 potiti
1510 3517 1726 3580 Veneti,

164 3649 295 3694 suos
324 3646 393 3688 eo
418 3638 660 3686 rectores
687 3626 886 3681 misere
917 3641 930 3677 :
970 3633 1201 3691 quorum
1238 3615 1449 3687 primus
1483 3611 1585 3666 fuit
1616 3607 1729 3662 Ma-

167 3730 320 3782 rinus
354 3722 767 3786 Bondomerius,
829 3732 954 3779 cum
981 3713 1137 3769 titulo
1169 3707 1385 3769 comitis
1441 3701 1731 3759 Thessalo-

168 3819 323 3871 uicae.
357 3813 612 3870 Venditio
650 3820 939 3887 prepterea
989 3807 1129 3861 facta
1194 3802 1319 3866 fuit,
1356 3796 1501 3869 quod
1556 3792 1729 3850 Grazci

166 3907 328 3969 nullo
350 3919 411 3961 se
458 3899 1091 3958 modo-Thessalonicam
1126 3894 1390 3947 adversus
1427 3889 1729 3940 Tureorum

170 4001 281 4067 vim
325 4006 488 4067 po‘s-e
536 3991 675 4047 tueri
710 3990 976 4051 viderent,
1008 3988 1132 4039 licet
1158 3984 1286 4038 urbs
1322 3984 1435 4050 ipsa
1462 3975 1734 4044 magnitu-

168 4094 297 4147 dine
318 4089 566 4160 insignis,
588 4085 761 4156 copiis
788 4080 1048 4151 locuples,
1072 4074 1378 4132 Thermaici
1413 4073 1569 4127 sinus
1601 4081 1731 4138 por-

172 4194 229 4236 tu
292 4159 518 4244 nobilis,
571 4192 673 4233 nec
731 4174 823 4230 ulli
880 4173 1189 4227 Graecarum
1215 4167 1496 4221 civitatum
1522 4159 1737 4215 caeteris

172 4272 515 4326 ornamentis
540 4265 772 4323 inferior
800 4271 965 4318 esset.
992 4261 1154 4316 Anno
1200 4256 1399 4312 deinde
1434 4252 1562 4307 M51
1619 4250 1733 4305 sul-

1798 856 1967 907 Clllltt,
1989 860 2214 898 numero
2250 843 2749 911 notarqub’loga
2771 859 2897 896 vero
2910 841 3357 904 Turcicum,eam

1791 934 1858 989 ad
1909 935 2186 1000 Toganum
2243 936 2509 987 rationem
2548 934 2727 997 habet,
2758 933 2903 1002 quod
2956 930 3329 999 pronuntiatio

1792 1040 1917 1078 nem
1958 1025 2173 1086 attinet,
2205 1038 2368 1092 quam
2402 1021 2605 1077 Ozman
2648 1023 2731 1076 vel
2754 1020 2985 1083 Osman,
3007 1020 3071 1071 ad
3100 1020 3360 1071 tltliman.

2070 1115 2161 1169 94.
2190 1115 2447 1178 Arbam'a,
2467 1114 2745 1174 Albanum,
2784 1111 3094 1166 Arnantlar.

1865 1204 2036 1270 Quam
2072 1204 2241 1259 Graeci
2276 1214 2484 1258 veteres
2512 1204 2731 1273 Epirum
2758 1202 2969 1263 dixere,
3004 1214 3151 1254 nunc
3183 1199 3360 1251 Arba-

1800 1299 1944 1351 niam
2001 1305 2194 1351 vocant
2226 1306 2280 1350 et
2306 1297 2614 1350 Albaniam.
2642 1294 2852 1350 Nomen
2878 1291 3133 1348 Arbaniaz
3160 1289 3366 1357 reperi-
3460 1349 3462 1352 ν

1800 1388 1963 1444 turin
1998 1388 2138 1441 libro
2168 1386 2351 1442 Graaca
2391 1388 2569 1456 lingua
2620 1386 2824 1456 vulgari
2860 1386 3087 1453 scripto,
3141 1383 3228 1437 cui
3272 1396 3371 1435 no-

1804 1492 1922 1531 men
1960 1470 2309 1530 Portolauus.
2338 1476 2607 1530 Albanum
2657 1486 2855 1543 praetor
2910 1473 3133 1528 Graecia:
3184 1478 3371 1525 noster

1806 1569 1948 1623 hanc
2008 1568 2283 1636 regionem
2345 1568 2612 1636 indigitat.
2681 1564 2874 1619 Incolae
2918 1563 3111 1616 Turcis
3158 1556 3371 1614 Arnau—

1806 1662 1927 1717 tlari
1966 1661 2337 1723 nominantur,
2386 1672 2413 1711 a
2467 1658 2669 1726 quibus
2713 1657 2824 1725 jam
2862 1653 3052 1719 majori
3105 1668 3170 1705 ex
3218 1658 3370 1719 parte

1810 1753 1986 1806 Morea
2018 1766 2258 1820 quoque,
2293 1752 2410 1804 sive
2440 1733 2869 1816 Peloponnesus,
2908 1744 3260 1798 inhabitatur.

1811 1844 1903 1899 95.
1946 1844 2160 1907 Hersen,
2205 1840 2559 1909 Herzegovina
2587 1858 2606 1894 :
2638 1838 3084 1909 Bozinarduplex,
3123 1832 3373 1889 Sandalis

2236 1908 2397 1982 regio,
2421 1915 2530 1964 dua:
2555 1910 2736 1966 Sancti
2765 1908 2942 1985 Saba.

1879 2006 2041 2075 Regia
2068 2003 2283 2057 Bozinaa
2304 2004 2622 2071 superioris,
2646 2015 2836 2055 versus
2858 2000 3075 2053 Jadram
3109 1998 3223 2051 sive
3264 1995 3369 2048 Za-

1807 2114 1923 2153 ram
1963 2106 2018 2152 et
2067 2095 2422 2164 Epidaurum,
2448 2108 2595 2146 nunc
2619 2091 2883 2162 Bagusam
2912 2105 2971 2143 se
3021 2087 3373 2157 porrigentis,

1805 2187 2041 2241 ﬂerzeca
2073 2199 2100 2237 a
2124 2182 2679 2251 Turcis‘appellatur.
2715 2195 2744 2234 a
2769 2178 3052 2243 Gastaldo,
3099 2177 3369 2238 Cliersec;

1807 2279 1876 2334 ab
1898 2279 2018 2334 aliis
2036 2276 2264 2345 Orzega,
2287 2291 2315 2329 a
2342 2273 2628 2328 Bozinacis
2658 2270 2939 2327 etCroatis
2967 2267 3333 2334 Herzegovina
3353 2282 3370 2317 :

1808 2370 1954 2441 quod
1983 2369 2139 2424 ducis
2169 2372 2286 2423 sive
2312 2366 2570 2436 principis
2602 2365 2757 2419 sedes
2776 2372 2939 2433 esset,
2967 2375 3124 2430 quem
3154 2354 3379 2411 Bocina-

1811 2463 1859 2517 ci
1894 2460 2338 2528 Croatique,cum
2362 2456 2617 2524 Ungaris,
2649 2454 2970 2509 Germanico
2993 2449 3255 2505 vocabulo
3278 2461 3375 2499 no-

1812 2556 2021 2609 minant
2062 2552 2287 2625 Herzog.
2345 2548 2551 2617 Quippe
2582 2549 2778 2616 duplex
2828 2556 2945 2599 erat
2990 2544 3115 2596 olim
3153 2540 3376 2600 Bozina,

1813 2646 2057 2714 superior
2090 2652 2143 2697 et
2173 2628 2394 2697 inferior
2425 2657 2438 2694 :
2470 2653 2699 2708 quarum
2738 2639 2849 2690 haec
2899 2647 3077 2700 regem
3126 2628 3379 2712 habebat,

1814 2753 1973 2807 quem
2012 2736 2350 2807 Illyricorum
2380 2746 2555 2798 regem
2577 2736 2854 2796 nuncupat
2885 2702 3380 2790 Cnalcocondyles:

1816 2820 1905 2881 illa
1927 2827 2229 2894 principem
2257 2826 2371 2878 sive
2399 2824 2614 2882 ducem,
2640 2833 2798 2888 quem
2831 2817 2992 2869 etiam
3013 2811 3197 2867 Sancti
3231 2808 3386 2862 Saba:

1817 2918 2007 2971 ducem
2040 2916 2327 3006 vocabant.
2364 2914 2602 2967 Laonico
2654 2907 2907 2965 Sandalis
2962 2896 3129 2972 regio‘
3155 2902 3381 2964 dicitur,

1817 3021 1873 3066 et
1902 3009 2087 3064 incola:
2114 2996 2401 3073 'Cudvergi
2458 3007 2526 3060 ab
2564 3003 2752 3059 eodem
2810 3001 3179 3070 appellantur;
3237 2996 3385 3048 hami

1821 3103 1957 3165 scio,
1992 3117 2058 3154 an
2097 3099 2511 3168 noncorruptis
2541 3094 2849 3157 vocabulis,
2887 3108 2997 3144 uno
3029 3106 3092 3144 ex
3120 3087 3385 3142 Sansaha.

1821 3196 1958 3249 sicut
1988 3192 2101 3246 Itali
2137 3191 2508 3260 pronuntiant,
2577 3186 2749 3239 altero
2796 3198 2859 3237 ex
2919 3177 3229 3259 Herzecovi.
3279 3175 3386 3228 Sed

1825 3284 1982 3352 plura
2022 3289 2088 3337 de
2135 3252 2223 3337 bis
2283 3280 2445 3342 infra,
2485 3293 2604 3333 eum
2638 3278 2690 3330 in
2752 3272 3009 3343 Bajazitis
3074 3270 3114 3323 ll
3166 3252 3273 3321 vita
3323 3266 3389 3319 de

1825 3360 2086 3423 Acbmete
2138 3368 2294 3421 bassa
2337 3364 2657 3435 Cherseogli
2735 3364 2847 3417 sive
2887 3357 3229 3426 Chersccogli
3281 3367 3389 3409 tra-

1827 3460 2116 3524 ctabimus,
2155 3467 2405 3512 notarum
2442 3457 2541 3511 lﬁl
2577 3468 2631 3511 et
2655 3454 2761 3511 162
2788 3452 3075 3523 capitibus.
3113 3448 3390 3505 lntabulis

1829 3550 2271 3620 chorographicis
2304 3565 2401 3619 pro
2445 3549 2687 3619 Hercego
2710 3549 2929 3602 civitate
2960 3544 3200 3615 reperias
3218 3542 3387 3596 alicu-

1830 3642 1884 3697 bi
1920 3644 2177 3711 scriptum
2191 3682 2203 3719 τ
2234 3640 2481 3707 Sercico,
2516 3642 2606 3695 sed
2647 3649 2919 3708 corrupte.

2132 3731 2222 3786 96.
2268 3731 2419 3785 Bulci
2450 3732 2567 3801 ﬁlia
2594 3730 2795 3784 Murali
2827 3738 3009 3798 nupta.

1904 3822 2135 3877 Nomine
2196 3823 2343 3875 Bulci
2378 3824 2560 3891 accipe
2612 3821 2902 3888 Georgium
2972 3815 3391 3875 Bulcovitzium,

1836 3909 2036 3968 Servie
2073 3914 2372 3982 despotam,
2405 3920 2459 3964 et
2497 3911 2618 3964 vide
2663 3919 2844 3963 notata
2880 3909 3155 3978 superius,
3200 3906 3265 3961 ad
3296 3922 3395 3959 nu-

1833 4020 2016 4060 meros
2056 4015 2305 4059 notarum
2332 4002 2403 4057 46
2433 4012 2487 4057 et
2511 4003 2598 4057 54.
2622 4002 2810 4057 Filiam
2849 4002 3013 4069 hujus
3040 4000 3243 4052 Murati
3300 4013 3398 4051 nn-

1836 4103 2011 4165 ptam,
2066 4093 2311 4163 plerique
2342 4100 2534 4146 vocant
2563 4088 2774 4151 lrenen.
2804 4098 3161 4160 cognomento
3205 4084 3399 4139 Canta—

1838 4198 2124 4247 cuzenam,
2160 4182 2212 4235 in
2254 4180 2451 4251 quibus
2487 4189 2570 4234 est
2615 4177 2916 4241 Geul’rzeus,
2951 4191 3109 4246 quem
3171 4173 3398 4227 Reioec-

1839 4278 1957 4332 cius
1987 4275 2253 4344 sequitur.
2286 4272 2387 4326 Sed
2436 4272 2487 4325 hi
2521 4269 2735 4338 quidem
2801 4276 3008 4322 errant.
3059 4264 3191 4319 Nam
3252 4268 3399 4316 recte

1841 4365 2058 4434 scripsit
2087 4360 2474 4429 Spnndugintts
2510 4358 2650 4410 hanc
2705 4354 2926 4407 Mariam
2967 4351 3137 4407 fuisse
3177 4352 3397 4414 dictam,

1842 4472 1961 4523 qua:
1993 4463 2115 4506 nata
2148 4450 2306 4504 fuerit
2346 4464 2449 4501 non
2500 4444 2888 4506 Cantacuzino,
2926 4440 3019 4496 sed
3074 4439 3241 4511 Jurgo
3289 4442 3394 4509 (sic

178 4564 241 4601 ³ο
273 4543 510 4615 Ρτπδίάίί
542 4541 729 4597 vene"
784 4537 1030 4606 τθίίίιυίίδ
1083 4528 1577 4625 ηδνθξηίηεζθδθίθ
1621 4539 1740 4593 qm”
1771 4565 1822 4625 ι)
1848 4546 2019 4601 Servii
2073 4541 2362 4611 Georgium
2417 4541 2633 4604 vocant)
2673 4535 2896 4604 despota
2927 4544 3100 4603 patre,
3134 4526 3424 4587 Cantacui

182 4641 235 4691 in
266 4646 427 4707 portu
477 4635 716 4697 stabant,
756 4642 1049 4698 earumque
1094 4622 1334 4678 subsidio
1380 4618 1681 4673 Turcorum
1712 4629 1743 4670 e

184 4730 435 4793 manibus
465 4724 713 4793 dilapsis.

295 4816 562 4903 93.!ons
594 4814 762 4885 Zoga,
791 4813 879 4883 qui
914 4821 963 4866 et
1006 4810 1246 4879 Toganus
1269 4816 1316 4861 et
1337 4805 1605 4876 Tuganus.

254 4933 389 4999 Qus
417 4930 576 4987 Turci
633 4939 890 4985 montana
942 4927 1102 4993 Zogae
1154 4931 1372 4983 vocant,
1425 4919 1597 4972 Graeci
1666 4917 1749 4972 vel

190 5021 473 5091 Toganum
508 5030 765 5085 montem,
796 5032 851 5074 ut
880 5018 1148 5073 Laonicus
1182 5031 1197 5079 ;
1234 5013 1317 5065 vel
1358 5011 1665 5078 Tuganum,
1694 5018 1753 5061 ut

196 5120 393 5175 prator
447 5118 652 5176 noster,
703 5110 981 5163 dixerunt.
1041 5106 1263 5161 Laonici
1315 5102 1468 5157 locus
1517 5100 1612 5154 hic
1648 5109 1751 5152 est.

200 5199 533 5269 Ilnstaphas,
574 5200 770 5268 inquit,
817 5200 1036 5253 tandem
1086 5211 1360 5266 nusquam
1409 5202 1578 5256 tutus,
1629 5192 1752 5260 luga

200 5309 259 5347 se
280 5293 513 5348 contulit
537 5292 591 5347 iu
625 5302 881 5357 montem,
922 5307 1081 5361 quem
1112 5292 1299 5345 incolae
1340 5286 1617 5355 Toganum
1662 5299 1757 5338 vo-

203 5396 349 5444 eant.
386 5386 641 5444 Prztoris
668 5396 848 5444 autem
898 5387 1011 5441 lucc
1042 5388 1201 5440 verba
1238 5393 1405 5441 sunt:
1453 5382 1756 5451 Imperator

204 5478 370 5532 etiam
406 5488 641 5532 montem
669 5476 952 5549 Tuganum
982 5479 1036 5533 in
1070 5484 1391 5550 potestatem
1438 5475 1668 5544 redegit,
1701 5484 1758 5530 et

205 5568 516 5639 oppidulum
552 5570 607 5624 in
652 5585 718 5625 eo
748 5571 990 5626 condidit
1028 5588 1040 5624 :
1097 5585 1205 5638 quo
1244 5566 1526 5621 Nicolaum
1570 5566 1758 5621 Coler-

213 5672 332 5717 tzen
356 5662 646 5731 ablegavit,
681 5673 740 5717 ut
765 5665 1021 5719 excubias
1061 5664 1168 5718 illic
1193 5667 1395 5732 ageret,
1449 5669 1501 5712 et
1549 5656 1759 5713 Latinis

213 5755 356 5809 intra
429 5750 726 5809 'l‘zurulum
775 5755 1100 5825 degentibus
1150 5753 1360 5823 negotia
1418 5749 1752 5803 lacesseret:

213 5842 354 5918 quod
376 5841 590 5913 quidem
613 5844 869 5915 oppidum
897 5843 1115 5901 Tzuruli
1146 5861 1253 5903 non
1281 5854 1474 5908 magno
1516 5849 1757 5901 tenworc

1849 4643 1969 4696 zina
2006 4647 2181 4692 tamen
2229 4634 2382 4687 lrene
2418 4638 2607 4693 matre,
2646 4642 2770 4697 qua:
2804 4642 2959 4682 soror
2991 4624 3154 4679 fuerit
3184 4622 3398 4689 Georgii

1849 4726 2224 4785 Cantacuzini.
2271 4722 2534 4793 Georgius
2580 4727 2782 4783 autem,
2830 4714 2975 4785 quod
3017 4711 3403 4783 Spanduginus

1853 4840 1957 4877 non
2000 4820 2221 4884 addidit,
2255 4829 2422 4884 nepos
2451 4820 2567 4867 erat
2625 4807 2965 4880 imperatoris
2997 4803 3221 4858 Joannis
3262 4801 3402 4857 Can-

1854 4913 2111 4975 tacuziui,
2150 4925 2215 4964 ex
2256 4907 2507 4960 Matthao
2539 4903 2672 4968 ﬁlio,
2722 4896 3109 4955 Albauensium
3136 4896 3400 4965 principe.

1853 5004 2187 5070 Quapropter
2214 4998 2325 5050 haec
2357 4994 2517 5048 etiam
2571 4991 2735 5045 Maria
2790 4986 2967 5055 neptis
3000 4984 3104 5037 fuit
3158 4983 3403 5053 ejusdem

1851 5094 2075 5149 Joannis
2106 5088 2455 5160 imperatoris
2513 5084 2707 5141 Graeci.
2742 5079 2970 5134 Fallitur
2998 5083 3052 5131 et
3094 5073 3403 5138 Bonﬁuius,

1852 5188 1945 5258 qui
1990 5184 2266 5252 despinam
2331 5182 2471 5235 hanc
2526 5173 2856 5248 Synderovia
2892 5181 3046 5238 capta
3096 5163 3405 5221 Turcorum

1855 5280 1906 5333 in
1940 5290 2135 5331 manus
2171 5274 2385 5327 venisse
2429 5270 2655 5325 scribit:
2698 5281 2819 5319 cum
2857 5279 2923 5317 ex
2963 5258 3266 5314 Annalibus
3323 5259 3406 5309 his

1854 5376 2083 5429 constet,
2127 5365 2270 5417 illam
2305 5365 2493 5419 urbem
2554 5374 2698 5415 anno
2753 5358 2968 5430 demum
3029 5363 3152 5425 post
3212 5353 3405 5407 initum

1858 5468 1959 5520 hoc
2024 5458 2427 5512 matrimonium
2479 5455 2637 5509 tertio
2726 5450 2896 5505 fuisse
2950 5455 3291 5517 occupatam.
3348 5444 3405 5498 Et

1858 5554 2177 5614 notandum,
2210 5552 2349 5603 hanc
2382 5548 2577 5601 Murati
2622 5544 2871 5614 nupsisse
2905 5556 3050 5595 anno
3088 5539 3404 5594 Christiano

1859 5648 2015 5711 1455,
2050 5645 2129 5699 vel
2195 5644 2578 5696 Mahumetano
2613 5638 2746 5705 8'58;
2790 5644 2910 5705 post
2959 5633 3231 5687 biennium
3282 5644 3409 5683 vero

1860 5736 2244 5798 circumcisum
2277 5734 2446 5789 fuisse
2501 5731 2889 5785 aluchcmetem
2943 5722 3161 5779 Muralis
3216 5721 3409 5773 ﬁlium.

1864 5838 2000 5896 lliuc
2029 5834 2169 5888 cnim
2210 5827 2548 5890 intelligitur.
2588 5839 2693 5881 non
2728 5820 2896 5877 fuisse
2932 5826 3117 5872 natum
3141 5830 3199 5872 cr
3238 5809 3406 5868 Maria
