4032 6344
528 496 535 503 _
631 402 758 488 ’τοὺ

1871 418 2193 504 tempus
2242 443 2713 522 LEUNCLM'H

3771 451 3869 512 8th

649 544 871 613 dcspina
932 544 1347 611 Muchcmetem,
1381 551 1523 619 quod
1568 553 1725 628 vulgo
1758 559 1971 625 magnis
2029 560 2271 620 etiam'A
2302 563 2393 619 99.
2429 564 2616 635 Oppidi
2649 563 2965 635 sternendi-ite
3009 552 3213 618 diversa
3258 565 3512 616 nantiua:
3546 561 3755 632 Georgii
3783 565 3871 617 dcc

651 656 677 687 ιι
737 638 869 725 viris
905 639 1181 693 memoriae
1219 643 1489 708 proditur.
1546 646 1755 728 Quippe
1796 646 1959 720 436
2021 644 2206 705 bimuli

651 728 793 794 apud
833 716 1041 785 Turcos
1095 732 1407 788 circumcidi
1444 751 1548 789 non
1591 716 1839 794 solent.—
1990 743 2208 796 tradunt
2256 724 2260 729 ἢ

654 820 927 885 Annales;
958 821 1348 882 Much‘emetem
1400 836 1583 881 natum
1639 846 1783 884 anno
1833 829 2208 891 Mahumetauo

650 910 773 971 833.
798 906 1178 993 circumcisum
1210 919 1489 981 antrnSdl,
1529 937 1598 972 un
1624 922 1670 977 ie
1714 923 2003 993 colligitur,
2024 908 2207 985 octon-

580 1051 583 1057 _
655 1016 775 1051 nem
826 1000 1013 1067 fuisse,
1047 1019 1170 1057 cum
1196 1007 1693 1067 cit-mttucideretur.
1730 1012 1878 1069 Adde
1900 1018 2207 1072 testimonia

650 1090 985 1158 Graecorum,
1041 1095 1487 1171 Chalcocoudylis
1531 1113 1584 1156 et
1630 1104 2005 1175 Spandugini;
2072 1124 2207 1177 quo-

653 1196 770 1233 rum
797 1183 886 1237 ille
922 1183 1139 1255 Georgii
1199 1190 1433 1259 despohc
1481 1195 1664 1253 tiliam.
1727 1187 2079 1252 Muellemi-tis
2114 1216 2211 1254 no-

656 1288 866 1329 vercam
894 1292 1149 1345 espresse
1181 1292 1333 1336 vocat
1365 1288 1379 1337 ξ
1408 1286 1493 1339 hic
1522 1303 1649 1341 vero
1674 1288 1935 1343 Muratem
1957 1308 2021 1345 ex
2044 1291 2208 1349 Maria

650 1365 875 1434 deSpina
910 1370 1108 1424 nullam
1167 1377 1472 1442 suscepisse
1531 1380 1769 1434 sobolem
1838 1382 2059 1439 disertis
2117 1386 2209 1440 iti-

654 1457 773 1511 dem
803 1460 978 1515 verbis
1011 1463 1189 1517 tradit.
1228 1464 1404 1521 Habes
1429 1470 1589 1523 etiam
1619 1472 1771 1525 initio
1823 1475 2211 1532 declarationis

655 1546 834 1616 hujus,
872 1553 1040 1620 prima
1090 1557 1270 1609 statim
1309 1568 1454 1626 nota,
1492 1561 1559 1615 de
1589 1562 1690 1617 hoc
1708 1569 2014 1634 quaedama
2054 1569 2214 1625 nobis

656 1643 921 1710 exposita.
1596 1640 1608 1663 "

1028 1722 1117 1792 97.
1160 1738 1363 1807 Buruz,
1397 1725 1586 1808 Baros,
1615 1743 1831 1801 Cibura.

723 1849 971 1906 Castrum
1039 1854 1163 1920 (hoc
1222 1859 1442 1913 nomine
1506 1861 1755 1918 civitates
1822 1866 1984 1919 etiam
2043 1867 2210 1923 Turci

2638 643 2800 704 spotte
2848 633 3143 687 Serviorum
3184 635 3315 687 varii
3350 649 3527 685 casus.

2332 829 2345 833 ,
2380 771 2527 837 Quod
2552 773 2805 841 oppidum
2840 741 3059 833 Se‘rviai,
3093 787 3198 826 non
3235 768 3415 837 procul
3451 784 3477 821 a
3520 767 3781 836 Belgrade
3801 766 3863 818 ad

2312 867 2480 934 ripam
2510 865 2736 920 Danubii
2770 868 2958 932 situm,
2993 866 3286 921 Semcnder
3324 864 3519 918 Turcis
3540 863 3859 933 appellatur,

2312 967 2405 1013 aut
2446 958 2772 1023 Semendre,
2811 944 3041 1013 divorsis
3069 968 3149 1012 est
3198 961 3539 1014 nominatum
3589 956 3862 1009 vocabulis

2313 1051 2381 1103 ab
2413 1050 2767 1104 historiarum
2824 1051 3207 1119 scriptoribus.
3270 1050 3665 1120 Synderoviam
3718 1057 3863 1101 vocat

2316 1141 2613 1204 Bonfinius,
2646 1143 3041 1212 Spenderoben
3078 1153 3133 1196 et
3189 1140 3611 1207 Spenderoviam
3668 1140 3860 1197 Laeni-

2313 1249 2431 1295 ους,
2462 1234 2826 1287 Simandriam
2868 1232 3428 1301 BusbequiusJovius
3460 1231 3855 1285 Samanilrium.

2315 1325 2713 1379 Smeudrovum
2753 1326 3175 1395 Spandugiuus:
3213 1339 3276 1377 ex
3304 1339 3409 1388 quo
3448 1322 3665 1375 Laonici
3700 1318 3870 1387 Spen?

2312 1416 2546 1471 deroben
2577 1418 2811 1470 arbitror
2858 1417 3107 1485 equidem
3152 1416 3467 1469 mutandam
3521 1416 3574 1466 in
3609 1412 3861 1466 Sinendno

2316 1525 2504 1564 roven.
2535 1510 2768 1578 Ungaris
2801 1519 2881 1562 est
2906 1509 3165 1563 Zendrew
3197 1518 3292 1562 aut
3339 1506 3618 1590 Sentlrew,
3649 1502 3861 1556 nomine

2314 1615 2343 1655 a
2371 1601 2535 1671 vulgo
2567 1610 2824 1668 corrupto
2859 1616 2922 1654 ex
2959 1599 3160 1654 Sancto
3185 1600 3420 1663 Andr-ea,
3449 1598 3604 1666 cujus
3644 1596 3747 1648 hoc
3772 1610 3858 1647 en-

2313 1708 2542 1762 gnomeu
2572 1693 2734 1746 habet
2765 1703 2819 1746 et
2849 1692 2997 1747 aliud
3022 1693 3305 1747 castellum
3341 1692 3391 1743 in
3433 1688 3672 1756 Ungaria
3708 1702 3859 1753 supc-

2316 1783 2466 1847 riori,
2503 1784 2644 1852 quod
2678 1784 2940 1852 hodieque
2973 1785 3143 1839 nostri
3168 1784 3307 1851 juris
3343 1792 3450 1836 est.
3488 1781 3749 1834 Serviaua
3776 1776 3861 1831 Se-

2319 1876 2561 1943 mendria
2587 1878 2700 1929 s‘lve
2730 1874 3027 1929 Sendre‘via
3053 1890 3199 1929 nunc
3250 1875 3597 1944 sangiacatus
3620 1880 3727 1929 est,
3755 1868 3856 1939 _Bu-

598 2000 601 2001 ν
655 1940 872 2039 vocant)
905 1941 1105 2005 Buruz,
1146 1944 1200 1997 in
1230 1948 1491 2003 Anatolia:
1523 1952 1703 2007 tabula
1742 1954 2196 2026 ehorographica,

2309 1966 2460 2020 densi
2487 1942 2814 2037 beglerbego
2845 1968 3114 2039 subditus.
3140 1940 3375 2034 Obsessa
3409 1980 3553 2019 nunc
3575 1979 3603 2016 a
3640 1962 3858 2025 Murate,

659 2027 824 2082 Baraz
845 2031 1174 2093 nominatur.
1194 2045 1247 2090 et
1277 2039 1342 2092 ad
1380 2040 1603 2096 ﬂuvium
1628 2044 1849 2102 Madren
1887 2048 2211 2115 collocatur,

645 2121 744 2188 qui
781 2124 1054 2181 veteribus
1084 2137 1168 2183 est
1194 2129 1479 2188 Maeander.
1515 2135 1655 2190 Olim
1680 2138 1876 2191 Cibura
1914 2140 2213 2205 dicebatur,

658 2214 797 2267 unde
827 2230 919 2283 per
940 2219 1242 2285 aplunresin
1274 2223 1449 2278 Bruuz
1472 2226 1646 2282 fecere
1668 2228 1910 2296 Barbari,
1944 2232 2088 2299 quod
2123 2249 2211 2286 ve.

654 2322 773 2361 rum
812 2309 971 2378 hujus
992 2327 1139 2369 nunc
1164 2315 1343 2385 Oppidi
1377 2334 1570 2374 nomen
1590 2330 1695 2385 est,
1723 2338 1829 2377 n0u
1861 2324 2049 2379 Baraz.
2070 2325 2215 2381 Grie-

648 2400 697 2452 ci
739 2410 946 2489 vetcres
980 2405 1210 2475 Cibyrcn
1247 2409 1628 2479 nominarunt,
1691 2426 1745 2469 et
1776 2417 1905 2471 allui
1950 2436 1977 2470 a
2012 2419 2210 2474 Maean-

653 2488 773 2544 ιιι-0⁷
803 2488 1026 2549 flumine
1057 2500 1417 2568 scripserunt.
1475 2504 1586 2559 Leo
1636 2504 1862 2572 Sapiens
1921 2511 2214 2575 imperator

654 2584 792 2639 hanc
825 2587 1000 2654 primo
1029 2589 1152 2645 loco
1177 2592 1340 2648 refert
1376 2595 1518 2649 inter
1535 2597 1882 2668 episcopatus
1911 2601 2211 2672 Stauropo-

652 2677 833 2734 litaute
886 2685 1245 2753 metropoleos
1275 2686 1326 2740 in
1361 2688 1575 2765 Caria”

648 2793 734 2846 98.
776 2794 925 2848 Ritus
946 2802 1169 2864 ponendi
1189 2802 1415 2866 primum
1445 2806 1495 2856 in
1514 2809 1676 2861 sacris
1702 2807 1940 2875 (adiﬁciis
1958 2810 2208 2879 lapidem.

719 2905 863 2963 Inter
886 2911 1011 2975 alia,
1034 2929 1153 2982 quae
1184 2914 1491 2971 Graecorum
1531 2920 1831 2977 imitatione
1885 2922 2096 2980 Tureos
2128 2926 2208 2980 fa-

648 2999 845 3055 ctitare
902 3004 1110 3071 solitos,
1148 3007 1436 3076 aliquoties
1498 3013 1832 3079 monuimus,
1886 3015 1989 3070 hoc
2039 3018 2206 3071 etiam

652 3094 904 3157 refertor,
931 3099 1072 3165 quod
1110 3098 1196 3154 hic
1226 3112 1502 3167 narratur,
1538 3102 1797 3158 Muratem
1833 3121 2038 3160 novum
2062 3118 2200 3161 tem-

649 3188 793 3254 plum
828 3187 1211 3259 Hadrianopoli
1247 3192 1613 3260 conditorum,
1645 3197 1881 3265 quodam
1912 3199 1999 3253 die
2032 3198 2209 3255 Vene-

2317 2049 2707 2113 defendebatur
2768 2076 2798 2115 a
2838 2060 3057 2131 Georgii
3095 2062 3332 2127 despotte
3385 2057 3683 2125 majoribus
3737 2064 3858 2109 natu

2319 2149 2463 2213 filiis,
2494 2150 2768 2219 Stephano
2800 2153 2913 2220 (qui
2964 2168 3055 2219 per
3081 2160 3323 2207 errorem
3359 2164 3386 2201 a
3425 2142 3664 2202 Laonieo
3685 2146 3859 2214 juuiOr

2316 2244 2560 2300 creditus
2590 2244 2715 2313 fuit)
2737 2254 2790 2300 et
2824 2232 3079 2316 Georgio,
3111 2246 3253 2300 sicut
3285 2245 3360 2299 ait
3394 2242 3695 2298 Bonlinius.
3733 2242 3863 2295 Lao-

2315 2335 2645 2397 nicus'enim
2680 2339 2732 2391 in
2758 2354 2822 2391 eo
2863 2353 3079 2407 quoque
3106 2336 3331 2400 fallitur,
3357 2336 3496 2405 quod
3532 2335 3858 2403 Stephanum

2320 2429 2371 2483 id
2412 2430 2674 2497 temporis
2731 2430 2785 2483 in
2811 2431 3006 2485 castris
3062 2431 3129 2484 ad
3180 2430 3551 2485 Semendriam
3596 2426 3859 2481 Murataeis

2321 2521 2490 2576 fuisse
2521 2522 2761 2589 s‘eripsit,
2816 2523 3209 2591 obsessumque
3239 2523 3500 2575 duntaxat
3552 2519 3856 2586 Georgium.

2317 2614 2532 2668 tandem
2593 2615 2790 2670 fecisse
2831 2614 3183 2669 deditionem.
3228 2614 3434 2681 Quippe
3462 2612 3655 2665 fratres
3707 2611 3857 2663 ambo

2316 2706 2589 2760 deditione
2620 2705 2760 2761 facta
2791 2706 3015 2761 Muralis
3055 2708 3107 2758 in
3132 2714 3450 2774 potestatem
3500 2711 3782 2761 venerunt,
3808 2710 3856 2752 et

2313 2797 2560 2850 eamdem
2602 2797 2911 2851 suStinuere
2942 2800 3175 2863 ,itenam,
3213 2795 3391 2850 oculis
3442 2794 3687 2847 adhibito
3732 2807 3853 2845 cau-

2318 2874 2790 2940 dentiferrovisu
2846 2887 3061 2955 spoliati
3102 2896 3409 2955 propterea,
3467 2885 3611 2954 quod
3656 2897 3850 2951 patrem

2318 2976 2603 3047 instigasse
2644 2978 2737 3031 filii
2760 2979 2826 3032 ad
2850 2978 3205 3033 defectionem
3238 2988 3579 3046 putarentur.
3606 2977 3651 3030 ls
3684 2985 3849 3029 autem

2313 3080 2435 3119 cum
2472 3066 2578 3119 filio
2604 3068 2829 3119 minimo
2855 3075 2979 3119 natu
3008 3067 3213 3119 Lazaro
3244 3064 3557 3135 profugerat
3580 3064 3645 3119 ad
3673 3064 3851 3117 Alber-

2313 3161 2425 3207 tum
2451 3153 2493 3205 Il
2521 3157 2905 3223 imperatorem
2942 3156 3312 3218 Austriacum,
3339 3143 3397 3208 et
3419 3154 3669 3223 Ungariaz
3694 3154 3851 3207 Bohe-

649 3272 741 3335 ris
781 3282 907 3351 (uno
969 3245 1131 3339 Turcli
1215 3284 1408 3338 festum
1478 3245 1678 3341 suum1
1711 3290 2201 3347 hebdomadarium
2234 3277 2277 3335 ο
2314 3248 2541 3343 mimque
2596 3262 2797 3351 regemf
2845 3245 3462 3351 ,δίϐίδωυηάἰέυωῗιί
3498 3256 3851 3351 generum...“

648 3374 1174 3443 celebrant)summo
1209 3394 1387 3443 mane,
1440 3382 1676 3447 primum
1735 3383 1914 3451 templi
1963 3383 2194 3450 lapidem

650 3467 902 3520 manibus
931 3469 1043 3522 suis
1071 3468 1337 3534 posuisse.
1358 3468 1490 3522 Nam
1521 3471 1568 3523 is
1590 3486 1809 3542 quoque
1834 3474 1971 3528 ritus
1994 3490 2022 3528 a
2053 3475 2202 3529 ϐπε-
2224 3504 2235 3511 -·

646 3562 727 3614 cis
785 3561 1205 3628 imperatoribus
1270 3562 1337 3615 ad
1389 3560 1597 3618 Turcos
1641 3564 1900 3619 manavit.
1945 3565 2205 3626 Recitabo

648 3654 911 3705 duntaxat
936 3668 1101 3705 unum
1135 3653 1443 3723 exemplum
1469 3655 1533 3708 de
1558 3657 1799 3710 omnium
1828 3659 2201 3712 illustrissimo

648 3742 815 3794 totius
870 3740 1018 3794 orbis
1080 3739 1311 3796 aedilicio
1363 3743 1547 3809 templi
1604 3743 2203 3815 Constantinopolitani

648 3849 815 3891 sacrae
844 3834 1057 3886 sani-ta!
1093 3831 1184 3885 Dei
1214 3832 1527 3901 Sapientire,
1577 3834 1670 3902 qui
1724 3828 1979 3889 Christus
2009 3845 2110 3907 est.
2146 3834 2203 3889 ιιι

648 3943 755 3995 quo
779 3927 1052 3982 conditum
1077 3925 1257 3991 modo,
1287 3926 1506 3995 quantis
1538 3925 2013 3997 surnptibus,quot
2048 3929 2205 3984 annis

652 4021 845 4081 fuerit,
906 4019 1211 4087 expositum
1261 4032 1289 4070 a
1345 4016 1548 4072 Graecis
1593 4028 1677 4073 est
1730 4018 1910 4080 libello
1968 4021 2199 4087 quodam

652 4128 814 4166 manu
852 4120 1095 4164 exarato.
1130 4109 1402 4179 Leguntur
1434 4120 1612 4164 autem
1644 4112 1697 4163 in
1730 4126 1796 4163 eo
1820 4112 2065 4176 quadam
2101 4113 2206 4166 huc

654 4203 977 4272 pertinentia
998 4202 1064 4256 de
1089 4200 1400 4277 Justiuiano
1420 4202 1688 4270 Augusto,
1719 4202 1853 4255 tanti
1892 4202 2073 4271 Operis
2111 4218 2208 4256 au-

648 4308 823 4361 ctore,
844 4311 964 4366 qua:
993 4294 1201 4349 Latinis
1228 4293 1411 4347 verbis
1445 4292 1555 4347 fere
1587 4294 1811 4348 totidem
1840 4295 2034 4349 lectori
2058 4296 2208 4349 dabi-

652 4406 793 4447 inus.
840 4391 974 4445 Cum
1026 4386 1306 4456 ponendo,
1361 4385 1559 4454 inquit,
1591 4385 1944 4440 fundamento
2007 4387 2208 4455 princi-

654 4486 799 4553 pium
830 4484 982 4538 daret
1009 4483 1323 4551 imperator,
1361 4478 1680 4548 Eutycbium
1716 4479 2081 4548 patriarcham
2110 4478 2208 4532 ad-

654 4576 888 4640 vocavit,
928 4576 1020 4643 qui
1064 4589 1253 4642 preces
1281 4573 1534 4626 Ecclesia:
1565 4573 2040 4633 struendzegcausa
2073 4586 2205 4627 con-
2237 4602 2276 4658 υ

651 4669 815 4738 cepit.
850 4667 1147 4736 Imperator
1175 4673 1355 4719 autem
1394 4664 1643 4718 manibus
1685 4665 1801 4731 ipse
1846 4665 1963 4719 suis
1999 4666 2201 4720 calcem

653 4771 790 4816 testa
816 4756 1125 4828 prehendit,
1158 4771 1219 4811 ac
1254 4756 1461 4825 primus
1500 4755 1744 4808 omnium
1790 4758 1841 4808 in
1878 4755 2202 4811 fundamen-

655 4862 767 4905 tum
805 4849 1050 4918 projecit,
1085 4855 1139 4902 et
1166 4858 1379 4902 cetera.
1409 4844 1619 4911 Quibus
1645 4860 1780 4901 sane
1818 4845 2020 4910 verbis,
2070 4862 2203 4915 quo-

656 4958 777 4995 nam
810 4942 969 4994 modo
997 4940 1203 5009 primus
1225 4938 1368 5007 lapis
1412 4941 1463 4992 in
1503 4940 1793 4993 strueturis
1832 4938 2031 4994 talibus
2080 4941 2204 5010 poni

590 5030 591 5033 “
655 5036 848 5100 soleat,
875 5034 1201 5091 declaratur.
1243 5032 1376 5085 Nam
1420 5048 1543 5087 cum
1582 5034 1816 5087 maxima
1842 5033 2205 5089 fundamentis

650 5128 914 5198 ejusmodi
954 5123 1099 5182 'saxa
1154 5136 1278 5187 sunt
1305 5126 1633 5191 adhibenda,
1695 5142 1818 5198 quae
1878 5127 1967 5181 vix
2011 5129 2198 5196 plures

652 5222 882 5290 operarii
907 5221 1095 5283 simul,
1136 5221 1330 5276 nedum
1373 5234 1511 5273 unus
1542 5220 1740 5289 aliquis
1767 5219 2044 5290 princeps,
2066 5222 2202 5275 “loco

654 5331 871 5369 movere
922 5324 1181 5383 pessum:
1228 5312 1602 5381 amplissimus
1657 5311 2051 5381 scilicetlapis
2084 5312 2204 5381 ipso

654 5417 939 5476 prteseute,
976 5422 1301 5474 manumque
1328 5404 1578 5458 nonnihil
1614 5406 1959 5471 admovente,
2005 5405 2070 5459 ad
2125 5406 2203 5459 in-

653 5500 957 5551 choandum
984 5513 1119 5565 opus
1146 5500 1216 5551 ab
1247 5499 1331 5552 his
1359 5510 1459 5551 suo
1483 5494 1599 5551 loco
1622 5498 1871 5567 ponitur:
1902 5498 1985 5553 cui
2012 5498 2205 5552 deinde

658 5594 865 5661 primus
909 5589 1221 5655 imperator,
1296 5597 1390 5642 aut
1441 5588 1693 5658 princeps
1738 5601 1927 5646 auctor
1973 5587 2204 5653 aedilicii,

657 5686 858 5743 calcem
895 5682 1098 5751 injicit:
1128 5689 1291 5750 atque
1323 5680 1394 5735 ita
1444 5681 1701 5747 struendo
1736 5678 1965 5741 aedificio
1994 5682 2204 5753 princi-

658 5775 800 5851 pium
824 5774 1052 5831 dedisse
1094 5772 1425 5843 intelligitur.

2244 3366 2247 3367 ν
2311 3342 2705 3397 successorem.
2730 3348 2787 3391 ut
2808 3341 2875 3393 ab
2904 3354 2968 3393 eo
3009 3350 3195 3393 contra
3222 3339 3450 3393 Muratis
3476 3340 3619 3394 vires
3657 3339 3843 3392 auxilia

2308 3430 2605 3501 postularet
2632 3446 2788 3500 :quae
2816 3432 3034 3500 quidem
3068 3434 3350 3503 impetrata
3385 3432 3556 3492 fuere.
3588 3433 3678 3486 sed
3717 3429 3848 3484 nihi-

2310 3522 2546 3575 lominus
2570 3537 2897 3591 succursum
2921 3524 3146 3588 tardius,
3166 3532 3219 3579 et
3245 3523 3457 3577 interim
3475 3523 3652 3576 dedita
3668 3520 3843 3574 Murali

2310 3611 2648 3667 Semendria.
2701 3613 3039 3685 Quapropter
3062 3615 3331 3684 Georgius
3358 3631 3482 3669 cum
3518 3614 3718 3669 Lazaro
3746 3614 3845 3666 lilio

2309 3704 2533 3773 suisque
2562 3705 2856 3767 thesauris,
2884 3708 2975 3776 qui
3008 3706 3327 3762 dueatorum
3357 3708 3645 3777 quinquies
3682 3714 3841 3762 cente-

2310 3811 2376 3849 na
2420 3796 2582 3849 millia
2613 3798 2990 3864 continebant,
3025 3800 3092 3853 ad
3134 3798 3430 3867 Bagusaeos
3463 3814 3525 3853 se
3553 3799 3761 3868 recepit,
3795 3807 3841 3850 et

2310 3889 2506 3955 ibidem
2529 3888 2584 3944 in
2605 3890 2798 3945 exsilio
2826 3891 3064 3960 privatus
3091 3892 3399 3962 aliquandiu
3424 3893 3585 3946 vixit.
3606 3892 3703 3946 Sed
3732 3905 3839 3946 cum

2310 3983 2546 4039 Murates
2580 4000 2685 4039 non
2717 3986 3177 4057 desineretagere
3210 4001 3334 4041 cum
3354 3986 3655 4056 Ragusaeis,
3680 3993 3734 4037 ut
3754 3980 3840 4050 ipsi

2307 4076 2621 4142 dederetur,
2661 4091 2770 4145 quo
2832 4078 3046 4147 quidem
3100 4077 3317 4132 nomine
3364 4077 3601 4130 maxima
3637 4088 3841 4143 quaque

2311 4166 2588 4238 Ragusazis
2620 4168 2876 4223 otl'erebat
2899 4184 2964 4223 ac
2988 4170 3383 4239 pollicebatur:
3417 4168 3759 4236 praemonitus
3780 4165 3839 4218 ab

2308 4259 2387 4312 eis
2412 4259 2660 4322 desueta,
2698 4276 2820 4314 eum
2852 4262 3124 4335 thesauris
3149 4263 3214 4315 ad
3245 4244 3455 4314 Alberti
3487 4270 3837 4315 successorem

2312 4340 2647 4413 Vladislaum
2682 4352 2970 4417 Polonum,
3006 4337 3257 4421 Unga‘riae
3286 4367 3467 4420 regem
3503 4368 3563 4405 se
3599 4347 3838 4405 contulit.

2309 4442 2535 4512 ejusque
2564 4444 2777 4497 tandem
2806 4458 2907 4513 ope
2937 4445 3219 4500 restitutus
3243 4443 3296 4496 in
3329 4442 3600 4512 integrum
3632 4439 3746 4505 fuit,
3769 4436 3835 4491 uti

2310 4534 2562 4605 deinceps
2590 4549 2690 4589 suo
2716 4536 2831 4590 loco
2856 4536 3089 4591 dicetur.
3614 4532 3617 4533 ⁷

2312 4647 2495 4720 ’437
2537 4648 2664 4705 100.
2695 4649 3062 4720 Αιὸειιϐναξεα.
3091 4649 3405 4720 Belgi-udum
3437 4648 3701 4706 Clariesdt.
3732 4645 3839 4699 Ριτη

2525 4722 2743 4772 mutatio
2777 4710 2983 4787 Georgii
3024 4710 3251 4786 despuite
3279 4737 3395 4772 cum
3427 4720 3637 4773 Alberto

2647 4788 2703 4849 II
2733 4790 2987 4857 Augusto,
3016 4791 3219 4861 nomine
3250 4788 3523 4857 Belgradi.

2380 4899 2548 4969 Hujus
2615 4902 2776 4954 etiam
2847 4900 2999 4955 urbis
3064 4900 3215 4959 varia
3269 4899 3485 4955 nomina
3534 4910 3678 4967 sunt,
3724 4899 3836 4953 Alba

2310 4994 2516 5058 (iners,
2557 4992 2774 5049 Nandor
2807 4995 2949 5057 alba,
3004 4992 3281 5064 Beligrada
3332 5008 3562 5051 numero
3615 4995 3835 5050 multitu-

2309 5086 2451 5139 dinis
2478 5084 2730 5148 Cedrino,
2766 5082 3105 5154 Belgradum,
3149 5082 3293 5151 quod
3333 5081 3649 5139 Serriorttm
3678 5085 3835 5153 lingua

2308 5175 2576 5246 significat
2623 5185 2823 5231 'areem
2877 5177 3050 5230 albam
3094 5175 3306 5245 (Potoni
3346 5176 3651 5246 ‘Bialogrod
3707 5176 3834 5230 dice-

2227 5299 2230 5303 ~
2309 5266 2469 5333 rent),
2504 5264 2784 5321 Geufraaus
2810 5265 3041 5335 denique
3101 5265 3319 5322 Criesch
3368 5266 3535 5321 etiam
3592 5266 3691 5321 dici
3722 5256 3834 5345 vult,

2308 5358 2450 5425 quod
2492 5357 2794 5411 mutilatum
2850 5368 2933 5413 est
2979 5372 3043 5413 ex
3103 5358 3313 5427 integro
3368 5359 3595 5414 nomine
3640 5358 3831 5414 Germa-

2309 5448 2465 5511 nico,
2502 5446 2820 5503 .Griechisch
2878 5448 3303 5517 Weissenburg,
3345 5449 3399 5504 id
3427 5458 3531 5514 est,
3588 5465 3682 5506 arx
3731 5449 3831 5501 alba

2308 5536 2511 5594 Graeca.
2558 5540 2756 5595 Priscis
2784 5538 3096 5594 Taurunum
3144 5538 3266 5603 fuit,
3297 5541 3372 5594 uti
3426 5539 3749 5611 Busbequius
3774 5548 3827 5590 ex

2310 5630 2544 5699 antiquis
2598 5630 3010 5683 nuutismatibus
3051 5618 3195 5683 recte
3257 5630 3433 5686 docet.
3492 5628 3828 5700 Propugnam

2308 5735 2425 5783 eam
2480 5722 2579 5775 hoc
2635 5730 2875 5788 tempore
2937 5726 3124 5774 contra
3173 5721 3280 5776 vim
3339 5721 3571 5776 Muralis
3618 5720 3825 5774 Joannes

2309 5814 2575 5867 Auranes.
2627 5810 2997 5875 Obsidionem,
3052 5827 3173 5882 quae
3188 5820 3394 5893 septem
3425 5812 3701 5869 mensibus
3743 5808 3825 5859 du-

2309 5906 2471 5973 ravit,
2534 5903 2750 5960 decadis
2807 5903 3054 5960 secundae
3127 5907 3263 5962 libro
3311 5916 3503 5977 quarto
3567 5896 3821 5970 descrin
