4032 6344
687 431 794 492 8li3

1899 432 2232 501 JOANNIS
2271 441 2737 507 LEUNCLAVH

3820 449 3910 524 tibi

688 551 805 604 ritis
831 549 993 619 Niger
1020 548 1276 618 Sopltiam
1316 550 1589 605 veteribus
1629 552 1950 620 appellatam
1984 562 2137 622 putat
2158 553 2249 607 Ti-
2275 563 2320 617 Δ
2349 567 2504 626 rttpte
2530 559 2857 615 Cat-ambum
2880 571 3058 630 vorat,
3113 563 3378 625 Laonicus
3408 568 3718 628 Chasanem
3738 617 3754 641 ,
3783 578 3909 630 sicut

688 644 911 697 hiscant.
951 640 1228 697 Bonlinius
1263 642 1377 705 ait,
1433 642 1624 698 urbem
1654 660 1682 697 a
1713 647 1936 715 tempto,
1957 646 2104 715 quod
2138 661 2255 701 nta-

684 731 881 797 gnitlco
920 739 1137 798 sumptu
1164 728 1503 785 Justinianus
1525 736 1872 798 exstruxerit,
1891 752 2084 789 nomen
2103 752 2259 791 acre—

685 826 846 890 pisse.
876 824 1035 892 Atqui
1077 823 1283 877 nullum
1326 825 1413 879 hic
1447 826 1701 895 templum
1732 828 1834 881 tale
1866 828 1947 881 vel
1977 829 2102 882 olim
2134 828 2257 897 fuit,

685 913 767 965 vel
821 914 977 967 hodie
1034 915 1214 969 saltim
1273 932 1335 969 ex
1378 918 1652 986 aliquibus
1692 920 1860 983 ruinis
1894 923 2114 990 agnosci
2158 939 2256 991 po-

679 1012 829 1067 test,
876 1014 929 1056 et
971 1019 999 1057 a
1046 1006 1243 1074 templo
1301 1004 1937 1079 Constantinopolitano,
1973 1017 2114 1083 quod
2155 1013 2258 1069 Ju-

680 1095 951 1147 stinianus
979 1093 1190 1149 Sancta:
1213 1096 1429 1167 Sophiae
1459 1102 1574 1154 sive
1600 1102 1690 1156 Dei
1722 1102 2009 1173 Sapientiae
2038 1109 2257 1164 nomine

679 1186 1174 1253 splendidissimum
1224 1190 1502 1257 condidit,
1537 1194 1640 1247 hoc
1669 1196 1949 1264 oppidum,
1986 1210 2256 1267 quatuor-

678 1277 852 1329 dncitn
909 1278 990 1330 vel
1038 1280 1347 1347 quindecim
1400 1269 1607 1335 dierum
1680 1285 1871 1339 itinere
1925 1287 2175 1341 dissitum
2226 1304 2257 1343 a

676 1366 1174 1437 Constantinopoli,
1204 1381 1453 1426 vocatum
1506 1373 1694 1440 fuisse,
1718 1376 1837 1443 quis
1873 1377 2081 1431 credat?
2111 1378 2254 1432 Ideni

676 1456 1189 1520 atltlit,-Sarttaciam
1227 1462 1366 1515 hanc
1398 1463 1525 1516 olim
1555 1463 1725 1519 fuisse
1755 1466 1975 1529 dictam,
2007 1483 2033 1519 a
2065 1467 2255 1524 Sardis

676 1556 731 1598 ct
762 1547 917 1602 Dacis
939 1588 954 1612 ,
995 1551 1097 1604 hoc
1137 1558 1239 1617 est,
1272 1567 1300 1603 a
1336 1553 1582 1621 gentibus
1616 1555 1932 1626 longissimo
1977 1568 2247 1615 terrarum

676 1642 854 1705 spatio
911 1650 966 1695 et
1031 1643 1149 1709 ipso
1207 1658 1426 1712 quoque
1487 1651 1623 1701 mari
1678 1648 1952 1705 discretis.
2012 1651 2247 1721 Subjicit

676 1731 893 1796 deinde,
953 1732 1280 1787 celebratam
1326 1734 1400 1789 ibi
1460 1736 1624 1793 fuisse
1672 1740 1945 1808 quondam
1986 1745 2250 1814 synodum

2358 659 2413 703 et
2439 648 2604 705 'l'urci
2636 668 2649 704 :
2676 654 2819 723 quod
2851 669 3034 710 verum
3066 658 3112 712 ei
3145 672 3337 714 nomen
3376 661 3545 717 tuisse
3571 664 3906 733 crediderim,

2360 748 2416 795 et
2451 740 2677 796 alterum
2728 759 3055 814 cognomen,
3090 763 3118 802 a
3152 750 3475 819 nigredine:
3521 752 3666 810 sicut
3695 767 3749 811 et
3774 759 3904 814 aliud

2359 830 2602 900 Celepini
2640 848 2942 905 cognomen
2971 839 3142 894 eidem
3173 841 3360 894 tribuit
3386 826 3671 900 Bonﬁnius
3703 862 3733 901 a
3766 842 3904 903 nobi-

2358 923 2530 979 litate.
2568 923 2726 980 'l'urci
2760 928 2996 995 tradunt,
3034 928 3309 987 Romaniae
3329 934 3443 989 sive
3462 934 3683 991 Graeciae
3710 940 3903 1009 begler-

2362 1016 2557 1084 begum
2590 1019 2732 1071 hunc
2761 1017 2954 1087 fuisse,
2981 1021 3252 1079 Laonicus
3278 1026 3503 1095 Europa:
3529 1026 3748 1096 ducem,
3776 1035 3901 1103 (ιιιοά

2361 1108 2501 1163 idem
2523 1119 2631 1165 est.
2657 1109 2934 1169 Bontinius
2952 1131 3080 1170 vero
3108 1114 3337 1172 Natolize
3359 1117 3490 1175 facit
3512 1112 3900 1195 lteglerbegnm,

2360 1209 2415 1254 et
2443 1203 2628 1269 copias
2658 1203 2765 1258 huc
2799 1220 2830 1259 e
2861 1204 3068 1261 Natolia
3106 1210 3416 1266 traduxisse
3448 1216 3746 1283 memorat,
3770 1220 3899 1287 quod

2358 1308 2489 1348 vero
2521 1311 2627 1349 non
2668 1298 2727 1350 tit
2754 1288 3118 1363 simile.Nam
3152 1313 3211 1357 ut
3239 1304 3374 1358 nihil
3402 1305 3470 1361 de
3507 1321 3778 1364 consensu
3815 1311 3900 1363 bo-

2355 1398 2478 1439 rum
2500 1389 2777 1443 annalium
2806 1405 2929 1444 cum
2955 1388 3192 1448 Laonico
3205 1394 3412 1464 dicam,
3441 1411 3575 1453 sane
3601 1401 3899 1456 credibilius

2355 1488 2459 1544 est,
2517 1482 2665 1539 hunc
2718 1482 2939 1540 Graecia
2967 1487 3047 1541 vel
3080 1487 3308 1556 Europae
3334 1489 3718 1563 beglerbegum
3754 1493 3901 1565 539

2354 1571 2545 1640 fuisse,
2573 1576 2666 1644 qui
2700 1579 2881 1633 occiso
2938 1579 3006 1633 ab
3037 1579 3288 1637 Huniade
3312 1587 3512 1640 seacbo
3542 1585 3773 1641 Abedini
3802 1587 3899 1642 llo-

2355 1668 2551 1720 mania:
2578 1668 2902 1741 beglerbego
2933 1675 3284 1740 successerit,
3316 1685 3370 1731 et
3392 1692 3424 1732 e
3450 1680 3761 1749 propinquo
3788 1698 3895 1736 cum

2353 1756 2584 1827 Europae
2616 1762 2791 1831 copiis
2821 1762 2966 1818 hosti
2989 1769 3331 1825 occurrerit:
3367 1784 3492 1825 cum
3520 1773 3790 1828 Anatolic
3820 1776 3895 1830 be-

679 1818 1087 1873 Sardaciensem
1114 1822 1193 1875 vel
1239 1821 1671 1881 Sardaicensem.
1709 1830 1848 1884 Hinc
1875 1847 2003 1885 vero
2036 1834 2227 1889 tanden

679 1909 999 1931 1—.-ll:-:._-_
1044 1910 1100 1931 Δ,
1135 1911 1291 1931 Π-..Αιο
1338 1929 1349 1931 Α
1394 1915 1405 1931 a
1526 1918 1536 1927 -
1572 1917 1609 1931 η
1694 1919 1719 1931 ι-
1769 1922 1779 1931 .
1974 1923 2023 1931 ι.
2062 1923 2093 1931 ,-
2184 1927 2196 1931 -

2359 1818 2647 1920 glerbegus
2673 1818 2743 1907 ab
2788 1853 2939 1909 hisce
2972 1818 3525 1931 longius
3560 1875 3800 1921 remotus
3824 1884 3894 1923 es.

676 1909 1017 1978 intelligitur,
1038 1910 1106 1965 de
1135 1911 1360 1969 Sardica
1393 1915 1537 1984 loqui
1568 1917 1897 1988 Bonfiniunt,
1937 1923 2024 1977 ubi
2059 1923 2247 1981 Sardiv

678 1999 858 2052 censis
909 2000 1091 2055 habita
1123 2005 1365 2072 synodus
1396 2005 1522 2073 fttit,
1584 2010 1685 2062 sub
1716 2011 1943 2081 imperio
2008 2014 2242 2070 ﬁliorum

669 2089 1008 2144 Constantini
1039 2092 1237 2162 Magni.
1274 2096 1351 2150 Ea
1388 2113 1516 2152 vero
1548 2114 1657 2154 non
1684 2102 1774 2155 hic
1806 2106 2119 2173 quaerenda,
2146 2121 2245 2162 nec

674 2181 834 2236 hodie
869 2180 1070 2250 Sophia
1104 2185 1325 2251 dicitur,
1344 2190 1438 2242 sed
1462 2186 1734 2246 Triaditaa
1761 2210 1772 2245 :
1797 2196 1939 2263 quod
1964 2196 2015 2251 ei
2047 2213 2242 2253 nomen

672 2273 839 2324 etiam
874 2283 1031 2328 aetate
1061 2291 1159 2329 sua
1191 2277 1381 2343 fuisse,
1412 2278 1607 2349 Glycas
1644 2294 1827 2338 noster
1860 2290 2102 2358 scripsit.

674 2363 794 2420 £05.
822 2364 1015 2419 Scaclu‘
1037 2367 1285 2423 Abedim’s
1309 2372 1570 2493 οπρεῇξέἰο
1592 2374 1797 2445 infelix.
1815 2375 2018 2433 laneus
2044 2380 2239 2437 Turres

1359 2456 1434 2493 σω
1474 2458 1487 2493 ι
1518 2480 1534 2493 .

1359 2456 1534 2496 εωαιι.

734 2525 868 2579 Cum
929 2528 1015 2581 hic
1078 2528 1294 2585 dicatur
1348 2533 1629 2602 ablegatus
1665 2534 1837 2592 fuisse
1878 2540 2239 2612 beglerbegus

668 2613 967 2683 llotnanim,
991 2618 1094 2671 hoc
1120 2630 1205 2673 est
1233 2620 1459 2689 Europa:
1481 2662 1494 2681 ,
1524 2623 1755 2678 scaelius
1786 2625 2077 2693 Abedines,
2110 2646 2233 2686 cum

664 2707 939 2760 universis
1002 2703 1287 2762 Romaniae
1358 2706 1551 2779 copiis,
1587 2721 1642 2765 et
1670 2716 1931 2780 acanziis,
1980 2726 2034 2771 et
2081 2723 2234 2790 geni-

664 2794 805 2848 zaris
829 2836 843 2847 .
881 2796 1020 2851 haud
1058 2795 1221 2854 dubie
1281 2817 1511 2871 magnus
1543 2803 1614 2856 illi
1646 2820 1677 2858 a
1709 2802 1916 2861 Murate
1944 2809 2102 2865 datus
2132 2812 2236 2865 fuit

662 2886 932 2941 exercitus
956 2927 971 2953 ,
1004 2905 1162 2959 quem
1228 2891 1509 2949 Bontlnius
1534 2897 1858 2950 astimatum
1893 2901 2059 2954 fuisse
2094 2905 2231 2957 scri-

662 2978 741 3030 bit
766 2981 1037 3049 octoginta
1096 2980 1396 3035 Turcornm
1465 2984 1745 3042 millibus:
1781 2986 1926 3056 quod
1977 2994 2227 3059 equidem

661 3072 937 3124 annalium
990 3073 1152 3127 verba
1198 3075 1583 3142 considerans,
1626 3094 1756 3133 vero
1789 3093 2215 3139 consentaneum

660 3170 792 3229 puto
827 3180 841 3216 :
884 3165 1137 3231 quamvis
1195 3168 1416 3235 adjiciat
1478 3164 1781 3235 Bontinius,
1841 3173 1893 3229 id
1932 3190 2034 3229 non
2060 3177 2216 3232 facile

662 3255 819 3306 tidem
856 3254 1168 3311 admittere.
1195 3258 1473 3313 Caesoram
1519 3272 1665 3315 certe
1706 3279 1967 3321 numerus
1995 3269 2042 3321 ei
2070 3268 2229 3323 tidem

662 3340 836 3393 facere
901 3342 1168 3408 debebat,
1206 3360 1330 3400 cuin
1399 3348 1631 3403 fateatur
1667 3346 1883 3421 triginta
1922 3352 2221 3412 Turcornm

660 3432 824 3484 millia
861 3431 1041 3499 quisse
1079 3444 1211 3489 tunc
1245 3435 1547 3505 interfecta,
1579 3452 1731 3511 capta
1759 3447 1998 3515 quinque
2030 3448 2219 3503 millia.

660 3521 998 3591 Expeditioni
1028 3539 1249 3579 causam
1286 3528 1517 3594 praebuit
1549 3539 1661 3583 tum
1703 3530 1904 3589 Mesitis
1929 3535 2103 3592 bassa:
2130 3555 2223 3594 ca-

656 3610 891 3676 lamitas,
924 3614 1080 3681 paulo
1124 3627 1249 3670 ante
1278 3632 1401 3671 cum
1435 3620 1549 3672 suis
1576 3621 1640 3672 ad
1669 3621 2101 3697 internecionem
2128 3629 2219 3683 de-

656 3704 783 3760 tcti:
818 3713 928 3757 tum
964 3708 1248 3776 utriusque
1280 3704 1550 3765 Valachia:
1578 3711 1972 3785 defectio,quae
1996 3729 2220 3776 auctore

652 3792 860 3849 Joanne
924 3797 1193 3863 Huniade,
1256 3796 1559 3858 Turcornm
1622 3821 1652 3859 a
1706 3807 1808 3863 fide
1867 3809 2213 3868 discesserat.

660 3887 815 3942 llunc
848 3889 998 3943 enim
1031 3892 1253 3945 annales
1286 3892 1599 3961 intelligunt
1638 3898 1790 3954 .lanci
1825 3904 2063 3965 nomine.
2105 3923 2214 3976 quo

654 3978 904 4045 gentibus
957 3978 1062 4032 illis
1117 3979 1356 4036 Joannes
1402 3985 1625 4041 dicitur.
1662 3986 1929 4048 Laonicus
1966 3997 2215 4065 (utindi-

652 4067 856 4133 catum)
914 4064 1146 4136 Jattgutn
1203 4070 1545 4139 Chouiatem,
1611 4076 1999 4151 Spanduginus
2070 4099 2214 4142 recte

648 4154 875 4209 Janrutn
916 4156 1201 4213 Va'ivodatn
1238 4165 1469 4231 appellat
1502 4208 1516 4231 ,
1553 4167 1802 4224 videlicet
1850 4174 2045 4230 Erdelii
2098 4180 2213 4235 sive

650 4243 1131 4314 Transsvlvaniaa,
1201 4253 1483 4311 Geulraens
1532 4256 1757 4314 Jancunt
1830 4263 2081 4321 Battum:
2147 4272 2213 4324 de

648 4336 845 4401 quibus
877 4336 1176 4395 ofﬁciorum
1213 4358 1275 4397 ac
1303 4346 1625 4415 dignitatum
1671 4352 1723 4404 iii
1758 4346 2012 4423 Ungariac
2046 4373 2211 4427 regno

651 4426 1041 4493 ptuecipuarunt
1065 4434 1391 4501 nominibus,
1424 4442 1619 4506 partim
1650 4444 1828 4512 capite
1859 4426 2202 4504 notarum“

646 4516 907 4583 diximus,
943 4521 1136 4588 partim
1180 4523 1320 4577 infra
1354 4529 1550 4583 dicturi
1586 4549 1795 4592 sumtis.

650 4630 776 4687 106.
833 4631 1089 4687 Vladislai
1122 4637 1257 4706 regis
1292 4637 1741 4765 Ungar‘fmprima
1784 4663 1967 4706 contra
2016 4658 2207 4710 Turcos

1325 4727 1453 4765 exne
1495 4727 1609 4765 mo.

1325 4727 1609 4780 expeditio.

715 4813 848 4870 Ante
880 4820 1060 4873 omnia
1094 4815 1443 4881 declaremus
1493 4829 1577 4885 hic
1606 4834 1904 4901 positarum
1938 4838 1989 4891 in
2026 4854 2205 4894 anna-

648 4906 787 4962 libus
824 4927 1177 4979 personarutn
1218 4921 1425 4989 aliquot
1452 4928 1692 4983 nomina.
1721 4931 1831 4984 Rex
1868 4932 2209 5001 Ungarorum

645 4996 1017 5061 expeditionis
1047 5003 1206 5071 hujus
1241 5020 1428 5064 auctor
1464 5011 1771 5072 Vladislans
1798 5033 1915 5075 erat
1945 4996 2006 5076 ex
2050 5024 2209 5079 Polo-

612 5158 615 5159 ν
646 5084 746 5137 nia:
775 5102 955 5157 regum
986 5090 1291 5164 Jagellonia:
1320 5102 1501 5170 stirpis
1556 5109 1757 5163 familia
1780 5129 1793 5164 :
1816 5128 1971 5174 quem
2008 5114 2207 5183 Uttgati

647 5176 881 5245 plerique
909 5184 1120 5238 deserto
1158 5186 1407 5243 Ladislao
1438 5196 1725 5253 Austriaco
1751 5204 1952 5255 Alberti
1984 5207 2205 5259 secundi

642 5270 863 5336 Augusti
885 5278 1173 5341 postlitttno
1192 5283 1337 5349 regni
1359 5286 1809 5346 administrationi
1833 5298 2203 5364 pratlecernttt.

638 5358 940 5431 Janeusqui
974 5371 1303 5436 nominatur,
1332 5373 1567 5432 Joannes
1590 5395 1669 5437 est
1698 5385 1989 5453 llttniades,
2032 5389 2204 5443 Laza-

644 5451 798 5518 rogli,
831 5456 941 5508 sive
987 5458 1128 5512 filius
1165 5461 1379 5530 Lazari,
1419 5468 1619 5526 Serviat-
1661 5479 1880 5547 despota
1916 5479 2201 5550 Georgius,

636 5544 839 5597 (ira-cis
859 5555 1121 5606 ctnOstris
1142 5554 1582 5628 Stephanililius,
1607 5566 1791 5622 Lazari
1817 5587 2009 5639 nepos.
2026 5573 2204 5628 Casatt

636 5638 717 5689 vel
736 5638 924 5691 Casam
955 5646 1104 5696 Itassa
1127 5647 1314 5703 Tttt'cis
1338 5656 1607 5721 scribitur,
1629 5679 1782 5729 quem
1804 5664 2079 5719 Geul'ragus
2096 5667 2202 5719 Ca-

640 5731 947 5793 ratiilicgmn
984 5738 1243 5801 nominat,
1266 5754 1314 5793 et
1347 5745 1851 5812 nigrnntdotnintttn
1881 5758 1991 5809 sive
2013 5759 2198 5813 durent

641 5813 1066 5884 intetprctatur:
1121 5826 1395 5903 Philippus
1445 5840 1811 5899 Callimachus
1862 5850 2031 5918 magis
2081 5867 2199 5906 cor-

2350 1952 2452 2008 set,
2485 1958 2586 1997 nec
2620 1960 2747 1999 cum
2803 1949 3045 2004 exercitu
3097 1960 3205 2007 tam
3246 1952 3392 2008 facili
3425 1966 3704 2012 momento
3730 1972 3893 2027 posset

2348 2033 2756 2104 Hellespontum
2808 2043 3229 2101 transmittere:
3277 2056 3337 2102 ut
3396 2048 3615 2103 interim
3676 2059 3887 2117 taceam,

2344 2137 2610 2197 quantum
2639 2131 2866 2200 periculi
2905 2135 3067 2190 rebus
3105 2138 3367 2194 Anatolia:
3398 2151 3689 2199 creaturos
3714 2145 3891 2203 fuisset

2344 2219 2649 2292 beglerbegi
2699 2225 2976 2283 discessus
3020 2228 3073 2284 in
3107 2230 3395 2302 Europam,
3442 2237 3675 2292 necdum
3706 2237 3775 2292 ab
3802 2238 3886 2294 Οςο

2342 2314 2578 2370 manidis
2623 2331 2886 2385 oppressa
2931 2319 3242 2391 Caramani,
3303 2326 3477 2385 hostis
3537 2334 3804 2399 perpetui,
3845 2343 3887 2387 et

2342 2405 2573 2460 aliorum
2607 2412 2868 2476 potentia.
2899 2410 3057 2478 Quod
3082 2430 3259 2471 casus
3292 2417 3462 2476 fuisse
3492 2437 3616 2478 cum
3652 2427 3765 2482 suis
3794 2426 3884 2482 Ca-

2344 2512 2503 2553 sanes
2532 2500 2588 2553 in
2622 2502 2910 2558 annalibus
2956 2505 3172 2575 legitur,
3231 2526 3338 2566 non
3384 2515 3464 2570 sic
3498 2519 3880 2588 accipiendum,

2343 2603 2407 2643 ac
2435 2590 2482 2644 si
2525 2591 2689 2647 fuerit
2741 2594 3087 2655 interiectus.
3134 2598 3380 2659 Tradunt
3418 2606 3562 2663 enim
3603 2614 3879 2681 scriptores

2341 2680 2696 2736 historiarum
2712 2700 2906 2754 magno
2958 2704 3225 2749 consensu
3249 2694 3571 2765 (praesertim
3619 2680 3876 2759 Boiiﬂnius

2334 2781 2388 2825 et
2416 2771 2795 2841 Callimachus,
2830 2781 2922 2848 qui
2955 2790 3050 2837 aut
3087 2793 3234 2851 tunc,
3281 2796 3373 2843 aut
3417 2805 3523 2845 non
3553 2794 3720 2850 multo
3770 2806 3873 2863 post

2336 2863 2491 2928 vixit,
2522 2876 2576 2919 et
2594 2865 2831 2923 Poloniae
2856 2873 3090 2940 regibus,
3112 2874 3307 2933 Joanni
3328 2885 3625 2949 praecl-tim
3647 2886 3871 2953 Alberto,

2335 2951 2615 3010 familiaris
2655 2958 2801 3027 fuit),
2837 2961 2981 3016 hunc
3026 2965 3240 3021 bassam
3276 2984 3380 3024 non
3431 2973 3671 3027 occisum
3700 2951 3868 3042 fuisse,

2332 3044 2423 3097 sed
2458 3055 2699 3113 captum.

2245 3163 2290 3222 α
2344 3132 2466 3187 107.
2527 3134 2750 3190 Clitum
2778 3139 3076 3222 ‘lsludime'2
3128 3141 3387 3222 Stadium,
3443 3151 3633 3217 priscis
3691 3152 3863 3209 0mm

2766 3208 2985 3278 ﬂuvius.
3037 3213 3168 3281 Capi
3197 3208 3443 3272 Derlmtt.

2401 3293 2641 3353 Clisuras
2666 3299 2799 3365 dixi,
2834 3304 3052 3359 nomine
3084 3304 3288 3363 Graicis
3318 3311 3563 3369 historiis
3594 3327 3738 3381 noto,
3764 3318 3866 3370 vias

2330 3386 2446 3441 sive
2482 3390 2750 3448 transitus
2781 3405 3040 3465 angustos
3068 3402 3384 3467 admodum,
3441 3421 3537 3474 per
3562 3408 3674 3463 loca
3727 3425 3862 3463 moni-

2328 3489 2650 3549 tuosa,qu:e
2690 3484 2901 3541 Latinis
2948 3490 3076 3543 olint
3136 3492 3304 3547 furca:
3354 3498 3770 3554 nominabantur
3818 3512 3864 3556 et

2326 3570 2536 3626 fauces.
2570 3574 2659 3628 Sic
2687 3575 2996 3631 Iustiniano
3040 3580 3340 3638 Rinotmito
3368 3584 3675 3652 Cedrinus;
3708 3592 3757 3644 in
3790 3608 3861 3646 re-

2326 3661 2445 3713 ditu
2478 3661 2595 3730 ejus
2629 3666 2952 3720 obsederant
2974 3668 3190 3739 Bulgari
3229 3672 3345 3727 vias
3378 3674 3433 3728 in
3465 3690 3699 3747 angusto
3718 3681 3859 3734 clisu-

2326 3764 2422 3804 rae.
2450 3751 2709 3819 Exposuit
2744 3764 2795 3808 et
2849 3757 3087 3812 restituit
3110 3761 3306 3816 alicubi
3361 3778 3544 3821 vocem
3605 3768 3857 3838 Cujacius.

2319 3845 2729 3914 jurec0tisultus
2744 3849 3107 3917 clarissimus,
3125 3854 3424 3912 derivatam
3440 3863 3651 3918 a'verbo
3666 3862 3854 3923 Graeco.

2325 3937 2467 4003 quod
2503 3940 2823 3994 occludcntli
2853 3943 3307 4011 significationem
3361 3950 3544 4007 habet.
3619 3954 3853 4009 lsladiuas

2322 4043 2451 4082 vero
2486 4032 2723 4087 clisuras
2752 4033 2838 4087 hic
2871 4035 3180 4106 intelligunt
3213 4039 3399 4107 Turci,
3453 4059 3575 4112 qua:
3605 4046 3657 4100 in
3704 4045 3852 4100 Thra-

2320 4119 2461 4171 ciam
2504 4134 2571 4173 ex
2600 4120 2850 4190 Bulgaria
2886 4126 3219 4191 proiecturis
3259 4128 3313 4183 in
3351 4128 3537 4185 lla-mo
3566 4147 3746 4189 ntonte
3772 4150 3849 4189 oc-

2320 4221 2551 4263 ettrrunt
2584 4226 2650 4265 eo
2684 4213 2826 4277 loco,
2852 4229 2961 4280 quo
2996 4232 3196 4284 parvus
3215 4222 3395 4275 amnis
3423 4223 3659 4279 Sladitza
3684 4227 3846 4281 subter

2319 4303 2553 4358 clisuras
2574 4303 2743 4357 Hmmi
2778 4307 3000 4361 labitur.
3042 4306 3175 4363 Nam
3202 4315 3276 4367 uti
3307 4314 3589 4372 Bonllnius
3627 4320 3840 4388 scripsit,

2317 4409 2350 4465 ι
2384 4394 2581 4465 Sophia
2612 4399 2810 4465 duplex
2866 4400 2966 4454 iter
3008 4414 3094 4456 est
3123 4404 3189 4457 ad
3213 4410 3578 4475 superandum
3626 4413 3839 4467 Hannoni

2318 4489 2371 4540 in
2398 4487 2686 4543 Thraciam
2709 4501 2761 4544 et
2786 4490 3158 4550 Macedoniam
3193 4501 3471 4558 euntibus.
3505 4503 3656 4561 Unus
3684 4506 3839 4561 aditus

2236 4614 2289 4674 Β
2314 4596 2344 4633 a
2370 4580 2606 4646 Trajano
2629 4584 2900 4652 plerisque
2924 4596 3141 4655 putatur
3179 4591 3375 4657 factus,
3415 4596 3505 4650 ubi
3546 4597 3713 4652 adhuc
3726 4612 3839 4666 qua-

2313 4672 2471 4723 drato
2524 4672 2699 4741 lapide
2745 4689 2898 4744 porta
2947 4684 3182 4737 maxima
3239 4696 3541 4754 spectatur.
3587 4692 3733 4743 Alter
3780 4688 3835 4741 ad

2314 4775 2541 4827 parvuitt
2570 4776 2653 4817 est
2683 4780 2917 4832 amnem,
2969 4788 3127 4839 quem
3162 4759 3458 4830 Slatliizatn
3492 4778 3697 4850 Bulgari
3754 4794 3833 4833 vo-

2311 4862 2453 4903 eant.
2508 4852 2663 4908 Prius
2697 4857 2795 4909 iter
2860 4876 2959 4915 nos
3013 4867 3353 4929 tenebamus,
3398 4868 3452 4922 iit
3492 4885 3604 4940 quo
3651 4881 3831 4941 portatu

2310 4942 2455 4995 illam
2490 4949 2808 5013 reperimus,
2839 4954 2902 5004 ad
2965 4953 3156 5021 pagunt
3194 4957 3534 5026 liulgarii-um
3588 4952 3753 5022 sitam.
3780 4962 3831 5014 Et

2310 5032 2488 5086 locum
2524 5037 2668 5091 hunc
2698 5039 2857 5095 Turci
2879 5048 3102 5099 comites
3128 5051 3302 5103 nostri
3344 5052 3691 5107 nominabant
3712 5052 3822 5120 Capi

2310 5123 2562 5189 Derbcnt,
2590 5129 2687 5182 hoc
2710 5142 2813 5195 est,
2845 5144 3052 5201 portant
3095 5139 3330 5195 faucium
3357 5146 3436 5198 vel
3463 5154 3822 5214 angustiarum.

2308 5213 2453 5267 Alter
2488 5221 2665 5274 aditus
2698 5235 2779 5277 est
2815 5226 2922 5293 ille,
2952 5230 3017 5283 de
3052 5246 3160 5299 quo
3196 5233 3285 5287 hic
3317 5213 3553 5301 agimus,
3587 5250 3637 5293 et
3687 5254 3820 5308 quem

2308 5306 2597 5365 lsladinuut
2632 5322 2856 5373 annales
2882 5337 3098 5387 vocant,
3134 5342 3160 5377 a
3198 5324 3432 5381 Sladitza
3460 5330 3692 5387 ﬂuviolo.
3726 5333 3819 5386 {Ie-

2305 5399 2495 5457 drinus
2527 5405 2613 5462 hic
2636 5426 2847 5466 amnem
2896 5418 3116 5468 Osmunt
3173 5420 3346 5485 ponit,
3402 5437 3563 5489 quem
3618 5428 3817 5479 arbitror

2304 5506 2423 5547 esse
2454 5495 2771 5555 Sladitzam.
2811 5505 2990 5559 Locus
3016 5515 3097 5559 est
3134 5509 3184 5560 itt
3212 5509 3315 5563 vita
3340 5510 3670 5571 Constantini
3724 5515 3814 5568 Μο-

2306 5586 2550 5638 nontachi
2582 5589 2697 5642 sive
2741 5590 3089 5648 Gladiatoris.
3128 5595 3394 5656 Basilina:
3454 5622 3643 5666 nomen
3696 5604 3811 5671 apud

2300 5667 2623 5742 Laonicutn,
2658 5681 2711 5733 in
2743 5684 3078 5750 expositione
3105 5688 3274 5747 cladis
3302 5696 3464 5764 ltnjtts
3518 5700 3808 5757 Turcoruun

2302 5762 2494 5820 vitiose
2517 5772 2778 5839 scriptum
2814 5776 2901 5826 vix
2957 5776 3190 5847 dubito;
3259 5762 3387 5844 licet
3449 5808 3553 5845 non
3604 5793 3809 5859 ignorent

2300 5855 2434 5913 velle
2468 5859 2794 5929 Geut'raeuut,
2854 5865 3136 5926 Basilitzcn
3186 5892 3327 5936 novo
3385 5885 3641 5939 vocabulo
3698 5890 3810 5934 nunc
