4032 6344
223 472 336 535 805

1376 476 1770 542 PANDECTE
1813 481 2011 541 HIST.
2049 475 2355 542 TUBCIC.

3351 479 3458 546 806

222 592 474 646 liminum
497 591 625 658 dici;
649 594 804 663 cujus
823 594 1100 664 Opinionis
1119 609 1286 666 penes
1305 596 1479 667 ipsum
1497 599 1627 654 ﬁdes
1650 611 1789 656 esto.
1817 600 1868 662 Δ
1894 599 2050 668 cujus
2084 599 2232 653 exitu
2260 598 2508 668 plerique
2534 594 2633 650 viri
2662 593 2932 664 sapientes
2962 596 3103 650 male
3143 605 3274 653 tunc
3295 601 3457 656 etiam

225 690 356 745 108.
406 688 655 759 Georgius
705 689 1308 814 despotaéuthararo
1333 694 1446 762 ﬁlio
1493 699 1766 752 restitutus

859 779 890 814 a
922 805 934 814 .
980 779 1076 814 ura
1107 779 1151 814 ε.
1191 789 1200 793 -

859 779 890 815 a
922 779 1151 816 .uurate.
1191 789 1200 793 “

296 850 604 919 Lazarogli,
636 853 750 906 sive
783 851 1093 918 anarides,
1122 855 1388 928 Georgius
1450 861 1660 915 scilicet
1690 862 1783 914 de-

222 953 405 1009 Spota,
442 955 560 1011 post
593 945 823 1010 primam
859 948 1000 1002 hanc
1067 950 1471 1017 expeditionem
1521 951 1785 1006 Vladislai

227 1036 397 1102 regis,
435 1034 487 1086 in
517 1036 747 1102 gratiam
791 1038 1016 1092 rediisse
1045 1055 1166 1093 cum
1203 1040 1409 1096 Murate
1441 1044 1673 1097 traditur
1701 1044 1788 1097 hic

224 1126 279 1178 in
325 1127 633 1188 annalibus,
665 1128 804 1181 idem
838 1127 1078 1184 Laonico
1135 1130 1442 1197 referente;
1502 1134 1790 1188 sedaddit

225 1219 339 1283 hic,
372 1218 544 1274 fuisse
601 1227 731 1276 tunc
789 1224 1108 1277 restitutum
1161 1239 1285 1280 cum
1335 1235 1489 1295 patre
1556 1226 1787 1296 Georgio

223 1309 488 1364 Lazarum
514 1326 731 1380 quoque
760 1315 1027 1369 minorem
1060 1326 1185 1370 natu
1213 1316 1405 1380 lilium,
1450 1333 1571 1371 cum
1600 1316 1785 1371 tributi

226 1403 524 1470 quotannis
587 1404 836 1458 solvendi
892 1419 1082 1469 onere,
1136 1399 1279 1476 quOd
1339 1415 1459 1461 erat
1506 1407 1787 1461 deﬁnitum

224 1503 382 1563 parte
410 1493 631 1549 dimidia
666 1495 937 1550 redituum
957 1497 1123 1552 totius
1149 1495 1398 1552 Serviani
1448 1499 1787 1568 despotatus.

224 1586 368 1640 Hine
393 1600 520 1655 ergo
545 1585 760 1641 Cureus
793 1586 1604 1659 Silesiorumeehronographus
1637 1589 1785 1645 refu-

223 1687 396 1742 tatur,
431 1679 520 1746 qui
554 1679 796 1747 scripsit,
822 1677 1115 1748 Georgium
1145 1687 1270 1748 post
1296 1680 1504 1734 cladem
1545 1680 1788 1736 Varuen-

219 1783 338 1822 sem
400 1767 648 1822 Amurati
715 1767 1152 1833 reconciliatum,
1218 1784 1316 1822 sua
1374 1784 1730 1838 recuperasse
1765 1811 1780 1836 ,

220 1859 331 1914 hoc
359 1869 461 1922 est,
489 1873 635 1913 anno
661 1867 786 1927 post
826 1862 964 1924 hanc
985 1858 1240 1913 Vladislai
1270 1859 1550 1914 victoriam
1589 1861 1782 1915 tertio:

1897 689 2301 744 ominabantur.
2333 688 2550 757 Quippe
2579 685 2822 741 Murates
2851 686 2987 741 bona
3025 687 3128 741 (ide
3183 691 3450 756 praestite-

1897 793 2002 847 rat,
2054 799 2393 852 quacunque
2430 791 2630 836 mutuae
2675 780 2824 850 pacis
2861 781 3059 836 tabulis
3089 783 3152 836 ad
3202 799 3262 837 se
3293 785 3460 852 perti-

1901 876 2081 928 nentia
2113 873 2554 933 continebantur,
2612 881 2668 926 et
2730 874 3096 940 praestiturum
3148 889 3205 927 se
3281 875 3458 929 fuerat

1897 967 2198 1035 pollicitus,
2231 964 2362 1017 nihil
2405 965 2582 1017 minus
2607 962 2722 1016 fore
2750 963 2973 1026 veritus,
3009 980 3170 1031 quam
3209 965 3451 1020 utChri-

1899 1059 2112 1113 stianus
2181 1072 2295 1120 rex,
2361 1064 2524 1110 tanta:
2558 1053 2772 1108 virtutis
2807 1071 2869 1108 ac
2891 1054 3033 1118 ﬁdei,
3069 1039 3457 1112 cumlluniade

1905 1151 2224 1217 caeterisque
2253 1148 2636 1218 praestantibus
2668 1148 2814 1209 viris,
2851 1157 2955 1199 tam
2985 1146 3167 1201 infanti
3216 1150 3456 1217 perﬁdia;

1895 1244 2099 1297 scelere
2123 1252 2295 1294 semet
2339 1240 2724 1306 obstringeret.
2758 1238 2859 1292 Sed
2897 1240 3039 1294 enim
3089 1241 3351 1294 lectorem
3385 1243 3452 1296 ad

1895 1351 1989 1388 eos
2013 1348 2150 1401 quos
2164 1333 2297 1400 dixi,
2321 1333 2713 1388 Callimachum
2739 1333 3034 1401 pra:sertim
3057 1348 3122 1388 ac
3145 1332 3453 1389 Bonﬂnium

1892 1427 2128 1481 remitto.
2797 1455 2801 1458 ~

2064 1515 2183 1569 Ill.
2221 1514 2447 1579 Matera,
2475 1514 2679 1582 Schuli,
2713 1514 2975 1585 Nigeboli,
3035 1516 3278 1573 Burwad.

1973 1611 2078 1662 Pro
2115 1608 2317 1663 Matcra
2348 1607 2714 1663 Callimachus
2736 1618 2789 1662 et
2837 1607 3121 1663 Bontlnius
3169 1611 3456 1666 nominant

1897 1699 2241 1763 Pezeehium,
2293 1715 2392 1769 pro
2453 1697 2678 1754 Schulio
2740 1698 3107 1755 Callimachus
3178 1699 3449 1767 Sumium,

1896 1788 2173 1843 Boniinius
2196 1787 2448 1850 Sunium,
2478 1806 2599 1857 qua:
2656 1790 2811 1844 Solio
2862 1790 3192 1858 respondere
3220 1793 3454 1848 arbitror

1897 1879 2128 1932 molliori
2162 1880 2605 1948 pronuntiatione
2659 1881 2970 1950 veriorique
2991 1882 3284 1951 scriptura.
3311 1883 3453 1937 Bou-

219 1968 348 2006 Cum
378 1952 852 2042 οιηιιίιιθρρηεῑθι»
877 1960 1002 2005 ante
1035 1950 1368 2008 “mensem
1383 1954 1780 2023 expeditionem
1814 1956 1861 2016 Β
1891 1971 2019 2025 linio
2053 1971 2374 2039 Macrapolis
2405 1971 2570 2025 etiam
2627 1971 2914 2036 recitatur,
2966 1988 3086 2042 quae
3137 1973 3339 2029 Matera
3383 1976 3456 2031 sit

218 2044 511 2097 invitatum
554 2057 581 2095 a
610 2041 879 2097 Vladislao
911 2057 1037 2111 rege
1061 2043 1342 2111 despatam
1415 2045 1481 2098 ad
1510 2045 1631 2098 belli
1651 2059 1781 2098 con-

217 2148 308 2189 tra
334 2133 958 2201 Muratem‘suseipiendi
990 2135 1329 2197 societatem,
1358 2133 1410 2188 id
1447 2134 1596 2188 nullo
1620 2136 1781 2189 modo

218 2226 403 2280 facere
435 2224 692 2287 voluisse,
731 2239 1024 2294 regemque
1059 2240 1183 2280 cum
1215 2223 1459 2281 Huniade
1497 2236 1784 2295 propterea

216 2317 327 2370 sibi
371 2314 672 2369 reddidisse
703 2313 980 2370 infestum.
1018 2316 1207 2385 Capita
1275 2318 1595 2387 pacisinter
1650 2317 1782 2373 Vla-

216 2410 455 2462 dislaum
499 2417 553 2462 et
576 2405 860 2472 Moralem,
893 2416 1018 2475 post
1046 2423 1218 2464 caesos
1249 2409 1316 2464 ad
1365 2411 1632 2467 lsladinas
1668 2410 1786 2466 lau.

214 2517 313 2555 crs
338 2501 568 2565 Turcos,
600 2499 744 2569 apud
787 2498 1110 2565 Laonicum,
1171 2501 1477 2556 Bonlinium
1541 2511 1596 2557 et
1640 2503 1784 2575 alios

209 2593 492 2662 leguntur.

437 2704 557 2758 £09.
583 2702 795 2756 Chelilis
833 2703 996 2757 basta!
1050 2721 1232 2758 nomen
1252 2718 1571 2775 corruptum.

289 2797 581 2864 Attigimus
616 2799 680 2849 de
712 2796 814 2847 hoc
847 2797 1093 2864 quaedam
1117 2811 1344 2850 numero
1407 2808 1656 2852 notarum
1682 2800 1775 2864 29,

213 2897 271 2940 et
301 2902 516 2940 rursum
567 2885 653 2940 9|.
687 2885 840 2953 Apud
869 2886 1074 2939 editum
1106 2896 1252 2940 certe
1309 2885 1606 2941 Laonieum
1667 2897 1776 2942 tam

217 2980 318 3032 lilii
347 2977 592 3042 Chelilis,
632 2992 792 3044 quam
874 2976 1044 3044 patris
1088 2976 1335 3029 lhraimis
1398 2979 1485 3032 hic
1524 2989 1779 3049 corrupta

219 3077 473 3138 teguntur
505 3069 746 3123 nomina.
781 3069 918 3124 Sunt
954 3069 1099 3123 enim
1134 3071 1246 3124 haec
1275 3071 1393 3140 ejus
1415 3074 1574 3125 verba
1607 3089 1621 3126 :
1677 3072 1780 3127 Po-

219 3166 448 3217 tentiam
479 3163 770 3216 maximam
805 3164 1018 3216 tenebat
1047 3160 1288 3217 Cltatites
1354 3163 1555 3217 Priami
1615 3165 1776 3228 illius,

219 3271 332 3326 quo
355 3258 407 3309 in
429 3256 622 3309 Januis
644 3257 784 3322 regis
805 3255 885 3308 vir
905 3257 1224 3324 prudentior
1243 3273 1347 3311 non
1372 3269 1507 3313 erat.
1539 3259 1777 3315 Primum
1808 3282 1853 3342 α

220 3351 277 3401 in
313 3347 397 3400 his
420 3347 685 3410 Chatites,
716 3348 1034 3401 mutandum
1071 3348 1123 3401 in
1156 3349 1422 3415 Chaliles,
1455 3360 1508 3404 et
1539 3351 1786 3407 Priamus

219 3441 273 3493 in
309 3439 583 3492 Praimem
625 3438 704 3491 vel
755 3436 1121 3507 Mpraimem:
1196 3440 1396 3508 quibus
1448 3443 1643 3498 litteris
1699 3442 1786 3512 Mp

217 3531 397 3585 Gratei
428 3539 673 3606 nostrum
702 3529 742 3582 Β
771 3539 1041 3584 conantur
1091 3534 1418 3600 exprimere,
1481 3537 1640 3589 sicuti
1663 3551 1782 3604 cap.

219 3625 283 3678 9|
323 3625 526 3678 dictum
565 3642 577 3676 :
619 3638 840 3692 prorsus
877 3632 936 3676 ut
969 3622 1261 3692 Mpraimes
1325 3625 1396 3679 sit
1461 3625 1638 3680 Braim
1702 3629 1787 3681 vel

222 3715 442 3768 lbtaim.
475 3712 755 3767 Ceufraeus
783 3714 947 3767 etiam
976 3729 1174 3767 nomen
1205 3714 1323 3784 ejus
1381 3719 1646 3786 corrupit,
1699 3721 1784 3772 cui

217 3807 391 3873 Chaly
424 3806 592 3858 bacha
622 3806 902 3870 scribitur,
943 3816 996 3860 et
1028 3805 1158 3876 llaly
1209 3808 1402 3869 bacha,
1457 3825 1552 3877 pro
1613 3809 1784 3863 Chalil

219 3898 300 3950 vel
327 3897 500 3950 Chelil
532 3898 710 3950 hassa.
739 3895 976 3950 Laonico
1007 3911 1134 3951 sane
1185 3898 1448 3960 Chaliles,
1500 3900 1776 3964 et'Alies,

219 3989 305 4040 vel
343 3985 528 4040 llalies
555 3984 885 4055 (quiTurcis
922 3987 1055 4056 Ali),
1109 3988 1316 4040 diversa
1355 3989 1575 4040 nomina
1633 3997 1779 4042 sunt.

221 4101 351 4158 ΗΟ.
382 4098 662 4168 Expeditio
689 4099 918 4152 secunda
955 4097 1212 4152 Vladislai
1245 4099 1398 4168 regis,
1423 4111 1532 4166 post
1565 4100 1782 4154 violatas

708 4169 1009 4222 decennales
1040 4170 1296 4223 inducias.

289 4263 496 4318 Causas
526 4262 886 4331 expeditionis
915 4262 1168 4315 secunda:
1218 4260 1483 4316 Vladislai
1523 4265 1662 4333 regis
1690 4281 1783 4318 an-

216 4367 369 4408 uates
401 4353 454 4406 hi
514 4351 817 4407 Turcorum
885 4367 988 4406 non
1044 4363 1432 4420 exposuerunt,
1495 4357 1586 4409 sed
1640 4356 1781 4424 apud

214 4455 465 4506 nostros,
483 4441 802 4503 Laouicnm,
831 4441 1248 4507 Callimachum,
1277 4443 1602 4508 Bonlinium,
1629 4446 1781 4511 plene

212 4541 677 4586 commemoratae
730 4531 985 4598 legimus.
1021 4529 1449 4591 Traduntenim,
1483 4530 1776 4597 Eugenium

1891 2077 2061 2116 necne
2077 2063 2292 2126 videant
2311 2061 2424 2115 alii.
2443 2060 2505 2114 Vi
2523 2061 2740 2129 quidem
2762 2076 2917 2132 capta
2940 2063 3111 2120 fuisse
3129 2066 3450 2122 Pezechium

1895 2164 1949 2208 et
1983 2153 2218 2215 Suliutn,
2242 2152 2468 2208 annales
2497 2153 2752 2217 innuunt,
2807 2155 3172 2212 Callimachus
3205 2167 3260 2212 et
3309 2159 3447 2212 Bon-

1891 2246 2053 2299 ﬁuius
2078 2244 2342 2298 atlirmant
2369 2230 2395 2309 ς’
2419 2260 2652 2313 cumque
2687 2248 2924 2302 neminis
2956 2250 3082 2302 vitae
3115 2260 3448 2319 parceretur,

1890 2336 2176 2391 interiecta
2197 2337 2501 2391 Turcorum
2529 2337 2724 2392 ibidem
2741 2339 2985 2408 quinque
3008 2340 3173 2394 millia
3198 2343 3447 2411 periisse.

1891 2427 2193 2496 Nigebolim
2218 2443 2381 2498 supra
2409 2429 2644 2485 diximus
2668 2429 2848 2497 capite
2879 2443 3128 2486 notarum
3170 2432 3231 2486 5|
3257 2431 3452 2494 Turcis

1891 2537 2011 2576 esse
2044 2523 2266 2586 dictam,
2294 2537 2452 2591 quam
2487 2537 2590 2576 nos
2620 2535 2881 2577 vocamus
2915 2521 3240 2592 Nicopolim.
3277 2526 3452 2580 Burn-

1891 2613 2082 2665 vadam
2144 2611 2368 2666 annales
2431 2622 2747 2681 occupatam
2803 2614 3115 2681 praesidium
3171 2617 3450 2684 accepisse

1892 2715 2138 2759 narrant.
2167 2706 2305 2775 Ergo
2337 2705 2426 2758 illa
2460 2714 2653 2774 sponte
2688 2720 2746 2759 se
2806 2705 3035 2769 dedidit,
3089 2723 3190 2762 nec
3237 2699 3446 2763 vastata

1892 2797 2014 2850 fuit.
2053 2795 2206 2849 Unde
2232 2797 2508 2864 colligitur
2535 2811 2563 2848 a
2607 2794 2800 2849 Turcis
2848 2796 3187 2851 Burnvadam
3220 2799 3445 2865 vocari,

1890 2905 2052 2958 quam
2083 2888 2448 2943 Callimachus
2478 2887 2803 2954 Tavaruam,
2829 2888 3108 2944 Bonlinius
3143 2891 3444 2947 Cavaruam

1887 2981 2040 3034 dixit.
2071 2979 2217 3034 llanc
2251 2980 2392 3033 enim
2427 2980 2568 3033 ultro
2622 2981 2948 3034 deditionem
2992 2981 3184 3037 fecisse
3209 3000 3449 3040 comme-

1887 3081 2125 3136 morant,
2155 3073 2403 3143 exemplo
2431 3070 2681 3127 Pezechii
2717 3071 2966 3140 Suliique
2999 3075 3266 3128 territam.

1895 3186 2021 3242 ΗΞ.
2049 3188 2277 3264 Οἰνεΐδας
2306 3186 2367 3238 de
2397 3187 2564 3238 altera
2605 3184 2829 3264 Muralis
2852 3186 2910 3264 in
2937 3183 3200 3264 Europam
3219 3189 3446 3256 tramjc-

2206 3257 2371 3323 ctione
2408 3272 2524 3307 cum
2552 3256 2782 3307 exercitu
2827 3256 3116 3319 opiniones.

1962 3349 2201 3403 Diximus
2235 3362 2421 3415 supra,
2449 3359 2679 3399 numero
2743 3355 2999 3399 notarum
3022 3346 3111 3411 89,
3177 3347 3438 3405 Muratem

1886 3442 2024 3496 bello
2081 3423 2265 3494 contra
2307 3439 2647 3508 Mustapham
2725 3440 3129 3507 supposititium
3188 3443 3440 3505 fratrem,

1887 3531 2250 3603 Genuensinm
2283 3531 2644 3599 quorumdam
2676 3545 2862 3599 opera,
2897 3544 3181 3585 numerato
3211 3535 3292 3587 his
3327 3549 3440 3588 ma—

1888 3625 2033 3674 ximo
2083 3624 2273 3692 pretio,
2326 3632 2474 3676 trans
2519 3620 2922 3689 Hellespontum
2978 3624 3287 3689 pervenisse
3317 3641 3440 3679 cum

1888 3716 2058 3782 copiis
2095 3734 2106 3767 :
2141 3716 2302 3787 idque
2349 3729 2532 3768 verum
2561 3728 2700 3777 esse,
2732 3713 3044 3768 testimonio
3085 3713 3307 3768 Laonici
3342 3718 3440 3770 do-

1886 3808 2124 3860 cuin'us.
2161 3808 2202 3858 Α
2227 3806 2424 3872 quibus
2456 3816 2635 3858 autem
2674 3805 2773 3858 hoc
2809 3804 2951 3857 bello
2993 3817 3179 3858 centra
3218 3807 3433 3864 Vladis-

1884 3898 2025 3950 lanm
2060 3896 2308 3965 Ungariae
2335 3910 2539 3963 regem,
2568 3896 2791 3950 Muralis
2843 3897 3117 3950 exercitus
3154 3899 3206 3950 in
3263 3897 3436 3951 Euro-

1888 4003 2004 4054 pam
2036 3987 2590 4048 trausvectus'fuerit,
2614 3988 2861 4057 equidem
2927 3988 3189 4042 hactenus
3235 3990 3436 4042 intelli-

1884 4093 2007 4146 gere
2039 4093 2145 4130 non
2179 4078 2351 4145 potui.
2377 4076 2492 4131 Non
2533 4092 2696 4134 ausos
2727 4078 2778 4130 id
2806 4088 2934 4131 tunc
2971 4078 3150 4132 facere
3181 4077 3435 4132 Genuen-

1882 4185 1989 4233 ses,
2022 4168 2177 4222 facile
2208 4169 2554 4232 crediderim,
2615 4177 2833 4238 propter
2864 4169 3031 4222 Italiae
3091 4171 3271 4223 totius
3302 4185 3431 4224 cou-

1884 4274 2103 4312 seusum
2139 4276 2142 4278 ·
2184 4260 2557 4326 (ιιιωηιοχίιιιςι
2592 4258 2895 4312 Turcorum
2951 4275 3017 4312 ex
3049 4259 3256 4327 Europa
3319 4263 3433 4329 pel-

1885 4351 2166 4402 lendorum
2202 4365 2264 4403 ac
2312 4350 2572 4403 radicitus
2600 4351 3072 4418 exstirpandorutn
3120 4366 3212 4419 spe
3241 4371 3436 4409 conce-

1883 4452 1992 4507 pta,
2033 4441 2263 4492 classem
2326 4440 2391 4493 ad
2445 4441 2729 4506 angustias
2775 4439 3108 4509 Hellesponti
3161 4446 3429 4502 miserat:

1882 4545 1986 4598 qua
2021 4529 2255 4582 fatentur
2317 4531 2414 4598 ipsi
2473 4529 2774 4585 Turcorum
2837 4537 3064 4588 annales
3113 4535 3428 4604 impeditum

165 4671 174 4677 _
213 4631 477 4690 quartum
515 4620 852 4686 poutilicem,
897 4620 984 4671 ubi
1020 4619 1346 4671 decennales
1406 4619 1662 4672 Moralem
1692 4621 1772 4673 in-
1807 4619 1846 4674 υ
1879 4618 2046 4673 fuisse
2070 4619 2349 4683 Muratem,
2397 4621 2691 4689 quominus
2723 4623 2776 4674 in
2813 4622 3084 4692 Europam
3112 4627 3428 4694 trausjicere

214 4716 418 4768 ductas
445 4729 565 4766 cum
601 4711 870 4766 Vladislao
899 4725 1021 4779 rege
1054 4719 1268 4779 pactum
1292 4713 1584 4780 accepisset
1613 4732 1628 4778 ;
1656 4723 1774 4765 tau-

214 4816 330 4858 tum
361 4819 525 4871 opera
566 4801 769 4855 Juliani
798 4801 1092 4882 cardinalis
1137 4799 1400 4853 C:esarini
1454 4802 1609 4870 legati
1640 4817 1666 4853 a
1699 4804 1775 4854 la-

216 4909 354 4962 tere,
391 4896 535 4964 apud
566 4897 818 4963 juvenem
842 4905 894 4948 et
923 4895 1138 4947 avidum
1193 4895 1376 4962 gloria:
1425 4910 1621 4961 regem,
1682 4896 1775 4950 ad-

214 4988 564 5042 versantibus
593 4988 810 5040 interim
866 4988 1075 5055 magnis
1119 4986 1383 5055 viris,qui
1457 4988 1770 5054 religionem

214 5079 363 5147 pacis
397 5091 460 5130 ac
495 5076 733 5139 fcetleris,
757 5079 1243 5133 intervenientibus
1303 5081 1769 5146 sanctissimisju-

214 5169 512 5237 risjurandi
540 5166 701 5236 440
755 5170 988 5222 vinculis
1032 5171 1150 5234 icti,
1215 5170 1433 5223 minime
1460 5171 1768 5224 violandam

213 5270 549 5322 assererem,
578 5262 830 5326 perlicere
865 5261 1105 5324 potuisse
1139 5277 1154 5323 ;
1185 5261 1397 5312 tandem
1463 5272 1522 5314 ut
1575 5271 1766 5314 aucto-

215 5358 377 5407 ritate
410 5352 678 5419 pontilicia
707 5350 953 5404 rescissis
1001 5349 1336 5400 iuduciarum
1371 5352 1562 5418 pactis,
1619 5367 1768 5408 arma

219 5451 412 5495 contra
460 5439 721 5493 Muratem
784 5455 972 5492 rursus
1032 5437 1292 5503 capienda
1361 5442 1761 5498 decerneretur.

213 5535 406 5588 Aiebat
432 5535 574 5586 enim
608 5533 869 5600 pontifex,
929 5531 1115 5581 initam
1153 5543 1272 5581 eum
1335 5525 1640 5585 inﬁdelibus
1669 5552 1762 5600 pa—

214 5641 353 5687 ιεειι,
385 5639 493 5676 non
516 5625 763 5676 CUIISttIla
786 5624 937 5691 prius
973 5621 1263 5688 apostolica
1323 5624 1447 5672 sede
1472 5633 1640 5675 ratam
1671 5627 1764 5676 ha-

216 5717 325 5769 beri
361 5730 467 5767 non
512 5731 669 5780 posse
700 5734 714 5779 ;
745 5715 1041 5782 praesertim
1094 5712 1232 5778 quod
1265 5727 1327 5764 ea
1391 5715 1662 5767 videretur
1710 5724 1759 5770 iu

215 5807 506 5874 perniciem
541 5822 604 5859 ac
657 5807 1035 5860 detrimentum
1071 5805 1379 5871 reipubl'cae
1437 5806 1763 5861 Christiana}

213 5903 373 5954 facta.
406 5897 493 5952 Sic
523 5899 952 5967 redintegratum
1019 5909 1218 5953 temere
1251 5898 1353 5952 fuit
1409 5901 1626 5971 bellum,
1693 5905 1758 5959 de

1879 4726 1999 4764 cum
2031 4712 2145 4765 suis
2169 4727 2262 4776 per
2302 4710 2707 4781 Hellespontum
2751 4724 2952 4783 possm.
3002 4715 3109 4768 Nec
3173 4718 3428 4770 dissimu-

1879 4802 2092 4857 laturus
2151 4806 2284 4857 tanti
2349 4805 2574 4858 sceleris
2632 4818 2889 4861 auctores
2946 4818 3063 4860 erat
3134 4805 3427 4864 cardiualis

1878 4891 2248 4953 Florentinus,
2278 4891 2473 4946 Italica:
2516 4893 2710 4948 classis
2778 4900 3106 4964 priclectus:
3159 4899 3424 4967 siquidem

1876 4985 2018 5036 illius
2045 4984 2229 5038 alliues
2284 5001 2402 5042 esse
2442 4987 2614 5054 culpa:
2683 4989 2994 5043 Genuenses
3053 4994 3423 5048 constitisset:

1877 5079 2059 5130 minus
2084 5077 2160 5129 eis
2187 5092 2447 5146 parsurus
2474 5077 2764 5148 Eugenius,
2802 5097 2935 5150 papa
2996 5080 3249 5148 Venetus,
3303 5091 3423 5141 exi-

1878 5170 1986 5222 ιείιΙὶ
2017 5171 2351 5225 Gctmatibus
2377 5172 2503 5224 odio
2553 5189 2672 5227 cum
2707 5176 2826 5227 aliis
2893 5172 3112 5228 Venetis
3171 5178 3420 5234 infestus.

1874 5262 2144 5313 Duutnxat
2172 5263 2222 5313 iu
2249 5262 2438 5316 litteris
2461 5263 2836 5333 suis,quarum
2861 5263 3135 5318 Bonlittius
3155 5271 3418 5334 tttetninit,

1874 5352 2131 5406 illul-nteit:
2211 5356 2500 5410 cardinalis
2550 5357 2736 5411 scribit
2795 5357 2963 5408 elusis
3007 5367 3124 5410 astu
3179 5363 3261 5412 vel
3317 5363 3420 5412 lar-

1873 5447 2071 5513 gitioue
2110 5448 2538 5514 speculatoribus
2583 5449 2646 5500 ad
2698 5448 3036 5515 Calliopolim
3081 5451 3415 5518 tt‘anjecissc.

1873 5541 1999 5600 Qua'
2036 5538 2189 5587 verba
2221 5554 2456 5603 qunttant
2522 5542 2678 5591 modo
2729 5555 2850 5591 cum
2913 5538 3092 5592 verbis
3133 5542 3409 5592 annalium

1873 5626 2207 5682 concilianda
2235 5628 2360 5690 sint,
2393 5641 2483 5682 aut
2511 5630 2668 5681 aliter
2713 5629 2938 5696 intelligi
2972 5629 3198 5695 possint,
3250 5645 3410 5696 quam

1872 5738 1990 5772 t'Ultl
2023 5720 2192 5785 ipsius
2220 5721 2513 5774 cardinalis
2545 5721 2860 5790 ignominia.
2896 5721 3228 5789 negligentia:
3248 5733 3417 5776 sctttrt

1867 5809 2161 5876 at'gttcttlis,
2192 5811 2439 5875 equidem
2473 5829 2576 5866 non
2646 5809 2819 5866 video.
2850 5812 2954 5865 Cur
3003 5813 3144 5864 enim
3211 5811 3412 5864 Italica:

1867 5902 2022 5957 classi
2059 5901 2343 5967 prxlectus
2394 5921 2499 5960 non
2560 5907 2902 5975 impediebat,
2968 5906 3255 5975 quominus
3329 5903 3410 5956 Vel
