4032 6344
649 443 752 505 8οτ

1858 428 2178 501 ioANNts
2216 430 2676 527 Lituxcmt'tt

3760 432 3857 492 84³3

653 556 1106 624 :nlCalliopolim,
1163 556 1244 608 νει
1277 554 1448 608 alium
1477 536 1809 623 Hellesponti
1867 558 2045 609 locum
2121 556 2209 609 ille
2242 562 2281 617 Α
2313 554 2531 627 Achelo.
2590 522 2829 604 ‘Baruam
2874 538 3118 602 scribunt
3177 522 3633 615 (Iltaluuiolltlylis
3686 546 3853 599 ittlt‘r—

655 646 1035 713 transjict-ret?
1068 661 1164 698 cur
1199 645 1325 699 inse
1376 647 1590 714 culpam
1623 646 1783 699 tacite
1805 648 2054 699 confert?
2104 662 2201 699 cur

655 724 954 794 esCitantiue
977 739 1327 806 semetipsum
1350 748 1569 792 accusat
1590 736 1726 797 ?.‘.Ait
1756 739 1925 801 enim,
1978 739 2043 791 ad
2078 739 2201 790 Cal.

655 828 894 897 li0polim
925 829 1294 883 transmisisse
1330 827 1613 892 Muratem,
1676 841 1704 881 a
1734 844 1841 896 quo
1906 830 2197 895 transjertu

658 923 772 988 ipse
799 920 1058 973 Muratem
1109 935 1300 974 arcere
1354 920 1544 987 jussus
1601 921 1793 973 fuerat.
1844 918 1921 973 Ex
1971 921 2201 973 adverso

657 1014 901 1065 scribunt
932 1010 1118 1076 Turci,
1147 1013 1373 1067 classem
1428 996 1668 1064 Italicam
1718 1014 1770 1064 in
1801 1022 2040 1080 tempore
2065 1011 2202 1063 Cal—

656 1104 1211 1181 liopolimappulisse,
1254 1102 1622 1172 Muratemqne
1652 1103 2020 1171 prtepediisse,
2067 1109 2205 1168 quo-

658 1197 841 1251 minus
893 1196 1003 1253 illic
1059 1197 1428 1249 transmittere
1479 1197 1734 1264 potuerit.
1798 1193 2093 1247 Audiamus
2147 1204 2202 1246 et

659 1284 979 1347 Laonicum,
1009 1288 1101 1353 qui
1128 1301 1221 1353 per
1250 1286 1418 1338 otium
1472 1284 1745 1354 trajecisse
1771 1283 2033 1337 Muratem
2077 1298 2201 1336 nar-

658 1387 762 1438 rat,
799 1390 918 1428 cum
948 1376 1173 1427 adverso
1201 1383 1356 1427 vento
1378 1373 1569 1427 diebus
1586 1374 1793 1443 aliquot
1820 1373 2071 1438 durante,
2102 1373 2202 1425 im-

654 1467 964 1535 pedirentur
994 1466 1131 1528 Itali,
1163 1468 1454 1535 quominus
1480 1477 1544 1520 ex
1583 1464 1915 1533 Propontide
1969 1468 2019 1519 in
2076 1465 2200 1518 llel-

650 1557 957 1626 lespoutum
990 1568 1178 1613 contra
1211 1558 1469 1611 Muratem
1509 1560 1693 1611 venire
1722 1568 1961 1627 possent.
1989 1558 2198 1611 interea

651 1662 778 1701 vero
803 1648 1060 1701 Muratem
1089 1649 1153 1702 ad
1194 1648 1386 1700 turrim
1423 1662 1657 1709 sacram,
1696 1662 1814 1716 quae
1842 1648 1894 1701 in
1954 1646 2195 1702 Asiatico

652 1739 830 1793 littore
861 1741 960 1794 sita
984 1738 1138 1793 sitad
1168 1740 1608 1804 angustissimum
1646 1740 1699 1793 in
1732 1741 2059 1809 Propentide
2100 1739 2201 1793 lo-

653 1846 798 1893 cum,
837 1815 1223 1885 transmisisse.
1256 1830 1491 1886 Excusat
1514 1833 1601 1888 hic
1622 1848 1837 1901 quoque
1866 1832 2194 1889 cardinalem

651 1923 842 1977 classis
871 1920 1203 1991 praefectum,
1227 1931 1281 1974 et
1306 1922 1395 1976 ubi
1452 1923 1817 1990 transjccerit,
1854 1937 1949 1976 sua
1980 1922 2213 1989 quidem.

651 2012 1200 2081 opinione,Murates,
1228 2012 1457 2079 indicat,
1490 2016 1593 2068 nisi
1621 2014 1767 2083 quod
1821 2029 1916 2081 per
1959 2028 2200 2067 errorem

652 2106 844 2159 scribit
877 2108 1166 2175 interpres,
1202 2107 1406 2161 laetum
1438 2108 1541 2161 hoc
1571 2108 1635 2160 ad
1669 2109 2113 2175 angustissimum
2146 2108 2200 2158 in

653 2199 983 2267 Protiontide
1004 2199 1182 2253 locum
1216 2217 1229 2253 :
1269 2214 1365 2267 pro
1387 2215 1521 2268 quo,
1551 2201 1603 2253 in
1642 2199 2019 2267 Hellesponto,
2057 2198 2201 2253 dice-

654 2300 712 2342 re
741 2290 986 2364 debebat.
1008 2289 1321 2358 BOSPIIOI‘US
1349 2292 1492 2344 enim
1522 2292 1809 2361 angustias
1842 2292 2019 2356 habet,
2052 2306 2198 2345 com-

656 2379 842 2434 modas
868 2380 933 2432 ad
975 2381 1456 2448 transjiciendmn;
1503 2382 1799 2450 Pr0pontis
1836 2398 1965 2436 vero
2000 2383 2199 2447 nullas,

656 2466 882 2537 nisiqua
915 2470 966 2521 in
998 2468 1240 2538 Ega-um
1277 2486 1426 2525 mare
1465 2486 1557 2540 per
1590 2471 1997 2541 Hellespontum
2024 2490 2202 2527 erum-

655 2575 811 2628 pens,
840 2575 869 2612 a
905 2559 1187 2629 Calliopoli
1221 2576 1390 2629 usque
1423 2564 1486 2615 ad
1513 2577 1687 2627 arces,
1722 2579 1858 2631 quas
1907 2564 2201 2619 Dardanel-

657 2656 737 2709 los
770 2667 985 2720 vocant,
1008 2657 1182 2725 spatio
1216 2657 1399 2725 viginti
1424 2667 1626 2727 septem
1656 2654 1995 2722 milliarium,
2035 2659 2088 2709 in
2118 2673 2203 2710 at-

656 2754 766 2796 tum
786 2745 1017 2815 cogitur,
1050 2756 1109 2799 ut
1138 2755 1294 2799 antea
1326 2748 1498 2816 capite
1554 2758 1812 2801 notarum
1839 2748 1908 2801 24
1940 2749 2200 2803 diximus.

655 2837 713 2889 In
745 2837 845 2889 hac
874 2851 1001 2905 ergo
1040 2841 1410 2891 narrationum
1452 2838 1766 2918 diversitate
1821 2842 1952 2895 nihil
1984 2843 2203 2897 invenio
2284 2880 2287 2882 -

655 2930 1007 2997 probabilius,
1037 2946 1198 2997 quam
1266 2932 1409 2999 quod
1452 2933 1742 2988 annalibus
1798 2934 1882 2989 his
1925 2937 2203 2989 memoria:

657 3021 905 3087 proditur
940 3039 953 3073 :
990 3021 1253 3074 Muratem
1296 3022 1504 3076 scilicet
1527 3023 1596 3076 ab
1624 3024 1772 3079 Italis
1800 3006 2111 3093 impeditum
2134 3028 2201 3079 ad

598 3124 601 3127 ·
651 3110 1011 3179 Calliopolim,
1040 3128 1101 3166 ea
1138 3112 1353 3171 relicta.
1380 3128 1595 3169 sursum
1622 3098 1751 3185 (non
1786 3118 2060 3177 deorsum,
2111 3119 2200 3174 ubi

654 3202 816 3253 situm
847 3213 963 3254 erat
991 3205 1119 3257 illud
1163 3202 1345 3258 Dianae
1408 3204 1591 3275 fanum
1651 3210 1730 3259 vel
1787 3208 1999 3270 hieron,
2056 3203 2267 3275 quodC

656 3290 796 3341 male
821 3293 1010 3341 turrim
1046 3306 1255 3349 sacram
1288 3273 1517 3346 reddidit
1545 3295 1832 3364 interpres)
1866 3313 1991 3349 cum
2044 3273 2200 3350 excr-

655 3378 764 3431 citu
800 3393 889 3445 per
921 3379 1220 3448 Bithyniam
1242 3384 1564 3454 profectum,
1596 3399 1625 3438 e
1650 3370 1873 3451 regione
1898 3384 2045 3438 illius
2066 3385 2198 3450 loci,

655 3484 763 3545 quo
825 3472 943 3523 loco
989 3486 1131 3524 nunc
1193 3472 1333 3525 arcis
1388 3488 1538 3526 nova:
1604 3482 1875 3527 structura
1926 3485 2195 3537 cernatur,

658 3574 1023 3616 mercatorum
1054 3562 1285 3631 navigiis
1313 3564 1363 3615 in
1412 3562 1733 3617 Romaniam
1769 3568 1879 3619 sive
1914 3565 2198 3620 Thraciam

657 3656 1027 3724 transiecisse.
1062 3652 1197 3707 Nam
1232 3656 1355 3707 hinc
1394 3655 1688 3709 manifesto
1736 3668 1907 3724 paret,
1952 3673 2074 3710 eum
2104 3675 2202 3711 nec

656 3750 720 3801 ad
746 3748 1101 3815 Calliepolim,
1140 3762 1239 3801 nec
1274 3748 1340 3800 ad
1391 3746 1754 3812 Dardanellos,
1808 3766 1905 3805 uec
1962 3752 2024 3803 ad
2064 3752 2231 3805 ullas-

656 3844 787 3896 alias
831 3841 1162 3908 Hellesponti
1216 3840 1373 3909 [‘51
1449 3844 1724 3911 angustias
1779 3855 2197 3897 transvectum:

655 3934 749 3987 sed
775 3948 934 3998 supra
956 3930 1505 3998 Constantinopolim,
1562 3948 1751 3986 versus
1787 3947 2009 4001 pontum
2040 3935 2202 3988 Euxi-

659 4039 809 4085 num,
837 4024 888 4075 in
956 4037 1017 4073 ea
1070 4022 1291 4089 Bospori
1338 4032 1505 4089 parte,
1555 4038 1665 4090 qua
1698 4024 1743 4076 is
1768 4026 2074 4077 artissimus
2119 4036 2202 4079 est

658 4118 796 4169 inter
821 4116 999 4169 Asiam
1030 4124 1082 4167 et
1107 4113 1395 4182 Europam,
1435 4125 1487 4168 et
1523 4116 1609 4168 ubi
1672 4125 1955 4183 propterea
2010 4132 2199 4169 novam

658 4226 834 4263 arcent
870 4205 1223 4276 (Ncocastron
1273 4206 1442 4261 Gra'ci
1495 4206 1709 4273 vocant,
1759 4221 1815 4262 ιιι
1870 4212 2027 4277 paulo
2085 4223 2202 4279 post

658 4302 864 4352 dicetur
881 4300 1053 4365 capite
1077 4297 1200 4360 128,
1242 4294 1307 4351 ad
1364 4314 1530 4351 unum
1560 4304 1719 4367 supra
1746 4302 2201 4372 Constantinopo-

662 4391 749 4439 lim
779 4390 1007 4442 nntliare
1034 4388 1435 4455 Germanicum)
1463 4389 1685 4443 Muralis
1707 4391 1848 4445 lilius
1886 4393 2194 4450 Mucheme-

580 4550 584 4554 θ
661 4490 739 4533 tes
763 4480 1047 4541 exstruxit,
1076 4491 1131 4529 ut
1159 4479 1245 4531 hic
1279 4495 1341 4531 ex
1394 4483 1517 4533 Asia
1550 4482 1602 4535 in
1628 4482 1923 4551 Europam,
1959 4489 2041 4540 vel
2122 4491 2199 4543 vi—

2302 652 2504 713 pretes.
2532 654 2586 698 et
2616 643 2757 711 apud
2797 641 3087 696 Cedriuutn
3123 650 3235 713 tum
3281 636 3536 700 Barnatz,
3571 646 3688 689 tum
3728 634 3852 689 Bar-

2305 752 2658 791 nas-numero
2688 734 3086 796 multitudinis,
3149 729 3503 785 doctissimus
3555 729 3850 797 Xylander.

2308 828 2483 888 nobis,
2511 828 2639 879 dum
2674 827 2898 890 viveret,
2952 823 3337 877 amicissimus.
3373 819 3477 874 Ad
3508 817 3744 882 Varnas,
3779 820 3851 871 ait

2302 908 2593 980 Ccdrinus,
2620 926 2799 971 castra
2826 917 3040 984 Bulgari
3069 922 3387 984 posuerunt.
3422 911 3579 975 Item,
3602 910 3852 966 Catacan

2304 1010 2505 1077 (inquit
2536 986 3084 1072 Cedrinuslsitarttm
3122 1005 3186 1059 ad
3222 1003 3419 1057 Istrum
3454 1002 3670 1056 urbium
3714 1001 3852 1053 loco-

2304 1115 2531 1168 rumque
2563 1109 2783 1168 praases,
2806 1114 2928 1153 cum
2959 1098 3150 1152 Rossis
3172 1096 3501 1151 occurrisset
3521 1094 3680 1162 juxta
3704 1094 3851 1146 littus

2306 1189 2517 1254 νει-ηεξ,
2541 1206 2701 1258 quam
2728 1192 2800 1244 ita
2835 1198 3049 1253 vocant,
3078 1202 3408 1255 manumque
3454 1184 3848 1245 COItSI‘l’llisSCl.

2302 1298 2398 1336 eos
2426 1285 2486 1351 in
2521 1281 2699 1350 fugam
2745 1284 2875 1351 egit.
2914 1280 3009 1334 llic
3040 1280 3241 1348 littoris
3284 1277 3577 1331 Varnensis
3620 1274 3677 1329 lit
3710 1293 3854 1330 men-

2302 1380 2401 1439 lio,
2441 1374 2804 1429 Callimachus
2832 1374 2995 1429 etiam
3042 1374 3225 1427 sinum
3284 1375 3451 1425 maris
3485 1378 3539 1423 et
3578 1376 3847 1438 Stagnum,

2303 1466 2579 1519 Bontiuius
2611 1467 2856 1534 paludem
2888 1466 3156 1523 nominat.
3206 1463 3327 1519 lltec
3360 1459 3708 1533 pactionibus
3744 1460 3849 1527 regi

2307 1557 2574 1611 Vladislao
2606 1558 2783 1611 dedita
2816 1558 2937 1622 luit,
2970 1568 3025 1610 ut
3058 1558 3277 1625 scripsit
3308 1554 3578 1609 Laonicus
3606 1570 3623 1607 :
3675 1552 3849 1606 Calia-

2304 1641 2394 1703 cra
2432 1665 2554 1702 vero
2603 1651 2648 1700 vi
2701 1658 2877 1717 capta,
2944 1648 3104 1717 cujus
3137 1649 3222 1702 hic
3263 1648 3317 1700 in
3368 1646 3657 1701 annalibus
3686 1642 3850 1725 ¹ιιιιΙΙςι

2303 1744 2522 1797 mentio.
2558 1742 2833 1814 Bonlinins
2870 1752 3052 1797 tamen
3084 1726 3200 1797 eam
3236 1742 3459 1801 silentio
3500 1754 3607 1793 n0n
3641 1750 3853 1806 praeter

2305 1834 2406 1894 iit,
2467 1841 2521 1886 et
2570 1834 2708 1888 male
2752 1832 3076 1887 Callacrium
3137 1830 3359 1900 scripsit
3411 1845 3427 1881 :
3478 1842 3680 1880 nomen
3758 1823 3854 1875 hoc

2304 1926 2504 1975 addens
2527 1922 2725 1991 Oppido
2754 1923 2965 1986 datum,
3018 1937 3049 1976 a
3073 1920 3245 1997 Gallis
3274 1936 3339 1974 ex
3392 1920 3545 1995 Asia,
3580 1932 3642 1971 re
3680 1914 3850 1968 infeli-

2310 2013 2447 2066 citer
2476 2010 2647 2085 gesta,
2686 2016 2922 2068 reversis
2965 2017 2978 2067 ὲ
3012 2022 3070 2067 ut
3098 2011 3428 2068 Callacrium
3484 2007 3644 2078 qtiasi
3677 2005 3856 2083 Galla-

2302 2107 2475 2159 crium
2505 2107 2805 2173 diceretur.
2858 2108 3023 2176 Atqui
3049 2105 3298 2161 Caliacra
3330 2104 3599 2175 signiﬁcat
3655 2098 3853 2154 Graecis

2304 2195 2505 2250 bonum
2536 2199 2619 2251 vel
2670 2199 2899 2266 elegans
2938 2196 3411 2267 promontoriunn
3453 2193 3624 2247 Mario
3673 2191 3853 2259 Nigro.

2302 2286 2617 2341 hodiernam
2682 2288 3003 2362 Graecorum
3065 2288 3562 2358 pronuntiationem
3616 2293 3851 2343 secutos

2301 2379 2586 2433 Cltaliacra
2624 2391 2868 2435 vocatur.

2521 2493 2639 2547 lli.
2670 2492 2854 2563 Pugna
2906 2464 3207 2559 Varn'ertsis,
3240 2492 3380 2547 Cara
3409 2466 3649 2547 Michail.

2376 2606 2488 2661 Hoc
2520 2609 2705 2676 praalio
2739 2608 3045 2663 Vladislaus
3075 2624 3164 2661 rex
3209 2621 3482 2676 pugnasse
3537 2606 3741 2660 dicitur
3790 2607 3853 2657 ab

2306 2716 2413 2753 uno
2462 2700 2651 2763 latere,
2687 2700 2769 2753 vel
2820 2701 3119 2754 secundum
3163 2692 3488 2762 Laonicum,
3548 2702 3603 2753 in
3668 2698 3855 2751 dextro

2304 2808 2471 2847 cornu
2504 2811 2515 2845 :
2547 2792 2683 2846 Cara
2719 2795 2830 2846 sive
2853 2791 3016 2859 Niger
3039 2792 3267 2848 Michael
3293 2794 3347 2847 in
3376 2794 3625 2861 sinistro,
3657 2792 3723 2847 de
3751 2803 3855 2862 quo

2304 2872 2482 2936 tamen
2537 2886 2680 2936 aliud
2731 2897 2989 2952 praeterea
3052 2885 3186 2937 nihil
3252 2884 3531 2938 memoria
3585 2885 3853 2953 prodttum

2307 2976 2536 3042 reperio.
2580 2975 2862 3029 Bonfmius
2892 2976 3082 3030 eadem
3114 2980 3179 3028 de
3219 2975 3386 3045 Nigro
3419 2974 3687 3031 Michaele
3708 2990 3855 3029 com-

2307 3075 2587 3127 memorat,
2642 3082 2701 3120 ac
2741 3067 2941 3120 diserte
3000 3068 3302 3134 prolltt-tur,
3362 3082 3425 3119 ex
3463 3066 3855 3122 Tureorum‘se

2307 3160 2704 3212 narrationibus
2758 3160 2847 3210 illa
2903 3168 3165 3225 repetere,
3229 3173 3294 3213 ne
3358 3160 3582 3213 verbulo
3636 3146 3895 3228 quidem.

2305 3250 2599 3315 attingens,
2630 3250 2754 3314 quis
2784 3247 2948 3300 fuerit
2992 3248 3090 3300 iste
3148 3246 3403 3300 Michael.
3438 3246 3716 3301 Laonicus
3748 3250 3847 3311 ait,

2304 3339 2474 3393 Dacus
2526 3341 2577 3392 ii
2624 3341 2849 3394 sinistro
2889 3356 3118 3395 curasse
3151 3357 3343 3406 cornu,
3379 3342 3578 3409 quibus
3627 3341 3854 3410 fortasse

2290 3430 2525 3493 Michael
2567 3431 2801 3501 Zilztgius
2838 3444 3083 3501 praeerat,
3116 3434 3271 3501 cujus
3300 3449 3547 3488 sororem
3583 3432 3855 3486 Huniadcs

2304 3524 2533 3577 habebat
2575 3526 2623 3581 in
2679 3525 3047 3579 matrimonio.
3104 3523 3368 3591 Equidem
3420 3524 3585 3576 alium
3617 3525 3859 3576 divinare

2302 3610 2637 3687 Mirbaelem,
2674 3614 2724 3665 id
2761 3612 3022 3681 temporis
3068 3611 3209 3680 apud
3273 3610 3518 3688 [iugaros
3566 3612 3856 3675 celebrem,

2305 3716 2409 3755 non
2434 3717 2677 3770 possum.
3046 3718 3047 3723 ‘

2306 3834 2430 3888 ll5.
2457 3832 2675 3887 Laonici
2709 3836 2865 3891 locus
2878 3835 3179 3896 emendatus
3202 3845 3249 3889 et
3275 3837 3565 3905 expositus.
3588 3836 3852 3899 Clutzilar,

2967 3906 3157 3959 Vitezi.

2373 4016 2429 4069 ln
2467 4018 2641 4084 primo
2671 4015 2921 4070 conﬂictu
2945 4032 3117 4071 caesus
3150 4018 3317 4071 fuisse
3350 4016 3591 4071 refertur
3614 4033 3677 4071 ex
3710 4030 3857 4086 parte

2303 4106 2527 4160 Muralis
2580 4108 2845 4161 Auatolia:
2919 4108 3292 4176 beglerbrgns.
3368 4110 3520 4161 Hanc
3551 4109 3853 4177 interempti

2303 4200 2567 4253 Anatolio:
2607 4201 2910 4268 bcglerbcgi
2971 4201 3199 4267 gloriam
3256 4199 3526 4254 Laonicns
3596 4201 3853 4257 lluniadi.

2303 4288 2603 4342 fortissimo
2631 4289 2778 4351 duci,
2816 4290 3025 4341 tribuit.
3064 4290 3177 4363 Hoc
3213 4301 3388 4343 autem
3422 4291 3543 4343 loco
3588 4291 3853 4344 iacturum

2271 4417 2274 4425 λ
2304 4396 2393 4435 me
2420 4382 2649 4449 pretium
2706 4396 2882 4447 operae
2925 4396 3102 4449 spero.
3132 4381 3191 4445 si
3231 4381 3392 4435 verba
3423 4384 3674 4450 quaedam
3728 4384 3769 4435 L
3801 4398 3855 4436 οε

2307 4473 2415 4528 ηἰιὰ
2457 4476 2655 4540 partim
2690 4484 2972 4541 corrupta,
3004 4476 3197 4542 partim
3263 4475 3517 4540 obscura,
3572 4479 3855 4529 restituero

660 4592 675 4621 ι
694 4572 839 4624 issiut
868 4584 930 4622 ex
953 4568 1160 4639 Europa
1192 4570 1243 4621 in
1268 4571 1447 4622 Asiam
1468 4575 1760 4641 transjeetu
1783 4577 1923 4631 facili
1950 4596 2011 4633 ac
2032 4582 2203 4648 brevi,

2307 4570 2359 4618 et
2388 4566 2753 4619 illustravero.
2784 4567 2853 4618 Ea
2899 4568 3041 4619 vero
3078 4577 3183 4619 tam
3218 4565 3354 4633 apud
3388 4565 3667 4625 Latinum,
3699 4582 3853 4633 quam

659 4664 871 4730 quoties
905 4662 1170 4727 libuisset,
1242 4664 1455 4715 nemine
1508 4666 1842 4732 prohibente,
1904 4688 2206 4725 cumexer-

659 4757 768 4807 ritu
798 4764 974 4823 posset
1005 4755 1389 4807 transmittere.
1446 4756 1712 4825 Quidquid
1741 4759 1883 4811 dicat
1912 4759 2203 4828 Laonicus,

661 4848 917 4915 quidquid
956 4847 1238 4913 scripsisse
1266 4848 1615 4909 cardinalem,
1670 4854 1807 4904 male
1835 4853 2080 4908 fortassis
2140 4860 2205 4910 ab

664 4936 1095 5005 exploratoribus
1128 4928 1469 4999 ittStructum,
1519 4940 1796 4997 lionlinius
1822 4956 2064 5008 asserat,
2097 4948 2205 5001 ha'c

672 5035 848 5103 potius
878 5046 977 5096 ego
1004 5045 1124 5081 vera
1158 5040 1306 5096 puto.

804 5122 924 5173 H3.
964 5118 1160 5181 ναι-για,
1194 5119 1449 5185 Stagnum
1481 5119 1760 5184 Varnetm,
1802 5126 2061 5176 Calicem.

730 5214 933 5265 Civitas
974 5225 1051 5264 est
1093 5212 1159 5264 ad
1205 5213 1376 5264 Ponto
1407 5232 1432 5258 ιι
1492 5213 1757 5267 liminum
1798 5216 1989 5274 Υυιητςξ,
2046 5234 2203 5279 .ttmm

664 5302 898 5356 Οιιιιιιιιε
949 5305 1207 5357 ()tlcssnm
1277 5303 1488 5369 priscis,
1557 5306 1637 5357 \‘cl
1690 5307 1955 5373 Odyssunt

666 5393 845 5455 ltadil,
902 5394 992 5444 alii
1042 5392 1448 5463 Dionysopolitn
1494 5394 1720 5448 faciunt.
1768 5399 2057 5448 AnChiLLiils
2092 5416 2207 5445 νίκιξ

664 5486 728 5537 de
756 5484 911 5537 Curci
947 5487 1209 5537 sentt-mia
1242 5486 1446 5553 nequit,
1476 5483 1592 5537 (Eum
1618 5504 1679 5540 ea
1709 5500 1979 5556 stillantes
2008 5492 2205 5540 Acin-lo

664 5588 806 5625 nunc
838 5574 1066 5634 dicatur,
1104 5573 1318 5625 nomine
1348 5590 1453 5625 non
1491 5576 1774 5631 admodum
1813 5582 2036 5633 recenti.
2081 5579 2206 5629 Mm

666 5678 715 5719 et
738 5667 967 5719 (ἒνιιι-ἰιιο
997 5664 1290 5719 Acheloum
1331 5676 1570 5735 vocatur,
1604 5684 1649 5721 et
1685 5674 1826 5739 apud
1889 5674 2205 5741 Syiitcmn-m

667 5772 981 5826 magistrum
1032 5758 1331 5810 ciliciorum
1382 5758 1431 5807 in
1474 5758 1693 5814 historia
1758 5764 1989 5818 necdum
2066 5763 2207 5825 edita

670 5853 885 5921 legitur,
924 5850 1244 5905 Anchialum
1282 5852 1568 5907 recentiori
1621 5857 1879 5911 vocabulo
1938 5854 2205 5909 nominari

2006 5311 2202 5357 dicavi“:

2313 4655 2574 4708 Gallicum
2639 4658 3010 4722 interpretem,
3050 4656 3361 4723 hujusmodi
3389 4667 3520 4710 sunt.
3558 4673 3570 4705 :
3624 4656 3854 4708 Joannes

2305 4744 2595 4797 Chnniatcs
2620 4744 2824 4797 habens
2862 4745 3095 4805 Phazcn,
3135 4748 3183 4796 id
3221 4755 3303 4797 est
3331 4760 3425 4817 eos
3462 4746 3555 4813 qui
3586 4745 3850 4798 Bitaxidcs

2309 4844 2591 4897 vocantur,
2656 4834 2765 4887 ibat
2816 4834 2868 4885 in
2913 4836 3052 4887 Asia:
3086 4837 3302 4887 ducent.
3359 4832 3565 4903 Opinor
3598 4836 3851 4889 aliishaec

2310 4926 2613 4993 legentibus
2650 4926 2788 4978 idem
2819 4924 3087 4985 acritlcre,
3124 4928 3265 4992 quod
3314 4925 3472 4978 initio
3522 4927 3652 4979 mihi
3690 4927 3851 4981 conli-

2309 5006 2710 5088 gissc'memint.
2766 5015 3033 5070 Nimirum
3071 5022 3372 5070 monstrum
3416 5017 3687 5084 quoddam
3720 5020 3852 5074 arbi-

2310 5114 2489 5165 trabar
2533 5118 2651 5163 esse
2686 5109 2919 5173 Phazen,
2954 5125 3016 5162 ex
3052 5125 3161 5177 quo
3213 5124 3321 5163 uno
3366 5126 3489 5163 mox
3540 5113 3721 5179 plures
3769 5127 3852 5163 ne-

2308 5204 2419 5253 scio
2455 5206 2544 5265 qui
2582 5202 2871 5261 Bitaxitles,
2907 5204 3051 5254 velut
3075 5218 3139 5254 ex
3172 5216 3316 5269 equo
3363 5202 3605 5269 Trojano
3636 5206 3845 5270 prodic-

2311 5298 2435 5345 tint.
2473 5292 2544 5343 Νη
2575 5298 2775 5347 diutius
2802 5296 3013 5347 avidum
3046 5296 3265 5349 lectoris
3295 5297 3538 5347 animum
3564 5298 3847 5355 detineam,

2310 5388 2428 5437 dico
2457 5387 2531 5437 sic
2570 5389 2670 5439 ista
2700 5386 2921 5452 legenda
2955 5403 2967 5436 :
3019 5386 3255 5438 Joannes
3309 5387 3611 5443 Chnniatcs
3659 5389 3851 5443 habens

2311 5493 2491 5529 secum
2521 5479 2746 5537 Chazt-s,
2784 5478 2833 5527 id
2866 5484 2947 5528 cst
2996 5492 3087 5528 eos
3121 5478 3211 5544 qtti
3275 5461 3848 5540 Vitczidcmvocantur.

2312 5571 2419 5621 ibat
2451 5572 2499 5619 in
2529 5574 2667 5620 Asiae
2695 5571 2907 5619 ducem.
2928 5566 3057 5630 Quae
3089 5569 3249 5621 verba
3281 5571 3450 5623 lector
3490 5583 3548 5625 ut
3578 5574 3848 5641 intelligat,

2312 5662 2498 5715 Turcis
2530 5660 2695 5713 Cltazi
2740 5660 2882 5711 norit
2931 5660 3237 5728 signiﬁcare
3272 5672 3556 5717 strenuum
3616 5665 3848 5723 militetr,

2310 5772 2427 5822 quin
2456 5770 2550 5806 vox
2585 5768 2809 5806 numero
2838 5754 3196 5817 multitudinis
3221 5755 3473 5810 Chalilar
3517 5757 3599 5811 cis
3622 5756 3850 5811 eﬂ'ertur.

2313 5850 2513 5903 tirtccis
2551 5850 2777 5913 Chazcs,
2840 5848 2945 5901 hoc.
2980 5858 3093 5914 'cst,
3139 5850 3347 5905 strenui
3412 5849 3632 5901 milites.
3701 5846 3850 5899 [diem
