4032 6344
635 436 739 501 811

1805 434 2126 494 'JOA‘NNIS
2170 435 2631 515 LEIINCLAVH

3620 40 3995 149 -τ

3732 435 3837 500 Si?

640 560 796 612 batur
861 556 1011 620 oliui,
1069 568 1210 606 nunc
1266 551 1555 616 Traconia,
1600 565 1703 603 non
1749 550 1999 615 Sacania,
2050 553 2189 605 δῖε-ιιι
2217 557 2259 613 Α
2289 567 2450 618 supra
2480 552 2543 607 de
2560 550 2934 606 Ncmrtsassiis
2952 552 3125 621 capite
3147 551 3203 603 7i
3235 552 3606 621 exposuimus.
3638 552 3835 608 Ausu-

639 649 873 702 (trtelies
907 660 1073 716 prave
1103 645 1347 713 scripsit.
1410 708 1413 711 Α

602 754 607 759 ‘
639 741 761 797 ΩΙ.
802 739 979 793 lbanir
997 753 1086 792 seu
1115 736 1337 791 Joannis
1362 738 1513 799 ditio,
1534 736 1860 798 Cotziacum,
1880 738 1979 792 sive
2006 737 2179 799 Gaia,

782 810 1022 873 Iscodor,
1048 807 1247 864 Scodra
1282 807 1600 867 Scutarium.
1638 807 1916 861 Iac/render
1947 810 2057 878 beg.

704 922 937 977 Annales
971 922 1023 975 hi
1062 921 1319 975 diti0ncm
1364 920 1588 977 Joannis
1624 930 1836 986 Vocant,
1875 937 2035 991 quam
2070 922 2182 973 lliu-

641 1016 724 1069 nis
754 1018 1027 1086 regionem
1069 1013 1210 1068 dixit
1282 1013 1579 1069 Laonicus.
1616 1014 1832 1067 lvanem
1874 1029 2000 1067 vero
2051 1021 2183 1067 scri-

641 1108 767 1160 bere
790 1107 976 1161 debuit
1019 1108 1310 1176 interpres.
1355 1107 1566 1160 Etenim
1621 1105 1894 1159 Servianis
1928 1107 2093 1168 lwan,
2126 1120 2182 1159 ut

642 1195 800 1249 hodie
826 1196 1013 1250 Rossis
1050 1211 1270 1264 quoque
1295 1194 1528 1249 Joannes
1562 1207 1803 1249 vocatur.
1862 1196 2183 1263 lnlclligitur

641 1297 818 1342 autem
883 1286 1118 1341 Joannes
1168 1287 1466 1341 Castriotes
1520 1289 1597 1341 vel
1629 1288 1950 1351 Castriolus,
2014 1292 2183 1357 partis

638 1382 877 1434 Albania:
902 1370 1173 1448 princeps,
1247 1391 1401 1449 pater
1459 1380 1673 1449 Georgii
1725 1380 2041 1443 Casil'ittlis,
2092 1384 2179 1447 qui

641 1474 1020 1525 nominabatur
1046 1487 1075 1525 a
1110 1472 1302 1525 Turcis
1339 1472 1630 1526 Iscltendcr
1656 1475 1776 1540 beg,
1820 1474 1868 1525 id
1895 1480 1974 1525 est
2010 1474 2183 1525 dumi-

642 1580 742 1617 nus
777 1565 1101 1628 Alexander,
1132 1579 1197 1617 ex
1224 1579 1332 1632 quo
1355 1562 1515 1634 443
1562 1564 2001 1634 Scanderliogum
2043 1566 2181 1618 feci-.-

640 1666 765 1709 runt
799 1658 913 1731 alii,
946 1672 1308 1725 magnumque
1343 1660 1706 1711 Alexandrum
1758 1674 1861 1712 non
1914 1669 2061 1713 recte
2102 1660 2180 1711 i1.-

644 1750 915 1817 terpretnti
977 1758 1124 1802 sunt.
1186 1748 1508 1817 Corruptius
1580 1751 1827 1804 eumdem
1906 1750 2181 1805 Bonlinius

644 1842 1124 1895 Sandorohechum
1186 1842 1492 1910 appellavit.
1546 1841 1812 1897 Laonicus
1855 1844 2177 1899 Scenderem

644 1934 878 2001 scripsit.
903 1934 991 2002 qui
1029 1949 1160 2001 puer
1192 1934 1242 1986 in
1277 1935 1470 2002 jauuas
1496 1937 1636 2003 regis
1672 1936 1893 1997 venerit,
1950 1935 2051 1991 hoc
2078 1948 2180 2000 est,
2215 1914 2254 1967 Β

644 2026 708 2077 ad
746 2023 957 2078 l‘ortam
989 2026 1299 2079 Osmanidm
1349 2026 1638 2095 principis;
1694 2037 1747 2081 et
1781 2028 1899 2082 hoc.
1943 2036 2185 2096 tempore

642 2114 902 2173 llurateiu
937 2119 986 2171 ei
1041 2118 1240 2172 bellum
1274 2118 1467 2172 fecisse
1499 2128 1907 2175 commemorat.
1958 2120 2185 2175 Chalce-

639 2207 883 2279 cou'dylis
942 2210 1212 2278 interpres
1239 2208 1352 2262 .hoc
1408 2208 1528 2263 loco
1564 2210 1789 2280 margini
1831 2211 2053 2265 Calcioli
2084 2229 2183 2264 nu-

642 2320 765 2357 men
795 2302 1065 2370 ascripsit,
1129 2316 1226 2370 pro
1279 2302 1496 2356 nomine
1542 2303 1815 2358 Castrioti.
1869 2304 2182 2358 Cotziacum

644 2396 697 2447 in
741 2395 899 2462 hujus
929 2394 1051 2446 belli
1100 2393 1433 2455 narratione,
1488 2394 1626 2449 libro
1676 2398 1906 2465 septimo
1936 2396 2182 2457 Laoniei,

640 2484 792 2538 Getis
820 2494 1075 2547 vocatur:
1105 2485 1277 2538 vicina
1302 2483 1455 2539 Crua:
1512 2484 1746 2554 (Crojam
1778 2487 1949 2540 nostri
1977 2487 2182 2549 dieuut,

642 2580 705 2630 de
743 2591 848 2647 qua
878 2577 1027 2645 plura
1057 2578 1216 2645 patilo
1255 2578 1423 2645 post),
1459 2591 1617 2642 quam
1650 2588 1768 2646 post
1797 2578 2028 2640 Getiam,
2063 2579 2185 2632 lieel.

643 2672 867 2733 frustra,
902 2668 1137 2724 Murates
1168 2669 1394 2723 adortus
1430 2668 1550 2721 fuit.
1607 2668 1933 2738 lscodarbeg
1987 2671 2185 2725 Turcis

643 2775 723 2819 est
766 2766 984 2819 Scodrae
1029 2765 1283 2819 dominus
1328 2766 1442 2819 sive
1484 2765 1755 2834 princeps,
1816 2767 2065 2822 videlicet
2100 2769 2184 2821 hic

646 2858 758 2925 ipse
802 2856 1061 2923 Georgius
1113 2854 1441 2917 Castriotus,
1473 2856 1664 2924 dequo
1703 2857 1924 2911 dictum.
1980 2857 2183 2914 Scodra

644 2962 772 3001 vero
795 2949 996 3004 Gra-cis
1021 2957 1103 3002 est
1148 2949 1352 3015 integra
1406 2961 1537 3001 voce
1594 2944 1926 3002 Scutarium.
1978 2947 2184 3006 Plinius

647 3053 821 3096 tamen
855 3039 1055 3093 alicubi
1095 3037 1355 3091 Scodram
1388 3046 1565 3101 vocat,
1588 3045 1643 3093 et
1690 3037 1744 3093 in
1800 3037 2021 3094 Novella
2051 3041 2183 3093 Leu~

645 3136 729 3187 nis
754 3134 980 3203 Augusti
1008 3132 1073 3185 de
1098 3131 1308 3184 thronis
1330 3130 1491 3185 etiam
1519 3129 1816 3185 Scodarum
1839 3132 2183 3202 episcopatus

644 3228 744 3280 sub
775 3226 1145 3295 Dyrrhachlua
1172 3222 1453 3291 metropoli
1486 3224 1768 3292 reperitur,
1799 3227 1888 3294 qui
1914 3241 2043 3280 sane
2071 3243 2176 3280 nuu
2210 3242 2253 3301 ο

644 3320 895 3372 diversus
932 3324 1013 3371 est
1037 3318 1103 3367 ab
1133 3316 1251 3382 ejus
1277 3315 1513 3368 civitatis
1540 3318 1874 3385 episcopatu,
1905 3319 2063 3388 cujus
2096 3320 2179 3373 hic

643 3412 701 3460 lit
734 3408 955 3460 mentio.
990 3405 1210 3459 Fallitur
1246 3404 1514 3458 Barletius
1543 3446 1558 3468 ,
1608 3421 1729 3460 cum
1770 3406 1961 3463 Turcis
2013 3410 2180 3463 Scan-

642 3500 813 3553 driam
842 3499 948 3551 dici
974 3508 1139 3566 putat,
1170 3499 1323 3567 quasi
1348 3496 1750 3557 Alexandriam.
1785 3500 1916 3554 Nam
1967 3503 2181 3556 lsco.l::r

642 3608 749 3665 non
802 3601 883 3645 Cal
940 3590 1200 3644 Scandria
1232 3630 1246 3654 ,
1312 3604 1411 3643 nec
1457 3589 1801 3645 Alexandria
1836 3602 2061 3647 vocatur
2102 3596 2179 3648 eis

641 3681 919 3744 Seandria,
947 3682 1040 3755 sed
1076 3681 1402 3736 lschcndrie.

692 3796 813 3850 122.
854 3794 1083 3848 Saxones
1110 3797 1160 3847 in
1188 3797 1447 3847 lluniadis
1480 3798 1730 3850 exercitu.
1765 3794 1932 3856 Sazii,
1962 3795 2152 3862 Sassii,

1293 3864 1501 3918 Sassia.

710 3957 898 4009 Mirum
948 3955 1102 4009 alicui
1142 3955 1403 4015 videatur,
1439 3969 1539 4009 cur
1574 3952 1810 4009 Annales
1846 3955 2178 4009 mentionem

637 4048 909 4101 Saxonum
946 4046 1031 4101 hic
1080 4060 1323 4101 seorsum
1357 4043 1580 4105 faciant,
1619 4060 1740 4098 cum
1798 4046 1974 4098 statim
2008 4037 2178 4114 inﬁge-

640 4156 763 4192 nerc
798 4140 1185 4193 Germanorum
1245 4153 1437 4191 nomen
1497 4138 1807 4206 subjiciam,
1874 4153 1982 4207 quo
2013 4139 2179 4191 Saxu-

642 4246 733 4282 nes
762 4229 919 4282 etiam
946 4236 1306 4283 continentur.
1327 4228 1454 4292 Eius
1474 4228 1739 4281 eximendi
1766 4228 2179 4295 scrupulicausa

646 4321 791 4380 dico,
816 4336 916 4371 Itur.
952 4321 1033 4372 hic
1067 4328 1249 4371 nostro
1267 4319 1318 4371 in
1347 4318 1632 4372 Germania
1657 4317 1897 4373 Saxones
1926 4319 2179 4387 intelligi:

644 4413 733 4466 sed
758 4409 999 4464 Saxones
1020 4408 1157 4463 Tran
1196 4411 1434 4465 silvaniat
1468 4410 1549 4463 vel
1574 4409 1791 4474 Erdelii,
1822 4409 1904 4463 vel
1937 4409 2178 4479 Septem—

636 4504 929 4559 castrensis
958 4503 1009 4555 in
1044 4501 1273 4569 Ungaria
1313 4503 1549 4568 regionis
1584 4503 1813 4567 incolas,
1837 4502 1928 4571 qui
1966 4501 2179 4557 Sassios

2286 654 2389 697 tem
2422 644 2546 698 victi
2582 644 2825 699 Saxones
2862 646 3034 700 nostri
3056 660 3085 698 a
3116 643 3317 699 Karulo
3348 648 3830 714 magnoAugustu,

2283 736 2741 803 quemadmodum
2775 737 2826 791 in
2859 737 3191 801 Flandriam,
3212 740 3292 793 sic
3322 740 3485 793 etiam
3506 739 3559 792 in
3589 740 3705 793 hac
3732 738 3817 791 Er-

2282 825 2406 878 delii
2444 825 2558 880 loca
2592 827 2837 882 translati
2879 827 3101 891 fuerint,
3133 829 3275 897 quod
3310 828 3584 898 aliquibus
3616 844 3824 898 persua-
3867 863 3885 874 .

2284 932 2403 988 sum
2430 918 2584 971 video
2619 934 2633 972 :
2664 934 2771 973 non
2800 919 2963 988 hujus
2986 929 3074 974 est
3103 921 3227 985 loci,
3251 920 3521 990 prolixius
3543 922 3813 974 discutere

2285 1007 2411 1060 Mihi
2435 1000 2647 1076 quidem
2680 1011 2768 1064 vix
2802 1027 2928 1066 vero
2950 1012 3009 1065 fit
3035 1012 3235 1077 simile,
3271 1013 3363 1081 qui
3388 1012 3561 1067 sciam
3590 1027 3703 1065 uno
3730 1028 3832 1065 sm-
3886 1036 3893 1039 -

2285 1099 2408 1152 culo
2439 1098 2680 1153 Saxones
2732 1112 2853 1156 ante
2892 1100 3433 1171 Karulummagnum
3470 1104 3524 1154 in
3554 1100 3835 1155 Pannonia

2283 1205 2407 1243 cum
2434 1190 2569 1259 ipsis
2590 1190 2764 1247 fuisse
2788 1194 3001 1248 civilms
3014 1194 3133 1248 suis
3158 1192 3531 1265 Longobardis
3556 1211 3569 1261 ;
3592 1203 3654 1247 ut
3678 1196 3804 1247 omit
3824 1228 3835 1239 ν.

2288 1291 2391 1333 tam
2423 1282 2548 1345 alia,
2576 1297 2695 1351 qua:
2721 1299 2850 1337 sane
2878 1286 3106 1353 plurima
3148 1296 3375 1353 possent
3405 1286 3459 1339 in
3489 1287 3724 1339 medium
3756 1289 3836 1338 at-

2285 1372 2434 1427 l‘erri.
2464 1372 2644 1442 Copia:
2672 1385 3006 1441 nostrorum,
3025 1391 3159 1446 quas
3183 1376 3341 1430 ’l‘urci
3377 1377 3646 1432 maximas
3672 1378 3838 1432 fuisse

2284 1467 2492 1532 dicunt,
2526 1468 2802 1523 hominum
2847 1469 3034 1537 viginti
3074 1469 3183 1521 duo
3210 1468 3375 1522 millia
3425 1471 3778 1527 centinebant
3821 1488 3837 1521 :

2285 1570 2477 1626 pra2ter
2504 1556 2766 1615 Valaelios
2794 1570 2992 1626 tamen,
3034 1563 3108 1614 uti
3141 1561 3424 1615 Bonﬁnius
3461 1563 3732 1618 meminit.

2287 1676 2407 1731 ηδ.
2449 1660 2662 1731 Valaclii
2692 1696 2722 1731 a
2748 1675 2930 1731 Turcis
2956 1682 3093 1741 arsi,
3112 1679 3258 1744 justo
3271 1676 3478 1745 judicio
3508 1676 3835 1731 vindicatus:

2858 1752 2910 1803 in
2937 1752 3259 1819 transfugas.

2354 1841 2518 1893 Aiunt
2567 1841 2826 1905 Annales,
2875 1857 3048 1897 caesos
3097 1860 3125 1896 a
3173 1844 3564 1911 limitotrOpbis
3633 1843 3840 1911 aliquot

2287 1932 2599 2002 proceribus
2642 1932 2885 1987 Turcicis
2913 1931 3084 1989 fuisse
3126 1935 3385 1992 Valachos
3416 1945 3545 1990 ante
3573 1938 3837 1991 commis-

2287 2040 2406 2077 sum
2474 2025 2527 2078 in
2570 2025 2788 2094 planitie
2846 2026 3129 2083 Cosovana
3177 2029 3444 2098 praelium.
3505 2030 3839 2087 Cbalcocob'

2287 2117 2435 2185 dyles
2471 2130 2596 2169 vero
2624 2118 2807 2181 tradit,
2853 2117 3124 2174 Valaehos
3165 2119 3235 2173 ab
3266 2117 3499 2189 Ungaris
3540 2129 3593 2173 et
3623 2124 3841 2173 caeteris

2286 2204 2607 2264 Christianis
2638 2210 2701 2262 ad
2731 2207 2992 2265 Muratem
3025 2212 3126 2265 sub
3156 2210 3327 2280 ipsam
3380 2211 3652 2280 deiecisse
3673 2212 3839 2266 (Σοδο-

2289 2312 2475 2350 vanam
2509 2298 2910 2352 dimicationem
2942 2317 2955 2353 :
2989 2276 3461 2367 deque—sententia
3488 2276 3715 2352 Mur-aiis
3753 2315 3841 2352 ar-

2289 2403 2372 2441 ma
2394 2389 2801 2460 ponerejussos,
2836 2391 2887 2442 in
2915 2392 3187 2445 exercitus
3207 2392 3487 2460 utriusque
3512 2403 3838 2460 conspectu.

2287 2495 2494 2534 summa
2547 2496 2670 2536 cum
2729 2483 2971 2537 omnium
3020 2482 3401 2547 admiratione,
3436 2498 3532 2538 ceu
3598 2485 3841 2553 perﬁdus

2288 2572 2597 2643 transfugas
2638 2589 2701 2629 ac
2728 2574 3056 2639 desertores,
3110 2575 3410 2629 trucidatos
3462 2575 3648 2630 fuisse.
3679 2575 3837 2642 Quod

2285 2659 2532 2725 equidem
2566 2661 2869 2728 exemplum
2896 2662 3189 2732 singularis
3215 2663 3267 2715 in
3298 2662 3506 2717 Murate
3533 2668 3841 2719 severitatis

2287 2762 2348 2800 ac
2370 2748 2615 2816 justitize,
2650 2751 2981 2817 praeteritum
3016 2768 3045 2805 a
3070 2742 3264 2807 Turcis
3294 2768 3416 2809 esse
3451 2755 3696 2819 silentio,
3727 2773 3840 2809 non

2286 2841 2383 2891 abs
2412 2855 2467 2894 re
2502 2840 2690 2894 miror.

2287 2953 2410 3006 lia.
2452 2955 2631 3031 Annus
2662 2958 2834 3031 praelii
2865 2956 3143 3025 Cosaram',
3191 2964 3433 3016 numerus
3464 2963 3710 3031 utrinque
3737 2979 3844 3019 ccc

2340 3040 2538 3078 serum.
2577 3026 2656 3078 Au
2689 3027 2900 3083 Morava
2930 3031 3120 3096 ﬂuvius
3147 3034 3283 3085 idem
3317 3050 3432 3085 cum
3465 3026 3765 3086 Sclritiriza.

2356 3115 2670 3174 Notavimus
2694 3120 2742 3171 in
2768 3124 3005 3190 margine
3027 3123 3147 3177 libri
3167 3140 3365 3179 annum
3389 3123 3839 3181 Mahumetanum

2286 3207 2408 3265 855.
2447 3223 2554 3276 quo
2605 3223 2892 3280 pugnatum
2940 3215 2992 3266 in
3020 3214 3301 3269 Cosovaua
3345 3216 3580 3283 planitie,
3610 3234 3845 3286 remtan-

2284 3302 2409 3351 dere
2438 3299 2749 3355 Christiano
2784 3303 2919 3358 1448
2951 3322 2964 3358 :
2993 3320 3101 3375 quo
3130 3304 3406 3362 Bonlinius
3422 3312 3581 3363 etiam
3607 3310 3843 3365 dimica-

2284 3401 2393 3443 tum
2430 3392 2664 3460 scripsit.
2700 3394 2845 3448 ldern
2885 3396 3055 3461 addit,
3085 3398 3311 3465 periisse
3360 3402 3634 3457 continuis
3679 3405 3841 3458 hisce

2282 3483 2615 3540 eoullictibus
2655 3487 2953 3542 Turcorum
2984 3490 3050 3543 ad
3100 3491 3325 3561 triginta
3352 3506 3584 3561 quatuor
3636 3496 3844 3560 millia,

2280 3577 2712 3632 Christianorum
2748 3595 2875 3634 vero
2906 3581 3169 3636 duntaxat
3197 3593 3319 3657 octo
3346 3585 3539 3647 millia,
3568 3595 3844 3655 quemad—

2284 3672 2497 3721 modum
2550 3668 2791 3725 Murates
2826 3672 2940 3739 ipse
2965 3674 3081 3727 suis
3111 3676 3162 3727 in
3201 3675 3392 3731 litteris
3418 3677 3485 3731 ad
3515 3678 3840 3746 Corinthios

2280 3760 2457 3813 lassus
2483 3760 2663 3814 fuerit.
2695 3762 2962 3817 Cancrum
3004 3760 3115 3819 hoc'
3139 3765 3260 3821 loco
3284 3771 3561 3837 praeterire
3607 3772 3841 3827 silentio

2282 3866 2384 3902 non
2412 3866 2653 3917 possum,
2686 3869 2769 3907 me
2800 3857 3046 3924 superius
3073 3874 3297 3914 numero
3332 3871 3583 3917 notarum
3607 3864 3677 3917 ιε
3703 3870 3840 3933 pol-

2281 3940 2486 3994 lii-itum
2553 3944 2964 4011 explicationem
3021 3952 3355 4019 qumstiouis,
3418 3970 3486 4008 an
3542 3956 3836 4013 Sehituiza

2282 4031 2474 4085 ﬂuvius
2502 4033 2639 4087 idem
2661 4037 2873 4091 sitcum
2925 4039 3159 4097 Morava.
3204 4045 3294 4098 Sic
3344 4046 3486 4099 enim
3518 4048 3663 4101 hunc
3699 4066 3836 4122 cum

2284 4125 2473 4178 incolis
2500 4140 2651 4189 voco,
2677 4128 2768 4197 qui
2795 4130 3239 4204 Chalcocondylis
3267 4137 3543 4203 interpreti
3578 4138 3838 4196 Ilorabas

2281 4216 2553 4297 scribitur.
2596 4216 2860 4277 Cedrinus
2893 4223 3089 4279 alicubi
3121 4224 3391 4281 Moravetn
3426 4239 3531 4282 tam
3576 4230 3832 4299 ﬂuvium,

2280 4324 2439 4375 quam
2471 4310 2752 4364 castellum
2784 4313 2849 4365 ad
2872 4314 2990 4382 ejus
3021 4316 3189 4381 ripam
3210 4317 3465 4384 positum.
3496 4336 3606 4378 non
3637 4326 3836 4393 proetrl

2280 4416 2307 4452 a
2348 4400 2661 4471 Beligradis,
2715 4406 2993 4458 nominare
3050 4406 3279 4460 videtur.
3326 4408 3595 4475 Pervenit,
3625 4414 3833 4481 inquit,

2283 4510 2452 4563 usque
2482 4497 2549 4549 'ad
2586 4495 2854 4551 Moravem
2894 4506 2949 4551 et
2984 4493 3291 4569 Belegrada,
3326 4518 3446 4571 quae
3496 4513 3668 4560 castra
3696 4518 3837 4562 sunt

635 4599 747 4651 sive
774 4596 1013 4649 Saxones
1044 4592 1306 4660 hodieque
1332 4606 1389 4645 se
1423 4592 1761 4659 proﬁtentur,
1796 4602 1851 4647 et
1882 4609 1912 4646 a
1935 4593 2169 4658 Ceculis,
2200 4597 2251 4655 ι)
2280 4591 2586 4655 Pannonia}.
2622 4592 2678 4645 in
2708 4590 3108 4647 TranSiSlriaM
3143 4596 3361 4665 regione
3409 4597 3533 4661 Sila.
3574 4607 3628 4652 ei
3675 4600 3830 4656 (21⁵³ιὶ

636 4687 870 4750 ejusdem
898 4685 1129 4754 regionis
1161 4683 1377 4748 inenlis,
1402 4695 1510 4737 tam
1538 4682 1741 4752 lingua,
1764 4698 1924 4752 quam
1952 4684 2074 4738 aliis
2097 4700 2179 4739 re-

637 4778 757 4835 bus,
789 4777 1038 4829 omnibus
1062 4775 1337 4829 differunt.
1362 4774 1497 4829 llinc
1520 4774 1801 4828 Bonﬁnius
1828 4773 1879 4827 in
1906 4770 2178 4828 Transsil-

638 4870 790 4919 vania
836 4868 948 4921 sitat
984 4868 1299 4921 Saxobanize
1318 4867 1650 4923 mentionem
1680 4867 1827 4930 facit,
1855 4868 2046 4935 pagina
2074 4865 2175 4919 61:).

636 4969 917 5028 postrema:
939 4956 1406 5011 Francot‘urtensis
1426 4952 1698 5021 editionis,
1720 4973 1880 5026 quam
1905 4955 2176 5010 Sarnbuco

635 5060 817 5102 nostro
841 5050 1141 5101 clarissimo
1168 5050 1422 5101 dein-mus
1461 5063 1473 5099 :
1507 5049 1658 5117 cujus
1692 5050 1939 5118 equidem
1976 5048 2171 5102 mortui

638 5140 949 5193 tuetttut'inttt
972 5154 1093 5189 cum
1117 5138 1479 5191 benevolentia
1500 5152 1721 5207 usurpo,
1737 5149 1790 5192 et
1806 5148 1997 5207 praeter
2016 5140 2176 5190 rueri-

638 5242 746 5281 tnru
772 5246 799 5281 a
823 5228 1053 5296 quodam
1081 5226 1388 5281 excellentis
1412 5228 1614 5297 ingenii
1638 5228 2004 5295 doctrinaque
2034 5227 2171 5287 viro,

590 5388 597 5398 .
639 5325 786 5375 nobis
806 5323 986 5374 itidem
1011 5320 1205 5381 amico,
1228 5335 1347 5373 mox
1372 5336 1400 5373 a
1423 5331 1594 5377 morte
1611 5320 1775 5391 paulo
1799 5328 1993 5373 tactam
2018 5318 2174 5371 incle-

635 5416 887 5478 mentius,
946 5416 1119 5468 doleo.
1157 5416 1218 5467 Et
1249 5416 1444 5470 ibidem
1476 5416 1776 5471 Sambucus
1804 5413 2033 5477 margini
2074 5429 2167 5464 no-

635 5524 756 5561 men
794 5508 913 5569 Su,
950 5507 1016 5560 ad
1052 5506 1413 5560 Saxobauiam
1468 5508 1728 5575 ascripsit-
1754 5506 1771 5560 ':
1801 5520 1911 5575 quo
1960 5505 2164 5572 signili-
2194 5506 2197 5507 ⁷

632 5615 757 5653 rare
789 5600 1142 5664 voluit,.lmnc
1167 5613 1195 5651 a
1227 5600 1397 5653 Saziis
1433 5600 1542 5653 sive
1595 5598 1798 5653 Sasziis
1835 5598 1913 5651 sic
1944 5595 2163 5662 dictam,

632 5692 1003 5753 Noturrvvaro,
1037 5690 1328 5750 Saxonesa
1358 5689 1665 5754 Glrmauis,
1695 5686 2166 5758 quossnhcriorcs

633 5795 945 5853 vocarunt:
964 5785 1225 5838 nominari
1257 5802 1275 5838 δ
1304 5798 1438 5839 cum
1459 5783 1572 5852 ipsi.
1607 5781 1831 5852 patriam
1844 5788 2017 5838 .sulm
2046 5775 2167 5829 Sas-

631 5880 786 5937 séam.
819 5890 979 5940 seque
1010 5875 1222 5931 Sassios
1261 5876 1564 5942 indigitent.
1601 5870 1693 5925 llis
1724 5870 2163 5945 condemnatus

2278 4680 2492 4735 Turcis:
2513 4683 2707 4736 vicina.
2733 4684 2939 4749 Quibus
2967 4686 3146 4742 verbis
3171 4688 3373 4743 ultimis
3400 4688 3583 4743 Crates
3609 4689 3833 4747 Turcia:

2278 4773 2541 4841 signiticat
2565 4772 2812 4841 Ungariae
2843 4792 3042 4845 regem.
3072 4781 3282 4849 Saepius
3321 4781 3465 4834 enim
3504 4783 3696 4850 repetit
3719 4782 3829 4839 Ce-

2277 4864 2485 4925 drinus,
2519 4862 2704 4920 Unnos
2739 4878 2792 4921 et
2829 4867 3035 4937 ngros
3055 4870 3162 4925 dici
3191 4869 3418 4924 Turcos.
3452 4868 3595 4937 Idem
3630 4872 3729 4929 hos
3770 4878 3827 4930 in

2276 4953 2549 5009 Pannonia
2576 4955 2780 5012 Turcos
2815 4961 3172 5015 occidentales
3197 4962 3510 5016 discernita
3538 4966 3732 5031 positis
3771 4970 3828 5020 in

2278 5047 2470 5099 vicinia
2515 5048 2797 5103 Persarum
2842 5050 3034 5105 Turcis
3082 5052 3461 5106 orientalibus;
3504 5053 3568 5108 Et
3625 5054 3826 5111 Turcia

2275 5138 2451 5192 l’ersis
2498 5138 2764 5209 hodieque
2820 5143 3075 5196 dicuntur
3124 5140 3388 5211 Mogores,
3423 5144 3567 5214 quod
3616 5160 3821 5201 nomen

2274 5230 2415 5295 genti
2442 5244 2553 5285 sum
2578 5220 2721 5287 nunc
2754 5235 2915 5287 etiam
2947 5235 3191 5287 tribuunt
3220 5231 3440 5302 Ungari,
3476 5239 3619 5291 sicut
3647 5236 3818 5307 Βαῖτι-

2274 5321 2461 5375 hartux
2507 5336 2723 5392 quoque
2784 5324 2971 5379 Karuli
3025 5323 3203 5393 Magni
3269 5335 3512 5396 tempore
3572 5327 3819 5395 scripsit.

2271 5408 2434 5483 ω
2470 5411 2645 5481 Ugros
2678 5416 2761 5469 vel
2809 5410 3016 5484 Ungros
3048 5426 3101 5469 et
3150 5415 3390 5485 Magores
3419 5416 3639 5471 eosdem
3671 5435 3817 5473 esse.

2258 5504 2406 5557 .Nota
2442 5519 2541 5559 vox
2562 5504 2934 5575 'Uogarorum,
2981 5508 3215 5579 Μειαείοτ
3256 5507 3462 5562 ηιιιάη.
3493 5507 3596 5561 Sed
3632 5510 3821 5564 redea-

2261 5609 2395 5647 mus
2429 5595 2496 5649 ad
2551 5595 2842 5653 loravam.
2891 5599 3167 5654 Geulrarus
3200 5597 3470 5653 loravam
3518 5600 3821 5663 olim‘lo-

2257 5686 2458 5753 sclrum
2506 5685 2671 5740 fuisse
2738 5690 3067 5745 nominatum
3114 5701 3283 5761 putat.
3342 5688 3588 5745 Meminit
3633 5704 3820 5748 autem

2257 5772 2560 5841 .Laonicus,
2581 5778 2819 5845 sepultos
2841 5780 3012 5835 fuisse
3030 5778 3261 5842 Turcos,
3287 5779 3389 5831 hoc
3412 5784 3596 5849 praelia
3619 5798 3817 5849 casas.

2270 5866 2336 5920 ad
2367 5865 2534 5933 ripam
2566 5868 2788 5925 Morava:
2820 5869 3078 5926 ﬂuminis.
3105 5868 3378 5925 Bonduius
3435 5887 3565 5929 vero
3627 5891 3821 5946 procr
