4032 6344
204 412 312 478 813

1348 422 1738 484 PANDECTF.
1782 425 1859 483 Ill
1872 426 1974 486 ST.
2018 424 2310 486 TURCIC.

3292 430 3393 491 8M

203 548 292 586 res
329 531 405 585 ait
436 530 629 585 ibidem
683 533 945 603 sepultos,
994 534 1266 605 gregarios
1312 537 1365 589 in
1402 538 1751 606 proﬂuentem
1782 547 1824 605 Α
1856 553 1934 595 tes
1982 543 2062 597 his
2099 543 2326 608 obsedit,
2366 559 2474 612 quo
2519 543 2583 597 de
2616 558 2757 599 nunc
2789 543 2999 614 agimus
3029 563 3041 599 :
3073 554 3127 600 et
3170 561 3291 601 cum
3332 564 3392 599 ra

205 622 536 675 Schitnizam
581 624 879 693 conjectos.
933 624 1068 678 Hinc
1123 642 1307 694 parere
1328 628 1564 690 videtur,
1606 630 1744 683 idem

203 728 325 767 esse.
376 713 595 777 llunmn,
642 712 978 769 Schitnizam
1037 728 1091 770 et
1128 718 1418 771 Moravam.
1468 717 1574 772 Sed
1623 735 1745 772 cum

202 806 453 871 equidem
503 808 771 861 recordari
815 809 1020 871 videar,
1074 812 1295 864 comites
1357 819 1570 864 nostros
1624 812 1747 865 istic

202 914 372 950 unum
396 896 665 973 Moravam
689 900 995 953 nominasse
1022 914 1037 953 :
1073 896 1236 959 restat
1260 901 1748 967 utconeludamns,

205 988 539 1042 Schitnizam
564 991 824 1043 hactenus
852 997 1171 1045 conservato
1202 993 1441 1058 nomine,
1467 1004 1745 1063 postquam

203 1097 261 1134 se
293 1081 522 1134 liorava:
543 1084 783 1146 miscuit,
811 1083 1011 1137 amisso
1031 1084 1196 1149 priori
1213 1085 1474 1139 vocabulo
1492 1085 1749 1154 deinceps

201 1173 321 1226 solo
351 1172 581 1224 Morava:
614 1174 838 1243 nomine
868 1175 1100 1239 censeri,
1134 1175 1305 1229 donec
1330 1177 1403 1253 ita
1427 1178 1747 1246 conjunctu's

202 1273 432 1334 uterque
455 1262 648 1316 ﬂuvius
682 1265 733 1315 in
758 1262 1056 1325 Danubium
1091 1266 1323 1319 labatur.
1356 1267 1572 1321 Memini
1608 1270 1747 1323 vado

204 1370 304 1406 nos
353 1350 583 1409 transire
639 1354 933 1421 Moravant,
972 1371 1164 1423 magna
1223 1358 1483 1412 mensium
1545 1358 1749 1428 aliquot

201 1444 445 1498 siccitate
475 1446 759 1514 plurimum
796 1446 1089 1503 deminutis
1123 1449 1243 1518 ejus
1270 1451 1426 1519 aquis
1459 1469 1471 1503 :
1506 1452 1595 1504 sed
1620 1467 1750 1504 nus-

200 1552 365 1603 quam
429 1538 497 1591 ab
527 1539 604 1593 eis
631 1526 820 1593 incolis
847 1538 1140 1603 Schitniza,
1181 1543 1377 1612 ubique
1403 1542 1614 1595 Morava
1654 1559 1749 1595 no-

200 1628 530 1693 minabatur,
593 1639 779 1683 contra
817 1630 1127 1699 interpretis
1172 1632 1357 1688 Gallici
1408 1633 1743 1702 opinionem.

204 1758 333 1814 125.
366 1757 519 1812 Feri:
545 1758 654 1828 bey,
683 1758 903 1828 Gorgoni
930 1764 1034 1816 sive
1066 1762 1457 1832 Cltrysonicum,
1489 1761 1746 1816 Anatoliw

837 1847 1099 1885 montana.

271 1938 476 1992 Nomen
532 1939 833 2009 beglerbegi
866 1937 1170 2005 Romaniae,
1203 1944 1295 2012 qui
1336 1942 1622 2013 Gergonim
1656 1960 1742 1996 ar-

198 2047 316 2085 cem
340 2033 420 2085 vel
447 2033 703 2103 oppidum
738 2035 1210 2101 iustaurarejussu
1240 2034 1464 2091 Muralis
1496 2038 1741 2099 debebat,

200 2122 439 2176 Annales
497 2124 593 2189 ipsi
633 2137 737 2174 non
787 2133 1187 2191 expresserunt.
1231 2122 1509 2177 Bonlinius
1561 2135 1741 2177 autem

197 2214 441 2281 scripsit,
463 2213 603 2269 hunc
634 2214 955 2281 appellatum
984 2214 1152 2269 fuisse
1178 2215 1574 2285 Frigiheclmm,
1597 2220 1742 2283 quod

196 2304 383 2357 Italica
438 2307 872 2373 pronuntiatione
908 2309 1239 2362 tantumdem
1291 2310 1448 2369 valet,
1478 2324 1539 2362 ac
1572 2308 1754 2363 Frisi-.

196 2394 321 2463 beg.
353 2392 510 2447 Turci
541 2394 709 2449 Ferisi
738 2397 858 2466 beg,
893 2408 985 2450 aut
1013 2396 1167 2453 Feris
1189 2398 1287 2469 beg
1316 2399 1617 2453 enuntiant.
1639 2398 1743 2453 Re-

196 2488 407 2554 peritur
445 2487 590 2540 enim
637 2490 888 2556 superius
920 2491 1023 2542 tale
1052 2492 1169 2558 begi
1204 2492 1487 2558 cujusdam
1516 2492 1741 2545 alterius

196 2592 418 2640 nomen,
450 2579 600 2630 initio
632 2580 752 2633 vita:
798 2579 1044 2646 Bajasitis
1080 2582 1255 2648 primi,
1284 2583 1374 2648 qui
1428 2597 1742 2650 progressus

192 2683 317 2720 cum
342 2669 511 2735 copiis
540 2671 605 2720 ad
639 2670 937 2723 Danubium
976 2688 1164 2747 usque.
1198 2674 1406 2740 primus
1440 2675 1564 2726 istic
1596 2671 1742 2727 Vitli-

193 2775 321 2812 nam
366 2775 660 2827 occupasse
696 2762 946 2836 traditur.
978 2762 1236 2830 Oppidum
1289 2763 1517 2832 Gergoni
1548 2764 1741 2818 Turcis

191 2851 421 2913 dictum,
478 2851 754 2907 Bouﬁnius
786 2840 1186 2923 ‘(Zhrysonicum
1240 2858 1504 2909 nominat.
1563 2856 1737 2910 Situm

190 2950 276 2994 est
305 2943 356 2994 in
401 2941 638 2996 Roxiana
673 2946 785 2998 sive
834 2945 1095 2998 Rasciana
1139 2946 1465 3000 Servianave
1498 2951 1735 3016 regione,

189 3034 257 3085 ad
290 3032 565 3087 Moravatn
591 3034 832 3089 ﬂuvium.
866 3034 1129 3089 Anatolia:
1165 3047 1418 3089 montana
1449 3036 1608 3090 Turci
1644 3053 1737 3091 vo—

188 3133 320 3177 cant
347 3126 449 3177 hoc
480 3129 620 3188 loco,
655 3129 798 3181 sicut
857 3128 982 3181 alibi
1015 3143 1231 3197 quoque
1253 3130 1470 3197 saepius,
1501 3139 1734 3182 montem

1852 635 2011 703 potiri
2041 637 2269 690 secunda
2325 637 2729 706 oppugnatione
2769 652 2873 689 non
2912 646 3110 704 posset,
3161 639 3213 690 in
3247 653 3393 691 mor-

1806 730 1819 735 “
1851 729 1973 782 bum
2031 728 2277 783 lethalem
2322 743 2432 798 pra:
2491 720 2855 797 indignatione
2911 729 3114 795 lapsus,
3145 728 3386 784 rabidam

1849 821 2117 875 exhalavit
2133 823 2391 875 animam.
2414 820 2659 875 Imitatus
2684 830 2764 875 est
2787 830 2990 890 patrem
3021 822 3386 889 persequendo

1838 910 2133 975 'Castriote,
2159 905 2505 980 vexandaque
2526 912 2708 980 Croja,
2737 913 3096 968 lliucltemetes
3117 914 3387 967 secundus

1851 1004 2029 1057 ‘ilius:
2061 1005 2150 1074 qui
2176 1007 2446 1059 continuis
2466 1005 2858 1059 munitionibus
2893 1005 3129 1072 nudique
3151 1006 3392 1061 circnm-
3428 1014 3433 1019 ‘
3466 1022 3467 1025 ‘

1847 1096 2045 1162 datam,
2069 1107 2121 1149 et
2149 1097 2448 1152 arctissime
2465 1098 2725 1161 clausam,
2747 1113 2937 1173 capere
2964 1106 3140 1151 tamen
3168 1112 3273 1150 non
3295 1114 3390 1165 ιη)⁴
3450 1136 3453 1145 ,

1850 1190 1971 1252 tuit,
1998 1190 2404 1259 Scanderbegus
2439 1194 2652 1265 tandem
2682 1202 2875 1261 sponte
2905 1190 3123 1245 Venetis
3145 1206 3261 1245 eam
3290 1191 3391 1243 do-

1850 1286 1999 1335 navit
2031 1293 2154 1337 ante
2183 1278 2451 1358 mortem,
2481 1302 2549 1339 ne
2581 1294 2746 1339 tanta:
2795 1286 3101 1348 reipublica:
3134 1286 3390 1339 destituta

1851 1374 2121 1440 praesidio,
2151 1371 2453 1430 Turcorum
2511 1376 2596 1436 in.
2631 1367 2821 1430 manus
2856 1386 2975 1429 mox
3020 1392 3054 1429 a
3091 1384 3262 1430 morte
3295 1376 3391 1451 tle-5

1852 1465 2082 1519 I'cnsoris
2113 1469 2340 1522 veniret.
2378 1466 2564 1523 Obiter
2593 1471 2693 1523 hoc
2720 1468 2990 1535 adjicitor,
3020 1470 3087 1521 ab
3109 1470 3205 1522 hac
3230 1468 3389 1539 Croja

1849 1562 2039 1611 nomen
2068 1559 2258 1613 tulisse
2293 1562 2664 1615 nobilissimos
2694 1560 2860 1631 Belgii
2896 1554 3151 1630 proceres
3197 1559 3387 1630 Croja-

1851 1664 1967 1710 nos,
2006 1652 2096 1718 qui
2142 1652 2359 1722 Crojam
2390 1655 2682 1722 aliquando
2714 1655 3019 1723 possedisse
3048 1654 3334 1707 traduntur
3369 1671 3382 1706 :
3472 1646 3482 1656 ’

1848 1741 1985 1794 sicut
2014 1743 2065 1795 in
2097 1743 2282 1796 iisdem
2314 1745 2551 1798 Albaniae
2580 1745 2712 1799 locis
2753 1754 2805 1813 ct
2836 1744 3142 1799 Karlovitzii
3184 1744 3383 1813 princi-

1772 1895 1807 1909 __
1849 1847 1962 1900 pes,
1982 1834 2187 1903 origine
2215 1835 2373 1898 Galli,
2403 1837 2469 1889 de
2491 1838 2684 1904 quibus
2707 1832 2908 1909 dictum
2933 1838 3105 1906 capite
3132 1837 3222 1898 46,
3251 1835 3383 1907 Dyr-

1772 1903 1815 1957 θ
1848 1926 2125 1979 rbachium
2151 1942 2250 1982 suo
2270 1943 2391 1981 cum
2423 1944 2551 1998 agro
2582 1906 2901 1982 tenuerunt:
2933 1939 2987 1982 et
3006 1929 3219 1982 Achaia:
3240 1934 3389 1995 priu-
3447 1950 3452 1954 ·

1844 2017 1992 2084 cipes
2023 2018 2075 2070 in
2126 2020 2310 2071 eadem
2345 2020 2539 2073 vicinia
2599 2036 2777 2073 rerum
2830 2018 3117 2088 aliquando
3167 2020 3384 2071 luerunt

1844 2108 2020 2174 potiti,
2047 2098 2719 2165 Sabandosaxonical‘nati
2753 2111 2973 2165 l‘ainilia.
3011 2109 3085 2162 Ex
3135 2109 3383 2178 Crojanis

1845 2198 2043 2265 regulis
2072 2213 2293 2253 summa:
2335 2201 2449 2258 .l’uit
2484 2205 2821 2259 auctoritatis
2867 2206 3006 2273 apud
3045 2203 3305 2259 Karulum
3345 2203 3381 2253 V

1833 2291 2147 2364 Augustum
2208 2290 2533 2357 Hadrianus,
2598 2294 2802 2349 Chiurii
2857 2296 3129 2349 dominus.
3184 2295 3381 2349 Eadem
3442 2350 3445 2351 ,

1834 2368 2019 2435 editus
2052 2392 2210 2450 gente
2241 2383 2343 2437 fuit
2395 2386 2664 2442 Antonius
2716 2390 2965 2457 princeps
3004 2387 3289 2443 Portianus‘
3329 2391 3380 2441 in

1842 2462 2039 2527 Gallia;
2094 2475 2248 2529 Nunc
2298 2468 2469 2546 apud
2502 2478 2697 2549 Belgas
2744 2485 3063 2550 superstites
3098 2491 3223 2545 sunt
3273 2483 3382 2537 duo

1844 2566 2058 2626 fratres,
2092 2571 2201 2621 dux
2236 2560 2619 2637 AresCotamts,
2656 2582 2709 2625 ct
2747 2573 3079 2629 llaurecltius
3115 2557 3377 2638 marcido,

1842 2674 1961 2709 Cttttt
1986 2659 2231 2726 principe
2253 2659 2502 2715 Chimaro
2535 2656 2852 2717 'Areseota‘ni
2884 2657 3012 2718 lilio.

1842 2774 1963 2827 127.
2002 2772 2209 2839 Galam,
2260 2773 2441 2854 Ceras2
2474 2774 2634 2854 Sinus
2662 2778 2956 2843 Ceralinus,
2995 2780 3153 2847 Pera,
3183 2784 3354 2854 Syrte,

2404 2844 2562 2899 Scala
2597 2846 2813 2915 Sycena.

1908 2932 2049 2989 Urbs
2076 2934 2260 2990 Ga'lata
2287 2936 2447 3005 vulgo
2472 2938 2630 2991 etiam
2652 2950 2774 2993 nota
2802 2950 2902 3006 est,
2928 2958 2958 2995 e
2988 2944 3206 3012 regione
3237 2944 3378 2999 Cull-

1838 3018 2277 3094 stantinmmleos'
2297 3028 2425 3095 sita,
2454 3035 2604 3084 trans
2636 3030 2837 3096 sinum,
2886 3049 3043 3102 quem
3069 3034 3233 3090 Ceras
3262 3039 3378 3092 sive

1835 3110 2039 3176 Cornu,
2059 3123 2112 3166 et
2132 3117 2439 3171 Geratiuum
2469 3118 2585 3172 sive
2626 3118 2944 3185 Cornutum,
2972 3132 3180 3180 veteres
3212 3130 3372 3191 etiam

188 3215 505 3285 Olympum,
539 3217 650 3271 sive
679 3218 1086 3283 Calogerorum,
1140 3221 1192 3272 in
1232 3219 1532 3289 Bithyniap
1564 3223 1731 3289 prope
1759 3244 1803 3302 ο
1837 3218 2141 3302 vocarunt:
2178 3211 2321 3302 quod
2358 3212 2527 3266 instar
2561 3229 2727 3267 cornu
2779 3218 2981 3271 cervini
3034 3222 3262 3288 sparsim
3293 3237 3379 3275 ra-

187 3305 464 3361 civitatem
512 3304 736 3360 Prusam
775 3326 787 3362 :
821 3310 887 3364 de
920 3325 1027 3379 quo
1079 3311 1276 3365 dictum
1326 3324 1502 3375 antea,
1560 3314 1729 3381 capite

186 3407 442 3453 notarum
477 3398 562 3453 l'l.

186 3531 316 3588 126.
344 3533 951 3611 Βςιὶῃῖαάωηβιᾴαηίῳ,
985 3535 1331 3611 Cr_ua,_(.‘ron,
1355 3542 1522 3601 Croar,
1552 3544 1730 3611 Croju,

328 3606 626 3672 principum
664 3604 1009 3667 Crojauo'rum
1044 3607 1098 3657 in
1146 3607 1327 3677 Belgio
1361 3611 1589 3677 familia.

262 3720 409 3773 Idem
432 3716 555 3772 cum
588 3720 870 3787 superiori,
903 3721 967 3772 ad
1009 3719 1133 3774 Savi
1162 3721 1496 3794 Danubiique
1527 3732 1731 3785 conﬂn-

180 3819 342 3866 entes
371 3810 476 3864 sito
502 3810 762 3879 Belgrado
790 3809 1008 3877 Serviae,
1050 3828 1241 3867 nomen
1277 3816 1435 3869 habet
1488 3818 1590 3874 hoc
1641 3826 1731 3873 Al-

180 3898 363 3971 bania}
391 3898 470 3951 vel
504 3898 755 3952 Arbanize
784 3899 947 3968 (sicut
984 3902 1180 3970 vulgus
1203 3902 1516 3960 Graecorum
1552 3915 1725 3980 vocat)

186 3986 557 4057 Beligradum,
616 3989 717 4042 hoc
749 3999 849 4055 est,
880 4003 977 4043 arx
1008 3992 1149 4045 alba.
1182 3986 1391 4063 Quippe
1439 3999 1726 4066 conjuncta

176 4093 311 4131 cum
366 4078 562 4145 oppido
618 4093 711 4131 arx
742 4088 845 4144 est,
883 4095 1004 4149 quae
1037 4098 1067 4135 τι
1126 4080 1345 4149 Valona,
1379 4088 1724 4146 celeberrima

178 4180 331 4222 nunc
374 4167 537 4220 etiam
585 4164 731 4235 Epiri
764 4168 982 4237 civitate
1034 4170 1167 4241 (Leo
1213 4173 1506 4243 imperator
1562 4182 1727 4234 Aulo-

180 4259 353 4321 niam,
375 4266 580 4313 veteres
606 4258 868 4314 Aulouem
898 4261 1196 4334 dixerunt),
1219 4269 1379 4323 unius
1414 4269 1604 4325 itinere
1621 4275 1722 4327 diei

178 4348 371 4402 distat.
426 4347 693 4402 Generum
745 4350 1085 4406 dissimulare
1137 4370 1242 4409 non
1290 4358 1479 4424 debeo,
1517 4365 1716 4417 nullam

179 4437 395 4492 obsessi
434 4453 466 4493 ι
499 4437 709 4517 Murate
770 4442 931 4508 paulo
960 4427 965 4431 ’
994 4451 1117 4496 ante
1172 4456 1399 4500 mortem
1452 4450 1719 4519 Beligradi

177 4529 514 4583 mentionem
540 4531 783 4599 reperiri,
814 4532 896 4586 vel
928 4533 1067 4601 apud
1101 4533 1388 4589 Martinam
1429 4537 1717 4596 Barletium
1747 4559 1800 4619 ι)

178 4622 559 4687 Scodrensem,
589 4640 769 4678 rerum
793 4624 1227 4698 aSe'anderbego
1255 4642 1523 4697 gestarum
1549 4643 1717 4706 scrip-

176 4722 376 4775 torem,
428 4714 513 4767 vel
561 4717 702 4783 apud
750 4717 1071 4784 Bonllnium,
1121 4723 1203 4773 vel
1236 4719 1542 4779 Geulrzeum
1574 4745 1588 4780 :
1620 4729 1714 4781 sed

173 4800 452 4855 obsidium
470 4801 643 4870 Crojte
668 4805 930 4860 duntaxat
949 4808 1018 4861 ab
1045 4809 1126 4862 his
1145 4812 1360 4879 exponi,
1385 4829 1544 4881 quam
1567 4818 1714 4882 prius

173 4891 525 4957 etiamcapto
558 4894 810 4952 Couiaco
847 4900 959 4951 sive
986 4898 1162 4962 Getia,
1194 4911 1424 4971 quatuor
1461 4916 1584 4959 ante
1613 4909 1714 4963 hoc

171 4990 385 5047 tempus
420 4982 598 5047 annis,
632 4984 787 5044 irrito
811 4999 1007 5042 conatu
1041 5000 1382 5047 tentaverat:
1416 5004 1475 5047 ut
1498 5000 1714 5065 scripsit

170 5069 464 5130 Laonicns,
500 5070 589 5137 qui
624 5071 819 5127 Cruam
854 5081 1119 5145 nominat,
1162 5083 1348 5134 urbem
1381 5084 1708 5142 Albanorum

174 5163 515 5230 primariam.
558 5161 775 5216 Novella
823 5164 1021 5223 Leonis
1056 5171 1304 5242 Augusti,
1356 5190 1516 5241 quam
1551 5181 1708 5233 toties

168 5254 425 5316 citamus,
446 5258 449 5261 ’
468 5254 610 5306 velut
631 5255 852 5308 alteram
875 5260 1160 5325 quamdam
1194 5266 1404 5331 imperii
1438 5257 1708 5323 Censtan-

168 5340 513 5410 tinOpolitani
565 5346 830 5409 natitiam,
877 5362 1102 5404 numero
1147 5355 1707 5418 tnultitudiniS‘Croas

168 5434 422 5504 appellat,
446 5445 499 5490 et
528 5436 715 5491 barum
744 5440 1050 5510 episcopum
1073 5442 1439 5513 Dyrrhachino
1469 5452 1704 5519 subjicit.

172 5527 312 5579 Idem
336 5525 387 5577 ei
413 5541 604 5580 nomen
627 5537 711 5583 est
726 5532 864 5599 apud
892 5542 1170 5600 praetorem
1193 5534 1414 5590 Grzeciae
1438 5552 1703 5597 nostrum.

170 5613 438 5669 Barletius
469 5613 686 5684 Crojam
716 5632 890 5683 vocat,
922 5621 1082 5692 idque
1111 5638 1305 5677 nomen
1362 5624 1701 5695 Epirotarum

171 5704 347 5775 lingua
372 5701 574 5758 lentem
619 5710 926 5778 signiﬁcare
954 5714 1084 5768 dicit
1114 5731 1127 5765 :
1162 5700 1301 5783 quod
1337 5717 1471 5771 intra
1524 5724 1701 5775 muni-

171 5800 370 5852 tionem
396 5795 545 5864 jugis
569 5791 719 5866 aqua:
747 5805 920 5862 fontes
953 5808 1081 5884 sint.
1108 5809 1315 5865 Primus
1340 5810 1479 5867 hanc
1516 5812 1694 5869 Mura-

1835 3299 1939 3350 mis
1965 3300 2119 3365 quasi
2141 3300 2464 3366 quibusdam
2487 3304 2639 3358 littus
2672 3316 2960 3375 utrumque
2991 3312 3367 3378 amplectatur.

1837 3386 1984 3439 l’atet
2012 3389 2065 3441 in
2107 3392 2309 3445 ambitu
2349 3402 2492 3449 totus
2520 3397 2607 3449 hic
2638 3400 2791 3453 sinus
2817 3401 3134 3459 milliaribus
3167 3405 3367 3463 Graecis
3413 3467 3416 3471 ,

1834 3479 2041 3547 viginti.
2083 3482 2302 3540 Galatas
2336 3486 2494 3543 h‘od’ie
2551 3495 2791 3546 masculo
2828 3477 3022 3565 genere
3048 3498 3249 3555 Graecis
3293 3503 3371 3556 cl-

1834 3572 2022 3635 l’ertnr,
2052 3576 2196 3628 sicut
2225 3588 2277 3629 et
2310 3583 2523 3646 praetori
2560 3582 2781 3649 Gracche
2816 3597 3019 3655 nostro,
3075 3594 3164 3660 qui
3196 3594 3369 3648 Phru-

1833 3665 1949 3716 rion
1995 3666 2112 3719 sive
2156 3671 2433 3723 castellum
2470 3685 2645 3729 vocat.
2679 3676 2876 3732 Eadem
2906 3693 2958 3734 et
2994 3683 3126 3737 Pera
3157 3688 3364 3743 dicitur

1829 3762 1881 3806 ct
1916 3754 2090 3811 Peraea
2115 3758 2311 3815 Niccta:
2343 3763 2628 3831 historico,
2652 3771 2793 3836 quod
2826 3772 2962 3825 ultra
2991 3776 3167 3828 sinum
3194 3783 3368 3846 posita

1828 3847 1916 3897 sit.
1944 3845 2162 3901 Veteres
2192 3852 2259 3902 ab
2281 3853 2533 3907 arborum
2559 3854 2689 3910 llcos
2712 3858 2996 3916 ferentium
3024 3845 3367 3939 Μερορώ

1830 3936 1994 4007 Sycas
2018 3942 2391 4006 nominabant,
2410 3961 2529 4015 quae
2560 3957 2660 4002 t'ox
2683 3952 2821 4017 apud
2852 3936 3123 4010 Zosimum
3151 3936 3369 4030 quoque

1828 4039 2065 4085 tmstrutn
2127 4033 2337 4102 legitur.
2374 4034 2643 4108 Xylander
2689 4047 2827 4112 apud
2873 4046 3164 4105 Cedrinum
3232 4055 3366 4109 licus

1829 4124 2225 4193 interpretatur,
2259 4138 2313 4183 et
2359 4133 2677 4187 suburbinm
2727 4154 2846 4192 esse
2894 4142 3026 4194 dicit
3061 4145 3301 4212 Byzantii
3340 4165 3355 4199 :

1827 4229 1946 4266 cum
1997 4224 2173 4300 tamen
2205 4221 2523 4275 nitertnedio
2565 4227 2695 4278 mari
2723 4228 2791 4281 ab
2822 4234 2953 4283 urbe
2996 4234 3360 4303 disjuugatnr.

1826 4304 1937 4369 Qua
1968 4305 2432 4381 Constantinopoli
2482 4314 2722 4370 Galatam
2758 4320 3110 4391 trattsjicitur,
3148 4324 3360 4385 Scalam

1824 4393 2083 4465 Sycenam
2132 4402 2286 4478 ponit
2342 4411 2498 4456 vetus
2558 4405 2706 4461 urbis
2754 4408 3361 4484 Constantinopolitana-

1824 4486 2136 4556 descriptio,
2184 4492 2302 4560 quae
2354 4494 2494 4549 libro
2549 4496 2759 4554 Notitiae
2833 4506 3113 4579 utriusque
3168 4514 3354 4581 imperi

1824 4576 2030 4643 adjecta
2062 4591 2143 4635 est
2184 4600 2197 4637 :
2251 4592 2303 4638 et
2356 4590 2555 4642 scalam
2602 4592 2656 4645 in
2710 4576 2994 4667 Portolano
3037 4616 3136 4655 suo
3185 4576 3354 4659 Grzeri

1818 4668 2082 4741 hodieque
2113 4675 2301 4736 dicunt
2329 4693 2451 4733 eum
2487 4684 2686 4749 locum,
2729 4702 2838 4753 quo
2871 4704 3032 4745 naves
3062 4696 3338 4763 appeilunt

1815 4769 1871 4812 et
1913 4762 2003 4815 ubi
2048 4768 2414 4827 exscenditur.
2442 4770 2584 4831 Usus
2610 4788 2691 4830 est
2719 4778 2817 4833 hac
2850 4796 2974 4836 voce
3007 4762 3268 4841 Gedritt'tis
3299 4788 3355 4843 in

1814 4846 2173 4922 Copronymo,
2203 4872 2324 4912 cum
2359 4877 2557 4928 narrat,
2595 4883 2762 4920 unum
2788 4871 2974 4939 glaciei
2998 4874 3353 4941 fragittentum

1814 4955 1933 4992 cum
1974 4944 2173 5017 impetu
2197 4951 2428 5006 delatum
2464 4969 2517 5009 et
2551 4960 2838 5025 impactum
2872 4965 2925 5018 in
2962 4969 3157 5022 scalam
3186 4978 3356 5028 Acro-
3406 5006 3409 5009 -

1811 5032 2015 5096 poleos.
2055 5037 2104 5087 id
2147 5049 2225 5091 est
2281 5044 2425 5099 arcis
2458 5046 2782 5116 Byzantina),
2809 5054 2875 5106 de
2902 5072 3003 5122 qua
3034 5054 3207 5127 capite
3232 5064 3351 5128 159.

1811 5137 1930 5173 eam
1961 5129 2364 5187 comminuisse.
2402 5133 2655 5194 Latitudo
2697 5129 2845 5197 sinus
2878 5146 3016 5197 inter
3058 5148 3196 5204 hanc
3234 5151 3352 5206 sca-

1769 5245 1772 5247 μ
1814 5212 1914 5263 lam
1951 5222 2006 5266 et
2034 5219 2287 5283 oppidum
2336 5223 2600 5295 Galatam,
2638 5234 2730 5293 vel
2762 5235 2901 5286 inter
2936 5241 3122 5291 ambas
3170 5246 3349 5309 potius

1813 5303 2007 5399 scalas,
2037 5322 2067 5357 e
2094 5311 2311 5378 regione
2342 5318 2567 5385 positas,
2599 5322 2662 5376 ad
2686 5340 2876 5392 passus
2905 5325 3007 5381 500
3036 5303 3199 5399 patet.
3234 5332 3350 5388 Ga-

1814 5396 1919 5449 lata
1945 5394 2307 5455 Genuensium
2340 5408 2554 5473 colonia
2601 5423 2704 5479 est,
2750 5416 2908 5470 etiam
2956 5394 3111 5476 hodie
3153 5427 3346 5488 majori

1807 5503 1868 5541 ex
1913 5498 2064 5570 pa‘rte
2113 5506 2140 5544 a
2176 5493 2499 5554 Christianis
2527 5503 2846 5575 inhabitata,
2874 5517 3343 5582 prtcscrtimmer-

1807 5580 2101 5635 caloribus.
