4032 6344
594 406 597 407 ί
662 440 769 498 ³815

1827 437 2163 501 JOANNIS‘
2184 400 2641 493 LEUN’CLtvu

3745 427 3847 487 91ft

672 556 791 607 ης.
825 554 1161 617 Necnon-on,
1190 554 1387 608 Rmurli
1409 555 1613 617 C/iisnl',
1640 556 1844 608 Λιιηιοὶὲ
1867 553 2216 607 (Ihisar:Ca-
2249 564 2285 613 Λ
2317 555 2531 615 gustum
2569 544 2732 597 maris
2788 555 3045 606 meatum,
3101 539 3749 611 proptermonasterium
3811 551 3859 587 ενι

738 625 941 676 stellam
976 624 1189 687 Lethes,
1215 625 1401 677 Turres
1430 628 1611 693 nigrm,
1645 628 1936 677 Hernm'um
1965 640 2208 692 promou-

740 699 952 764 torium,
982 693 1201 757 La’mus,
1235 694 1580 761 Lauttocopta,
1607 694 1827 764 Bognzi,
1860 694 2059 764 Bogazi
2081 693 2207 764 Citi-

748 780 859 825 sar,
885 762 1167 830 Bosporus.
1226 760 1502 816 Bruchion:
1561 764 1617 816 S.
1648 760 1886 834 Georgii:
1927 762 2062 815 Loca
2104 760 2208 813 Bo-

734 848 960 899 apormta
991 834 1385 901 taittEuropwi,
1435 850 1593 901 quam
1628 835 1847 887 Asiatici
1904 834 2130 895 littoris,
2177 848 2208 883 τι

734 904 1188 972 Constantinopoli
1218 919 1375 972 usque
1408 904 1472 972 at]
1515 904 1715 956 Euxini
1775 905 1934 955 maris
1993 910 2205 962 ostium,

738 973 981 1039 Cyaneis,
1018 970 1407 1041 Symplegades,
1434 970 1691 1026 Planctw.

737 1107 925 1166 Arcem
994 1105 1443 1173 munitissimam,
1502 1123 1662 1171 quam
1723 1122 1757 1160 at
1818 1114 1968 1176 tergo
2008 1105 2211 1160 Galatae

667 1199 1029 1260 .‘llttchemetes
1059 1198 1219 1264 ll,.atl
1255 1214 1421 1260 mare,
1456 1200 1505 1251 id
1562 1210 1666 1263 est,
1721 1199 1784 1252 ad
1826 1200 2124 1268 Bosporum
2184 1213 2212 1250 c

670 1291 799 1343 mari
859 1288 1065 1342 Euxino
1145 1289 1520 1357 proﬂuentem,
1574 1291 1877 1344 condidisse
1922 1299 2209 1353 narratur;
2254 1348 2259 1351 ἠ

668 1382 837 1435 Grmci
869 1380 1221 1439 Neocastron,
1254 1385 1355 1434 hoc
1385 1392 1485 1443 est,
1530 1392 1768 1435 Castrum
1800 1397 1995 1436 novum
2050 1395 2215 1433 voca-

671 1486 812 1535 runt,
847 1484 900 1526 ut
922 1482 976 1525 et
1014 1465 1173 1526 Tuici
1199 1472 1327 1526 Geni
1361 1474 1758 1542 Chisar,cujus
1793 1484 1847 1527 et
1877 1487 2039 1541 supra
2069 1487 2215 1524 men-

596 1608 599 1611 .
670 1566 744 1617 tio
780 1563 917 1617 facta
946 1562 1122 1631 capite
1147 1573 1392 1615 notarum
1445 1563 1564 1616 112.
1618 1540 1784 1616 lidein
1839 1540 2013 1615 tamen
2060 1563 2215 1616 nobis

668 1657 829 1709 ctiam
856 1654 1072 1708 Bumeli
1098 1653 1293 1708 Chisar
1324 1654 1582 1721 appellari
1642 1654 1914 1718 dicebant,
1959 1669 2079 1706 cum
2120 1653 2217 1707 hac
2268 1702 2271 1703 ν

672 1748 1190 1817 ιιιοδξιθι-νθιιοτειηυι·
1217 1745 1280 1799 ad
1314 1745 1543 1800 Pontum
1578 1746 1864 1810 Euxinum,
1924 1745 2067 1815 quod
2128 1762 2212 1797 ar-

674 1860 791 1895 i-em
821 1839 1095 1893 Bouiania:
1126 1838 1206 1891 vel
1239 1838 1467 1906 Europa:
1499 1838 1797 1904 significat:
1824 1837 1965 1891 sicut
1992 1838 2216 1889 alteram

2307 638 2480 692 ardent
2527 634 2711 711 Sancti
2760 633 2972 702 Georgii
3027 632 3413 703 Manganorum
3482 630 3684 683 dictant
3730 630 3865 682 Pru-

2307 727 2517 798 pontidi
2541 741 2599 779 se
2624 725 2922 779 miscentis.
2964 723 3019 777 Id
3070 733 3349 792 propterea
3380 722 3703 784 notandum,
3729 722 3860 790 quia

2308 818 2613 887 complures
2644 818 2695 869 in
2725 817 2827 870 hoc
2847 816 3261 869 hallucinantnr
3294 813 3417 867 dum
3447 817 3620 868 sancti
3645 812 3860 879 Georgii

2310 909 2595 965 brachium
2663 909 2727 961 ad
2791 909 3006 960 Sestum
3054 915 3105 959 et
3156 906 3398 974 Abydum
3462 904 3763 958 collocant:
3806 915 3863 953 ut

2314 1000 2711 1059 Volaterranus,
2742 995 2899 1066 quem
2933 999 3064 1051 citat
3103 996 3340 1049 Ortelius
3368 996 3421 1047 in
3456 1010 3585 1049 voce
3640 994 3846 1047 Helles.

2311 1097 2531 1158 pontus,
2572 1097 2628 1139 nt
2662 1085 2958 1147 Geul'ratus.
2995 1096 3051 1139 ut
3085 1085 3323 1139 Thomas
3384 1085 3769 1144 Porcacchius,
3809 1097 3863 1136 ut

2312 1180 2426 1234 alii.
2469 1179 2667 1232 Saltem
2724 1180 2922 1232 rectius
2986 1179 3088 1230 hoc
3127 1179 3227 1251 'vel
3274 1191 3337 1229 ex
3399 1176 3544 1230 hisce
3594 1174 3860 1227 Vincrnttt

2312 1269 2653 1326 Belvacensis
2681 1271 2854 1325 verbis
2889 1270 3204 1322 didicissent
3233 1283 3247 1320 :
3291 1267 3401 1321 lloc
3430 1277 3514 1322 est
3569 1283 3714 1320 mare
3744 1283 3861 1318 ma—

2313 1377 2473 1433 gnum
2502 1363 2579 1429 (id
2615 1372 2717 1425 est,
2754 1360 2959 1431 Pontus
2988 1360 3252 1420 Euxinus.
3309 1376 3452 1431 inme
3510 1369 3674 1411 etiam
3720 1357 3863 1409 Italis

2315 1470 2463 1508 mare
2490 1455 2684 1521 majus)
2718 1454 2783 1505 ile
2813 1468 2917 1520 quo
2958 1452 3233 1505 brachium
3270 1450 3453 1503 Sancti
3482 1446 3697 1517 Georgii
3729 1448 3860 1503 exil.

2318 1548 2391 1614 (id
2425 1556 2534 1610 est,
2568 1544 2860 1613 Bosporus)
2894 1546 3035 1613 quod
3067 1546 3119 1596 in
3144 1541 3695 1608 Constantinopolim
3773 1554 3861 1588 va-

2316 1638 2412 1690 tlit.
2437 1637 2576 1712 Ergo
2618 1635 2796 1689 Sancti
2823 1636 3034 1705 Georgii
3069 1636 3345 1689 brachium
3379 1642 3460 1688 est
3517 1646 3678 1700 supra
3735 1628 3867 1682 Con-

2295 1729 2747 1796 ,stantinopolim,
2778 1729 2843 1781 ad
2875 1727 3030 1795 cujus
3061 1726 3375 1780 orientalem
3407 1718 3687 1791 angulum,-
3739 1722 3867 1775 sub-

2261 1836 2275 1840 -
2322 1828 2400 1871 ter
2463 1820 2631 1887 ipsam
2684 1823 3025 1871 sultanorum
3091 1832 3294 1883 arcem,
3362 1815 3415 1867 in
3481 1812 3862 1881 Propontidem

676 1935 801 1987 huic
829 1933 1131 2001 oppositam
1158 1932 1213 1984 in
1254 1930 1491 1985 Asiatico
1532 1930 1731 1993 littore,
1766 1946 1909 1983 ntmc
1940 1930 2217 1982 ruinosam

2325 1908 2595 1978 Bosporus
2659 1904 2918 1963 illabitur.
2990 1910 3244 1978 Adeoque
3303 1918 3353 1962 a‘
3411 1906 3585 1960 sancti
3648 1904 3863 1970 Georgii

672 2024 902 2079 Anadoli
929 2024 1142 2085 Chisar,
1180 2022 1233 2075 id
1281 2030 1385 2086 est,
1417 2036 1596 2075 arcem
1643 2004 1910 2076 Anatolia:
1940 2020 2021 2074 vel
2074 2021 2215 2074 Asiae

675 2120 1077 2188 nuncupabant.
1134 2106 1467 2169 Neocastron
1522 2115 1714 2182 vulgus
1803 2114 2215 2168 occidentalium

671 2211 1127 2271 Christianorum,
1157 2208 1454 2275 praesertim
1486 2205 1765 2267 Germani,
1796 2204 1995 2281 Turres
2039 2205 2218 2274 nigras

674 2303 885 2354 dicunt.
921 2300 1090 2354 Abest
1119 2314 1148 2351 a
1175 2297 1644 2366 Constantinopoli
1682 2297 1747 2351 ad
1780 2313 1945 2350 unum
1993 2298 2220 2351 milliare

674 2392 848 2461 ntpjus
873 2389 1282 2453 Germanicum,
1313 2389 1465 2442 locus
1505 2402 1637 2442 sane
1662 2389 1925 2450 munitus,
1995 2401 2046 2441 et
2114 2387 2221 2441 for-

634 2482 943 2536 ‘ntidabilis
983 2481 1273 2535 admodum
1330 2480 1543 2534 miseris
1599 2478 1828 2546 captivis
1857 2520 1871 2542 ,
1924 2480 2218 2548 praesertim

674 2576 923 2631 lautioris
947 2574 1215 2628 fortunae:
1243 2574 1333 2643 qui
1366 2573 1465 2625 hos
1498 2572 1635 2624 itttra
1665 2587 1911 2625 carceres
1934 2576 1935 2579 “
1958 2574 2218 2633 conclusi.

673 2679 953 2731 nunquam
1013 2662 1124 2715 fere
1193 2662 1495 2714 libertatem
1572 2661 1878 2728 rccipiunt;
1938 2676 2106 2729 caque
2158 2664 2222 2715 de

607 2754 613 2763 '
675 2768 837 2805 causa
900 2750 1177 2805 οίιειι·11ιιιιι
1238 2749 1341 2803 hoc
1390 2748 1585 2801 Lethes
1636 2750 1713 2803 vel
1764 2750 2047 2804 oblivionis
2092 2752 2219 2805 olim

677 2858 890 2909 nutante
952 2850 1196 2895 vocatum
1255 2850 1404 2910 puto,
1439 2839 1593 2908 cujus
1624 2841 1676 2894 in
1728 2842 2010 2909 Bosphoro
2065 2842 2220 2909 positi

676 2934 945 3002 Grcgoras
1014 2930 1283 2995 meminit,
1317 2932 1384 2985 al)
1438 2938 1505 2985 eo
1530 2931 1681 2994 dicti,
1745 2932 1888 3000 quod
1940 2944 2222 2999 perpetuos

675 3024 740 3075 ad
774 3034 1016 3075 carceres
1049 3021 1421 3075 damnatorum
1455 3020 1597 3072 nulla
1644 3028 1818 3073 exstet
1852 3021 2083 3088 amplius
2108 3035 2222 3071 tne-

679 3116 870 3167 tnoria.
900 3114 1123 3167 Constat
1148 3122 1351 3185 autem,
1390 3111 1555 3164 fuisse
1583 3111 1703 3163 istic
1729 3112 1891 3164 etiam
1944 3120 2068 3171 ante
2109 3109 2222 3162 Mu-

678 3208 970 3259 chemctem
999 3204 1037 3256 ll
1075 3206 1185 3268 illa,
1220 3218 1339 3272 quae
1360 3203 1614 3264 diximus,
1644 3202 1696 3255 in
1752 3213 1984 3272 utroque
2041 3203 2220 3257 littore

678 3297 898 3361 castella
929 3312 943 3348 :
975 3296 1065 3349 sed
1097 3295 1504 3363 imperatorum'
1535 3292 1838 3348 Graecorum
1893 3295 2095 3347 incuria
2141 3297 2219 3350 sic

676 3393 941 3457 neglecta,
966 3390 1105 3442 ’nulli
1146 3399 1203 3441 ιιι
1237 3374 1353 3440 usui
1381 3389 1649 3441 servirent
1700 3387 1787 3439 alii
1836 3402 1994 3455 quam
2029 3396 2211 3440 custo-

676 3484 888 3535 diendis
919 3479 1402 3548 eaptivis.(lausas
1451 3477 1712 3529 condendi
1772 3475 2052 3529 Neoeastri
2101 3476 2216 3528 Μη-
2280 3518 2283 3521 .

678 3575 949 3627 chcmctes
976 3572 1180 3633 habuit,
1215 3580 1271 3622 ut
1296 3568 1607 3635 transj'rcere
1642 3579 1745 3619 tam
1776 3568 1829 3637 in
1862 3566 2215 3631 Asiamquam

680 3665 951 3732 Europam
980 3662 1142 3713 libere
1172 3669 1346 3728 posset
1381 3677 1394 3712 :
1420 3657 1491 3711 ne
1519 3657 1812 3711 Christiani
1846 3657 2071 3709 navibus
2107 3657 2220 3708 suis

679 3755 1129 3809 transvectiouem
1191 3750 1461 3804 exercitus
1495 3748 1863 3817 prohiberent,
1900 3758 1958 3800 ut
1991 3747 2219 3814 denique

675 3842 1139 3910 Constantinopoli
1179 3824 1455 3909 capiendae
1480 3839 1727 3893 Serviret.
1749 3836 2017 3892 Laonicns
2041 3853 2216 3890 arcem

674 3940 749 3989 ita
780 3934 1085 4000 descripsit,
1127 3941 1184 3983 ut
1221 3930 1378 3983 hodie
1418 3930 1769 3998 conspicitur.
1798 3928 1886 3982 Ait
1919 3944 2037 3982 eam
2093 3944 2221 3982 con-

676 4037 818 4081 stare
852 4028 1023 4077 tribus
1060 4024 1300 4075 turribus
1325 4021 1551 4089 magnis,
1583 4036 1811 4089 quarum
1847 4037 1950 4073 una
1976 4020 2221 4088 superior

679 4121 733 4169 in
763 4114 951 4168 acclivi
983 4108 1119 4167 eolle
1154 4113 1477 4180 proetninet:
1512 4112 1731 4179 reliqua:
1767 4104 1885 4163 dua.-
1913 4111 2222 4164 consistunt

681 4210 905 4265 inferius
940 4205 1005 4262 ad
1058 4204 1229 4275 ipsmn
1293 4204 1439 4254 littus
1512 4202 1767 4269 Bospori:
1818 4210 1926 4269 quo
1980 4204 2223 4254 videlicet

682 4302 882 4355 hincin
906 4312 1068 4351 naves
1098 4286 1541 4366 pt-zetcrli-gcnlt-s
1574 4303 1808 4360 impetus
1861 4295 1972 4345 licri
2030 4295 2219 4360 possit.

678 4394 882 4445 Harum
914 4389 1144 4444 duarum
1182 4402 1283 4437 una
1311 4386 1542 4438 maxima
1565 4396 1666 4438 est.
1696 4382 1856 4437 Tecta
1890 4394 2015 4437 sunt
2051 4386 2222 4453 plnm-
2262 4444 2263 4447 η

682 4481 800 4536 bea.
831 4480 1013 4533 Murus
1041 4476 1209 4530 ambit
1238 4492 1413 4528 arcem
1460 4491 1677 4529 crassus
1732 4475 1894 4544 pedes
1930 4477 2019 4531 2:2.
2089 4474 2223 4529 Tur-

2320 2002 2543 2055 ltrachio
2588 2002 2697 2054 sive
2728 2002 2985 2069 Bosporo,
3011 2017 3101 2069 per
3137 1998 3515 2068 Propontidem
3586 2007 3639 2048 et
3674 1995 3864 2048 Helles-

2318 2102 2562 2162 pontum,
2601 2091 2812 2145 Sestutn
2847 2104 2900 2145 et
2931 2091 3174 2161 Abydum
3215 2106 3385 2157 usque
3414 2089 3516 2141 180
3550 2084 3859 2139 milliarium

2318 2185 2627 2239 Grecorum
2662 2196 2742 2238 eSt
2774 2185 2891 2238 iter.
2915 2184 3455 2253 Gallicusintet'pres
3508 2178 3735 2233 Laonici
3763 2178 3860 2230 mi-

2319 2276 2465 2329 rilice
2491 2276 2730 2344 profecto
2754 2277 2986 2341 ctL‘Cttlit,
3018 2291 3080 2331 ac
3119 2275 3444 2342 sibimetipsi
3481 2270 3861 2324 contradicens

2318 2367 2432 2419 ait:
2460 2364 2809 2418 Mechemetcs
2843 2378 3020 2416 arcem
3049 2363 3396 2429 meocopia:
3436 2359 3668 2413 condere
3704 2356 3862 2422 C(Bptl

2322 2459 2373 2510 itt
2408 2472 2502 2511 ora
2533 2455 2894 2525 Propontidis,
2933 2471 2996 2509 ex
3033 2462 3182 2522 parte
3218 2454 3461 2519 Europae,
3508 2452 3558 2502 itt
3598 2465 3681 2508 ,eo
3742 2463 3859 2516 pro-

2322 2550 2438 2616 prio
2464 2548 2601 2612 loco,
2651 2544 3067 2614 qui'Bosportts
3106 2544 3425 2613 appellatur.
3499 2541 3566 2594 Et
3618 2538 3863 2607 ascripsit

2322 2641 2571 2710 margini,
2608 2639 2782 2691 verbis
2811 2639 2892 2689 ltis
2921 2639 3097 2689 locum
3150 2635 3465 2705 sgnilicari,
3532 2647 3639 2701 quo
3678 2631 3860 2685 Sestus

2322 2732 2450 2785 olint
2478 2733 2575 2784 sita
2610 2730 2771 2783 fuerit
2802 2745 2813 2779 :
2850 2745 3083 2798 eumque
3110 2728 3335 2782 Turcica
3377 2728 3559 2794 lingua
3608 2723 3715 2777 dici
3762 2721 3858 2774 Ba-

2324 2835 2566 2891 gazasar,
2626 2819 2739 2872 sive
2776 2819 3144 2888 pracisionem
3200 2816 3361 2888 446
3420 2817 3676 2869 lanciunt.
3726 2813 3856 2877 Quid

2324 2914 2493 2979 magis
2527 2911 2755 2981 absurde
2794 2912 2901 2963 dici
2951 2912 3229 2979 potuisset,
3262 2892 3420 2978 quam
3478 2907 3751 2961 conditam
3798 2908 3855 2955 ad

2326 3006 2628 3073 Bosporum
2704 3019 2903 3068 arcem,
2956 3004 3191 3071 intelligi
3228 3004 3419 3055 debere
3475 3001 3629 3052 sitam
3675 3001 3854 3051 eodem

2325 3100 2465 3163 loco,
2489 3117 2596 3169 quo
2625 3100 2814 3157 Sestus
2862 3098 3002 3151 ‘olim
3060 3094 3388 3149 exstiteriti.
3420 3095 3579 3146 Certe
3634 3090 3858 3144 Neocas—

2327 3202 2466 3245 trum
2500 3194 2599 3246 hoc
2636 3191 2982 3245 Muchentetis
3013 3205 3041 3241 a
3091 3188 3232 3243 Sesti
3263 3186 3459 3240 veteris
3509 3186 3628 3237 loco
3696 3196 3856 3251 prope

2240 3249 2286 3312 C
2320 3284 2423 3335 2th
2448 3283 2769 3336 usilliaribus
2799 3281 2998 3335 Graecis
3027 3280 3209 3344 distat,
3245 3287 3526 3346 totumque
3572 3249 3855 3343 Proponti-

2320 3376 2403 3426 dis
2438 3382 2490 3427 et
2537 3371 2862 3440 Hellesponti
2922 3371 3154 3436 spatium
3210 3369 3291 3421 his
3358 3366 3695 3432 intetjectunt
3732 3371 3852 3441 est.

2321 3464 2471 3529 Quod
2510 3462 2858 3528 autemdicit,
2898 3477 3017 3515 eum
3055 3462 3230 3513 locum
3267 3458 3449 3527 lingua
3514 3453 3739 3509 Turcica
3766 3466 3853 3508 .vo—

2321 3560 2431 3609 cari
2478 3556 2785 3624 Bajazasar,
2843 3559 2955 3612 sive
2988 3544 3357 3625 praecisionem
3399 3550 3636 3601 lanciunt
3661 3565 3673 3599 :
3699 3546 3753 3597 in
3789 3560 3849 3596 eo

2320 3662 2535 3714 quoque
2589 3646 2793 3714 fallitur
2848 3656 2898 3698 et
2942 3644 3263 3697 vecabttlum
3319 3649 3636 3717 corruptum
3685 3634 3848 3705 ponit.

2322 3736 2451 3789 Nam
2487 3738 2719 3791 scribere
2757 3738 2941 3791 debuit
2972 3737 3162 3805 Bagazi
3195 3734 3409 3797 Chisar,
3440 3740 3493 3785 et
3521 3728 3851 3797 interprrtari

2326 3845 2508 3883 arcent
2538 3829 2797 3883 faucium.
2868 3827 3217 3896 Ltetttocopia:
3251 3825 3467 3894 quidem
3509 3822 3687 3877 Gt'zeca
3735 3834 3849 3878 vox.

2323 3935 2427 3988 qua
2467 3918 2734 3973 Laonicus
2764 3920 2949 3981 utitur,
2977 3921 3271 3973 incisuratn
3302 3916 3539 3971 faucium
3574 3911 3848 3980 significat,

2325 4014 2425 4061 hoc
2458 4020 2538 4061 est
2571 4010 2765 4071 locum,
2796 4009 2886 4060 ubi
2919 4007 3051 4067 ﬁnis
3071 4020 3155 4061 est
3210 4009 3401 4057 harum
3463 3998 3685 4068 Bospori
3740 3996 3851 4047 fau-

2320 4103 2486 4165 cium,
2516 4102 2607 4167 qui
2636 4101 2890 4167 deinceps
2923 4102 2976 4150 in
3020 4098 3190 4150 multo
3221 4096 3560 4162 capaciorem
3614 4088 3849 4154 Pmpou-

2324 4192 2447 4243 tidis
2476 4195 2651 4244 sinum
2686 4186 2876 4258 magna
2921 4204 3042 4242 cum
3097 4188 3358 4240 undarum
3406 4182 3656 4236 violentia
3690 4189 3852 4233 semet

2327 4284 2570 4337 elIundit.
2594 4284 2725 4336 Cum
2760 4290 2937 4335 autem
2974 4281 3221 4350 superius
3275 4280 3451 4346 capite
3489 4287 3731 4330 notarum
3781 4269 3849 4324 26

2324 4374 2441 4429 loca
2476 4376 2638 4428 totius
2672 4373 2997 4441 Hellesponti
3055 4381 3108 4426 et
3140 4369 3512 4439 Propontidis,
3547 4368 3666 4423 inde
3692 4382 3847 4431 usque

2328 4481 2358 4518 a
2385 4466 2713 4520 Dardanellis
2752 4480 2831 4519 vet
2861 4465 3125 4528 areihus,‘
3152 4449 3257 4517 hoc
3293 4470 3393 4525 est,
3454 4476 3483 4513 a
3516 4461 3845 4515 cadaveribus

681 4574 824 4628 rium
881 4568 1156 4623 crassities
1219 4567 1283 4616 ad
1340 4566 1407 4617 '50
1442 4569 1601 4635 pedes
1657 4568 1983 4621 extenditur.
2035 4568 2222 4623 Petrus

2329 4559 2465 4615 Se‘sti
2495 4571 2548 4614 et
2576 4560 2767 4629 Abydi,
2806 4560 2867 4611 ad
2897 4557 3082 4611 urbem
3135 4552 3650 4629 Constantinopolim
3687 4560 3736 4605 et
3784 4549 3843 4602 ad

684 4665 909 4736 Gyllius,
955 4664 1254 4713 illustratur
1286 4658 1435 4710 urbis
1488 4667 1540 4709 et
1582 4657 1801 4724 Bospori
1833 4661 2227 4727 diligenspmh

683 4755 1181 4827 titptisllernneutn
1248 4750 1349 4802 huc
1404 4749 1520 4802 loco
1580 4746 2005 4817 promontorium
2064 4752 2229 4805 fuisse

686 4852 891 4914 statuit.
955 4846 1197 4914 Bosporo
1235 4844 1417 4896 datum
1472 4856 1665 4896 nomen
1702 4851 1784 4896 est
1822 4858 1850 4895 a
1892 4854 2228 4899 transnatatu

684 4945 855 5000 bovis.
880 4949 973 4994 aut
999 4936 1207 4992 bucula:
1236 4937 1317 4988 vel
1343 4937 1584 5004 iuvenca:
1610 4935 1808 5000 potius,
1840 4934 2085 4989 videlicet
2114 4938 2223 5001 lns,

689 5032 870 5086 Inachi
908 5031 1047 5100 regis
1078 5028 1395 5095 Argivorum
1434 5024 1574 5086 filiae,
1601 5024 1665 5076 de
1688 5040 1789 5091 qua
1822 5034 1901 5077 est
1949 5026 2000 5077 in
2034 5025 2229 5078 fabulis

672 5116 985 5177 historicis.
1049 5113 1123 5171 Ita
1182 5117 1438 5169 nimirum
1510 5116 1560 5167 in
1609 5117 1915 5183 Originibus
1990 5117 2247 5187 Byzantii.

693 5212 894 5266 Graecis
940 5207 1322 5275 manuscriptis
1385 5204 1628 5275 legimus.
1679 5203 1877 5269 Nullibi
1952 5208 2229 5275 BOsput-ns

684 5302 973 5371 angustior
996 5309 1100 5361 est,
1135 5312 1295 5365 quam
1348 5298 1485 5348 inter
1526 5294 1876 5360 Neocastrum
1927 5310 1982 5352 et
2023 5301 2231 5355 Anatoti

692 5396 905 5445 Chisar.
940 5391 1080 5443 Idem
1112 5386 1315 5455 Gyllius
1360 5395 1556 5439 auctor
1604 5396 1707 5450 est,
1742 5388 2036 5458 Bosporum
2086 5389 2233 5443 Cra:-

695 5486 773 5537 cis
805 5482 985 5534 vocari
1042 5476 1281 5537 Laemon,
1342 5474 1533 5527 Turcis
1599 5474 1811 5545 B0gazi,
1871 5495 1991 5549 quae
2037 5486 2234 5535 nastris

695 5576 1022 5633 suntfauccs
1055 5573 1136 5626 vel
1160 5572 1421 5640 angustiae
1444 5570 1626 5634 maris,
1656 5582 1713 5625 ut
1748 5574 1908 5625 etiam
1940 5574 1991 5627 iu
2019 5574 2236 5625 homine

696 5671 878 5725 fauces
925 5667 1259 5739 appellantur
1322 5661 1547 5716 Laenius.

696 5760 960 5815 Laonicus
985 5761 1085 5813 hoc
1138 5760 1254 5813 loco
1285 5761 1477 5824 posuit.
1530 5752 1707 5814 Nostri
1741 5761 2034 5831 Bosporum
2077 5759 2235 5811 etiam

690 5855 866 5909 sancti
925 5851 1137 5921 GCOt‘gii
1195 5854 1466 5906 Inachium
1538 5855 1901 5918 nominarunt,
1941 5855 2082 5905 vt'lul.
2144 5864 2240 5903 att-

1626 5663 1765 5718 Hinc
1851 5665 2235 5733 Ltetnocupiam
2307 5697 2311 5700 ~

2330 4655 2502 4719 ipsum
2576 4652 2711 4704 adeo
2767 4650 2967 4704 sultani
3017 4646 3289 4721 saraiunt,
3358 4646 3444 4697 ubi
3500 4645 3756 4711 Bosporus
3794 4639 3843 4689 in

2334 4743 2712 4810 Propontidem
2758 4738 3016 4808 prtecipiti
3088 4737 3322 4789 maxime
3392 4732 3555 4788 cursu
3603 4734 3842 4791 illabitur,

2331 4829 2820 4885 enumeraverimus
2847 4844 2859 4879 :
2896 4828 3025 4878 libet
3053 4839 3080 4876 a
3105 4828 3283 4877 Saraio
3311 4822 3506 4876 sultani
3558 4834 3732 4873 tursus
3771 4820 3843 4888 in-

2331 4925 2864 4992 cipiendo,_sursutn
2891 4919 3046 4987 quasi
3104 4917 3299 4969 mentis
3347 4914 3676 4983 navigatione
3722 4926 3841 4977 qua-

2331 5018 2450 5069 dam
2484 5017 2549 5068 ad
2583 5012 2752 5083 ipsum
2812 5025 2982 5080 usque
3041 5008 3204 5061 maris
3250 5007 3443 5059 Euxini
3501 5007 3686 5059 ostium
3732 5017 3841 5069 pro-

2336 5110 2481 5179 gredi
2510 5122 2557 5161 et
2598 5108 2847 5175 utrinque
2886 5106 2988 5158 sita
3036 5103 3174 5165 loca,
3203 5116 3326 5154 cum
3370 5104 3433 5154 ad
3486 5100 3741 5153 dexteram
3789 5094 3839 5143 in

2340 5204 2569 5257 Asiatico
2592 5202 2787 5265 littore,
2823 5209 2935 5253 tum
2960 5197 3027 5251 ad
3057 5198 3332 5251 sinistram
3362 5195 3411 5246 in
3457 5192 3730 5259 Europam,
3755 5200 3843 5237 n0-

2335 5278 2567 5348 miuibus
2607 5295 2798 5362 partim
2824 5290 3042 5358 priscis,
3068 5276 3257 5358 partim
3290 5302 3436 5342 nunc
3490 5289 3716 5343 usitatis,
3762 5296 3839 5327 oi-

2335 5388 2458 5440 dtne
2490 5401 2771 5441 recensere
2797 5401 2811 5437 :
2842 5386 2921 5437 sic
2975 5392 3175 5445 tamen,
3206 5390 3262 5435 ut
3313 5382 3473 5434 nimis
3533 5374 3837 5443 scrupulose,

2338 5496 2482 5553 more
2499 5479 2767 5548 Gylliano,
2798 5488 3031 5538 vetusta,
3060 5478 3272 5544 cognitu
3308 5488 3498 5546 parum
3544 5464 3838 5526 necessaria,

2339 5590 2441 5629 non
2483 5574 2805 5626 inseramus.

2408 5663 2574 5732 Igitur
2614 5660 2808 5729 angulo
2833 5657 3088 5712 sultanini
3144 5655 3306 5712 saraii
3370 5655 3713 5725 respondete
3764 5657 3841 5696 re-

2339 5756 2496 5826 gione
2520 5755 2826 5808 Scutarium
2860 5753 2911 5804 in
2944 5751 3067 5804 Asia
3123 5750 3407 5819 disiunctis
3446 5765 3475 5802 a
3522 5764 3579 5800 se
3637 5740 3839 5796 invicem

2340 5850 2475 5907 locis
2531 5848 2678 5901 hisce
2737 5837 2995 5900 duntaxat
3047 5859 3151 5896 uno
3203 5839 3418 5903 milliari
3461 5838 3663 5895 Graeco.
3723 5832 3842 5884 Anti:
