4032 6344
212 464 331 522 ΜΤ

1363 456 1750 549 ΡΑΝΒΕΟΤΕ
1785 490 1983 555 HIST.
2020 498 2323 562 TURClC.

3208 472 3215 477 ’
3290 509 3410 571 sta

205 593 375 643 vero,
406 595 567 649 quam
613 584 930 657 transjrctus.
965 591 1051 646 hic
1073 606 1373 663 superetur,
1412 596 1666 655 occurrit
1711 603 1763 656 in
1795 602 1837 657 Α
1935 609 1977 660 Α
2005 608 2200 668 Stauro
2251 614 2400 668 locus
2434 614 2484 668 in
2516 615 2719 686 Auaplo
2785 614 2882 688 (sic
2917 621 3056 673 cnim
3080 621 3410 690 lirquenti-r‘

205 668 354 733 ipsis
408 674 564 741 aquis
616 685 855 732 extructa
903 684 1142 749 quaedam
1201 704 1296 741 arx
1357 706 1538 759 parra,
1603 708 1758 763 quam

203 759 439 815 Turrim
471 763 805 845 Scutarinam
832 771 1003 829 δι’κοί
1027 789 1239 845 vocant,
1272 781 1429 835 Turci
1464 784 1757 850 Kisculam,

200 850 317 905 hoc
352 863 456 915 est,
489 869 664 909 arcem
708 850 954 929 virginis,
1020 881 1083 921 ex
1118 883 1281 924 causa
1334 874 1562 942 quadam
1627 879 1753 933 alibi

200 944 557 1008 exponenda.
589 945 660 1001 De
691 947 794 1003 hac
842 967 965 1009 arce
997 968 1123 1013 sunt
1164 961 1511 1033 intelligenda
1562 966 1757 1025 Nicetze

202 1031 411 1099 verba,
435 1036 569 1091 libro
600 1056 670 1104 tv,
701 1058 820 1097 cum
848 1046 923 1101 ait
950 1065 965 1102 :
994 1050 1075 1103 Ab
1126 1052 1230 1105 hoc
1284 1031 1603 1124 imperatore
1644 1060 1755 1127 Ma-

205 1123 378 1178 nuele
429 1128 592 1183 turris
654 1130 740 1184 illa
806 1136 1090 1202 (potuisset
1140 1155 1317 1194 arcem
1362 1123 1602 1217 stertere)
1649 1164 1756 1203 non

200 1217 404 1280 procul
451 1231 480 1271 a
524 1222 851 1279 continente
897 1227 947 1280 in
981 1229 1113 1282 mari
1163 1240 1434 1287 exstructa
1486 1246 1589 1301 est,
1637 1254 1757 1307 quzc

200 1303 454 1381 Damalis
482 1310 726 1377 pridem,
791 1331 931 1370 nunc
984 1320 1173 1374 Arcula
1229 1323 1554 1395 dicitur:et_
1588 1303 1754 1384 altera

203 1398 698 1471 turrisercgione.
744 1407 897 1475 juxta
972 1410 1313 1483 Manganium
1366 1424 1751 1478 monasterium

198 1488 445 1556 (scilicet
488 1493 667 1550 Sancti
708 1498 945 1571 Georgii)
980 1520 1044 1558 co
1070 1509 1317 1575 consilio,
1371 1520 1428 1564 ut
1466 1511 1637 1568 ferrea
1670 1531 1755 1570 ca-

199 1578 335 1633 tena
407 1584 663 1651 utrinque
712 1600 959 1661 extensa,
1010 1596 1253 1654 barbaris
1305 1604 1526 1658 navibus
1575 1607 1752 1662 aditus

198 1666 261 1719 in
290 1669 409 1724 loca
442 1673 591 1728 urbis
615 1676 725 1731 arci
756 1681 953 1745 vicina.
992 1696 1044 1739 et
1075 1697 1304 1745 tractum
1333 1693 1485 1748 ilium
1532 1712 1749 1753 onmem

199 1776 386 1829 usque
435 1766 506 1820 ad
569 1768 936 1829 Blacherniam
996 1780 1217 1849 regiam,
1283 1768 1774 1849 intercluderetur.

198 1854 425 1939 Quibus
461 1858 514 1912 i-n
539 1860 718 1953 verbis
748 1864 980 1953 _Arculae
1028 1886 1216 1926 nomen
1274 1876 1572 1952 signiﬁcare
1622 1896 1750 1953 puto

200 1951 655 2015 parvamarcem.
709 1944 853 2010 Idem
902 1972 1024 2028 post
1082 1958 1283 2034 inquit:
1326 1944 1649 2041 vlmperatoi'
1690 1979 1743 2032 iu

196 2040 411 2108 palatio
436 2045 499 2095 ad
524 2044 806 2115 Damalim,
832 2055 977 2120 quod
1009 2054 1317 2114 Scutarium
1360 2040 1576 2130 dicitur,
1626 2084 1745 2122 ver-

195 2131 451 2186 sabatur.
480 2133 701 2191 Distata
740 2132 1042 2197 continenti
1072 2146 1266 2204 Asiana
1288 2148 1589 2210 Sciitarium
1620 2175 1744 2214 cen-

196 2229 319 2311 tpm
375 2226 641 2289 passibus.
700 2226 904 2285 Nomen
987 2238 1412 2305 oppidovicino
1460 2247 1630 2311 dedit.
1688 2263 1789 2307 utr

192 2308 408 2368 Graecis
444 2315 599 2375 hodie
625 2319 953 2385 Scutarium.
977 2326 1166 2386 Turcis
1213 2332 1449 2391 lscodar‘
1489 2341 1695 2400 dir-atur
1726 2363 1741 2401 :

192 2402 333 2457 uim
363 2422 466 2460 non
501 2408 838 2491 Chalceden,
866 2417 938 2471 uti
958 2418 1181 2484 Jovius,
1204 2424 1490 2491 Peucerus.
1544 2434 1739 2491 Busbe-

192 2494 383 2561 quius,
416 2489 612 2567 aliique
660 2505 831 2566 inaaui
888 2510 983 2561 viri
1048 2523 1303 2581 putarunt
1366 2519 1741 2584 (Chalcedonis

192 2584 347 2637 enim
376 2589 563 2643 rudera
607 2593 666 2646 l0
694 2595 1014 2657 milliarihus
1047 2606 1112 2658 ab
1132 2607 1340 2675 Angulo
1368 2613 1624 2669 sultanini
1649 2635 1739 2673 sn-

193 2675 297 2729 raii
343 2693 535 2735 versus
574 2684 894 2769 Astacenuiii
946 2693 1147 2760 sinum,
1210 2699 1276 2755 ad
1319 2693 1749 2771 promontorium.

194 2768 571 2836 llamalicum,
604 2776 754 2844 juxta
807 2791 1018 2849 portum
1073 2768 1333 2859 Eutropii,
1383 2795 1484 2850 sita
1547 2803 1737 2871 sunt),

192 2862 291 2914 sed
320 2863 697 2937 Chrysopolis.
731 2867 789 2925 Id
830 2884 1006 2929 autem
1038 2870 1234 2948 oppido
1267 2899 1461 2940 nomen
1515 2862 1738 2949 inditum

189 2952 367 3021 :iliqtti
406 2964 614 3023 putant,
646 2969 703 3015 ut
731 2964 846 3017 auri
896 2967 1086 3024 civitas
1139 2972 1424 3043 diceretur,
1462 2982 1528 3035 ab
1583 2999 1738 3053 auro,

189 3045 343 3111 quod
370 3047 498 3103 olim
533 3052 919 3122 antiquissimis
949 3063 1277 3129 temporibus
1326 3084 1422 3137 pro
1454 3045 1737 3133 Persarum

190 3138 419 3204 regibus
448 3139 534 3195 hic
555 3144 738 3199 tributi
765 3149 979 3206 nomine
1005 3157 1220 3220 congeri
1249 3174 1310 3214 ex
1342 3161 1466 3218 Asia
1492 3175 1597 3221 tota
1647 3185 1739 3224 so-

1868 701 2111 755 bistorici
2134 704 2301 760 Graeci
2335 717 2525 761 vocant
2560 709 2669 763 hmo
2698 711 2763 764 ab
2796 701 3020 781 utroque
3056 713 3395 777 ‘laterclom,
3459 705 3462 708 ’

1863 812 1982 864 qua:
2014 814 2229 853 sursum
2269 801 2334 854 ad
2378 801 2641 858 Euxinum
2694 821 2840 861 mare
2869 799 3431 891 navigantibus-com.

1863 890 2179 960 spiciuntur)
2214 895 2488 961 proximus
2518 898 2673 950 estin
2697 902 2882 954 eodem
2913 902 3147 967 Asiatico
3180 889 3395 959 littore.

1861 980 2184 1033 monasterio
2210 983 2479 1051 quondam
2520 982 2724 1054 insigni
2782 989 3047 1055 celebris,
3114 990 3203 1058 qui
3252 981 3399 1043 nunc

1824 1066 1829 1079 ‘
1858 1068 2125 1126 Akimitos
2147 1071 2344 1128 Grazcis
2370 1075 2584 1129 dicitur.
2624 1076 2757 1131 Olim
2793 1078 3006 1133 Akimiti
3043 1083 3393 1140 vocabantur.

1859 1158 2073 1223 hoccst,
2121 1164 2365 1217 monachi
2417 1164 2719 1234 pervigiles,
2756 1178 2999 1239 totasque
3049 1183 3230 1224 noctes
3277 1171 3393 1225 sine

1857 1262 2046 1300 somno
2085 1252 2334 1316 precibus
2365 1263 2414 1306 ct
2446 1255 2658 1323 hymnis
2682 1256 2925 1312 dicendis
2956 1259 3248 1329 exigentes.

1928 1338 2005 1403 Ah
2033 1338 2267 1396 Akimito
2314 1345 2551 1412 pergitur
2610 1348 2675 1399 ad
2720 1348 3177 1418 Chrysokerama,
3218 1352 3425 1407 locum‘

1808 1428 1815 1433 ’
1854 1427 1921 1481 ab
1946 1430 2056 1483 aede
2070 1446 2219 1485 sacra
2242 1433 2466 1498 dictum,
2497 1438 2689 1506 tegulis
2718 1440 2845 1491 olim
2872 1424 3127 1495 inauratis
3178 1456 3392 1498 ornata.

1922 1521 2363 1589 Chrysokeramis
2387 1526 2619 1582 vicinum
2642 1541 2721 1601 est
2743 1532 2979 1591 Anatolis
3005 1533 3260 1590 'Castelli.
3303 1537 3393 1591 Sic
3425 1545 3429 1548 ’

1853 1611 2022 1668 ϐτκοί
2052 1632 2191 1670 nunc
2220 1618 2403 1673 inutile
2429 1631 2641 1685 vocant,
2672 1631 2812 1691 quod
2866 1638 3072 1695 integre
3125 1627 3409 1682 diceretur
3440 1677 3451 1682 -

1851 1696 2095 1762 Anatolis
2122 1707 2245 1773 (hoc
2268 1709 2551 1773 est,Asiae)
2584 1711 2893 1771 Castellion.
2938 1716 3001 1770 Et
3048 1717 3206 1785 paulo
3263 1704 3389 1795 ante

1853 1798 2214 1863 meminimus,
2239 1801 2376 1856 idem
2406 1801 2598 1859 Turcis
2623 1807 2811 1862 codem
2844 1808 3143 1883 signiﬁcatu
3205 1813 3385 1866 vocari

1852 1889 2077 1946 Auadoli
2100 1893 2310 1947 Cliisar.

1920 2002 2068 2058 Ultra
2095 2004 2383 2060 Castellion
2411 2007 2649 2064 Anatolis
2708 2020 2791 2065 est
2816 2009 3200 2083 Mcgalocarya.
3223 2012 3384 2085 447
3448 2015 3451 2019 ’

1850 2095 2056 2163 magnis
2108 2110 2136 2149 a
2199 2098 2429 2153 nucibus
2477 2099 2732 2155 avellanis
2784 2101 3157 2171 dictazqnam
3184 2107 3384 2166 rectius

1849 2186 2017 2240 Greci
2056 2173 2337 2247 ‘voluutad
2364 2202 2577 2247 sanctos
2604 2196 2823 2265 angelos
2856 2198 3140 2252 nominari.
3234 2240 3237 2243 ς

1919 2299 2090 2368 Supra
2148 2302 2566 2376 Megalocaryam
2615 2310 2946 2378 conspicitur
2999 2324 3151 2367 vetus
3199 2313 3382 2367 hieron

1848 2391 1945 2459 (sic
1966 2391 2349 2469 et'l‘urricum
2375 2393 2574 2450 Graecis
2604 2399 2840 2468 vocant),
2866 2400 2916 2454 id
2935 2410 3036 2465 est,
3063 2403 3241 2456 fanum
3272 2402 3389 2456 sire

1847 2478 2129 2552 templum,
2179 2497 2207 2535 a
2253 2483 2606 2540 Constantino
2668 2488 2857 2559 Magno
2911 2494 3223 2546 conditum:
3275 2503 3383 2561 quo

1849 2581 2087 2639 tempore
2122 2571 2369 2628 confecto
2406 2577 2543 2629 bello
2569 2572 2816 2646 Gothico,
2859 2596 3112 2637 reversus
3162 2582 3285 2648 fuit,
3325 2596 3382 2638 ut

1846 2664 2014 2718 Graeci
2046 2680 2188 2718 nunc
2218 2667 2389 2721 aiunt.
2417 2668 2857 2736 Constattamen,
2890 2675 2991 2728 hoc
3018 2675 3145 2729 olim
3165 2680 3380 2745 quoque
3405 2664 3411 2670 ’

1848 2754 1963 2808 loco
2013 2756 2180 2811 fuisse
2206 2760 2540 2828 temporibus
2574 2764 2966 2830 antiquissimis
2993 2767 3247 2836 templum
3278 2766 3405 2821 Ar?

1847 2857 2199 2912 gonautorum
2223 2851 2363 2917 quod
2383 2852 2709 2920 appellatum
2740 2856 2839 2910 fuit
2862 2857 3169 2914 hieronsive
3188 2857 3369 2913 fantur

1845 2933 1991 2990 Jovis
2019 2934 2159 2999 Urii,-
2188 2937 2291 2993 hoc
2323 2950 2428 3004 est,
2464 2941 2957 3012 largientisventos
2980 2950 3262 3004 secundos.
3316 2948 3381 3005 Et

1848 3037 2030 3082 notum
2054 3037 2155 3094 est,
2186 3030 2373 3087 solitos
2398 3033 2750 3102 imperatores
2782 3036 3121 3097 Christianos
3174 3044 3380 3095 mutare

1846 3119 2043 3188 templa
2079 3135 2409 3190 paganorum
2444 3126 2496 3179 in
2526 3126 2693 3180 nostri
2729 3128 2863 3181 ritus
2889 3129 3168 3201 ecclesias.

191 3228 353 3333 litum
380 3229 558 3336 inerit:
585 3234 690 3289 Sed
726 3239 963 3342 origines
1017 3246 1163 3302 urbis
1216 3249 1521 3320 Byzantina!
1568 3259 1726 3314 aliam
1763 3285 1805 3342 ο
1839 3231 2729 3342 “Hilari-uscasmllum-argyron
2758 3240 2921 3293 situm
2953 3249 3037 3295 est
3064 3240 3375 3310 quod-(:35-

190 3320 435 3391 nominis
454 3323 729 3393 rationem,
761 3332 934 3388 verbis
956 3334 1171 3407 Grtecis,
1199 3342 1251 3395 in
1282 3343 1423 3402 hanc
1472 3345 1583 3405 fere
1608 3368 1732 3408 sen-

190 3411 422 3466 tentiam
454 3413 706 3471 referunt.
748 3406 1046 3492 Conspecta
1096 3432 1392 3504 (inquiunt)
1447 3406 1755 3499 confestim,

190 3503 405 3570 aquila,
447 3520 540 3559 cor
589 3508 819 3580 victimae
877 3516 1035 3585 rapit,
1099 3529 1152 3574 et
1207 3522 1260 3576 in
1306 3503 1730 3592 promontorium

191 3591 444 3662 Bosporii
472 3597 665 3655 littoris
691 3601 879 3668 defert,
902 3620 933 3659 e
981 3609 1195 3679 regione
1216 3612 1625 3689 Chrysopoleos,
1646 3629 1731 3680 cui
1775 3658 1778 3660 η

185 3684 428 3769 Cltryses
459 3692 875 3765 Agamemnonis
928 3715 992 3753 ex
1055 3684 1343 3774 Chryseide
1396 3684 1558 3778 lilius,
1613 3684 1733 3782 post

108 3792 116 3798 ‘
189 3794 384 3833 necem
418 3784 602 3850 patris.
625 3784 1044 3855 Clytaemnestra
1076 3794 1285 3861 fugiens
1308 3799 1550 3871 insidias,
1574 3816 1627 3861 et
1665 3810 1731 3864 ad

185 3873 536 3939 quwendum
586 3876 915 3947 Iphigeniam
996 3899 1307 3955 praperans,
1363 3908 1554 3950 nomen
1630 3900 1731 3958 hoc

184 3964 333 4032 apud
364 3964 564 4022 incolas
606 3968 840 4038 reliquit,
869 3976 1155 4041 sepultura:
1182 3996 1293 4034 suae
1327 4000 1728 4055 monumentum

185 4072 312 4111 cum
336 4058 458 4112 istic
490 4060 647 4116 tinem
677 4063 885 4119 vivendi
934 4058 1171 4125 lerisSet.
1210 4072 1416 4139 Quibus
1468 4079 1520 4134 in
1555 4086 1730 4141 verbis

185 4150 617 4214 promontorium
675 4153 915 4223 Bosporii
945 4157 1159 4223 littoris.
1195 4164 1326 4227 illud.
1372 4167 1547 4237 ipsum
1579 4171 1735 4227 intel-

188 4238 396 4307 ligitur,
426 4240 478 4293 in
498 4257 604 4310 quo
630 4260 773 4299 nunc
799 4248 1033 4302 saraium
1069 4254 1410 4312 sultaninum
1469 4261 1729 4319 orientale

184 4331 352 4384 situm
382 4341 486 4387 est.
848 4324 860 4340 ’
1418 4396 1419 4399 η

148 4414 151 4415 ⁷
254 4421 635 4494 AChrysOpOIi
667 4427 777 4483 sive
835 4432 1103 4498 Scutario,
1140 4435 1285 4493 littus
1314 4431 1604 4501 Asiaticum
1654 4448 1729 4505 le-

182 4516 463 4581 gentibus,
519 4522 751 4574 occurrit
800 4526 1027 4590 primum
1108 4544 1293 4600 pagus,
1356 4538 1447 4602 qui
1505 4538 1727 4605 Stauros

180 4602 389 4664 Graecis
421 4609 636 4674 dicitur,
672 4614 738 4663 ah
762 4628 928 4668 aurea
960 4632 1140 4683 cruce,
1172 4637 1333 4689 quam
1368 4624 1422 4679 in
1457 4633 1637 4700 templi
1664 4636 1730 4687 ab
1764 4617 1804 4671 θ

181 4714 241 4751 se
264 4697 464 4753 ibidem
489 4701 919 4757 conditivertice
962 4706 1345 4765 Constantinus
1405 4697 1624 4785 Magnus
1646 4721 1726 4774 in-

180 4788 411 4858 siguiter
437 4784 679 4844 ornatam
720 4794 1065 4849 constituisse
1096 4800 1424 4866 perhibetur.
1469 4784 1718 4864 Sic'enim

177 4880 373 4934 audire
408 4883 473 4936 de
504 4881 812 4941 Theodosio
842 4884 1149 4957 Zygomala,
1201 4894 1543 4961 patriarchali
1605 4916 1725 4963 pro-

128 5022 131 5023 ν
180 4972 473 5036 tuuotario,
535 4976 685 5029 valde
744 4979 903 5032 docto
956 4977 1070 5032 viro
1138 4984 1376 5038 memini.
1444 4985 1508 5039 Et
1556 4989 1722 5056 ipsius

180 5064 363 5132 templi
393 5065 583 5120 ruinas
602 5069 965 5138 amplissimas
986 5072 1272 5141 aliquando
1303 5090 1428 5131 cum
1487 5078 1722 5133 admira-
1762 5092 1765 5097 ·

178 5158 345 5221 tione,
404 5156 690 5215 comitibus
750 5159 1076 5233 Hieronymo
1121 5161 1411 5230 Arconato,
1445 5178 1497 5221 et
1554 5168 1718 5227 Paulo

179 5247 341 5316 liosa,
366 5264 433 5305 ex
454 5265 519 5304 eo
551 5259 788 5321 tempore
833 5254 919 5323 pie
950 5263 1179 5317 mortuo,
1216 5256 1346 5311 viris
1401 5261 1614 5329 Optimis
1665 5272 1713 5317 et

175 5343 543 5407 amicissimis,
567 5344 771 5411 inspexi
797 5361 811 5399 :
836 5360 959 5403 cum
994 5347 1207 5415 navigio
1228 5352 1520 5406 transvecti
1554 5352 1714 5407 Chal-

174 5438 455 5503 cedonem,
482 5436 534 5490 in
590 5424 825 5508 Eutropii
880 5449 1114 5509 portum,
1162 5451 1301 5494 terra
1360 5442 1553 5497 deinde
1586 5461 1710 5513 pro-

176 5526 503 5583 tnontorium
563 5518 889 5585 Damalicnm
946 5532 1167 5601 pedibus
1244 5534 1609 5597 emetiremur,
1656 5538 1708 5589 in

173 5633 277 5686 quo
299 5620 493 5672 rudera
521 5620 696 5690 templi
720 5634 917 5675 sancta:
945 5624 1253 5695 Euphemia:
1300 5626 1527 5679 concilio
1550 5627 1707 5681 Chal-

172 5709 461 5763 cedonensi
499 5711 718 5774 nobilis.
751 5711 803 5766 in
856 5713 1012 5767 horto
1063 5716 1291 5784 quodam
1326 5725 1621 5785 superant:
1654 5730 1707 5801 et

180 5801 243 5854 ad
277 5802 421 5853 hunc
447 5800 633 5873 deinde
666 5819 855 5874 pagum
880 5805 1149 5872 Staurnm,
1185 5808 1393 5880 aliaque
1442 5812 1551 5866 loca
1585 5800 1707 5882 pru-

182 5908 226 5959 gi
240 5891 543 5945 edere-mur.

1838 3321 2014 3378 taldus
2038 3325 2201 3378 etiam
2235 3326 2436 3395 posuit,
2459 3328 2708 3399 Algyrum
2730 3342 2954 3399 evocans.
3030 3388 3034 3393 ,

1905 3437 2175 3495 Hactenus
2213 3442 2265 3493 in
2302 3429 2703 3505 Aslatico.'sive
2751 3446 2940 3500 dextro
2969 3446 3158 3517 Anapli
3181 3451 3373 3513 latere,

1834 3532 1934 3586 sita
1960 3534 2069 3585 loca
2094 3533 2512 3588 numeravimns.
2548 3533 2702 3589 Nunc
2747 3537 2883 3590 idem
2917 3538 3018 3592 iter
3044 3539 3111 3593 ab
3146 3541 3255 3595 imo
3284 3546 3373 3595 're-

1836 3626 2069 3693 petituri.
2113 3626 2263 3681 littus
2304 3624 2616 3696 Europzeum
2648 3627 2885 3696 legamus
2919 3630 2983 3683 ad
3033 3630 3238 3696 larvam,
3271 3632 3370 3686 do-
3410 3655 3415 3660 ν

1834 3730 1930 3768 nec
1958 3708 2139 3771 itidem
2177 3718 2240 3770 ad
2296 3717 2491 3773 ostium
2530 3717 2687 3773 Ponti
2724 3718 2921 3777 Euxini
2973 3723 3367 3791 perveniamus.

1901 3824 2083 3897 Itaque
2121 3828 2305 3884 Galata
2328 3829 2634 3886 Ceratinum
2654 3833 2725 3887 ad
2752 3833 2928 3888 sinmn
2956 3835 3158 3895 relicta.
3188 3832 3365 3892 trans?

1831 3919 2065 3972 eundum
2106 3921 2300 3988 .primo
2355 3924 2806 3989 promontorium.
2849 3927 3027 3977 saraio
3068 3927 3362 3990 sultanino,
3408 3946 3417 3951 ν
3454 3946 3457 3949 π

1831 4026 1859 4063 c
1901 4010 2116 4078 regione
2145 4019 2293 4066 trans
2314 4011 2489 4067 sinum
2512 4022 2791 4068 cornutum
2828 4015 2955 4081 sito,
2990 4018 3359 4087 respondens:

1830 4114 1883 4154 et
1913 4116 2035 4154 mox
2070 4100 2258 4157 oﬁeret
2281 4118 2398 4158 sese
2424 4104 2691 4173 Caravoli,
2718 4107 2866 4163 locus
2910 4110 3055 4163 omni
3091 4100 3361 4165 variorum

1830 4193 2175 4248 aediﬁciorum
2198 4203 2248 4249 et
2269 4190 2543 4251 hortorum
2566 4199 2804 4261 cultura,
2822 4216 2887 4254 ne
2910 4201 3120 4270 templis
3151 4203 3361 4272 quidem

1830 4284 2071 4342 Turcicis
2096 4285 2486 4352 deficientibus.
2531 4292 2979 4347 ammnissimus:
3008 4293 3098 4347 ubi
3125 4294 3364 4350 diverso-

1831 4381 1970 4432 rium
2003 4368 2311 4451 Anglicana:
2358 4381 2779 4454 reginaslegatu
2836 4384 3172 4453 assignatum
3224 4401 3384 4452 erat,

1829 4485 1951 4523 cum
2001 4485 2097 4525 nos
2155 4472 2276 4526 istic
2326 4488 2588 4529 essemus.
2636 4474 2835 4528 Ibidem
2890 4464 3041 4531 Julia
3094 4475 3361 4533 Pesceniac
3428 4508 3431 4511 π

1836 4576 2067 4614 marmor
2090 4562 2330 4616 Graecum
2354 4573 2434 4618 est
2451 4565 2926 4635 elegantissimum.
2946 4570 3101 4638 cujus
3135 4568 3358 4641 inscrip—

1836 4648 2031 4703 tionem
2066 4643 2345 4706 habemus.

1896 4760 2141 4830 Caravoli
2172 4766 2445 4834 proximus
2475 4761 2568 4821 est
2598 4766 2747 4821 locus
2778 4783 2807 4822 a
2842 4768 2900 4822 S.
2943 4769 3135 4826 Phocea
3162 4774 3358 4841 templo

1826 4850 2149 4909 Christianis
2180 4856 2497 4924 appellatus,
2530 4858 2804 4913 Ortachioi
2857 4859 3067 4917 Turcis.
3117 4862 3355 4920 Archion

1826 4943 2016 5010 priscis
2046 4944 2247 4999 dictum
2278 4945 2441 5001 refert
2476 4947 2702 5017 Gyllius.

1896 5054 2039 5109 Ultra
2074 5055 2131 5109 S.
2184 5055 2417 5111 Phocam
2457 5057 2821 5127 Archangelus
2848 5070 2949 5125 est,
2972 5095 2977 5099 ~
3002 5063 3152 5120 locus
3182 5068 3258 5122 sic
3288 5071 3355 5125 ab

1820 5146 2136 5216 archangelo
2157 5148 2408 5205 Michaele
2422 5150 2618 5207 dictus.
2647 5151 2864 5209 Veteres
2903 5156 3230 5229 Catascepen
3258 5178 3351 5212 no-

1820 5239 2074 5301 minasse,
2100 5250 2242 5308 patet
2262 5259 2325 5296 ex
2356 5243 2438 5298 his
2472 5243 2670 5300 Nicetat
2705 5248 2876 5302 verbis
2924 5267 2939 5305 :
2971 5249 3345 5306 Mouasterium

1819 5329 1868 5381 in
1903 5330 2053 5384 Ponti
2087 5330 2336 5387 faucibus
2357 5334 2497 5399 loco,
2526 5338 2618 5403 qui
2659 5338 2943 5407 Catascepe
3009 5342 3221 5405 dicitur,
3252 5360 3348 5396 rx-

1814 5420 2011 5473 struxit
2041 5420 2345 5477 archiducis
2375 5419 2645 5479 Michaelis
2690 5428 2927 5481 nomine.
2968 5427 3167 5484 Vocant
3205 5448 3347 5487 tluttc

1813 5514 1973 5565 etiam
2005 5510 2173 5568 Graeci
2200 5514 2517 5581 Asomaton,
2542 5528 2822 5586 propterea
2858 5522 3001 5589 quod
3024 5524 3197 5593 angeli
3228 5541 3341 5581 cor-

1810 5605 1958 5674 poris
1995 5614 2241 5677 expertes
2262 5605 2392 5660 sint.
2938 5674 2941 5675 ν
3302 5626 3305 5627 ⁷

1878 5717 2002 5772 lude
2040 5720 2348 5785 pervenitur
2377 5718 2442 5773 ad
2500 5705 2893 5790 Diplokioniou,
2936 5726 3013 5781 sic
3047 5726 3249 5780 dictum
3304 5746 3336 5782 a

1809 5811 2033 5881 geminis
2062 5814 2347 5878 columnis,
2400 5818 2542 5881 quod
2572 5814 2730 5871 Turci
2772 5816 3030 5883 Besictas,
3065 5822 3225 5875 veluti
3263 5826 3338 5874 Iu—

1809 5905 1980 5973 pidcm
2000 5902 2271 5963 cunarum
2303 5918 2512 5964 vorant.
2534 5909 2608 5964 lhi
2639 5900 3130 5971 momuncntnmcst
3159 5922 3336 5986 sepul-
