4032 6344
672 530 781 594 819

1847 530 2165 594 JUANNIS
2196 534 2659 596 LEUNCLAVII

3765 527 3871 589 820

673 657 806 701 tura:
834 644 1173 700 Chairadinis
1204 644 1400 708 Bassm,
1436 647 1524 700 cui
1556 649 1622 699 ah
1658 644 1807 702 Italis
1848 664 2044 703 nomen
2074 649 2208 702 Bar-
2238 661 2283 714 Α
2313 647 2986 713 monstrabatArconatus,
3014 662 3040 701 a
3070 645 3245 717 Gyllio
3270 662 3375 701 non
3406 645 3869 699 aninmdvcrsam.

672 739 911 791 barossze
939 736 1121 790 datum
1151 736 1270 791 fuit.
1296 735 1539 798 Meminit
1569 739 1655 793 hic
1673 754 1794 793 eum
1830 740 2113 809 sepultum
2148 740 2212 792 li-

674 830 772 882 her
800 831 911 897 ipse
938 829 1252 891 Annalium.
1291 829 1355 883 ad
1406 845 1607 885 annum
1633 830 2003 886 Christianum
2054 832 2208 885 1547.

676 918 1045 987 Diplokionion
1093 919 1288 990 priscis
1321 919 1525 975 dictum
1561 929 1679 976 erat
1721 919 2023 977 Jasoninm.
2058 921 2213 975 Orte-

672 1009 775 1063 lius
811 1027 916 1066 non
945 1021 1093 1067 recte
1114 1011 1422 1083 Diplociana
1460 1014 1696 1082 scripsit,
1721 1029 1821 1084 pro
1846 1013 2207 1083 Diplekiouio,

670 1113 724 1156 ct
750 1103 959 1169 Bisitas,
997 1120 1091 1174 pro
1113 1104 1370 1161 Besictas.

738 1193 887 1249 Ultra
927 1195 1312 1264 Diploleionion
1344 1205 1423 1251 est
1450 1197 1525 1261 id,
1551 1197 1617 1252 de
1663 1215 1771 1267 quo
1803 1198 2011 1268 prolixe
2066 1213 2210 1252 nunc

668 1288 898 1358 egimus,
941 1286 1288 1344 Neocastron.

740 1381 875 1438 lIinc
904 1384 1011 1437 itur
1043 1384 1107 1437 ad
1134 1385 1329 1460 locum,
1360 1385 1544 1441 Stenia
1574 1402 1717 1439 nunc
1745 1386 1972 1447 dictum,
1993 1384 2213 1438 nomine

666 1481 925 1541 corrupto
954 1474 1020 1528 de
1058 1473 1365 1540 Sosthcnio,
1399 1477 1452 1529 ni
1486 1477 1663 1531 fallor.
1694 1480 1802 1530 Aut
1831 1478 1929 1528 hoc
1960 1475 2089 1528 illud
2128 1482 2213 1529 est

669 1560 896 1625 Stenon,
923 1560 1236 1620 Cedrino-et
1264 1567 1382 1623 aliis
1411 1566 1719 1635 frequenter
1747 1567 2105 1619 nominatum.

741 1654 993 1723 Sequitur
1024 1653 1315 1718 Neochort.
1347 1657 1487 1725 quod
1510 1657 1588 1713 sic
1622 1658 1936 1710 enuntiatur
1962 1671 1990 1710 a
2013 1655 2213 1710 Griecis

667 1744 850 1810 hodie.
885 1761 1005 1819 cum
1034 1748 1504 1805 sitoNeochorion.
1529 1750 1807 1820 Signitlcat
1835 1758 2013 1804 autem
2034 1750 2209 1803 locum

665 1839 747 1890 vel
789 1854 976 1908 agrum
1006 1841 1264 1908 praedium
1276 1857 1335 1895 vc
1350 1857 1587 1922 .novum.
1750 1824 1753 1825 ν

743 1931 917 1999 Supra
947 1930 1289 1988 Neochorion
1321 1951 1488 2005 pagus
1516 1945 1603 1990 est
1635 1935 1920 2006 Pharapia.
1950 1933 2039 1989 Sic
2068 1934 2209 1988 enim

669 2038 699 2075 a
740 2020 1210 2094 Graeciseﬂertur,
1242 2042 1269 2080 a
1301 2030 1499 2084 nostris
1527 2027 1817 2098 Therapia.

742 2114 1061 2171 Pervenitur
1090 2117 1216 2172 hinc
1243 2120 1307 2172 ad
1346 2118 1615 2189 Panagian
1645 2132 1731 2176 sto
1755 2134 1944 2175 mauro
1976 2120 2138 2186 melo,
2165 2121 2217 2176 id

670 2219 771 2271 est.
826 2210 894 2265 ad
932 2212 1331 2271 sanctissimam
1387 2214 1670 2282 Deiparam
1722 2214 2009 2284 virginem,
2058 2214 2215 2269 sitam

671 2290 972 2372 ad'nigram
1015 2303 1206 2358 molem
1262 2313 1469 2373 portus.
1503 2305 1729 2370 Quidam
1787 2320 1817 2361 e
1848 2307 2009 2374 vulgo
2048 2303 2217 2372 nomi-

674 2406 829 2458 nant,
860 2395 924 2449 ad
949 2397 1345 2473 sanctissimam
1384 2396 1664 2467 Deiparam
1689 2400 1774 2453 die
1803 2416 1869 2452 xv
1896 2398 2145 2467 Augusti.

741 2489 940 2544 Ultima
976 2489 1164 2546 Turris
1201 2492 1372 2546 estad
1433 2492 1605 2561 ipsum
1660 2490 1817 2545 Ponti
1848 2492 2067 2555 ostium,
2094 2506 2215 2543 cum

670 2598 809 2649 pago
844 2597 872 2635 a
907 2582 1109 2638 Graecis
1158 2584 1476 2645 inhabitato,
1509 2586 1646 2637 sita:
1696 2584 1838 2637 sicut
1871 2592 1926 2636 et
1960 2584 2217 2635 hactenus

675 2675 1034 2729 iudicatorum
1063 2677 1347 2745 utriusque
1374 2676 1573 2729 littoris
1602 2677 1841 2729 locorum
1895 2676 2083 2729 incolae
2110 2674 2218 2727 fere

672 2767 843 2823 Grieci
872 2777 1016 2823 sunt.
1054 2768 1186 2820 Eam
1230 2768 1420 2821 turrim
1472 2767 1812 2837 Busbequius
1865 2768 2097 2822 Pharum
2130 2781 2219 2818 v0-

674 2855 869 2909 cahulo
920 2855 1087 2907 veteri
1124 2855 1385 2925 nominat,
1418 2856 1508 2911 sed
1547 2858 1743 2911 accola:
1785 2857 2092 2912 lenarion
2127 2871 2217 2924 ap-

674 2946 894 3013 pellant,
931 2960 958 2998 a
990 2945 1177 3001 Graeco
1212 2948 1377 3002 verbo
1401 2948 1643 3003 derivata
1665 2964 1821 3009 voce.
1856 2948 1997 3015 quod
2040 2949 2219 3001 lucen-

676 3038 732 3091 di
777 3037 1222 3110 signiﬁcationem
1258 3041 1439 3096 habet.
1479 3041 1688 3110 Quippe
1721 3051 1882 3094 noctu
1923 3041 2069 3095 faces
2123 3055 2219 3092 ac-

670 3130 977 3185 cenduntur
1036 3131 1087 3183 in
1119 3146 1369 3200 suprema
1427 3135 1593 3185 turris
1625 3140 1797 3200 parte,
1838 3146 1999 3199 quam
2046 3128 2219 3183 animi

675 3239 839 3277 causa
873 3224 1311 3284 conscendimus.
1355 3235 1415 3276 ut
1445 3224 1510 3278 ad
1541 3224 1736 3277 ostium
1774 3222 1928 3276 Ponti
1966 3223 2219 3291 navigan-
2282 3222 2290 3233 "

675 3315 810 3368 tium
862 3315 1217 3370 incolumitati
1272 3317 1606 3372 consulatur.
1657 3321 1697 3370 A
1749 3315 2216 3382 Constantinopoli

678 3410 837 3462 distat
874 3407 975 3463 hoc
997 3409 1192 3464 ostium
1224 3411 1388 3464 maris
1413 3408 1607 3474 Euxini
1637 3410 1961 3465 milliaribns
2017 3407 2219 3463 Graecis

677 3501 798 3567 plus
822 3500 1000 3554 minus
1026 3501 1114 3555 55.
1140 3500 1357 3571 Scopuli
1390 3519 1526 3557 saxo
1545 3503 1666 3557 vivo
1696 3503 1780 3557 siti
1804 3503 1912 3556 dno
1944 3513 2070 3557 sunt
2097 3511 2221 3554 ante

675 3592 832 3648 Ponti
868 3595 1090 3659 ostium,
1132 3609 1240 3664 quo
1298 3597 1352 3648 in
1392 3595 1690 3663 Bosporum
1725 3612 1918 3665 magna
1971 3597 2018 3651 vi
2052 3598 2223 3649 semet

677 3696 958 3741 exonerat.
993 3685 1083 3739 Ilae
1109 3689 1315 3743 scilicet
1353 3687 1458 3743 illae
1503 3689 1732 3759 Cyaneae
1766 3689 1882 3742 sive
1911 3687 2221 3758 Symplega-

677 3776 796 3833 des.
827 3776 941 3829 sive
963 3776 1200 3832 Planctae
1220 3793 1367 3844 sunt,
1394 3793 1531 3848 quas
1572 3781 1686 3847 ipse
1716 3778 2051 3847 Busbcquius
2087 3791 2222 3847 pene

676 3869 886 3937 putavit
915 3867 1322 3935 fabulosas,aut
1359 3873 1598 3926 invenire
1629 3887 1686 3926 se
1712 3872 1912 3936 saltim,
1941 3872 2085 3925 velut
2116 3870 2221 3923 alio

677 3964 981 4026 devolutas.
1014 3965 1253 4033 potuisse
1282 3966 1513 4032 negavit.
1538 3965 1731 4021 Insulae
1752 3964 1947 4035 priscis
1970 3965 2051 4017 hae
2078 3963 2223 4023 dice-

676 4060 1005 4110 hanturnon
1052 4058 1190 4125 quod
1223 4056 1332 4111 sint
1368 4073 1591 4126 magnae,
1656 4058 1749 4112 sed
1796 4055 1940 4123 quod
1988 4055 2222 4122 undique

678 4149 816 4201 mari
834 4148 991 4201 velut
1015 4148 1261 4201 insulillte
1287 4148 1367 4201 vel
1392 4148 1608 4214 nisidia,
1641 4148 1779 4202 sicut
1806 4146 1976 4201 (ἔτεεί
2002 4155 2220 4211 vocant,

679 4242 986 4296 alluantur:
1010 4240 1254 4310 Cyane-at,
1302 4239 1443 4308 quod
1479 4255 1544 4293 ex
1577 4240 1859 4294 intervallo
1892 4253 2087 4309 magno
2125 4240 2231 4318 ad-.

681 4334 1059 4408 navigantibus
1107 4332 1394 4389 caeruleum
1437 4333 1501 4389 de
1537 4350 1596 4388 se
1650 4332 1882 4388 colorem
1923 4335 2218 4403 praebeant:

680 4434 1061 4504 Symplegades
1092 4441 1144 4485 et
1181 4432 1411 4485 Plancus
1442 4445 1468 4483 a
1515 4429 1969 4497 conquassatione
2013 4439 2221 4491 mutua,

682 4544 786 4596 qua
825 4527 1192 4595 Spectantibus
1218 4538 1284 4577 ex
1316 4531 1522 4578 remoto
1546 4522 1718 4589 spatio
1762 4535 1871 4573 non
1916 4531 2132 4589 tangere
2166 4534 2225 4573 se

682 4631 891 4674 tantum
919 4619 1317 4681 existimantur,
1340 4617 1541 4670 "verum
1568 4616 1729 4668 etiam
1758 4613 1877 4667 loco
1912 4612 2135 4675 moveri,
2176 4624 2228 4665 et

2314 742 2540 810 Sphingi
2572 742 2860 811 respondet
2912 739 3216 808 inscriptio,
3254 754 3410 807 quam
3442 738 3514 791 ah
3548 736 3675 791 aliis
3702 735 3873 791 omis-

2312 849 2427 888 sam
2455 849 2655 904 ponere
2684 835 2858 888 libuit.

2768 965 2887 1004 ιδινο
2921 966 3117 1004 CAESARI
3178 964 3203 1000 Α
3215 961 3411 1001 τηνετο

2878 1038 2928 1075 ιι.
2969 1034 3276 1074 ειΑΝΝιῐιιγε

2820 1107 2869 1144 L.
2908 1107 2955 1143 F.
2993 1106 3152 1144 (ΠΛ...
3189 1104 3352 1143 PONTO

2309 1203 2474 1274 us
2519 1202 2628 1257 Nec
2661 1210 2839 1256 tamen
2888 1203 3176 1257 defuerunt
3239 1202 3329 1256 hic
3378 1202 3507 1256 olim
3556 1204 3717 1257 etiam
3764 1202 3869 1257 Cn.

2313 1293 2551 1361 Pompeii
2580 1302 2949 1358 monumenta,
2986 1293 3174 1346 relicta
3208 1294 3259 1346 in
3310 1293 3394 1347 his
3447 1293 3587 1347 locis
3619 1292 3750 1346 inde
3802 1293 3871 1345 ad

2313 1384 2420 1438 illis
2450 1399 2620 1452 usque
2648 1384 3005 1452 temporibus,
3044 1398 3168 1437 cum
3202 1382 3500 1451 imperator
3533 1383 3715 1451 populi
3756 1383 3872 1436 Ro-

2312 1474 2459 1529 mani
2495 1485 2684 1528 contra
2741 1473 3128 1538 Mithridatem,
3185 1473 3339 1527 Ponti
3408 1489 3611 1541 regem,
3664 1474 3871 1528 bellum

2311 1574 2556 1634 gereret.
2616 1564 2805 1621 Exstat
2879 1581 3046 1620 unum
3104 1565 3283 1619 adhuc
3338 1565 3515 1620 liberti
3578 1568 3871 1633 cujusdam

2313 1657 2625 1724 Pompeiani
2683 1672 2944 1721 marmor,
2991 1658 3131 1726 quod
3170 1672 3279 1710 non
3316 1657 3501 1725 procul
3547 1673 3576 1710 a
3636 1656 3872 1711 Casanis

2314 1751 2487 1804 bassaa
2545 1749 2761 1804 tnessita
2820 1748 3113 1817 (quondam
3164 1748 3355 1802 illustri
3417 1750 3477 1803 S.
3544 1747 3874 1802 Theodosia

2313 1838 2539 1910 templo)
2573 1855 2735 1907 supra
2768 1839 2958 1894 navale
2989 1838 3332 1893 Sultaninum
3362 1841 3487 1903 sita,
3513 1839 3873 1908 conspicitur.

2313 1934 2369 1988 Id
2418 1932 2805 2001 pulcherrimis
2837 1926 3122 1987 exaratum
3172 1932 3377 2022 litteris
3410 1930 3713 1993 Romanis,
3756 1933 3875 1993 haec

2241 2030 2285 2085 Β
2318 2025 2478 2111 verba
2505 2024 2764 2079 continet.

2663 2172 2717 2211 τ.
2774 2172 2859 2213 CN.
2909 2171 3189 2212 POIPEIVS.
3237 2170 3498 2212 PHILINVS.

2792 2242 3029 2283 POMPEIE
3081 2242 3392 2282 νιιιιοιιειιλε

3012 2313 3165 2352 Ρη.ῑῶ

2996 2384 3064 2424 ET
3088 2384 3187 2422 SIBI

2320 2482 2491 2538 Ilabet
2528 2484 2694 2538 lector
2733 2499 2840 2538 uno
2881 2486 3272 2554 comprehensa
3319 2486 3490 2554 capite
3534 2502 3641 2539 non
3675 2502 3874 2555 pauca,

2318 2578 2516 2645 quibus
2548 2586 2652 2630 tam
2687 2577 2894 2645 prolixe
2916 2576 3287 2655 recensendis,
3319 2578 3363 2631 si
3409 2587 3605 2646 prreter
3633 2578 3874 2633 cilicium

2319 2684 2367 2723 et
2391 2670 2699 2723 institutum
2722 2669 2885 2723 alicui
2916 2668 3113 2723 fecisse
3133 2669 3353 2723 videbor
3372 2708 3387 2728 ,
3413 2673 3703 2724 excusabit
3723 2673 3873 2739 apud

2319 2779 2500 2833 arquos
2530 2748 2847 2832 mejutdices
2873 2762 3097 2815 infixum
3139 2762 3318 2815 animo
3347 2761 3557 2818 fervens
3596 2764 3873 2831 explican-

2319 2855 2373 2908 di
2425 2870 2508 2908 res
2559 2853 2774 2913 Grazcas
2818 2863 2872 2907 et
2919 2853 3176 2909 Tui-eicas
3225 2855 3485 2917 studium,
3517 2870 3638 2908 cum
3687 2871 3869 2909 rerum

2323 2949 2560 3014 ipsarum
2615 2950 2878 3003 varietate
2938 2960 3046 3003 tam
3114 2950 3251 3013 utili,
3298 2964 3459 3019 quam
3507 2950 3730 3003 minime
3777 2958 3870 3004 ta—

2320 3039 2491 3094 diosa.

2398 3153 2527 3210 1‘29.
2567 3153 2783 3223 Tempus
2811 3170 3006 3211 certum
3032 3168 3198 3226 capta:
3225 3157 3762 3222 Constantinoitoleos.

2390 3246 2612 3300 Certum
2643 3258 2745 3309 ρει,
2779 3259 2989 3315 captam
3030 3246 3559 3319 Constantinopolim
3590 3266 3617 3305 a
3647 3251 3872 3304 Muche-

2325 3346 2462 3391 mete
2490 3336 2533 3389 Il
2592 3340 2681 3391 die
2734 3337 2804 3391 29
2831 3339 3031 3393 mensis
3057 3339 3179 3406 Mai,
3215 3356 3373 3409 quem
3424 3357 3476 3395 tv
3509 3343 3631 3399 Kal.
3678 3340 3872 3396 Junias

2308 3436 2766 3495 ,vocamus,‘anno
2790 3429 3098 3485 Christiano
3138 3431 3294 3498 I455,
3346 3449 3452 3487 non
3489 3434 3642 3496 “32,
3683 3450 3875 3502 quean-

2320 3521 2604 3575 admodum
2667 3522 2808 3592 apud
2858 3522 3084 3580 Eneam
3139 3526 3365 3581 Silvium
3402 3543 3493 3593 per
3524 3542 3762 3580 errorem
3812 3528 3876 3580 ii-

2320 3613 2488 3667 brarii
2524 3614 2753 3671 fortasse
2775 3608 3040 3688 Scriptum
3077 3619 3291 3690 legitur.
3334 3620 3517 3673 Potest
3562 3620 3661 3673 hoc
3709 3621 3874 3674 etiam

2319 3723 2381 3761 ex
2406 3708 2694 3779 collatione,
2712 3709 3207 3765 Mahumetanorum
3234 3716 3499 3766 anuOrum
3526 3712 3590 3766 ad
3609 3711 3878 3768 Christia-

2322 3815 2418 3855 nos
2443 3802 2641 3871 colligi.
2667 3802 2868 3859 Caetera
2898 3805 2963 3858 de
2986 3804 3250 3857 urbistam
3270 3804 3566 3865 obsidione.
3596 3822 3755 3876 quam
3785 3823 3879 3863 oc-

2322 3894 2628 3963 cupatione,
2654 3895 2771 3951 licet
2803 3878 3243 3965 paucisexposita
3273 3898 3380 3953 sint
3402 3900 3737 3963 verbis,utin
3767 3902 3879 3955 An-

2322 3988 2536 4041 nalibus
2555 3989 2664 4043 ﬁeri
2707 3990 2860 4052 solet,
2884 3989 2948 4042 iis
2979 3997 3157 4043 tamen
3193 4002 3553 4046 consentanea
3587 4004 3732 4055 sunt,
3754 4009 3878 4064 qua:

2322 4082 2785 4150 Chalcoeondyles
2824 4082 3111 4151 prolixius,
3150 4091 3207 4137 ut
3238 4084 3291 4137 in
3316 4083 3563 4148 historia,
3600 4087 3877 4139 memoriae

2327 4174 2583 4241 prodidit.

2364 4265 2482 4318 150.
2520 4267 2835 4330 Atmindan,
2885 4268 3126 4321 columna
3172 4272 3491 4336 serpentino,
3548 4280 3847 4324 statuarum

2958 4343 3243 4393 sticltioses.

2398 4431 2687 4485 Atmindan
2718 4431 2985 4499 signiﬁcat
3021 4431 3217 4485 Turcis
3245 4446 3370 4485 eum
3406 4432 3877 4502 Constantinopoli

2328 4526 2526 4587 locum,
2567 4540 2723 4593 quem
2758 4526 2824 4576 ah
2861 4539 3127 4592 equorum
3182 4539 3346 4578 cursu
3401 4524 3574 4579 Graeci
3623 4526 3881 4579 dixerunt

2328 4615 2774 4684 llippodrontum.
2829 4614 2963 4668 Nam
3000 4617 3042 4669 si
3083 4617 3302 4671 verbum
3340 4619 3512 4685 verbo
3539 4618 3758 4684 reddas,
3814 4620 3882 4673 Αι

685 4716 755 4767 ita
782 4709 947 4771 coire,
975 4708 1238 4761 duntaxat
1283 4722 1424 4759 unus
1472 4715 1531 4758 ut
1571 4721 1692 4758 esse
1734 4706 2008 4769 scopulus,
2062 4719 2224 4755 IIIIUIII
2262 4727 2303 4781 ο
2333 4719 2385 4759 el,
2426 4706 2638 4760 Mindan
2696 4707 3003 4775 signiﬁcant
3032 4722 3291 4775 equorum
3339 4709 3515 4763 locum
3545 4722 3801 4778 capacem
3830 4720 3881 4763 et

686 4804 946 4866 nisidion,
990 4801 1302 4855 videantur.
1332 4796 1482 4853 Hanc
1535 4798 1845 4865 Opinionem
1878 4801 1941 4849 de
2000 4795 2229 4864 Cyaneis

686 4913 859 4952 meam
891 4894 1141 4964 Gregorio
1160 4892 1318 4948 verba
1344 4894 1477 4956 haec,
1515 4906 1545 4945 e
1573 4891 1709 4943 libro
1739 4889 2096 4943 Historiarum
2154 4905 2226 4946 ιν,

686 4992 1009 5074 conﬁrmant
1036 5009 1047 5043 :
1076 5006 1094 5039 ι
1127 4986 1589 5047 Promontorium,
1625 4985 1818 5052 inquit,
1846 4983 2027 5049 templi
2062 4983 2231 5049 Argo-

686 5081 1156 5147 nautarum,quod
1190 5078 1262 5132 Os
1292 5077 1448 5130 Ponti
1477 5077 1814 5145 appellatur:
1852 5075 1939 5127 ubi
1985 5074 2229 5143 Cyaneas

686 5186 739 5229 et
778 5174 1022 5228 Planctas
1048 5186 1171 5233 esse
1213 5168 1383 5223 Graaci
1434 5168 1705 5235 quondam
1742 5168 2029 5220 dixerunt:
2071 5166 2232 5218 nimi-

687 5283 805 5322 rum
836 5267 890 5317 in
918 5265 1038 5333 ipso
1072 5263 1221 5315 Ponti
1255 5263 1414 5314 ostio.
1434 5258 1556 5313 Hrec
1578 5259 1757 5312 omnia
1795 5273 1923 5311 sane
1948 5258 2232 5326 diligenter

687 5358 956 5425 inSpieere
1002 5354 1087 5408 bis
1116 5353 1355 5441 memini,
1402 5362 1664 5417 praisentc
1702 5350 2029 5418 Hieronymo
2065 5350 2235 5400 Arco-

691 5460 836 5513 nato,
866 5443 1164 5514 praestantis
1194 5439 1393 5509 ingenii
1423 5442 1569 5495 viro:
1606 5441 1695 5509 qui
1734 5456 1844 5493 rem
1876 5440 2134 5493 memoria
2153 5439 2232 5489 di-

690 5557 848 5610 gnam
888 5537 972 5591 hic
1006 5534 1135 5589 mihi
1172 5533 1377 5601 primus
1408 5534 1747 5601 suggerebat.
1776 5533 1957 5586 Altera
1988 5530 2231 5601 Symple-

692 5632 909 5696 gaduin,
944 5641 1105 5697 quam
1143 5623 1454 5692 simpliciter
1512 5640 1701 5678 saxum
1754 5623 2092 5693 Busheqoius
2137 5637 2234 5687 ap-

695 5722 931 5791 pellavit,
963 5718 1119 5773 habet
1146 5716 1452 5771 columnam
1483 5728 1717 5771 veterem
1755 5733 1820 5771 ex
1849 5718 1969 5769 allio
1996 5727 2232 5767 marmo—

696 5833 773 5878 re,
813 5829 972 5883 quam
1008 5812 1195 5880 vulgus
1218 5811 1339 5864 istic
1363 5808 1597 5878 Pompeii
1641 5810 1943 5865 columnam
1975 5806 2107 5859 falso
2142 5818 2235 5855 vo—

698 5918 805 5958 cat.
850 5906 908 5957 In
964 5904 1064 5957 hac
1093 5908 1287 5971 praeter
1334 5902 1459 5967 alia,
1518 5916 1638 5969 qua:
1671 5900 1878 5971 Gyllius
1948 5898 2233 5966 diligenter

700 5997 937 6057 scztavit
996 6005 1049 6050 ct
1106 5994 1411 6064 descripsit,
1464 5995 1691 6063 Augusti
1751 5992 2042 6061 Sphingem
2102 5990 2228 6041 mihi

2333 4799 2591 4867 amplum.
2616 4799 2881 4851 Columna
2905 4801 3218 4867 serpentino
3254 4818 3396 4855 nunc
3427 4803 3588 4854 etiam
3610 4813 3881 4869 superest,

2330 4904 2396 4941 ex
2435 4904 2538 4942 tere
2569 4887 2730 4949 facta,
2771 4890 2849 4941 sic
2877 4889 2944 4941 ab
2973 4889 3081 4945 imo
3108 4891 3408 4945 convolutis
3443 4895 3581 4945 inter
3623 4906 3679 4945 se
3719 4894 3885 4961 spiris

2334 4979 2600 5045 serpentis
2634 4979 2881 5046 triplicis,
2942 4988 3000 5031 ut
3047 4980 3098 5032 in
3125 4989 3301 5048 parte
3352 4981 3620 5048 superiori
3661 4984 3883 5038 tandem

2333 5085 2452 5123 sese
2493 5080 2597 5123 tres
2626 5071 2889 5133 cervices,
2922 5072 3129 5137 triaque
3178 5074 3485 5140 serpentino
3514 5075 3712 5142 capita,
3744 5076 3886 5129 divi-

2335 5162 2465 5212 dant
2504 5176 2567 5215 ac
2621 5173 2869 5229 separent
2901 5164 2953 5216 in
3010 5163 3235 5217 formant
3296 5164 3647 5231 triquetram:
3685 5167 3887 5233 quibus

2336 5255 2607 5321 quondam
2641 5258 2949 5323 accepimus
2981 5255 3293 5324 impositum
3327 5256 3393 5310 ab
3429 5259 3578 5314 urbis
3602 5262 3888 5315 conditore

2341 5348 2696 5401 Constantino
2741 5349 2933 5416 Magno
2970 5347 3134 5401 fuisse
3169 5348 3463 5415 plurimum
3504 5353 3725 5420 scriptis
3747 5355 3889 5408 cele-

2342 5439 2551 5492 bratum
2594 5442 2741 5494 illum
2776 5441 3038 5507 tripodem
3065 5439 3327 5508 Apollinis
3350 5442 3691 5510 Delphicum.
3732 5444 3887 5512 Quod

2340 5530 2432 5591 ait,
2468 5532 2717 5589 rll'ectum
2739 5531 2905 5583 fuisse
2936 5545 3032 5597 per
3063 5530 3164 5582 hoc
3190 5532 3562 5596 simulacrum,
3592 5546 3650 5586 nt
3671 5553 3740 5591 eo
3792 5544 3892 5596 du-

2344 5632 2493 5682 rante
2514 5624 2689 5674 nullus
2711 5632 2850 5675 esset
2902 5620 2953 5672 in
2987 5622 3118 5675 urbe
3139 5638 3395 5691 serpens:
3446 5638 3509 5675 ex
3541 5630 3894 5693 opinionibus

2342 5709 2647 5765 Gl'c'BCOI‘IIIII
2679 5710 2996 5764 Muchemeti
3033 5714 3257 5766 relatum
3305 5713 3401 5765 fuit
3429 5731 3442 5765 :
3484 5730 3713 5783 quorum
3741 5723 3796 5775 in
3830 5724 3896 5775 li-

2336 5803 2430 5856 bro
2463 5805 2827 5867 maunsCripto
2848 5803 2912 5855 de
2947 5804 3092 5857 urbis
3115 5805 3375 5868 aediliciis,
3400 5820 3559 5875 quem
3604 5812 3888 5878 habemus,

2342 5897 2640 5951 Stichiosvs
2689 5896 2951 5962 ejttsriititli
3004 5901 3106 5965 (sic
3159 5902 3299 5951 enim
3343 5902 3633 5969 appellant)
3683 5917 3892 5962 statu:-

2343 6006 2457 6041 t'unt
2492 5989 2651 6041 variae
2681 5988 2951 6056 leguntur,
2979 5999 3031 6042 et
3061 5991 3273 6059 quidem
3314 5994 3380 6048 ab
3426 5996 3712 6059 Apollonio
3744 5996 3888 6065 Tya-
