4032 6344
629 431 731 492 821

1816 433 2058 493 JOANN
2071 434 2136 493 IS
2174 435 2632 508 LEUNCIAVII

3728 429 3825 493 83$

627 549 791 614 Sinap
822 546 1107 599 scribatur.
1141 544 1450 599 Tarabosan
1484 547 1674 600 Turcis
1725 556 1808 600 est
1869 545 2165 616 Trapezns,
2198 563 2240 610 Α
2272 551 2443 617 capite
2469 562 2716 608 notarum
2751 553 2840 607 5‘2.
2877 551 3020 606 ldctn
3074 547 3537 618 Clialcocondyles
3568 546 3823 599 Dommici

625 649 748 692 nota
821 641 972 691 sedes
1021 637 1416 690 Conmeuornm
1462 639 1781 707 principum,
1836 639 1926 706 qui
1989 638 2174 691 audire

623 730 875 782 volebant.
903 729 1268 796 imperatores.
1308 727 1537 781 Ultimus
1554 730 1670 796 ejus
1690 730 1882 800 gentis,
1910 746 1937 782 a
1959 729 2174 782 Muelle-

592 829 765 873 '-mete
794 821 987 881 victus,
1019 819 1115 872 fuit
1139 820 1368 872 Davides
1420 820 1750 873 Conmenns.

623 933 742 986 157.
794 932 991 987 Draco!
1021 931 1230 994 Weida,
1263 931 1479 1014 Bquns,
1557 931 1743 992 Vlada,
1783 931 2029 984 Matt/tias
2063 928 2170 984 Uu-

585 1041 588 1044 .
1245 1019 1406 1070 θαι-ιω
1438 1019 1546 1055 rex.

697 1093 787 1148 llic
826 1093 1094 1148 Valacbize
1127 1094 1388 1154 Vairoda.
1420 1096 1512 1162 qui
1540 1078 1732 1146 Turris
1786 1089 1970 1146 Draco!
2001 1095 2172 1144 uomi—

622 1193 802 1248 natur,
835 1185 1068 1239 Laouico
1101 1185 1299 1239 Bladus
1337 1185 1554 1246 dicitur,
1608 1183 1849 1256 Dracula:
1907 1183 2067 1246 leius,
2103 1197 2168 1233 ex

618 1275 954 1330 immanitate
983 1276 1236 1341 celebris,
1263 1278 1327 1330 de
1355 1292 1461 1344 quo
1479 1277 1710 1346 plurima
1740 1291 2169 1328 commemorau-

618 1380 721 1429 tur,
753 1367 858 1422 huc
891 1385 998 1423 non
1031 1370 1376 1438 pertinentia.
1411 1369 1556 1423 Bladi
1596 1385 1789 1422 nemen
1841 1384 1906 1422 ex
1961 1368 2169 1420 ratione

613 1462 996 1527 pronuntiandi
1024 1461 1223 1515 Graecis
1249 1463 1501 1516 familiari
1531 1462 1754 1515 Vladum
1784 1462 2024 1514 scribere
2078 1461 2166 1510 de-

612 1552 801 1604 buerat
831 1552 1114 1620 interpres.
1147 1552 1367 1607 Vladam
1398 1554 1673 1609 Bonfinius
1696 1555 1949 1620 appellat,
1974 1559 2166 1618 etpost

611 1643 772 1695 etiam
807 1643 1087 1698 Draculam
1123 1657 1348 1715 paterno
1389 1645 1628 1699 nomine.
1687 1645 2054 1699 CallimaCbus
2084 1645 2165 1694 in—

613 1747 756 1805 tegre
798 1736 1128 1792 Vladislaum
1183 1739 1472 1792 Draculam
1537 1739 1778 1805 scripsit.
1846 1736 2000 1788 lltmc
2065 1735 2156 1802 qui

609 1829 908 1899 conjecisse
923 1831 1187 1884 diciturin
1217 1847 1486 1886 carcerem
1515 1847 1602 1885 rex
1626 1831 1896 1899 Ungarus,
1915 1827 2162 1881 Matthias

2275 639 2494 695 fratrem
2533 643 2662 697 facit
2691 643 2937 706 Lucium,
2973 657 3130 712 quem
3189 641 3389 695 rectius
3439 655 3470 692 a
3528 638 3826 691 Sansorino

2276 732 2520 788 Turcicis
2546 736 2598 788 in
2630 735 2932 789 Annalibus
2956 733 3219 786 Dominici
3263 732 3426 802 hujus
3457 730 3818 800 propinquum

2273 827 2353 878 vel
2389 838 2643 896 aquatum
2673 828 2935 882 nominari
2982 826 3233 879 arbitror.

2274 941 2394 994 159.
2432 941 2766 994 Murhemetis
2795 941 3012 1004 a‘diﬁcia
3053 935 3830 1004 Constantinopolitano,Geni—

2272 1011 2280 1016 ’
2658 1012 2828 1073 sarai,
2864 1009 3134 1062 Eskisarai
3162 1009 3424 1063 lodicula.

2337 1101 2453 1154 Non
2485 1099 3048 1167 exprimuntAnnates
3093 1113 3340 1166 qureuam
3411 1097 3638 1151 aedificia
3693 1096 3828 1149 Con-

2269 1190 2616 1256 Stautinopoli
2658 1189 3020 1242 Muchemetes
3078 1189 3429 1242 exstruxerit.
3494 1188 3624 1241 Ideo
3682 1187 3825 1240 lubet

2272 1281 2382 1331 lizec
2416 1281 2480 1332 de
2503 1273 2755 1333 iLaoniCo
2783 1291 2836 1333 ct
2867 1281 2985 1333 aliis
3019 1294 3284 1348 promere.
3325 1280 3519 1332 Statim
3545 1278 3688 1330 enim
3708 1292 3826 1345 pro-

2270 1376 2410 1427 xima
2443 1385 2557 1442 posl
2580 1375 2812 1428 Lesbum
2834 1387 3042 1443 captam
3075 1376 3272 1437 hieme,
3303 1383 3489 1427 narrat
3517 1390 3643 1428 eum
3677 1375 3826 1440 quie-

2268 1469 2404 1520 visse.
2433 1467 2716 1530 Laonicits,
2746 1470 3015 1521 intentum
3051 1465 3291 1518 :Pdiliciis
3315 1464 3565 1523 urbanis.
3587 1464 3823 1532 templis,

2267 1560 2464 1622 navali,
2501 1560 2608 1611 arci
2641 1559 2967 1628 Byzantina),
3010 1573 3174 1626 quam
3216 1557 3454 1628 condidit
3509 1557 3676 1626 juxta
3701 1572 3823 1624 por-

2267 1663 2375 1706 tam
2402 1667 2430 1706 a
2457 1651 2657 1706 Gnecis
2685 1654 2920 1705 Auream
2956 1659 3225 1713 vocatam,
3268 1651 3360 1703 ubi
3393 1660 3445 1703 ct
3500 1659 3682 1703 turres
3710 1665 3822 1702 ma-

2266 1749 2436 1799 ximas
2466 1746 2739 1808 excitavit,
2767 1753 3117 1813 spcctatuqne
3141 1744 3330 1813 dignas
3346 1753 3395 1794 et
3421 1744 3593 1810 ipsam
3624 1742 3823 1817 regiam

2268 1839 2495 1892 interius
2530 1839 2799 1905 eleganter
2832 1837 3067 1890 ornavit.
3111 1835 3381 1890 Hactenus
3413 1835 3824 1902 Chalcocondy-

609 1920 883 1974 lluniades
904 1923 1021 1984 fuit,
1043 1922 1267 1976 Joannis
1294 1923 1454 1986 tilius,
1473 1924 1736 1978 Austriaci
1763 1922 2011 1984 Ladislai,
2035 1921 2160 1970 Pra-
2197 1907 2235 1960 Β
2269 1932 2344 1984 les
2378 1930 2538 2000 paulo
2567 1930 2907 1984 counnodius
2931 1927 3192 1991 redditus,
3243 1928 3295 1980 in
3316 1926 3469 1994 cujus
3519 1925 3701 1978 verbis
3725 1941 3824 1978 no-

604 2027 683 2078 gze
706 2011 880 2065 subito
909 2015 1182 2080 exstincti,
1237 2017 1499 2085 Ungarico
1523 2017 1572 2068 in
1637 2031 1799 2083 regno
1855 2025 2154 2066 successor.

609 2104 992 2173 Mucbetnetes,
1025 2109 1124 2161 hoc
1153 2110 1219 2162 ab
1241 2109 1470 2178 Ungaris
1503 2108 2003 2176 capto,\ialaebi‘am
2028 2105 2155 2157 sub.

600 2193 796 2263 jccisse
860 2211 1130 2254 narratur.
1173 2202 1226 2253 Id
1285 2219 1412 2254 vero
1469 2187 1669 2255 factum
1703 2201 1913 2269 potius
1967 2199 2152 2252 existi-

607 2294 860 2346 mandum
889 2311 915 2344 a
947 2294 1430 2360 Draculajnniore,
1487 2287 1741 2347 Vladislai
1783 2293 1972 2345 fratre
2012 2283 2150 2358 {qui

605 2395 782 2437 tamen
816 2397 996 2452 postea
1033 2400 1111 2449 se,
1162 2401 1282 2438 cum
1327 2388 1438 2454 ipsa
1503 2387 1740 2454 regione,
1797 2383 2151 2437 Muchemetis

603 2475 1121 2542 imperio-submisit.
1173 2485 1389 2544 accepta
1453 2477 1692 2546 solvendi
1744 2475 1904 2527 annui
1965 2473 2148 2526 tributi

601 2567 942 2623 conditione:
975 2571 1255 2640 nihiloque
1282 2572 1458 2623 minus
1501 2583 1529 2620 a
1596 2567 1815 2621 Mattliia
1870 2580 1992 2633 rege
2016 2579 2148 2616 eon-

602 2663 846 2717 tirmatus
865 2663 916 2718 in
938 2665 1257 2733 principatu,
1283 2673 1417 2717 teste
1445 2642 1712 2722 Bontiuio,
1736 2659 1865 2720 fuit;
1893 2671 2146 2724 tanquam

601 2757 667 2808 ab
693 2755 942 2824 Ungariae
965 2772 1107 2823 rege,
1125 2755 1331 2809 directo
1346 2754 1646 2808 Valachicze
1669 2753 1887 2806 ditiOnis
1905 2753 2146 2805 domino.

603 2849 691 2902 Sic
725 2849 978 2902 nimirum
1010 2847 1158 2917 prius
1181 2849 1342 2901 etiam
1366 2856 1689 2902 convenerat
1720 2847 1857 2898 inter
1887 2844 2146 2896 Mnratem

601 2941 641 2994 ll
680 2951 733 2994 et
753 2940 1085 2994 Vladislaum
1121 2956 1296 3009 regem
1331 2956 1470 2995 anno
1492 2939 1805 2994 Christiano
1840 2938 1995 3000 1441,
2028 2946 2148 3005 post

602 3031 773 3085 victos
802 3031 866 3084 ad
894 3029 1155 3085 lsladiuas
1180 3033 1362 3086 fauces
1411 3029 1637 3095 Turcos,
1671 3039 1726 3082 ut
1757 3028 1972 3081 Vatachi
2010 3026 2147 3079 Tur-

599 3138 783 3177 corum
810 3123 1026 3192 quidem
1067 3131 1248 3177 essent
1279 3122 1574 3180 tributarii,
1634 3120 1726 3173 sed
1787 3119 2147 3172 nihilominus

593 3219 659 3269 ad
692 3213 939 3286 Ungariae
971 3230 1216 3283 regnum,
1247 3215 1392 3269 velut
1421 3223 1595 3277 antea,
1627 3213 1976 3280 pertinerent.

2268 2022 2510 2084 tandum,
2536 2021 2758 2089 intelligi
2784 2021 3103 2087 templorum
3128 2026 3476 2078 structuram,
3500 2018 3567 2070 de
3583 2032 3828 2073 commu-

2257 2127 2366 2168 tato
2387 2115 2588 2168 Christi
2637 2116 2727 2168 Dei
2771 2115 3060 2181 Sapientia:
3115 2112 3311 2179 templo
3365 2109 3709 2164 Justinianeo
3767 2111 3817 2162 in

2258 2208 2531 2261 inessitam
2564 2207 3020 2269 Mahumetanam,
3043 2205 3218 2272 deque
3237 2203 3415 2256 diruto
3440 2202 3827 2269 antiquissimo

2253 2300 2690 2369 Christianorum
2723 2299 2945 2370 templo,
2975 2297 3114 2364 quod
3152 2295 3475 2350 mdiiicatum
3504 2295 3823 2347 aConstan-

2257 2390 2369 2443 tino
2397 2390 2586 2459 Magno
2599 2389 2931 2442 ’Sauctormn
2953 2387 3328 2455 Apostolorum
3348 2401 3539 2438 nomen
3567 2384 3824 2449 habebat,

2252 2484 2406 2549 cujus
2438 2483 2553 2549 ipse
2578 2483 2696 2534 loco
2717 2497 2868 2535 suam
2897 2480 3092 2533 struxit
3113 2495 3233 2533 cum
3257 2478 3486 2530 imareto
3517 2477 3822 2538 messitam,

2254 2574 2607 2628 Turcicarum
2640 2572 2884 2625 omnium
2941 2573 2992 2622 in
3043 2571 3175 2621 urbe
3225 2569 3477 2635 primam,
3540 2577 3595 2619 et
3641 2566 3824 2634 operis

2253 2658 2549 2735 magniﬁci,
2611 2665 3066 2734 quemadmodum
3130 2662 3418 2729 bodieque-
3455 2649 3822 2731 conspicitur.

2253 2757 2452 2810 Navale
2478 2755 2804 2809 Christianis
2833 2752 3350 2829 ay'imperatoribus
3381 2755 3684 2821 neglectum
3731 2753 3823 2805 in-

2251 2849 2532 2910 stauravit,
2566 2858 2815 2900 ornatum
2843 2855 2895 2899 et
2921 2860 3206 2899 extensum
3239 2861 3266 2898 a
3289 2847 3523 2912 posteris
3576 2860 3637 2899 ea
3688 2840 3824 2909 cura

2251 2957 2395 2994 nunc
2428 2951 2485 2992 ut
2524 2940 2924 3007 amplissimum
2963 2940 3054 2991 sit.
3119 2938 3289 3006 Supra
3338 2937 3586 2992 Galatam
3651 2938 3819 2992 situm

2250 3043 2331 3087 est
2365 3035 2415 3086 iu
2448 3033 2566 3086 sinu
2606 3034 2865 3095 Cornuto,
2903 3049 3088 3085 versus
3120 3031 3518 3100 aquasdulces,
3550 3032 3639 3083 ubi
3661 3031 3824 3084 nimi-

2252 3141 2370 3177 rum
2404 3125 2658 3179 celebrati
2692 3140 2719 3177 a
2763 3125 2956 3192 priscis
2986 3124 3213 3186 ﬂuvioli,
3260 3123 3502 3192 (ὶγιωτιιε
3533 3139 3679 3176 nunc
3703 3121 3828 3175 Ma-.

2249 3219 2457 3281 cbleva,
2479 3230 2530 3272 et
2557 3219 2844 3288 Barbyses.
2871 3233 3012 3271 nunc
3043 3217 3421 3278 Chartaricon,
3445 3227 3502 3273 et
3533 3234 3558 3266 a
3591 3217 3710 3269 vico
3737 3216 3823 3268 vi-

619 3334 780 3405 450
813 3333 930 3387 158ο
976 3330 1206 3413 thylin.
1237 3331 1509 3390 Catalusii.
1547 3330 1627 3384 vel
1655 3330 1929 3393 Catelugii,
1961 3329 2110 3383 Lesb;
2168 3313 2210 3370 C
2245 3313 2368 3365 ciuo
2401 3309 2845 3364 Pectinachorion
2869 3310 3067 3370 dictus,
3105 3310 3156 3359 in
3191 3309 3368 3360 sinum
3400 3306 3818 3360 buncinﬂuunt.

953 3403 1235 3470 principes,
1263 3405 1461 3471 urigine
1488 3403 1802 3457 Genuenscs.

661 3497 893 3566 Mitylin,
958 3495 1402 3566 pronuntiatione
1463 3495 1672 3559 Graeca,
1727 3511 1850 3564 qua).
1899 3496 2149 3565 Mitylene

593 3591 793 3645 nostris
817 3601 917 3648 est,
949 3600 1172 3643 vocatur
1205 3608 1231 3640 a
1275 3589 1468 3642 Turcis
1528 3588 1699 3641 insula
1749 3587 1982 3647 Lesbos,
2018 3587 2147 3655 ipsis

549 3672 552 3674 ’
591 3681 752 3733 ctiam
781 3679 982 3733 Graecis
1009 3685 1145 3732 hanc
1174 3677 1687 3729 itanmninantibus.
1708 3674 1973 3727 Cedrinus
2003 3682 2147 3726 certe

590 3770 821 3824 Lesbum
853 3769 1049 3854 alicubi
1112 3767 1397 3836 Mitylenen
1462 3766 1616 3823 dixit,
1674 3764 1742 3816 ab
1797 3766 1927 3814 urbe
1985 3765 2148 3814 totius

592 3862 779 3915 inSnla:
810 3861 1085 3931 primaria.
1118 3858 1317 3926 Vulgus
1374 3859 1678 3910 Italicorum
1719 3865 2005 3908 nantarmu
2041 3855 2149 3909 Me-

591 3955 773 4009 telliuo
806 3970 947 4008 nunc
982 3954 1228 4023 appellat.
1273 3952 1512 4011 Habebat
1557 3950 1747 4012 insula,
1799 3963 1920 4001 cum
1974 3962 2144 4014 oppu-

592 4055 844 4114 gnaretur
879 4059 908 4098 a
949 4045 1304 4103 Muchemcte,
1342 4042 1637 4110 principem
1667 4040 2010 4092 Domiuirum
2039 4039 2143 4092 Ca-

594 4139 842 4190 talusium
878 4137 956 4189 vel
1008 4135 1360 4194 Catelusium,
1420 4148 1578 4197 quem
1645 4132 1813 4185 (ἴε-ξιξεί
1874 4131 2143 4201 Kyriacon

590 4230 878 4283 vocabant.
922 4228 1191 4295 lnterpres
1221 4226 1434 4278 Laonici
1468 4222 1744 4278 Nicolaum
1807 4224 2143 4277 Catclusium

591 4340 687 4391 pro
718 4321 1014 4387 Dominico,
1036 4321 1174 4374 haud
1211 4321 1323 4374 scio
1355 4318 1854 4386 cnjusauctoritatc
1884 4301 2055 4367 frctus
2077 4332 2144 4368 ex

595 4413 871 4468 historicis
915 4412 1336 4482 antiquioribus,
1387 4409 1613 4477 margini
1673 4409 1948 4474 ascripsit.
2009 4405 2142 4458 Nam

549 4503 891 4567 ‘tieul‘rzeus,
922 4506 1013 4573 qui
1055 4519 1249 4556 nomen
1300 4503 1440 4555 idem
1501 4501 1686 4563 habet,
1736 4502 2008 4552 recentior
2039 4510 2140 4563 est,

591 4607 643 4647 ιιι
675 4596 810 4648 alios
843 4610 1072 4662 sequens
1093 4594 1197 4645 falli
1228 4597 1422 4662 potuit.
1450 4595 1567 4662 lpsa
1588 4593 1985 4650 Catelusiorum
2013 4610 2142 4660 gens

590 4689 798 4757 origine
821 4685 1118 4742 Geuuensis
1147 4697 1278 4737 erat.
1313 4687 1582 4736 Oriundus
1618 4701 1681 4736 ex
1715 4700 1777 4736 ea
1821 4683 2145 4737 Franciscus

591 4782 922 4841 (latelusius,
959 4795 1078 4833 cum
1115 4775 1376 4830 Joannem
1427 4775 1784 4845 Palzeologum
1855 4778 2143 4843 imperato-

597 4891 730 4938 rem,
769 4890 793 4926 a
825 4873 1457 4940 bonitateCalojoannem
1479 4870 1638 4939 vulgo
1666 4872 1899 4931 dictum,
1934 4871 2146 4922 Andro-

596 4966 701 5021 uici
744 4966 784 5020 11
817 4952 1006 5026 lilium.
1059 4965 1332 5018 Michaelis
1384 4965 1424 5017 11
1466 4974 1734 5031 nepotem,
1793 4963 2082 5016 Andronici
2127 4963 2148 5015 1

597 5067 963 5126 pronepotem,
988 5055 1259 5111 Michaelis
1297 5059 1476 5124 primi,
1501 5059 1588 5122 qui
1616 5054 1860 5108 Flandris
1884 5056 2148 5107 Constan-

601 5153 876 5221 tinopolim
899 5151 1111 5217 eripuit,
1139 5151 1478 5217 abnepotem.
1509 5149 1649 5202 bello
1673 5159 1858 5202 contra
1887 5147 2144 5201 JOanncm

598 5253 1050 5305 (Lautacuzeuum,
1083 5251 1316 5296 tutorem
1336 5253 1389 5295 et
1405 5257 1677 5304 socerum,
1696 5252 1749 5295 et
1768 5253 2144 5310 usui-patorem

602 5338 830 5405 imperii,
864 5337 1144 5404 juvisset:
1204 5335 1374 5389 insula
1443 5333 1617 5395 Lesbo
1670 5335 1930 5411 .douatus,
1983 5334 2144 5385 etiam

599 5427 941 5493 (lalojoannis
974 5441 1215 5479 sororem
1253 5425 1306 5477 in
1335 5421 1734 5476 matrimonium
1759 5423 2001 5490 accipcrc
2026 5438 2149 5489 pro-

599 5519 813 5572 meruit.
861 5517 1180 5570 Acciderunt
1211 5517 1320 5568 ha-c
1345 5531 1486 5567 anno
1515 5515 1670 5566 1535.
1702 5515 1770 5565 lic
1835 5531 1944 5582 quo
1999 5514 2149 5567 colli-

598 5613 760 5674 gitur,
797 5625 900 5660 non
938 5615 1074 5661 totos
1129 5605 1229 5660 100
1289 5622 1460 5657 annos
1522 5606 1572 5656 in
1632 5620 1818 5657 eorum
1890 5614 2148 5672 potestate

601 5700 832 5751 Lcsbum
873 5697 1054 5751 fuisse.
1091 5697 1238 5750 Lucii
1279 5694 1562 5753 Catelusii.
1601 5697 1693 5764 qui
1732 5694 1858 5748 jEni
1893 5698 2144 5763 princeps

602 5793 654 5844 in
695 5791 919 5845 Thracia
961 5794 1137 5854 fuerit,
1167 5791 1305 5859 apud
1347 5788 1638 5840 Laouicum
1676 5788 1732 5840 fit
1760 5788 1963 5841 mentio
1999 5804 2012 5838 :
2044 5788 2150 5837 sic-

603 5893 660 5937 ut
695 5883 866 5939 obitcr
898 5885 1056 5940 etiam
1107 5885 1377 5947 principes
1410 5879 1533 5936 .‘Eui
1579 5895 1742 5955 supra
1775 5865 2148 5936 me‘morautur

2251 3402 2503 3454 (Iontinet
2533 3401 2643 3467 jam
2680 3401 2866 3452 navale
2896 3401 3009 3452 loca
3037 3406 3417 3451 concamerata
3453 3398 3577 3462 187,
3617 3412 3818 3464 expor-

2252 3502 2395 3544 recta
2427 3492 2582 3560 longa
2610 3492 2768 3553 serie,
2803 3492 3090 3558 magnique
3114 3491 3417 3544 triremium
3468 3487 3681 3541 numeri
3717 3501 3819 3540 ca-

2250 3599 2352 3652 pax
2385 3593 2466 3635 est
2503 3601 2514 3634 :
2549 3584 2674 3637 licet
2704 3584 2845 3636 aliud
2890 3585 3229 3636 Sausovinus
3259 3599 3321 3635 ex
3383 3581 3610 3648 antiqua
3667 3580 3819 3632 rela-

2253 3675 2396 3726 tione
2419 3675 2645 3739 quadam
2676 3674 2875 3726 Veneta
2922 3689 3110 3740 parum
3137 3672 3388 3740 praesenti
3418 3687 3600 3724 rerum
3623 3669 3819 3724 formae

2249 3775 2674 3817 consentaneum
2710 3768 2902 3817 tradat.
2947 3762 3070 3815 Fuit
3128 3773 3183 3816 et
3247 3762 3338 3815 illo
3383 3764 3648 3831 quondam
3695 3762 3820 3816 loco

2250 3860 2415 3922 regia,
2448 3874 2554 3924 quo
2586 3858 2707 3910 loco
2727 3857 2854 3908 dicit
2885 3837 3153 3908 Laenicns
3178 3870 3300 3907 eum
3315 3855 3583 3909 struxisse
3607 3853 3820 3924 Byzan-

2252 3945 2635 4010 tinamarcem,
2679 3961 2894 4019 propter
2961 3951 3193 4004 Auream
3258 3961 3498 4020 portam,
3550 3966 3670 4019 qua!
3734 3949 3809 4002 ab

2251 4060 2352 4096 una
2380 4055 2529 4111 parte
2555 4045 2833 4097 meridiem
2869 4059 2932 4096 ac
2975 4043 3382 4114 Propontidem,
3416 4043 3482 4096 ab
3524 4045 3690 4097 altera
3717 4057 3815 4096 so-

2250 4136 2352 4186 lcm
2378 4137 2713 4189 occidentem
2749 4137 2983 4202 respicit.
3019 4135 3143 4189 Haec
3168 4135 3389 4189 aedilicia
3417 4135 3815 4189 Muchemelem

2248 4228 2581 4291 condidisse,
2620 4227 2886 4282 Laouicus
2933 4230 3172 4296 scripsit.
3231 4227 3550 4282 Menavinus
3604 4239 3814 4292 autem,

2248 4319 2390 4372 sicut
2409 4329 2462 4372 et
2490 4320 2602 4381 alii,
2640 4328 2750 4373 tres
2773 4321 2845 4373 ait
2873 4336 3028 4374 arces
3047 4339 3076 4373 a
3112 4320 3818 4391 Mnchctemeteﬂonstan-

2249 4413 2469 4480 littopoli
2507 4424 2782 4467 structas:
2836 4413 3238 4478 Geuisarainm,
3298 4413 3695 4474 Eskisarainm.
3760 4425 3818 4468 et

2245 4501 2568 4568 Jadieulam.
2609 4503 2687 4556 Ad
2720 4505 2984 4558 orientem
3007 4505 3175 4556 solem
3215 4520 3242 4556 e
3284 4507 3507 4573 regione
3574 4503 3816 4560 Scutarii

2249 4601 2364 4652 sive
2429 4596 2686 4650 Damalici
2719 4595 3076 4665 promunturii
3109 4597 3270 4650 situm
3304 4607 3387 4652 est
3428 4597 3814 4653 Genisaraium

2253 4690 2351 4755 (sic
2380 4689 2581 4742 dictum
2616 4689 2757 4756 quod
2800 4702 2996 4740 novum
3029 4688 3118 4748 siti
3156 4690 3206 4739 in
3265 4689 3685 4741 extremourbis
3716 4705 3814 4742 an-

2251 4781 2374 4848 gulo
2405 4781 2494 4848 qui
2524 4796 2552 4832 a
2587 4781 2787 4848 templo
2819 4778 3204 4846 vicino_Sancti
3248 4778 3509 4832 Demetrii
3543 4789 3810 4832 vocatur:

2254 4873 2341 4924 .ibi
2376 4871 2644 4939 Bosporus
2708 4873 2908 4940 impetu
2945 4873 3181 4925 maximo
3243 4875 3309 4925 ad
3342 4871 3515 4937 ipsam
3575 4873 3816 4938 crepidi-

2253 4979 2372 5015 nem
2415 4965 2568 5018 collis
2603 4964 2655 5016 in
2689 4979 2798 5029 quo
2831 4963 3065 5016 saraium
3100 4965 3178 5015 vel
3215 4978 3308 5015 arx
3365 4962 3542 5031 posita
3608 4973 3713 5026 est,
3761 4965 3813 5017 in

2252 5057 2631 5125 Priipontidem
2662 5057 2840 5109 irruit.
2881 5058 3018 5110 Olim
3049 5045 3340 5110 Palatium»
3377 5057 3733 5125 Byzantiorum
3763 5069 3818 5110 et

2252 5149 2530 5218 Acropolis
2580 5148 2872 5218 Byzantina
2903 5149 3201 5210 dicebatur,
3251 5148 3396 5201 velut
3449 5165 3545 5204 arx
3596 5167 3651 5205 in
3703 5165 3814 5203 uno

2251 5245 2316 5295 de
2349 5245 2519 5294 tribus
2559 5245 2819 5294 extremis
2848 5243 3058 5311 angulis
3079 5241 3231 5294 urbis
3265 5242 3389 5304 sita,
3425 5257 3535 5311 quo
3569 5244 3686 5298 loco
3718 5242 3815 5312 By-

2252 5347 2342 5385 zas
2369 5333 2520 5384 initio
2554 5333 2864 5402 Byzantium
2897 5333 3127 5387 cendere
3155 5322 3401 5400 coeperit.
3465 5332 3592 5388 Haec
3641 5334 3814 5388 sulta-

2253 5440 2442 5476 norum
2486 5426 2899 5479 Osinanidarum
2923 5427 3097 5486 sedes,
3123 5423 3221 5478 hoc
3245 5427 3579 5480 domicilium
3604 5437 3657 5480 et
3686 5430 3810 5482 aula

2253 5526 2358 5579 est,
2387 5533 2547 5585 quam
2577 5516 2706 5585 Capi
2741 5521 2854 5571 sive
2920 5517 3133 5569 Portam
3183 5517 3525 5572 Osmanicam
3589 5532 3809 5575 vocant.

2259 5609 2503 5678 Undique
2530 5615 2696 5662 mttris
2730 5611 2817 5676 (de
2855 5609 3055 5677 quibus
3090 5609 3250 5675 infra,
3273 5627 3395 5676 cap.
3458 5611 3580 5679 H9)
3611 5628 3675 5666 ac
3702 5597 3814 5666 iur-

2258 5701 2404 5755 ribus
2432 5703 2658 5765 inclusa,
2685 5702 2852 5754 tribus
2882 5700 2932 5750 in
2958 5701 3241 5753 circuitum
3265 5701 3584 5756 milliaribus
3610 5703 3815 5759 Gra‘cis

2256 5803 2417 5861 patet.
2447 5795 2621 5846 Voluit
2645 5792 2807 5858 hujus
2851 5793 3012 5846 saraii
3040 5795 3160 5848 novi
3189 5795 3406 5846 nomine
3437 5793 3814 5850 Muchemetcs

2256 5898 2497 5951 posteros
2529 5895 2578 5940 ct
2621 5899 2961 5939 successores
2994 5885 3046 5938 in
3089 5885 3313 5955 imperio
3379 5902 3506 5944 suos
3538 5888 3819 5959 obligatos
