4032 6344
173 464 286 526 8ἓ5

1318 470 1460 528 PAN
1476 469 1710 528 DECTE
1747 470 1795 526 Il
1810 470 1946 531 l5’l‘.
1989 474 2290 534 TURCIC.

3279 470 3385 529 826

171 598 297 634 i-sse
330 582 600 634 solvenlis
629 584 857 636 messit:e
880 599 990 637 suae
1031 600 1203 649 novre,
1235 587 1479 654 singulos
1504 589 1554 640 in
1583 587 1718 648 dies,
1751 590 1795 642 Α
1823 599 1948 651 que,
1976 599 2035 641 nt
2077 599 2249 642 nostri
2288 605 2543 645 numeros
2580 605 2843 644 annorum
2877 590 2943 641 aal
3008 587 3157 640 initia
3215 587 3379 640 bello-

165 677 352 740 aspris
386 674 528 726 inille
559 690 573 727 :
603 691 721 743 qua:
741 668 973 740 summa,
1002 680 1323 744 computatis
1351 694 1448 748 pro
1511 693 1617 745 uno
1644 687 1720 730 ta-

163 765 288 818 li-ro
319 765 642 819 Gei'manieo
663 771 836 835 aspris
857 770 944 832 40,
999 770 1237 837 quotidie
1293 771 1357 823 ad
1404 770 1470 822 25
1523 771 1719 822 taleros

161 857 766 913 merescitzinaimos
823 876 950 912 vero
998 862 1257 930 singulos,
1319 879 1479 930 supra
1537 862 1722 914 novies

165 951 338 1012 inille,
365 962 583 1004 centum
613 954 816 1007 taleros
851 955 1011 1006 cllicit
1046 955 1283 1022 :quilms
1325 953 1459 1005 alios
1510 970 1722 1005 annuos

165 1042 378 1096 reditus
437 1043 501 1096 ad
537 1058 802 1096 summam
857 1045 1086 1107 150,000
1133 1047 1450 1099 ducatorum
1509 1044 1720 1111 adjecit.

163 1133 535 1189 Eskisaraium
556 1135 1043 1203 voce’signiﬁeante
1062 1153 1119 1190 sa
1130 1139 1304 1190 raium
1318 1148 1486 1197 vetus,
1505 1137 1554 1188 in
1576 1136 1725 1187 urbis

162 1228 469 1281 meditullio
489 1229 648 1282 silum
667 1238 780 1284 est:
805 1232 940 1283 sicut
958 1232 1145 1283 etuliin
1163 1231 1354 1284 ibidem
1378 1234 1428 1283 in
1451 1232 1726 1284 urbisom-

159 1319 420 1382 phalovel
442 1321 691 1373 umbilico
706 1323 999 1389 priscomrn
1024 1334 1134 1374 eral
1158 1325 1535 1390 imperatorum
1552 1324 1726 1387 regia.

135 1409 368 1464 'Vasilia
392 1421 445 1464 ta
471 1413 669 1482 megala
690 1414 858 1467 Graeci
888 1416 1154 1481 quondam
1183 1415 1549 1469 nominabant.
1574 1412 1725 1466 Nunc

162 1503 254 1553 illa
307 1503 680 1570 gyna-runitidi
723 1504 1006 1556 sultanin-«e
1043 1505 1308 1570 praecipue
1349 1503 1532 1565 servit,
1556 1505 1728 1571 spatio

158 1593 352 1656 saraii,
375 1594 874 1658 rationecircuitns,
895 1599 958 1647 ad
981 1595 1088 1646 duo
1118 1611 1368 1662 passuum
1421 1595 1582 1647 millia
1615 1611 1723 1646 rx-

160 1695 437 1751 porrecto.
460 1684 696 1738 .ladicula
721 1686 955 1753 denique
975 1685 1309 1752 Propontidis
1332 1685 1381 1737 in
1404 1686 1580 1737 littore
1598 1701 1726 1736 con-

159 1779 278 1830 dita
296 1787 402 1841 est,
421 1778 485 1829 ad
510 1775 911 1830 meridionalem
930 1785 982 1829 et
1004 1777 1390 1830 occidentalem
1417 1777 1609 1844 partim
1634 1791 1724 1826 nr—

159 1868 246 1921 bis
263 1867 550 1936 angulum.
578 1882 764 1920 versus
783 1867 1012 1920 Auream
1041 1878 1268 1934 portam,
1337 1882 1478 1920 nunc
1507 1867 1718 1934 quidem

111 1945 114 1948 I
156 1962 532 2028 superstitem,
567 1961 656 2015 sed
682 1962 1012 2015 obstructam
1041 1971 1240 2024 tamen,
1265 1975 1328 2012 ac
1362 1975 1549 2014 versus
1573 1961 1720 2012 urbis

158 2063 457 2105 terrestres
475 2051 627 2121 451
656 2068 840 2107 muros
880 2069 893 2105 :
928 2067 1031 2121 qua
1063 2051 1116 2105 in
1141 2051 1450 2114 Thraciam,
1477 2051 1720 2104 Macedo-

159 2143 341 2207 niam,
373 2141 682 2194 universam
712 2143 945 2208 denique
976 2140 1235 2195 Greciam
1268 2142 1389 2195 itur.
1423 2141 1512 2195 Sic
1542 2153 1717 2194 autem

155 2235 434 2303 appellata
469 2233 657 2286 Turcis
683 2244 763 2287 est
791 2249 818 2286 a
853 2235 960 2286 ledi.
982 2245 1032 2287 et
1088 2233 1242 2299 Cuia,
1299 2250 1528 2304 quorum
1588 2235 1717 2286 illud

154 2337 242 2382 i-st
261 2335 490 2394 septem,
524 2327 622 2380 hoc
640 2327 866 2378 turrium
885 2327 1327 2395 signiﬁcationem
1349 2326 1525 2379 habet.
1551 2324 1717 2378 Gra-ci

156 2434 314 2473 nunc
348 2419 746 2489 Heptapyrgion
781 2417 988 2480 dicunt,
1018 2429 1108 2470 ant
1150 2417 1550 2490 Heptapyrgon,
1585 2434 1720 2486 puro

157 2518 295 2581 puto
320 2511 584 2565 vocabulo
613 2508 801 2564 Greco
825 2526 837 2571 ;
865 2509 1234 2569 seniitureico,
1264 2511 1345 2563 vel
1369 2510 1592 2580 hybride
1623 2525 1718 2576 po-

157 2605 295 2666 tius,
329 2601 500 2670 Hepta
526 2603 745 2670 gulades
777 2619 790 2655 :
826 2616 891 2653 ex
924 2617 1030 2667 quo
1056 2603 1216 2656 etiam
1244 2604 1428 2655 obiter
1489 2602 1714 2668 intelligi

157 2703 360 2757 potest,
386 2693 526 2761 quod
545 2694 811 2749 Africana:
842 2694 1127 2749 Guletaesit
1155 2704 1368 2762 etymon
1403 2693 1515 2746 sive
1546 2693 1713 2744 notio.

153 2785 282 2852 ipsa
315 2785 529 2853 quidem
565 2801 660 2838 arx
683 2785 692 2792 “
718 2787 976 2840 custodiae
1006 2786 1294 2845 'resiorum
1327 2785 1708 2838 thesaurorum

154 2893 241 2933 cst
272 2881 574 2949 adsignata,
611 2891 1001 2948 perpetuasque
1050 2880 1276 2931 militum
1306 2879 1560 2932 excubias
1610 2877 1710 2929 ba-

158 2973 275 3036 lu-t,
314 2973 403 3039 qui
439 2971 681 3024 feruntur
711 2985 826 3025 esse
849 2985 1072 3023 numero
1095 2971 1399 3039 quingenti,
1424 2973 1487 3025 de
1519 2970 1714 3040 quibus

153 3063 269 3116 alio
324 3062 461 3116 loco.

195 3197 324 3253 NO.
358 3196 624 3251 Machmut
654 3197 831 3263 bassa,
855 3195 1003 3252 varia
1037 3199 1288 3265 scriptura
1312 3179 1453 3248 bracis
1502 3201 1677 3252 unius.

227 3309 308 3363 Di:
343 3309 448 3372 hoc
505 3307 843 3363 Machumete
875 3307 1145 3364 Laonicns
1205 3308 1354 3363 hac:
1404 3307 1712 3362 Meclinme-

156 3412 266 3458 tes,
306 3399 502 3468 inquit,
537 3399 666 3466 regii
717 3399 899 3465 palatii
931 3401 1036 3451 dux
1075 3405 1277 3467 (postea
1310 3400 1498 3453 ducem
1526 3399 1711 3467 janua-

157 3508 279 3546 rum
303 3491 540 3550 vocatiet
561 3489 783 3557 Europae
798 3491 1103 3557 praefectus,
1124 3492 1263 3545 tilius
1283 3492 1718 3555 Michaelis,Crie-

155 3600 283 3637 cus.
317 3585 379 3636 Et
402 3582 548 3634 addit
584 3580 799 3635 Gnaeos
820 3596 1012 3652 pueros
1032 3581 1360 3649 (Griecorum
1387 3584 1519 3636 iilios
1540 3584 1716 3637 dicere

155 3676 350 3729 debuit
381 3673 670 3741 interpres,
702 3673 751 3726 id
775 3673 1126 3739 est,Graecos)
1146 3674 1234 3740 qui
1263 3675 1478 3728 abducti
1508 3675 1714 3744 Byzan-

158 3768 264 3826 tio.
299 3778 424 3817 cum
455 3778 581 3832 rege
609 3763 1108 3825 commorabantur,
1143 3780 1389 3833 magnam
1418 3769 1712 3833 potentiam

154 3856 263 3909 sibi
307 3854 603 3930 peperisse.
673 3836 919 3909 Nominis
979 3838 1324 3923 scripturam.
1359 3866 1466 3910 tam
1517 3859 1566 3910 in
1594 3861 1713 3923 hoc,

156 3964 326 4017 quam
344 3947 465 4002 aliis
485 3945 639 4008 locis,
657 3945 726 3999 ab
753 3946 1044 4013 interprete
1063 3949 1286 4001 Ca'saris
1303 3959 1571 4014 acceptam
1594 3948 1714 4000 Gul-

152 4043 340 4107 derio,
359 4037 868 4108 retinui.Tripljcem
891 4054 1019 4092 sane
1041 4035 1236 4104 reperi,"
1255 4041 1452 4093 nostris
1472 4041 1520 4092 in
1539 4038 1716 4092 Anna-

157 4134 338 4188 libus:
367 4133 650 4191 Muciiniet.
685 4130 980 4184 διροιιθιιεεει
997 4129 1282 4182 illachmut.
1305 4131 1548 4184 “lslul'iie
1570 4130 1717 4184 Gne-

155 4240 350 4278 rorum
386 4234 440 4277 et
471 4234 775 4276 nostrorum
816 4223 1096 4274 hominum
1132 4233 1386 4288 praeterea
1437 4223 1716 4274 diversita-

154 4325 239 4370 tes
272 4317 409 4371 alias
445 4316 662 4374 habent,
697 4323 752 4364 ut
785 4311 1114 4371 Muchumet.
1146 4310 1434 4375 Mahumet,
1493 4311 1714 4365 Maelio-

159 4419 294 4469 met,
325 4408 614 4475 Maliomet,
646 4405 954 4466 Mohamed.
1009 4407 1153 4475 quod
1219 4405 1459 4458 Moamed
1512 4405 1714 4459 Graecis

154 4510 263 4562 est,
303 4500 507 4567 absque
533 4484 883 4568 aspiratione.
923 4495 1232 4565 Stephanus
1284 4497 1547 4566 Ungarus,
1586 4513 1714 4553 sane

1823 689 1941 726 rum
1975 675 2232 738 referant.
2279 679 2513 733 Annales
2539 696 2664 734 vero
2723 679 2937 732 'i‘nrcici
2977 661 3147 731 {ﬁnem
3203 693 3378 730 rerum
3449 723 3452 726 .

1827 775 2099 834 gestarum
2130 769 2444 836 respiciunt.
2480 771 2708 837 ideoque
2767 771 2876 823 fere
2921 769 3032 836 jam
3061 768 3222 821 rebus
3254 768 3381 835 ipsis

1825 859 2085 924 expositis
2142 875 2402 914 annorum
2461 878 2718 916 numeros
2776 859 3220 928 adjiciunt.'lioc
3259 860 3380 912 dili-

1830 958 2015 1016 genter
2078 954 2367 1005 observare
2421 953 2685 1007 lectorem
2755 954 2935 1017 velim,
2989 968 3056 1007 ne
3111 968 3192 1004 me
3231 961 3381 1019 putet

1828 1040 2023 1093 alicubi
2055 1051 2253 1096 temere
2286 1056 2519 1099 mutasse
2572 1062 2827 1098 numeros
2863 1046 2929 1098 ab
2987 1045 3107 1097 aliis
3152 1047 3394 1112 pusitos.‘

1833 1132 2231 1203 llertzegovinae
2267 1138 2368 1191 sth
2425 1139 2608 1206 jngurn
2672 1140 2850 1191 missae
2884 1138 3102 1190 nomine
3148 1137 3378 1190 ducatus

1831 1225 2143 1280 liozinensis
2166 1230 2499 1298 intelligitur,
2533 1231 2672 1283 alius
2704 1247 2728 1279 a
2751 1245 2964 1297 regno:
3001 1230 3155 1296 cujus
3195 1228 3381 1279 interi-

1831 1327 1941 1369 tum
1992 1318 2244 1386 deinceps
2290 1336 2514 1372 numero
2562 1330 2805 1378 notarum
2864 1321 2963 1374 162
3023 1334 3374 1388 exponemus.

1833 1408 1982 1474 Quod
2009 1423 2183 1462 autem
2233 1412 2453 1474 dicitur,
2494 1409 2880 1476 Mnehemetem
2936 1415 3147 1468 Bozinae
3197 1427 3372 1481 regem

1829 1517 2042 1568 captum
2086 1503 2372 1566 occidisse,
2437 1505 2596 1572 paulo
2650 1505 3028 1570 explicandum
3078 1506 3258 1567 latius,
3320 1514 3378 1558 ut

1830 1595 2042 1658 plenum
2089 1605 2192 1647 tam
2228 1596 2466 1670 barbara:
2507 1596 2738 1664 perfidiae
2791 1596 3161 1661 Mucliemetis,
3210 1612 3370 1662 quam

1829 1685 2181 1737 immanitatis
2214 1686 2764 1741 horrendarl'aeinns
2818 1695 3196 1755 cognoscatur.
3251 1687 3372 1740 Ste-

1828 1776 2038 1837 phanus
2068 1793 2197 1845 ergo
2233 1793 2324 1830 rex
2360 1778 2692 1838 Bozinensis,
2744 1785 2797 1831 et
2843 1777 3029 1831 uxorio
3082 1777 3201 1845 jure
3248 1767 3370 1845 (ceu
3426 1796 3432 1803 ι

1824 1866 2026 1919 dictum
2058 1870 2215 1936 paulo
2245 1869 2391 1933 ante)
2429 1868 2629 1922 Servia:
2661 1868 2932 1923 Rascireve
2956 1862 3204 1938 despola,
3231 1868 3372 1922 bello

1825 1960 2022 2026 petitus
2055 1974 2081 2010 a
2114 1960 2328 2012 sultano
2357 1961 2693 2016 Muchemete
2734 1962 2799 2023 li,
2825 1971 2882 2016 et
2930 1963 3185 2015 obsessus
3237 1960 3375 2014 λθει-

1825 2066 1920 2110 me.
1961 2051 2236 2104 blanditiis
2272 2053 2483 2120 tyranni
2523 2068 2616 2118 per
2669 2053 2928 2120 quosdam
2989 2055 3054 2107 de
3105 2053 3371 2107 industria

1822 2142 2148 2195 subornatos
2175 2157 2203 2194 e
2229 2143 2452 2196 castello
2483 2141 2730 2196 Jaitzano
2767 2155 3045 2204 evocatur,
3071 2155 3123 2196 et
3161 2145 3226 2217 ad
3259 2144 3372 2197 eol-

1825 2230 2064 2299 loquium
2116 2235 2430 2287 arcessitur.
2488 2233 2624 2288 Cum
2687 2236 2921 2288 barbaro
2954 2245 3154 2288 temere
3213 2235 3370 2290 tidem

1822 2311 2112 2383 habuisset,
2149 2339 2417 2389 manuque
2439 2327 2612 2389 capita
2641 2329 2787 2393 pacis
2821 2328 2961 2379 inter
2983 2344 3038 2380 se
3063 2343 3124 2381 ac
3159 2325 3375 2381 Muche-

1779 2480 1783 2484 _
1823 2425 2012 2466 metem
2050 2413 2195 2466 inine
2224 2425 2462 2481 gestans.
2496 2416 2548 2466 in
2613 2429 2789 2470 castra
2828 2421 3086 2480 venisset,
3125 2421 3370 2485 capitur:

1819 2517 1960 2568 cute,
1993 2509 2144 2569 jussu
2173 2507 2541 2571 Mucheiuctis,
2577 2497 2744 2561 vivus.
2766 2511 3022 2562 exuitur:
3051 2511 3199 2578 justo
3225 2513 3373 2564 deni-

1817 2611 1921 2664 que
1952 2594 2041 2648 Dei
2075 2595 2277 2664 judicio
2309 2611 2428 2647 cum
2469 2597 2573 2649 vita
2624 2611 2867 2665 regnum,
2903 2612 3012 2663 quo
3047 2597 3232 2650 fraude
3277 2613 3371 2665 pa-

1817 2697 1949 2740 trem
1976 2687 2115 2751 lilins
2149 2687 2443 2740 sceleratus
2465 2685 2800 2750 excusSerat,
2838 2689 3058 2742 amittit.
3111 2686 3226 2740 Hoc
3255 2703 3372 2741 ino-

1815 2780 1883 2832 do
1915 2790 2022 2831 tum
2055 2779 2252 2832 Bozina
2281 2763 2496 2841 RaScia,
2523 2781 2723 2834 Serviat
2755 2795 2945 2849 magna
2983 2796 3126 2848 pars.
3161 2778 3368 2832 Tur'co-

1815 2886 1930 2923 rum
1993 2871 2044 2922 in
2102 2879 2420 2939 potestatem
2471 2872 2636 2925 venit.
2703 2871 2954 2925 Matthias
3016 2883 3194 2925 tamen
3275 2887 3365 2926 rex

1816 2961 2068 3029 Ungarus
2113 2961 2337 3016 Jaitzam
2369 2979 2492 3015 cum
2523 2963 2592 3016 27
2639 2962 2849 3018 Bo’ziua:
2872 2966 3083 3032 oppidis
3136 2964 3366 3031 recepit:

1813 3075 1972 3124 quam
2000 3057 2229 3110 militum
2267 3057 2690 3112 corona~deinde
2723 3073 2940 3112 rursum
3001 3057 3369 3111 Mueliemetes

1813 3149 2193 3216 circumdedit,
2233 3159 2288 3203 et
2311 3151 2679 3218 oppugnavit:
2706 3152 3197 3218 irritoqueconatu,
3228 3147 3368 3200 fama

1741 3269 1786 3329 ε
1820 3243 2078 3294 duntaxat
2103 3241 2444 3294 adventantis
2475 3241 2710 3326 Matthia:
2742 3242 2961 3296 territus
3013 3241 3079 3303 ab
3131 3237 3366 3292 obsidio-

1820 3349 1902 3388 ne.
1937 3333 2255 3398 Bozin:eque
2285 3332 2504 3394 finibus.
2536 3323 2811 3387 discessit.
2867 3333 2942 3387 De
2975 3333 3173 3402 oppido
3209 3330 3371 3394 .liert-

1817 3424 2068 3490 zi'govina
2105 3423 2328 3477 .dictnm
2365 3413 2636 3491 superius,
2697 3424 2872 3491 capite
2927 3423 3367 3478 95.=Covadzain

1818 3516 1977 3582 Turt'i
2023 3531 2143 3568 cum
2204 3515 2484 3569 Bozinacis
2545 3523 2601 3568 et
2654 3514 2868 3567 Croatis
2918 3515 3199 3582 appellant
3249 3530 3371 3582 quae

1816 3611 1984 3663 .Iaitza
2017 3608 2303 3666 Bonillnio.
2351 3607 2785 3681 Chalcocondyli
2842 3604 3040 3668 Gaitia.
3099 3607 3370 3675 pauloque

1819 3704 2017 3755 rectius
2040 3700 2225 3755 Gaitza
2261 3700 2590 3754 nominatur.

1819 3814 1937 3866 142.
1961 3812 2145 3867 Plures
2164 3813 2216 3865 in
2230 3812 2451 3866 Albania
2467 3814 2754 3877 principum
2773 3811 2992 3864 ditiones
3009 3826 3028 3865 :
3053 3794 3366 3876 Giolchisar,

2449 3952 2453 3955 _
2476 3881 2726 3948 Egripas.‘
3044 3942 3046 3944 _
3138 3912 3142 3916 ~

1886 3957 2137 4028 Ei-ain'iu
2172 3973 2399 4027 Albania
2429 3972 2610 4041 plures
2633 3973 2825 4040 rcgttii,
2853 3972 2943 4040 qui
3011 3987 3139 4027 suas
3174 3972 3368 4042 singuli
3438 4043 3441 4046 .

1817 4062 2049 4119 ditiones
2115 4064 2406 4117 habebant.
2455 4063 2597 4117 Inter
2659 4065 2753 4116 has
2810 4072 2927 4116 erat
2981 4062 3184 4124 Ibanis,
3255 4065 3370 4115 sive

1817 4154 2038 4209 Joannis
2063 4173 2076 4219 ;
2100 4155 2382 4210 Castriotae
2411 4157 2581 4224 regio,
2615 4157 2680 4210 de
2728 4173 2832 4225 qua
2864 4157 3113 4226 superius
3163 4157 3366 4208 dictum

1817 4251 1990 4319 ciipite
2012 4250 2130 4303 121.
2153 4249 2314 4303 ~llanc
2345 4251 2511 4303 armis
2541 4267 2682 4303 nunc
2733 4252 2960 4319 imperio
3017 4248 3368 4302 Muchemetis

1817 4344 2046 4398 cessisse
2071 4342 2310 4396 referunt
2344 4342 2600 4405 Annales,
2629 4342 2771 4410 quod
2819 4341 2907 4393 alii
2954 4339 3154 4392 l'ncttim
3214 4339 3368 4394 dedi-

1818 4436 1962 4490 tione
1998 4443 2240 4486 narrant.
2274 4432 2537 4485 Lauuicns
2571 4433 2669 4484 hac
2703 4433 2840 4485 serie
2886 4431 3120 4484 ditiones
3148 4448 3366 4486 enume-

1817 4536 1917 4579 rat.
1976 4523 2213 4575 Primum
2279 4522 2353 4574 ait
2400 4521 2646 4573 Sandalis
2697 4522 2747 4572 in
2781 4510 2922 4589 Epiri
2956 4522 3150 4574 vicinia
3210 4525 3363 4577 sitam

155 4593 371 4662 peritus
428 4592 699 4659 interpres
761 4592 1066 4660 linguarum
1130 4590 1389 4657 plurium,
1451 4589 1710 4654 Turcica',

1819 4631 1935 4668 esse
1958 4615 2249 4681 regionem,
2308 4611 2394 4665 cui
2465 4613 2703 4665 linitima:
2765 4615 2871 4667 sint
2900 4612 3218 4668 Venetorum
3265 4616 3366 4668 ali-

154 4685 425 4746 Arabicae.
457 4681 715 4745 Persicae.
755 4697 916 4751 quem
949 4681 1104 4735 nobis
1150 4680 1474 4748 impetrante
1507 4681 1714 4750 uiagni-

158 4781 262 4831 tico
295 4775 518 4830 domino
550 4771 879 4841 Hieronymo
912 4772 1048 4826 Beck
1079 4787 1108 4826 a
1133 4771 1526 4840 Leopoldstorf,
1585 4788 1714 4825 con-

156 4868 340 4920 sulere
376 4865 443 4920 de
472 4864 656 4919 multis
711 4861 879 4925 licuit,
937 4872 1082 4918 recte
1145 4862 1368 4929 putabat
1433 4861 1484 4914 in
1520 4877 1713 4930 genere

154 4969 269 5011 tum
301 4955 489 5016 scribi.
526 4966 638 5010 tum
663 4953 956 5014 enuntiari,
1005 4954 1354 5006 Mohammet.

158 5094 283 5147 HI.
324 5088 473 5142 Finis
496 5090 645 5156 regni
676 5087 1013 5141 Boziimisis:
1054 5085 1370 5138 observanda
1401 5085 1714 5139 diversitalis

227 5175 490 5215 annorum
514 5161 684 5211 ratio:
709 5157 956 5219 Stephani
979 5159 1110 5223 regis
1129 5156 1384 5207 excoriati
1407 5158 1712 5209 calamitas:

226 5230 486 5286 Matthiae
520 5226 766 5296 Ungariw
799 5242 886 5281 rex
911 5227 1161 5296 Bozinam
1188 5224 1404 5290 recipit:
1431 5237 1477 5278 et
1507 5229 1554 5279 Μ
1566 5236 1713 5279 uclte-

227 5314 414 5361 arietem
440 5301 582 5372 fama
605 5295 719 5353 sola
754 5298 918 5366 fugat.
952 5295 1215 5350 Cavadza.

224 5438 436 5493 Bellum
465 5437 592 5498 hoc,
627 5423 767 5502 quod
816 5430 1098 5484 Bozinensi
1161 5438 1267 5481 tam
1324 5445 1512 5495 regno,
1546 5448 1706 5502 quam

155 5525 564 5580 ducatuiﬂnetn
616 5521 815 5583 attulit,
864 5519 1144 5573 Bonlinlus
1172 5520 1334 5573 refert
1389 5521 1452 5574 ad
1508 5529 1705 5578 annum

155 5617 530 5673 Christianum
563 5613 719 5669 1465.
748 5613 907 5665 Turci
942 5627 1066 5664 vero
1107 5612 1342 5673 tradunt,
1382 5611 1484 5667 hoc
1549 5617 1708 5671 annis

156 5727 208 5765 ιι
235 5717 360 5777 post
387 5718 605 5776 captam
648 5703 1185 5774 Constantinopolim
1253 5704 1419 5758 fuisse
1472 5720 1703 5775 gestum.

161 5802 231 5854 De
299 5815 406 5867 quo
467 5800 712 5870 sequitur
767 5797 830 5851 ad
875 5812 1076 5850 annum
1131 5796 1494 5852 Christianum
1567 5780 1702 5856 “(Si

158 5891 689 5949 rcis-rendumwsse.
744 5891 892 5946 Solet
930 5888 1095 5942 etiam
1129 5890 1417 5946 usuvenire
1459 5891 1696 5955 plerum-

1817 4720 1947 4778 quot
1983 4708 2164 4770 urbes,
2196 4706 2433 4759 Albaniae
2466 4707 2742 4775 proximae.
2795 4704 3020 4760 Joannis
3055 4709 3177 4760 inde
3228 4706 3364 4762 Cas-

1819 4802 1997 4856 triOtis
2027 4815 2212 4867 agrum
2246 4799 2554 4862 succedere,
2587 4798 2671 4850 cui
2699 4797 2768 4850 sit
2790 4797 2994 4849 adnexa
3027 4801 3170 4866 regio
3201 4798 3365 4852 Com-

1819 4888 2198 4942 neniadarum.
2237 4883 2374 4938 Hinc
2410 4887 2568 4937 sitam
2616 4885 2843 4938 ulterius
2878 4886 3151 4956 Arianitae.
3203 4885 3365 4940 Com-

1823 4980 1943 5032 neni
1974 4977 2089 5039 lilii,
2125 4975 2380 5032 ditionem
2405 4989 2648 5042 asperam
2674 4967 2750 5028 iet
2811 4989 3175 5030 montuosarn.
3235 4977 3365 5047 tsjus

1821 5067 2309 5138 regiamvocabulo
2335 5081 2483 5118 nunc
2527 5067 2687 5118 etiam
2720 5077 2868 5126 noto.
2922 5064 3163 5121 Carmina
3215 5070 3362 5124 dlce-

1820 5160 1970 5220 bant,
2005 5173 2225 5212 numero
2257 5158 2644 5212 multitudinis:
2700 5173 2820 5226 qua
2884 5173 3044 5225 supra
3103 5158 3359 5216 Valonam

1818 5253 1900 5305 vel
1941 5250 2227 5304 Auloniam
2290 5249 2341 5302 in
2377 5251 2590 5303 sublimi
2642 5250 2814 5317 posita
2869 5251 3218 5318 conspicitur.
3255 5254 3358 5307 Arx
3432 5291 3434 5293 ›

1818 5344 2148 5400 Caramania:
2178 5325 2500 5415 Giolchisar,
2528 5343 2684 5410 cujus
2717 5343 2874 5410 paulo
2902 5355 3025 5412 post
3050 5347 3252 5399 mentio
3270 5345 3354 5402 "lli,

1816 5437 1871 5488 in
1893 5433 2146 5488 Anatolia:
2164 5432 2341 5485 tabula
2367 5431 2822 5499 cbronographica
2855 5431 3116 5486 scribitur
3148 5434 3362 5486 Culchi-

1812 5542 1922 5579 sar.
1953 5523 2177 5592 Egripos
2205 5525 2374 5578 insula
2405 5521 2594 5576 Turcis
2618 5524 2832 5587 dicitur,
2865 5540 3026 5594 quam
3057 5525 3216 5595 vulgo
3240 5525 3350 5592 jinn

1811 5616 2208 5686 Negropontum
2241 5617 2530 5685 appellant,
2558 5619 2701 5680 sicut
2727 5629 2780 5670 et
2801 5618 3113 5685 primariam
3164 5616 3352 5669 insula:
3384 5634 3387 5638 ·

1810 5709 2119 5762 civitatem:
2172 5723 2288 5775 quae
2343 5717 2525 5774 ponte,
2567 5709 2652 5759 cui
2709 5707 2987 5760 castellum
3043 5704 3351 5772 adjunctuin

1809 5808 1909 5861 est,
1946 5813 2065 5851 cum
2100 5798 2312 5850 Achaia“:
2339 5799 2630 5852 continenti
2683 5798 2932 5850 cohaeret.
2967 5793 3095 5848 Urbi
3155 5811 3349 5848 rionn'n

1807 5890 1947 5954 apud
1981 5890 2187 5953 priscos
2230 5901 2346 5947 erat
2390 5889 2627 5955 Chalcis,
2683 5890 2870 5944 insulae
2903 5903 3049 5953 vero,
3106 5888 3345 5954 Eulua.
