4032 6344
224 517 342 578 829

1374 535 1767 597 PANDECTE
1809 536 2006 598 HIST.
2038 538 2342 598 TURCIC.

3323 535 3463 625 830_

225 635 377 699 :‘Dud
433 636 701 692 sultanum
751 637 1151 700 Muchemetem‘
1200 646 1505 705 Secundum
1558 661 1786 720 patrem,
1820 662 1869 710 Α·
1891 666 2008 720 qua:
2043 650 2286 719 profecto
2320 651 2716 721 limpidissima:
2741 663 2900 713 sunt,
2934 651 3089 706 sed'a
3118 650 3312 705 subitis
3341 649 3441 715 ιω.

222 742 396 794 quam
454 729 594 798 apud
652 730 941 801 Bajasitem
1000 738 1208 796 lilium;
1260 741 1327 795 de
1371 743 1527 810 cujus
1574 744 1782 811 origine

222 815 512 874 Geufmzns
547 832 711 885 errat,
742 840 867 879 cum
897 828 1079 893 tradit,
1121 846 1243 884 eum
1271 831 1437 886 fuisse
1468 833 1632 887 lilium
1662 835 1781 887 Ste-

227 910 421 976 phani,
478 927 585 966 non
646 917 802 983 regis,
852 921 943 972 sel
980 921 1214 990 despotae
1259 922 1595 979 Bozinensis.
1645 925 1778 978 Nam

229 993 451 1055 liozinre
507 1004 663 1061 ducis
721 1009 865 1064 Illius
918 1010 1021 1065 fuit
1078 1000 1306 1069 alius-ab
1338 1018 1439 1069 hoc
1468 1017 1781 1070 Achemetes

228 1092 421 1160 b-tssa,
451 1097 535 1150 cui
569 1113 867 1171 cognomen
921 1114 1039 1160 erat
1098 1120 1205 1158 non
1256 1104 1459 1172 Geduc,
1503 1110 1591 1162 scd
1623 1107 1782 1163 Cher-
1828 1146 1829 1149 η

228 1191 465 1252 s-ogles,
500 1198 555 1242 ut
600 1204 724 1243 eum
779 1195 950 1248 nostri
1011 1208 1223 1261 vocant,
1268 1198 1334 1251 de
1364 1215 1471 1267 quo
1501 1200 1782 1261 infra,suo

234 1277 364 1330 loco
440 1279 670 1334 dicetur.
749 1282 847 1337 llic
904 1295 1081 1339 autem
1132 1287 1416 1342 Aclnnetcs
1466 1291 1781 1345 Albanensis

228 1377 353 1422 erat
376 1369 601 1439 origine,
640 1373 720 1426 vel
759 1372 997 1443 Epirota.
1035 1374 1674 1447 Sigismumlilllalatestze
1696 1397 1783 1435 se-

231 1462 505 1516 cretarius
548 1466 787 1535 scripsit,
828 1483 950 1522 eum
988 1469 1157 1526 fuiSse
1187 1471 1385 1527 virtute
1438 1474 1653 1526 militari
1691 1490 1807 1541 pa-.

230 1566 352 1605 rem
409 1555 650 1624 antiquis
705 1558 980 1619 ducibus:
1012 1564 1147 1618 a‘deo
1170 1565 1409 1632 quidem,
1450 1576 1509 1618 ut
1548 1565 1657 1618 sola
1686 1581 1784 1618 no-

232 1644 403 1699 minis
446 1640 530 1701 sui
572 1648 732 1715 fama,
768 1666 1091 1722 quocunque
1124 1670 1182 1710 se
1214 1657 1507 1723 conferret,
1532 1658 1781 1713 omnibus

232 1734 580 1801 formidinem
608 1754 671 1793 ac
699 1741 1108 1812 trepidationem
1147 1746 1418 1815 injiceret.
1462 1749 1647 1810 Addit,
1692 1763 1784 1805 e0-

230 1829 605 1897 gnominatum
639 1834 798 1903 vulgn
825 1833 1063 1889 Gendich
1090 1847 1395 1906 propterea,
1415 1841 1553 1907 quod
1578 1840 1624 1893 ei
1652 1840 1783 1891 deus

1882 745 2072 812 disque
2127 745 2533 812 tempestatibus
2559 785 2575 809 ,
2627 760 2745 813 qua:
2777 744 3220 815 prinsvplaeidum
3257 758 3319 796 ac
3358 758 3445 796 se-

1882 851 2097 901 renum,
2127 838 2285 905 paulo
2312 845 2584 890 momento
2618 837 2784 906 nigris
2816 836 3046 890 tenebris
3073 836 3367 889 involvunt.
3399 834 3441 886 Ε

1882 931 2095 983 diverso
2153 931 2604 983 mediterraneum
2682 926 2850 1007 mare,
2906 944 3013 984 non
3067 929 3235 983 tantis
3266 920 3437 981 obno-

1881 1024 2026 1074 xium
2061 1023 2474 1086 mutationibus,
2504 1023 2593 1075 sed
2635 1021 2791 1087 longe
2825 1023 3096 1085 screnius,
3132 1020 3236 1075 illis
3266 1020 3440 1072 Aede-

1882 1113 1987 1165 nizi
2024 1114 2259 1175 dicitur,
2313 1113 2396 1166 his
2453 1118 2619 1180 Aspra
2677 1112 2943 1173 thalassa,
2996 1112 3047 1165 id
3103 1120 3204 1165 est'
3248 1109 3439 1164 Album

1882 1220 2049 1257 mare.
2120 1204 2234 1257 Itali
2290 1204 2619 1258 dissentiunt
2677 1206 2746 1256 ab
2804 1203 3066 1269 utrisque,
3116 1217 3190 1254 ac.
3227 1201 3444 1253 anobis

1882 1297 2047 1349 etiam
2066 1295 2359 1350 Germanis
2378 1336 2393 1357 ,
2421 1297 2511 1365 qui
2551 1298 2648 1349 bos
2681 1303 2967 1364 sequentes
2996 1303 3049 1346 et
3077 1293 3176 1356 ipsi
3214 1290 3439 1359 Nigrum

1882 1403 2032 1441 mare
2088 1388 2455 1440 nominamus.
2496 1389 2703 1440 Etenim
2743 1388 3013 1455 appellare
3061 1387 3237 1439 solent
3297 1398 3443 1437 iurare

1884 1476 2231 1543 majus,quod
2262 1477 2395 1528 idem
2424 1486 2507 1529 est
2534 1492 2655 1529 cum
2684 1476 2816 1528 inari
2843 1491 3059 1542 magno.
3084 1475 3136 1527 ld
3155 1475 3208 1529 ei
3246 1488 3439 1527 nomen

1885 1570 1973 1619 dat
2005 1565 2320 1631 Vincentius
2355 1566 2727 1628 Beivaeensis,
2761 1567 2837 1620 uti
2868 1583 3030 1635 supra
3069 1575 3314 1620 notatum
3344 1581 3437 1619 ca-

1882 1660 1990 1726 pite
2025 1659 2142 1712 128.
2176 1658 2307 1712 Cofe
2338 1659 2531 1713 Turcis
2557 1662 2835 1720 scribitur.
2876 1674 3006 1728 quas
3029 1659 3209 1725 Capita
3233 1658 3437 1712 nostris

1883 1758 1986 1805 est.
2024 1750 2077 1803 in
2110 1749 2741 1805 'Taurica‘Chersoneso
2792 1760 2941 1803 trans
3002 1764 3152 1803 mare
3218 1749 3438 1817 Nigrum

1883 1841 2006 1901 sita,
2058 1840 2749 1909 (ienuensiumsquondam
2802 1841 3037 1896 colonia.
3088 1838 3284 1892 Notum
3333 1850 3441 1892 esto

232 1934 376 1973 unus
400 1919 633 1978 deesset.
659 1924 830 1990 Quam
856 1941 982 1980 vero
1010 1942 1039 1979 a
1067 1932 1212 1981 tenui
1247 1928 1460 1982 fortuna
1496 1931 1777 1984 maxiwam
1814 1947 1851 1999 ῃ
1880 1929 2005 1981 olim
2039 1930 2251 1982 dictam
2271 1929 2435 1985 fuisse
2489 1929 2868 1986 Theodosiam.
2926 1929 2998 1984 De
3048 1928 3303 1992 Kerimis,
3324 1930 3441 1982 Cri-

231 2008 300 2063 ad
332 2009 649 2109 dignitatem
702 2016 883 2069 subito
925 2018 1252 2085 pervenerit,
1284 2020 1662 2090 Spauduginus
1695 2023 1777 2074 his

230 2101 619 2170 propemodum
643 2106 1092 2174 verbisexposuit
1118 2129 1131 2165 :
1162 2110 1307 2172 Erat,
1342 2112 1535 2179 inquit,
1564 2113 1778 2164 sultano

230 2190 551 2249 Mucbemeti
573 2195 789 2251 satelles
818 2197 1054 2266 (solacos
1081 2198 1240 2254 Turci
1267 2203 1481 2270 vocant)
1511 2202 1601 2269 qui
1631 2202 1779 2255 Bidic

228 2284 427 2337 Acmat
464 2302 529 2339 ex
570 2302 634 2339 eo
688 2289 1067 2343 nominabatur
1098 2317 1117 2357 ι
1166 2294 1311 2360 quod
1342 2294 1394 2345 in
1444 2294 1553 2347 oris
1585 2294 1774 2363 antica

230 2376 474 2431 dentium
527 2381 666 2434 serie
724 2380 939 2435 dentem
990 2399 1155 2436 unum
1198 2387 1494 2439 amisisset.
1529 2384 1625 2439 liie
1650 2402 1770 2438 cum

231 2468 525 2537 aliquando
551 2487 672 2525 cum
703 2473 948 2544 principe
982 2484 1080 2529 suo
1111 2476 1538 2544 colloqueretur,
1572 2488 1625 2530 ut
1661 2478 1774 2530 fieri

231 2576 623 2630 nonnunquam
648 2564 804 2629 solet,
832 2567 1108 2621 asserebat
1138 2568 1279 2620 inter
1303 2568 1403 2621 alia
1430 2587 1443 2626 :
1476 2586 1581 2620 non
1617 2586 1775 2633 pnsse

230 2655 530 2723 principem
558 2669 746 2710 revera
775 2672 833 2711 se
864 2674 1119 2728 magnum
1156 2662 1464 2729 pra-dicare,
1499 2661 1541 2713 si
1575 2678 1678 2713 non
1707 2679 1771 2714 ex

229 2758 401 2814 parvo
423 2760 670 2813 magnum
699 2755 754 2801 et
778 2748 1018 2805 vicissim
1038 2766 1103 2805 ex
1124 2766 1316 2817 magno
1352 2768 1571 2817 parvum
1602 2752 1778 2805 facere

229 2845 438 2904 posset.
458 2836 581 2893 Haec
605 2838 723 2908 ejus
745 2840 905 2895 verba
920 2852 1123 2896 tantum
1146 2842 1199 2895 in
1225 2843 1404 2895 animo
1428 2841 1777 2895 Muclmnetis

231 2931 543 2985 habuerunt
585 2932 853 2992 efficacia},
881 2942 938 2986 ut
960 2932 1525 2988 Achmeteshactenus
1551 2934 1766 3010 Satelles
1805 2923 1814 2931 ’

229 3022 300 3074 ab
325 3021 441 3087 ipso
467 3037 784 3097 supremum
804 3023 867 3077 ad
886 3024 1128 3093 primarii
1155 3026 1322 3078 bassaz
1346 3028 1567 3093 gradum
1592 3041 1779 3093 prove-

229 3112 475 3164 heretur.
522 3111 659 3176 Quid
709 3112 757 3166 ei
808 3120 929 3182 post
983 3114 1094 3167 haec
1146 3116 1406 3179 evenerit,
1448 3131 1573 3168 cum
1605 3115 1775 3182 ipsius

228 3201 394 3255 uxori
438 3218 468 3255 a
509 3201 810 3273 blustapha,
859 3205 1208 3260 Muchemetis
1240 3206 1370 3264 lilio.
1416 3217 1658 3273 stuprum
1696 3210 1775 3259 in-

1888 2022 2028 2082 miis,
2067 2019 2278 2075 Keraiis
2306 2023 2408 2080 (sic
2438 2024 2668 2093 diversis
2700 2023 2891 2077 iisdem
2922 2012 3235 2076 nominibus
3263 2022 3443 2091 appel-

1881 2112 2081 2177 lantur)
2127 2114 2575 2180 Desteusibusque
2619 2113 2848 2178 Tataris,
2884 2112 3109 2166 dictum
3171 2113 3443 2181 superius,

1886 2216 2114 2253 numero
2147 2204 2515 2260 notarumsl'é.
2960 2268 2969 2274 _

1952 2287 2072 2342 149.
2101 2287 2442 2345 Muchemetes
2472 2290 2691 2347 obsessa:
2711 2292 3029 2348 Semendria:
3055 2294 3336 2345 succurrit.

1943 2379 2365 2436 Obscuriusculc
2392 2387 2636 2452 quaadam
2680 2388 2775 2458 hic
2802 2386 3075 2449 dicuntur,
3106 2404 3223 2454 qua:
3250 2388 3328 2442 sic
3358 2388 3443 2441 in-

1882 2471 2183 2545 telligenda.
2235 2471 2597 2527 Muchemetes
2633 2476 2697 2527 ad
2729 2474 3000 2528 Moravatn
3049 2476 3269 2529 fluvium
3320 2491 3444 2545 pre"

1878 2541 2047 2617 fectus
2089 2572 2189 2626 est,
2236 2566 2335 2618 hoc
2365 2576 2468 2626 est,
2523 2566 2573 2619 in
2630 2566 2872 2620 Serviam
2902 2551 3015 2624 sive
3043 2570 3287 2622 Rasciant
3313 2608 3327 2631 .
3376 2571 3442 2622 ad

1881 2654 2213 2721 nwtrOpnlim
2248 2655 2367 2723 ejus
2404 2658 2634 2723 regionis
2674 2656 3044 2713 Semendriam
3069 2700 3085 2724 ,
3122 2662 3202 2714 vel
3236 2661 3441 2715 Sende-

1881 2756 2105 2805 romam,
2162 2746 2443 2800 obsidione
2508 2748 2867 2803 liberandam.
2910 2751 3120 2819 Quippe
3193 2750 3440 2806 Matthias

1880 2832 2122 2903 Ungariae
2147 2852 2261 2898 rex,
2291 2840 2362 2889 uti
2396 2837 2680 2895 Bonlinius
2700 2843 2883 2906 refert,
2918 2842 3095 2896 hieme
3124 2844 3248 2895 anni
3281 2844 3438 2903 N76,

1877 2927 1938 2978 ad
1980 2926 2372 2991 Semendriam,
2401 2931 2635 2999 undique
2664 2934 2922 2988 militibus
2940 2936 3210 2999 ciuctam',
3237 2936 3437 2988 exstrui

1879 3018 2095 3079 castella
2144 3019 2240 3071 tria
2301 3033 2577 3073 curaverat
2611 3041 2623 3075 :
2660 3032 2719 3074 ut
2770 3026 3076 3079 arctissitne
3122 3027 3357 3079 clausam
3389 3028 3441 3079 in

1885 3120 2205 3177 potestatem
2227 3104 2511 3184 redigeret.
2538 3114 2701 3186 454.
2728 3115 2796 3168 lis
2828 3132 2954 3170 vero
2985 3119 3443 3186 ciistellis‘pntitns

1878 3199 2268 3267 llucbcmetes,
2302 3205 2642 3257 obsidionem
2694 3204 2888 3257 solvit.
2936 3206 3120 3258 Obiter
3162 3206 3246 3259 hic
3278 3208 3445 3263 let-tor

225 3294 493 3357 ferretur,
554 3295 715 3363 paulo
741 3305 865 3349 ante
893 3306 1189 3361 narratum,
1216 3296 1391 3364 capite
1428 3296 1545 3371 113.
1580 3296 1766 3350 Mortis
1792 3304 1836 3366 (ς
1868 3293 2157 3357 observet,
2189 3310 2216 3346 a
2260 3277 2451 3348 Turcis
2484 3298 2642 3347 etiam
2672 3296 2899 3349 Morava:
2962 3312 3155 3351 nomen
3204 3288 3440 3351 retineriv

230 3403 427 3455 genus.
456 3374 880 3441 consentaneum
926 3386 1156 3441 fortunae
1196 3388 1405 3451 subitae,
1434 3388 1767 3455 nimiumque

228 3476 703 3543 blandienti,suo
759 3479 881 3533 loco
935 3479 1188 3547 deinceps
1229 3479 1763 3544 commemorabitur,

230 3587 463 3625 utimero
517 3579 762 3624 notarum
809 3572 929 3627 156.
980 3571 1133 3625 Nunc
1176 3573 1457 3627 diversitas
1488 3572 1767 3626 indicanda

224 3664 596 3733 cognominis,
643 3673 695 3717 et
744 3679 931 3717 verum
993 3680 1293 3734 cognomen
1360 3667 1766 3719 (iste::dcntittm.

226 3755 479 3810 Diximus
507 3772 627 3810 eum
671 3770 702 3809 a
749 3755 1096 3827 Spandngiuo
1145 3758 1322 3810 vocari
1363 3758 1532 3823 Bidic,
1560 3770 1611 3811 et
1645 3760 1769 3812 alibi

224 3844 444 3913 Vidich,
477 3863 507 3901 a
539 3849 832 3902 secretario
885 3847 1172 3916 Malatcstge
1226 3848 1544 3906 Gheudieh:
1604 3869 1768 3922 quam

225 3936 557 4004 scripturam
610 3936 891 3991 Geufrmus
957 3939 1169 3993 retinet.
1218 3937 1461 3993 Nominis
1496 3942 1772 3995 notionem

226 4029 441 4098 priores
466 4027 574 4082 duo
598 4023 731 4096 pene
762 4035 960 4082 rectam
991 4031 1279 4101 attingunt,
1307 4046 1429 4083 cum
1472 4032 1561 4083 ita.
1594 4030 1763 4085 fuisse

226 4126 482 4172 vocatum
518 4118 587 4173 ab
612 4119 834 4173 .amisso
873 4120 1033 4173 dente
1078 4121 1358 4177 referunt:
1409 4121 1691 4177 Geufra-us
1726 4125 1775 4175 in

224 4207 572 4276 expositione
595 4209 739 4264 vocis
764 4208 984 4273 fallitur,
1034 4224 1156 4263 eum
1183 4213 1261 4266 sic
1286 4212 1360 4265 ait
1415 4213 1584 4281 ipsum
1609 4228 1635 4264 a
1664 4229 1777 4264 ma-

226 4317 340 4371 gno
370 4299 532 4354 dente
578 4302 938 4355 nominatum.
987 4300 1263 4370 Scriptura
1312 4303 1416 4358 hoc
1462 4306 1621 4357 modo
1656 4321 1778 4355 tnu-

226 4396 410 4461 tanda,
468 4404 525 4447 ut
571 4394 712 4462 apud
745 4392 1143 4463 Spandnginnm
1175 4412 1271 4463 pro
1299 4398 1443 4452 Bidic
1473 4405 1527 4451 et
1590 4396 1779 4448 Vidich

222 4484 439 4555 legatur
484 4481 638 4537 Gidic
700 4502 713 4540 ε
771 4487 910 4554 apud
960 4486 1193 4554 reliquos
1256 4489 1390 4543 tinos
1463 4504 1557 4555 pro
1609 4487 1783 4541 (itu-n-

221 4578 352 4631 diclt
417 4574 619 4632 Gedic:
676 4580 816 4644 quod
881 4577 1019 4632 idem
1070 4587 1154 4632 est
1190 4593 1310 4631 cmn
1365 4579 1580 4635 Geduc.
1638 4579 1784 4630 Peri-

1868 3399 1972 3436 non
2004 3382 2335 3437 Schitnizam
2372 3402 2492 3439 cum
2544 3387 2754 3441 Morava
2794 3388 3079 3451 confundi,
3104 3390 3171 3441 de
3214 3405 3321 3457 quo
3352 3406 3442 3443 su-

1860 3473 2049 3543 perius
2082 3484 2281 3536 actum,
2315 3477 2487 3543 capite
2523 3475 2644 3529 124.
2671 3475 2802 3529 Cum
2838 3477 3030 3529 deinde
3060 3492 3215 3530 muro
3247 3492 3437 3531 novata

1869 3581 2045 3620 arcem
2074 3565 2307 3620 cinxisse
2358 3565 2554 3620 dicitur
2584 3606 2599 3631 ,
2646 3556 3050 3634 intelligendum
3105 3567 3230 3620 illud
3277 3562 3443 3622 Geni;

1870 3660 2127 3723 sareium,
2166 3661 2215 3713 in
2256 3660 2405 3714 urbis
2433 3662 2674 3715 orientali
2704 3660 2898 3731 angulo
2921 3642 3300 3723 cenditttm,de
3332 3668 3440 3728 quo

1872 3751 2030 3817 paulo
2058 3761 2199 3810 ante.
2246 3767 2470 3806 numero
2521 3752 2641 3805 139.
2695 3752 2960 3819 Praeterea
3020 3750 3215 3807 nomen
3268 3753 3441 3807 Sulci-

1874 3843 2046 3892 manis
2079 3840 2351 3895 Romaniae
2386 3844 2705 3911 beglerhegi,
2736 3846 2880 3912 quod
2908 3844 3090 3897 statim
3122 3845 3435 3912 subjicuun

1876 3930 2154 3985 Bonlinius
2190 3934 2479 3999 ignoravit,
2511 3933 2763 3986 liasseum
2803 3934 2961 3985 modo
2996 3948 3217 3986 v0cans.

1986 4023 2109 4076 150.
2149 4022 2377 4092 Insignis
2416 4023 2703 4077 Turcorum
2745 4024 2918 4077 clades
2950 4025 3005 4076 in
3040 4022 3295 4093 Ungorin.

1950 4117 2227 4170 lionlinius
2279 4133 2442 4169 unum
2496 4119 2595 4170 hac
2642 4116 2980 4187 expeditione
3010 4115 3307 4169 'l'urcmum
3335 4116 3431 4169 du-

1883 4226 1993 4262 ceni
2031 4208 2323 4259 nominavit
2354 4206 2703 4268 l‘lalibechunt
2735 4247 2749 4266 ,
2779 4206 2868 4275 qni
2904 4206 3189 4259 annalibus
3223 4218 3303 4258 est
3352 4207 3434 4259 Ali

1884 4304 1980 4369 beg
2018 4298 2317 4366 Michalogli
2346 4316 2360 4352 :
2392 4300 2457 4351 de
2486 4300 2706 4368 reliquis
2738 4300 2948 4352 duobus
2971 4339 2985 4363 ,
3018 4296 3095 4352 lsa
3130 4298 3259 4365 bego
3291 4297 3434 4359 Chu-

1884 4391 2107 4457 seiunin
2134 4432 2148 4453 ,
2177 4399 2228 4442 et
2258 4388 2370 4440 Bali
2404 4390 2536 4455 bch
2564 4388 2897 4458 Malcozogli,
2932 4389 3066 4442 nihil
3098 4400 3431 4454 compertum

1888 4484 2091 4537 habuit.
2124 4482 2421 4535 Turcorum
2453 4481 2745 4535 exercitum
2787 4463 3064 4548 sexaginta
3100 4480 3262 4532 millia
3292 4482 3437 4532 :rsti-

1889 4584 2016 4629 mat.
2056 4574 2387 4641 Ungzirorum
2421 4574 2583 4624 duces
2627 4576 2775 4625 luere
2825 4572 3131 4640 Stephanus
3163 4573 3431 4641 Batorius,

222 4672 397 4725 tiores
462 4665 707 4720 Arabica
766 4668 956 4734 linguze
1007 4666 1183 4723 Gutuc
1250 4671 1537 4723 οιιιιιιῑὶιιιιι
1592 4690 1687 4736 οιιϊ
1722 4670 1757 4717 ν
1798 4664 1838 4717 D
1868 4668 2099 4721 Vaivoila
2136 4664 2677 4726 Transsilvauieusis,
2718 4674 2770 4717 et
2818 4665 3017 4718 Paulus
3046 4664 3307 4724 Kinisius,
3342 4680 3435 4715 cor

138 4806 150 4810 _
222 4761 519 4825 Gallicum,
546 4760 685 4827 quod
716 4774 904 4828 parum
936 4761 1087 4813 abest
1125 4777 1153 4812 a
1186 4759 1337 4815 Giilic
1365 4756 1474 4814 sive
1501 4763 1654 4815 Gillo.
1688 4762 1771 4813 Si—

223 4852 448 4919 guiticat
478 4860 653 4905 autem
706 4849 1020 4903 vocabulum
1082 4852 1184 4904 hoc
1249 4860 1493 4904 truncum
1545 4852 1773 4921 alicujus

222 4945 301 4999 rei
338 4940 541 5009 fracta,
592 4943 657 4997 de
693 4956 802 5013 quo
849 4940 1313 5002 aninmdvertitur,
1346 4943 1446 4997 hoc
1492 4942 1538 4996 ei
1590 4945 1771 4997 datum

223 5036 397 5091 fuisse
422 5050 715 5103 cognomen
747 5051 776 5088 ει
811 5044 1006 5087 trunco
1041 5034 1241 5100 dentis,
1268 5037 1357 5104 qui
1396 5036 1573 5089 adhuc
1603 5037 1653 5088 in
1683 5054 1777 5089 orn

222 5126 437 5182 scilicet
474 5126 717 5192 reliquus
747 5125 991 5177 han-cret.

392 5215 513 5270 148.
560 5215 705 5271 Mare
738 5216 984 5287 Nigrum,
1015 5227 1063 5269 et
1093 5216 1238 5269 Mare
1270 5218 1440 5285 majus
1478 5217 1621 5286 Cofe.

292 5305 498 5361 Pontus
527 5303 652 5357 olim
687 5307 891 5360 dictum
932 5308 1175 5361 Euxinus
1211 5307 1290 5359 vel
1342 5310 1620 5376 hospitalis
1642 5352 1655 5371 ,
1688 5326 1779 5375 per

220 5397 558 5462 contrarium
614 5411 854 5461 sensum,
900 5399 1047 5451 velut
1076 5399 1289 5450 Axenus
1320 5408 1372 5450 et
1412 5400 1779 5465 inhospitalis,

224 5502 422 5540 nunca
444 5487 636 5540 Turcis
676 5486 993 5543 Caradenizi
1028 5502 1273 5553 vocatur,
1309 5504 1336 5541 a
1372 5488 1571 5544 ϐιηθεὶς
1601 5492 1779 5545 Maura

224 5579 483 5641 tbalassa,
509 5578 658 5646 idem
684 5587 911 5646 utroque
943 5585 1158 5635 nomine
1195 5582 1558 5650 signiliraute.
1596 5584 1783 5637 videli-

226 5678 312 5720 cet
343 5682 490 5720 mare
545 5664 786 5735 Nigrum.
816 5666 957 5721 Usus
1022 5682 1103 5723 est
1165 5671 1261 5723 hac
1296 5672 1652 5737 appellatione
1682 5672 1779 5726 Da-

229 5770 519 5810 ntascenus
562 5754 800 5810 Studites
825 5744 877 5810 in
910 5761 1165 5813 thesauro
1194 5763 1512 5813 ctutrionum
1542 5780 1782 5834 suarum,

225 5845 429 5914 scripto
473 5845 653 5915 lingua
700 5848 883 5902 (Ξῖ-πω
925 5854 1150 5919 vulgari.
1193 5851 1399 5905 Nomen
1449 5852 1549 5906 hoc
1579 5855 1628 5907 ei
1688 5858 1782 5909 ila-

228 5952 342 6004 tum
380 5935 684 6005 perhibent,
742 5954 846 5993 nou
880 5940 1019 6009 quod
1084 5958 1253 6011 aquas
1316 5944 1511 5999 habeat
1573 5946 1776 6013 nigras,

1880 4779 1991 4815 mes
2021 4758 2493 4815 Temesvareusis.
2524 4757 2822 4812 Numerum
2858 4772 3118 4812 cazsornm
3152 4756 3429 4809 Bonlinius

1878 4855 2016 4906 idem
2055 4853 2345 4905 in.litteras
2376 4851 2554 4903 retulit
2585 4887 2601 4911 ,
2653 4848 2957 4902 Turcorum
3019 4849 3234 4916 triginta
3271 4847 3434 4901 millia

1878 4944 2159 4996 duntaxat.
2194 4944 2405 4993 Annum
2440 4955 2651 5007 quinque
2681 4939 2860 5006 posuit
2897 4938 3046 4993 “80.
3082 4938 3232 4993 Unde
3267 4941 3436 4993 corri‘

1880 5033 2034 5101 giflldi
2085 5041 2253 5098 capue
2286 5029 2549 5096 superiori
2590 5044 2733 5079 anno
2806 5028 3021 5082 Scodra:
3054 5031 3260 5083 numeri
3292 5032 3431 5099 apud

1881 5123 2227 5178 secretarium
2289 5122 2596 5185 bialatcstse,
2654 5136 2857 5190 proque
2912 5120 3070 5180 H77.
3138 5103 3433 5190 reponchi

1883 5214 2032 5267 H79.

1911 5328 2028 5380 151.
2061 5326 2269 5381 Rhodus
2308 5348 2337 5380 α
2369 5329 2544 5381 Turcis
2578 5330 2796 5397 primum
2838 5326 3116 5397 obsidetur.
3137 5328 3397 5382 Amndeus

2114 5411 2445 5467 cognomento
2495 5395 2679 5452 Viridis
2703 5436 2717 5459 ,
2747 5414 2911 5449 comes
2940 5395 3238 5451 Sobuudiw.

1960 5484 2335 5555 Srpenumero
2366 5490 2581 5557 quidem
2618 5496 2817 5540 tentata
2848 5485 3025 5559 fuerat
3054 5485 3334 5547 hactenus,
3374 5494 3427 5537 et

1887 5582 2103 5632 obsessa
2136 5577 2356 5631 Rhodus
2381 5596 2410 5630 a
2442 5577 2752 5640 Saracenis,
2778 5576 2937 5629 etiam
2971 5573 3037 5628 ab
3069 5574 3157 5626 illo
3190 5583 3428 5639 tempore

1890 5689 1995 5741 quo
2027 5672 2092 5723 ab
2140 5672 2414 5738 equitibus
2471 5670 2971 5741 llierosolymitanis
3000 5667 3177 5721 Sancti
3202 5665 3430 5719 Joannis

1890 5765 2141 5831 liaptistze
2189 5761 2425 5816 (lt‘rerios
2467 5763 2645 5815 vocari
2697 5762 2886 5816 scribit
2934 5758 3166 5817 Nicetas,
3224 5755 3429 5810 Gallica

1892 5860 2141 5912 nimirum
2174 5870 2307 5909 voce
2368 5856 2699 5924 signilicame
2740 5850 2975 5923 fratres)
3011 5850 3423 5921 posside-batur:

1892 5961 1942 6005 ct
2007 5959 2127 6003 autc
2182 5948 2317 6002 hanc
2373 5948 2651 6003 obsidione
2683 5948 2920 6011 proxima
2954 5946 3266 6000 liberaverat
3306 5958 3433 5997 eam
