4032 6344
3760 394 3790 443 δ
3804 385 3880 443 ῗὶέ.

628 398 727 461 sat
1812 404 2129 465 JO.\NNIS
2171 400 2645 463 LEUNCLAVII
3060 468 3065 477 ,

624 527 808 567 comes
861 510 1143 568 Sabaudus
1196 513 1489 576 Ainadcns,
1548 524 1906 581 cognomento
1964 515 2180 581 Viridis,
2214 520 2255 573 Α
2285 515 2409 566 dico
2437 510 2721 568 charitatis
2755 507 3103 571 Christianae,
3133 519 3251 574 qua:
3279 501 3486 581 intstra
3511 498 3567 551 in
3601 497 3687 549 eis
3719 512 3885 562 quas“

629 604 918 659 immortali
983 622 1103 661 cum
1161 606 1317 661 laude
1372 608 1453 662 sui
1514 608 1767 661 nominis.
1795 609 2023 674 Ideoque
2054 626 2173 663 cum
2287 606 2446 670 ritur,
2502 603 2593 657 sed
2651 599 3002 655 humanitatis
3055 609 3275 653 sensum
3319 592 3613 652 videmus,
3650 588 3729 641 de
3768 587 3889 638 hac

632 698 752 752 alba
803 714 960 769 cruce
988 741 1002 762 ,
1040 702 1087 752 in
1117 714 1307 767 ratnpo
1331 704 1495 753 rubro
1525 702 1718 765 detha,
1746 718 1863 770 qua
1890 704 2060 772 ipsius
2086 720 2179 757 or-
2286 697 2391 749 vita
2425 710 2583 761 quam
2618 691 2927 746 diutissime
2961 686 3337 759 conservanda
3392 683 3697 772 SOIIiCi'QS.
3742 694 3887 730 cm“

630 790 771 845 dinis
799 791 1037 859 equitum
1064 792 1409 857 Rhodiorum
1436 794 1661 856 insignia
1695 806 1840 857 sunt,
1863 770 2177 864 perpetuum
2286 797 2539 840 aeternam
2592 794 2645 838 et
2689 785 2957 838 ccelestem
2990 781 3189 834 nullam
3220 784 3558 846 exspectent.
3602 770 3888 864 Hydrun-

627 897 691 933 νει
723 880 922 939 familia
970 874 1273 950 symbolum
1325 880 1500 936 FERT
1534 886 1691 953 hujus
1728 862 2182 953 Amadei‘virtnte
2287 886 2394 931 tem
2430 893 2458 929 a
2496 884 2668 930 morte
2709 873 3062 928 Mucbemetis
3089 911 3104 936 ,
3143 886 3310 940 quum
3354 868 3627 933 Bajasites
3686 862 3886 930 patris

633 972 956 1033 promeruit.
986 954 1117 1024 Nam
1142 990 1217 1027 θέε
1248 972 1441 1026 lillerz
1475 952 1686 1037 plenius
1704 952 1986 1045 explicatae
2017 977 2185 1045 signi-
2289 968 2343 1022 in
2372 968 2596 1036 imperio
2612 979 2913 1031 successor,
2962 962 3100 1018 bello
3147 968 3332 1015 contra
3382 958 3602 1043 Zemem
3624 955 3884 1009 fratrem

635 1066 811 1123 licunt,
860 1061 1137 1117 Fortitudo
1187 1065 1304 1134 ejus
1341 1065 1594 1119 Rhodum
1633 1066 1836 1121 Tenuit.
1887 1069 1989 1122 Sed
2023 1068 2183 1121 Turci

2300 1060 2618 1128 implicatus,
2671 1059 2980 1127 Achmetem
3042 1054 3314 1110 Geducem
3374 1051 3594 1105 bassam
3659 1046 3740 1100 ad
3819 1059 3886 1099 se

638 1157 766 1207 nihil
800 1157 881 1223 ad,
906 1157 1006 1209 hec
1051 1140 1222 1224 usque
1260 1171 1472 1223 tempus
1517 1160 1570 1210 in
1606 1175 1722 1213 eam
1759 1160 2188 1213 moliri‘fuerant
2294 1166 2436 1205 anno
2459 1151 2701 1219 proximo
2729 1150 2895 1219 (sicut
2946 1149 3000 1202 in
3049 1145 3349 1200 Annalibus
3388 1143 3550 1213 paulo
3604 1146 3745 1208 post
3784 1148 3882 1190 se-
3917 1196 3920 1197 ν

634 1246 771 1307 ausi,
808 1248 930 1301 tiret
958 1248 1558 1317 Asiaequictamprope
1589 1250 1987 1315 possessionem
2022 1251 2189 1303 inter-
2295 1242 2501 1312 quitur)
2556 1249 2863 1296 revocasset
2905 1257 2920 1304 ;
2972 1236 3314 1308 Neapolitani
3365 1250 3516 1303 reges
3561 1229 3881 1285 Obsessam

634 1328 843 1392 turbari
885 1339 953 1393 ab
997 1340 1273 1408 equitibus
1313 1341 1419 1396 illis
1466 1340 1695 1396 Rhodiis
1755 1343 2041 1409 :egerrime
2080 1341 2182 1394 for-
2295 1343 2349 1395 ct
2406 1343 2770 1403 expugnatam
2843 1338 3253 1400 recuperarunt.
3311 1330 3381 1382 ab
3438 1327 3656 1397 υηεεπο
3738 1341 3885 1394 rege

634 1438 787 1481 rent.
843 1424 999 1483 Nunc
1052 1431 1266 1485 tandem
1328 1431 1575 1485 Rhodum
1635 1434 1785 1502 jussu
1838 1431 2192 1485 Muchemetis
2298 1426 2516 1481 Matthia
2554 1426 2725 1495 copiis
2771 1423 3127 1479 auxiliaribus
3160 1421 3681 1493 impetratis=£55
3741 1436 3881 1489 (1⁸⁸³⁵

632 1532 920 1588 aggressus
951 1530 1033 1576 est
1063 1523 1280 1578 Mesites
1313 1526 1459 1593 vesir
1501 1520 1683 1591 bassa,
1710 1528 1869 1593 gente
1895 1524 2191 1592 Palmologa
2300 1521 2493 1591 pugnis
2512 1521 2770 1573 adversus
2790 1518 2995 1571 vicinos
3012 1515 3487 1571 'I‘nrcos'adsuetae
3515 1515 3875 1583 pracipnam

636 1621 817 1667 natus.
869 1611 996 1666 Erat
1050 1604 1180 1669 tunc
1234 1590 1487 1685 princeps
1524 1590 1764 1679 ordinis,
1822 1632 1978 1687 quem
2022 1590 2195 1671 Graeci
2303 1590 2409 1666 hoc
2435 1612 2610 1670 bello,
2643 1608 2964 1679 superandis
3010 1606 3267 1663 Barbarie
3299 1648 3315 1674 ,
3347 1600 3565 1676 operam
3616 1617 3878 1659 navasse

634 1700 876 1767 Megalon
911 1704 1147 1760 Mastora
1179 1708 1465 1770 vocabant,
1497 1708 1666 1761 nostri
1699 1704 1952 1777 magnum
1996 1709 2199 1779 magis-
2304 1698 2682 1773 Ρηεάῖοιιίιιιπ-
2947 1752 2950 1767 ς
3412 1702 3415 1715 “

632 1763 794 1856 "illi"
852 1797 1047 1892 1’“st
1076 1763 1486 1892 Ἀιιζιιδεοηίιιέν
1550 1801 1768 1857 "al-i0“
1789 1763 2011 1857 "Gallus
2036 1845 2052 1871 ς
2090 1763 2197 1873 ’ίιιλί
2224 1875 2260 1892 η
2306 1763 2426 1878 I53.
2454 1823 2598 1878 Mors
2621 1824 2815 1878 δυηαηὶ
2836 1763 3169 1887 ’ΜυξΙιειηειξε
3188 1820 3503 1892 ILTeggiur
3516 1818 3641 1873 Zair
3660 1794 3883 1888 ἀινὶο-

632 1898 815 1954 postca
849 1887 1139 1945 cardinatis
1173 1888 1429 1947 Ecclesiae
1461 1893 1722 1949 Romanae
1769 1909 1988 1952 creatus
2025 1897 2191 1951 fuisse
2222 1875 2263 1929 Β
2456 1875 2465 1878 ⁷
2653 1875 2675 1877 ”
2711 1875 3366 1964 '“an.;"Ny‘.a;,im:

634 1980 891 2033 traditur.
925 1981 972 2034 Is
999 1994 1104 2034 tam
1132 1982 1348 2041 fortiter
1385 1985 1485 2039 hac
1514 1987 1801 2043 obsidione
1831 2004 1955 2042 cum
1989 1989 2105 2044 suis
2132 2003 2192 2041 se

632 2063 818 2141 gessit.
848 2082 907 2127 ttt
941 2087 1045 2127 non
1078 2076 1251 2129 solum
1282 2076 1475 2131 infecta
1502 2094 1584 2141 re,
1616 2095 1805 2133 verum
1837 2083 2000 2133 etiam
2034 2082 2191 2134 dam-

633 2168 719 2219 nis
777 2167 1013 2235 acceptis
1069 2168 1427 2235 gravissimis,
1488 2169 1611 2223 inde
1661 2160 1944 2225 discedere
1980 2170 2192 2229 Mesites

636 2267 937 2326 cogeretur.
987 2257 1194 2325 Quippe
1241 2275 1345 2312 non
1397 2263 1659 2315 revocatis
1694 2262 1761 2315 ad
1794 2265 2192 2319 ealculum'de-

638 2349 906 2402 trimo-ntis
940 2351 1184 2414 caeteris,
1219 2366 1353 2404 caesa
1381 2353 1587 2418 periere
1620 2353 1919 2408 Tureorum
1973 2357 2191 2425 triginta

634 2441 822 2502 millia.
878 2438 935 2495 ut
994 2443 1212 2513 quidam
1240 2445 1412 2512 aiunt,
1460 2445 1707 2501 Geufraeo
1745 2448 1899 2517 longe
1929 2450 2190 2508 minorem

633 2540 865 2596 ponente
897 2546 1202 2586 numerum.

634 2642 755 2696 152.
797 2641 1080 2699 Otrantttm
1111 2664 1141 2700 a
1174 2647 1352 2701 Turris
1382 2662 1611 2716 raptum,
1641 2660 1687 2703 et
1716 2669 1746 2705 a
1770 2651 2085 2710 Christianis
2117 2674 2215 2710 re-r

1272 2730 1492 2786 ceptum.

703 2804 992 2861 Otrantum
1026 2809 1218 2865 Turcis
1248 2821 1299 2864 et
1334 2812 1478 2868 Italis
1506 2815 1709 2869 dicitur
1739 2829 1983 2872 extremo
2014 2820 2066 2874 in
2100 2836 2195 2874 an-

635 2899 760 2964 gulo
804 2898 1166 2964 Apuliresita
1214 2902 1425 2964 civitas.
1485 2921 1514 2959 e
1575 2906 1793 2975 regione
1841 2909 2085 2966 Albaniae
2113 2913 2195 2967 vel

637 2984 817 3051 Epiri:
846 2988 1001 3056 cujus
1040 2993 1106 3045 ab
1133 2990 1333 3061 oppido
1363 2993 1562 3049 Velona
1598 2998 1713 3051 sive
1769 2996 1992 3065 Valona,
2019 3018 2193 3069 quon-

636 3081 756 3133 dam
787 3082 1050 3148 Aulonia,
1086 3086 1357 3153 sexaginta
1421 3087 1684 3142 duntaxat
1743 3089 2025 3160 interjecto
2061 3094 2195 3148 mari

639 3174 965 3228 milliaribtts
1018 3174 1221 3229 Graecis
1275 3176 1463 3231 distat.
1513 3177 1814 3250 Imperator
1847 3182 1958 3238 Leo
1991 3197 2194 3241 metro-

638 3264 802 3329 polim'
826 3262 976 3327 facit,
1009 3273 1062 3321 et
1110 3263 1441 3336 Ilydruntcm
1473 3279 1629 3325 vocat
1649 3312 1664 3336 ,
1686 3272 1830 3327 unde
1881 3289 2193 3345 corruptum

639 3368 833 3410 nomen
912 3357 1164 3414 Utranti.-
1188 3356 1385 3415 ~Leone
1437 3364 1655 3431 quidem
1705 3363 1965 3435 regnante
1994 3383 2121 3436 pars
2148 3386 2205 3432 υι
2234 3386 2249 3397 η

642 3447 828 3503 isthtec
878 3446 1061 3515 Italiae,
1107 3466 1231 3506 cum
1281 3452 1552 3520 Calabria,
1618 3448 1914 3525 Byzantino
1981 3461 2203 3526 parebat

608 3538 613 3542 ’
639 3541 986 3614 imperatori:
1019 3543 1098 3597 sic
1131 3552 1183 3598 ct
1210 3547 1534 3613 metropolcs
1565 3547 1747 3601 Ronue
1775 3550 1939 3603 Novae
1974 3551 2201 3645 pat‘riar-

639 3639 818 3699 t'llmlt,
868 3650 974 3689 non
1018 3638 1222 3691 veteris
1278 3654 1468 3707 papam
1496 3643 1885 3707 agnoscebant.
1924 3638 2072 3699 Inter
2096 3646 2214 3702 alia

641 3734 760 3791 post
801 3734 1015 3793 captam
1064 3721 1397 3796 llydruntem
1429 3745 1456 3783 a
1489 3730 1745 3786 Barbaris
1781 3734 1923 3787 edita
1961 3739 2197 3792 crudeli-

645 3817 774 3871 tatis
814 3819 1080 3888 exempla,
1125 3820 1359 3875 refertur
1385 3832 1436 3876 et
1462 3823 1614 3891 illud,
1659 3830 1802 3894 quod
1847 3828 1993 3884 urbis
2023 3831 2200 3884 archi-

640 3912 1050 3979 episcopum‘ad
1085 3928 1234 3968 aram
1275 3930 1427 3969 serra
1461 3918 1840 3974 dissecuerint.
1866 3920 1977 3977 Nos
2003 3938 2031 3977 c
2064 3923 2199 3977 Cor-

641 4018 767 4073 cyra
820 4003 1127 4069 solventes,
1169 4004 1546 4063 deficientibus
1588 4010 1796 4066 idoneis
1840 4016 2050 4080 ventis,
2107 4014 2196 4070 hic

641 4096 937 4150 subsistere
995 4096 1169 4151 coacti
1232 4097 1456 4163 fuimus,
1498 4100 1549 4153 in
1599 4116 1704 4154 non
1730 4103 1945 4172 exiguo,
1975 4116 2199 4174 propter

642 4189 906 4244 immanes
964 4190 1167 4261 piratas
1194 4191 1474 4258 Turcicos,
1527 4195 1834 4249 diserimine
1865 4198 2144 4251 constituti
2177 4218 2192 4261 ,-

600 4319 607 4325 .
644 4283 734 4351 qui
770 4285 841 4337 ob
898 4284 1239 4339 interfectam
1292 4299 1414 4339 cum
1480 4287 1681 4340 familia
1743 4303 1849 4341 non
1883 4290 1956 4342 ita
1993 4289 2193 4343 dudum

614 4371 975 4433 ‘Ilantadanis
1006 4378 1176 4433 bassa:
1204 4379 1524 4448 Tripolitani
1557 4382 1861 4449 c0njugem,
1898 4391 1955 4435 ut
1985 4381 2035 4434 in
2067 4398 2195 4450 sup—

644 4470 913 4538 plemento
942 4471 1228 4524 Annalium
1262 4472 1620 4536 narravimus,
1645 4471 1955 4529 iniVenetos
1985 4474 2196 4531 rabiose

2363 1987 2657 2040 Commode
2689 2001 2834 2041 mors
2883 1984 3112 2041 consilia
3130 2040 3133 2041 ν
3152 1981 3500 2038 Mucltemetis
3523 1978 3835 2047 interrupit
3858 2020 3874 2041 .

2295 2078 2467 2130 futura
2538 2076 2841 2144 reipublicze
2903 2075 3225 2143 Christiana:
3301 2071 3627 2143 perniciosa.
3712 2070 3872 2123 Nam

2291 2170 2516 2233 Otrantp
2543 2178 2716 2238 capta,
2754 2178 3138 2238 pregressurus
3166 2176 3283 2221 erat
3316 2165 3459 2220 haud
3494 2164 3652 2219 dubie
3675 2180 3693 2216 :
3719 2177 3873 2229 pne-

2294 2260 2478 2313 sertim
2530 2269 2655 2313 cum
2704 2259 2873 2313 Roma
2924 2258 3070 2314 Nova
3103 2259 3330 2329 potitus,
3378 2258 3537 2312 etiam
3579 2256 3645 2308 de
3675 2254 3873 2306 Roma

2293 2351 2461 2405 veteri
2494 2350 2828 2421 subjicienda
2862 2361 3123 2421 perpetuo
3150 2351 3332 2407 nescio
3366 2348 3492 2420 quid
3526 2348 3871 2402 somniaret.

2292 2441 2561 2499 ln‘Asiam
2607 2444 2971 2499 transmisisse
3001 2460 3121 2499 cum
3151 2442 3389 2511 exercitu
3429 2441 3660 2501 dicitur,
3703 2440 3874 2493 inva-

2296 2553 2453 2592 surus
2480 2536 2694 2608 IEgypti
2728 2536 3025 2611 snltanum,
3058 2545 3168 2589 tmn
3196 2534 3340 2604 quod
3369 2534 3567 2603 legatos
3596 2548 3759 2595 suos,
3797 2532 3872 2583 ah

2294 2628 2700 2685 Usumchasane
2721 2614 3007 2683 Persardin
3030 2640 3154 2697 rege
3177 2642 3299 2684 cum
3326 2616 3637 2679 muneribus
3662 2639 3865 2677 rever-

2295 2732 2488 2784 tentes,
2524 2722 2795 2774 violasset:
2830 2730 2939 2775 tum
2980 2721 3181 2785 etiam,
3212 2721 3357 2790 quod
3394 2719 3691 2790 pedanrum
3732 2732 3873 2772 vec-

2296 2814 2422 2881 tigal
2471 2830 2501 2866 a
2548 2811 2765 2877 Turcis,
2816 2812 3081 2877 Mechieu,
3132 2828 3226 2881 per
3277 2812 3486 2879 imperii
3542 2814 3625 2864 sul
3677 2810 3871 2872 ﬁnes.

2295 2905 2571 2971 religionis
2599 2920 2728 2973 ergo
2762 2905 3266 2973 proficiscentibus,
3320 2890 3576 2971 eiigerct.
3634 2900 3870 2955 Evslin-

2296 3007 2439 3051 ctum
2475 2997 2634 3051 tradit
2665 2996 2940 3062 Bonfinius
2964 3012 3105 3050 anno
3138 2995 3448 3049 Christiano
3478 2992 3633 3053 “8|,
3693 2994 3884 3059 quitw

2277 3098 2354 3141 to
2381 3087 2560 3144 Nonas
2612 3088 2797 3143 Maias.
2846 3088 3062 3141 Addunt
3113 3086 3371 3147 Annales,
3423 3084 3495 3136 in.
3530 3081 3868 3152 Teggiurnm

2299 3192 2452 3244 prato
2502 3191 2796 3237 mortuum.
2846 3178 2957 3241 Hoc
2988 3180 3090 3234 loci
3140 3193 3335 3233 nomen
3387 3175 3577 3230 Turcis
3621 3174 3871 3247 Tegginr

2310 3274 2434 3328 Zait‘
2461 3274 2700 3330 effertur.
2730 3271 2794 3327 Et
2822 3272 3061 3342 erposita
3094 3271 3339 3341 superius
3390 3275 3472 3324 est
3497 3283 3662 3322 causa
3682 3308 3699 3333 ,
3757 3282 3867 3320 nu-

2310 3384 2458 3423 mero
2501 3381 2748 3421 notarum
2802 3366 2891 3432 56,
2932 3367 3281 3434 quamobrem
3331 3362 3492 3418 Turci
3545 3360 3861 3417 Grrecornm

2309 3461 2659 3528 imperatores
2712 3459 3108 3513 nominaverint
3157 3459 3466 3527 Teggiures;
3521 3453 3863 3510 Secretarinl

2305 3551 2595 3610 Malatestre
2628 3549 2811 3615 refert,
2844 3548 3231 3605 Muchemetem
3256 3564 3376 3601 cum
3403 3542 3642 3603 exercitu
3674 3556 3862 3599 trans-

2301 3628 2514 3715 jecissei
2551 3643 2882 3705 Scutarium,
2916 3643 3145 3711 indeque
3173 3639 3472 3710 profectum
3522 3641 3587 3694 ad
3624 3633 3859 3693 Chisiri-

2304 3736 2461 3797 chen,
2490 3732 2643 3801 cujus
2688 3734 2935 3802 planities
2968 3733 3037 3787 ab
3068 3747 3172 3786 una
3202 3742 3354 3800 parte
3392 3730 3459 3786 ad
3499 3745 3647 3784 mare
3668 3732 3860 3801 perti-

2306 3835 2460 3887 neat,
2493 3826 2545 3878 in
2584 3824 2830 3877 morbum
2858 3821 3133 3876 incidisse.
3183 3820 3392 3887 Quibus
3442 3819 3496 3871 in
3534 3816 3711 3871 verbis
3758 3831 3859 3885 pro

2301 3917 2608 3972 Chisiviche
2636 3915 2871 3986 putarim
2899 3913 3146 3982 equidem
3176 3911 3324 3966 aliud
3358 3925 3560 3964 nomen
3592 3924 3825 3977 reponen
3845 3936 3859 3949 -

2302 4013 2451 4076 dmn,
2478 4011 2719 4079 adeoque
2749 4007 2996 4062 Geivisen
3027 4006 3192 4067 illam,
3218 4003 3285 4059 de
3326 4018 3430 4072 qua
3456 4003 3659 4058 dictum
3684 4003 3860 4071 capite

2303 4115 2548 4159 notarum
2581 4104 2668 4159 74.
2710 4101 2919 4169 Quippe
2951 4101 3189 4155 fatentur
3222 4111 3415 4151 omnes
3443 4096 3706 4154 historici.
3740 4095 3859 4148 Mn-

2302 4200 2602 4253 chemetem
2670 4196 2772 4249 iter
2816 4197 2915 4249 hoc
2952 4192 3321 4248 Nicomediam
3350 4201 3540 4245 versus
3570 4188 3855 4259 ltenuisSe:

2301 4299 2465 4361 aqua
2517 4306 2647 4345 non:
2682 4290 2838 4359 longe
2894 4305 3016 4344 cum
3078 4289 3311 4346 abesset,
3369 4294 3620 4339 mortuus
3675 4286 3855 4339 fuerit.

2299 4382 2550 4439 Notatum
2587 4396 2711 4434 vero
2762 4392 2948 4452 supra,
2996 4379 3250 4435 Geivisen
3304 4378 3464 4431 unius
3515 4377 3705 4432 itinere
3749 4379 3855 4431 dici

2278 4495 2408 4533 non
2440 4490 2631 4546 magno
2662 4476 2906 4531 dissitam
2948 4492 2983 4530 a-
3003 4472 3337 4529 Nicomedia.
3368 4474 3576 4528 Dictum
3616 4474 3810 4529 ibidem
3839 4517 3853 4537 ,

619 4560 1202 4643 ,grassabantur.‘.Nec
1257 4562 1531 4631 Hispanus
1580 4567 1909 4634 gubernator
1946 4565 2193 4636 llydrun-
2225 4585 2270 4646 ε)
2300 4567 2462 4623 maris
2509 4568 2630 4621 istic
2680 4582 2799 4623 esse
2831 4566 3009 4621 sinum
3032 4606 3048 4631 ,
3084 4580 3242 4635 quem
3276 4574 3485 4619 veteres
3532 4565 3853 4619 Astaceuum

644 4659 791 4710 tinus
826 4652 1023 4709 minori
1068 4664 1201 4716 usus
1233 4659 1315 4706 est
1357 4666 1481 4721 erga
1527 4651 1641 4709 nos.
1674 4654 1940 4716 barbarie.
1981 4658 2068 4723 qui
2101 4671 2197 4725 per

644 4746 958 4800 nauclerum
988 4759 1110 4798 cum
1142 4743 1382 4814 periculo
1416 4743 1722 4813 ablegatum
1751 4747 2062 4813 rOgantibus
2089 4789 2103 4811 ,
2138 4758 2196 4802 ut

642 4837 920 4906 aliquanto
957 4836 1179 4907 propius
1208 4830 1283 4891 ad.
1306 4848 1516 4907 portum
1538 4838 1843 4893 accedendi
1875 4848 2196 4907 potestatem

644 4929 845 4983 faceret
870 4947 883 4981 :
912 4945 1017 4999 quo
1054 4939 1241 4998 portus
1266 4940 1320 4984 et
1348 4931 1499 4984 urbis
1530 4912 1701 4985 vit-ina
1734 4932 1964 4986 tutiores
1994 4949 2021 4985 a
2057 4935 2199 5001 pira-

642 5032 820 5077 tarum
883 5021 1095 5089 injuriis
1148 5038 1418 5086 essemus,
1476 5038 1584 5076 non
1635 5024 1812 5076 solum
1848 5024 1897 5077 id
1937 5034 2198 5093 negavit:

640 5128 826 5166 verum
858 5115 1018 5166 etiam
1058 5113 1368 5167 denttntiari
1392 5114 1575 5181 jussit,
1609 5130 1667 5168 se
1699 5130 1797 5168 nos
1828 5116 1975 5169 Omni
2006 5129 2200 5184 gem-re

643 5218 1038 5262 tormentorum
1073 5208 1385 5263 bellicorum
1415 5223 1480 5262 ex
1512 5222 1656 5270 arce,
1684 5196 1729 5261 si
1777 5206 1999 5278 propius
2049 5223 2205 5261 accc-

647 5302 918 5365 deremus,
969 5307 1347 5369 excepturum.
1395 5297 1450 5354 Id
1504 5296 1666 5351 ﬁebat
1719 5308 2030 5369 propterea,
2063 5309 2202 5369 quod

644 5392 1110 5460 Constantinopoli
1164 5392 1496 5456 veniremus,
1538 5386 1653 5449 ubi
1700 5393 1966 5461 superiori
1995 5404 2204 5471 testate,

647 5486 810 5541 veluti
847 5484 1007 5554 paulo
1032 5494 1157 5537 ante
1187 5484 1412 5547 dictum,
1439 5481 1758 5551 gravissime
1780 5487 2001 5541 morbus
2036 5489 2206 5556 pesti-

646 5575 763 5629 lens
790 5575 1074 5630 suavierat.
1110 5572 1357 5642 Amplius
1401 5580 1579 5625 tamen
1632 5573 1871 5643 quinque
1903 5579 2205 5633 mensibus.

646 5676 770 5719 ante
815 5677 1059 5721 nostrum
1096 5666 1429 5728 discessum,
1462 5679 1527 5718 ea
1560 5667 1794 5732 grassari
1830 5669 2102 5733 desierat;
2145 5682 2209 5721 ac

592 5816 596 5821 ,
645 5769 746 5811 nos
778 5769 970 5826 quarto
990 5759 1101 5826 jam
1128 5773 1315 5814 mense
1342 5772 1372 5809 a
1397 5756 1867 5828 Constantinopoli
1894 5760 2206 5816 aberamus.

586 5840 592 5846 “
646 5847 726 5907 Ita
764 5847 1019 5905 nimirum
1065 5862 1263 5908 exuere
1310 5844 1571 5919 quasdam
1620 5845 1822 5906 belluas
1855 5861 2069 5923 omnem
2103 5860 2209 5900 non

2295 4661 2556 4717 vocarint.
2586 4659 2718 4714 Eum
2759 4659 3087 4715 secretarius
3118 4658 3281 4712 etiam
3315 4656 3705 4711 Malatestanus
3746 4656 3857 4725 ipse

2296 4753 2462 4820 digito
2492 4755 2657 4819 fquasi
2705 4733 3113 4805 commonstrat.
3171 4748 3374 4803 Praetor
3414 4748 3634 4803 (It-recite
3680 4760 3857 4806 noster

2298 4844 2581 4913 cujusdam
2618 4842 2753 4904 regii
2784 4842 2868 4895 vel
2900 4840 3225 4911 imperatorii
3257 4841 3439 4921 palatii
3472 4838 3737 4902 meminit,
3767 4830 3853 4893 cui

2304 4934 2493 4988 nomen
2534 4938 2625 4988 dat
2652 4931 3019 5003 Nymphaeum.
3055 4934 3136 4986 Ab
3162 4946 3229 4986 eo
3256 4947 3364 5001 non
3391 4929 3579 4999 procul
3611 4928 3849 4984 dissitum

2300 5022 2560 5078 describit
2608 5022 2783 5075 locum
2812 5058 2827 5081 .
2876 5022 2965 5074 tali
2996 5020 3318 5090 Teggiurum
3355 5017 3436 5070 vel
3475 5016 3850 5087 imperatorum

2304 5126 2456 5183 prato
2487 5113 2648 5167 rebus
2674 5112 2928 5167 onmibus
2964 5112 3324 5171 simillimttm.
3364 5108 3577 5163 Alicubi
3607 5111 3672 5163 de
3701 5108 3854 5178 Nym-

2304 5204 2454 5273 phzco
2484 5220 2498 5255 :
2532 5200 2791 5264 Michael,
2841 5201 2950 5259 ait.
3002 5198 3337 5264 Palmologus
3382 5196 3677 5264 imperator
3702 5196 3852 5267 Nym-

2307 5297 2512 5363 phaeum
2548 5303 2883 5362 pervenerat,
2935 5309 3043 5359 quo
3096 5291 3215 5343 loco
3248 5305 3493 5344 recreare
3526 5307 3584 5344 se
3616 5290 3853 5344 solebant

2309 5381 2677 5456 imperatores,
2708 5395 2992 5455 postquam
3028 5381 3453 5452 ConstatinOpoli
3486 5382 3535 5449 (α
3592 5378 3849 5450 Flandris)

2311 5482 2365 5533 in
2396 5478 2645 5533 exsilium
2679 5478 3103 5539 ejecti‘fuerant.
3127 5472 3263 5525 Alibi
3297 5474 3421 5527 vero
3461 5472 3736 5532 planitiem
3773 5475 3853 5531 vel

2310 5580 2521 5638 pratum
2550 5576 2723 5641 ipsum
2755 5567 3012 5624 describit
3046 5565 3128 5621 his
3168 5565 3379 5621 verbis:
3431 5562 3565 5618 Cum
3619 5563 3735 5620 dies
3764 5568 3853 5621 ali-

2310 5673 2439 5732 quot
2470 5664 2488 5734 (
2524 5665 2812 5735 imperator
2842 5658 3085 5715 Joannes
3120 5659 3326 5714 scilicet
3360 5659 3531 5711 Ducas
3564 5654 3848 5730 Vatatzes)

2316 5755 2551 5810 Pidehiis
2595 5757 2882 5825 exegisset,
2914 5752 3270 5825 Clyzomeuen
3305 5745 3579 5819 profectus
3624 5751 3745 5817 (hoc
3777 5754 3849 5803 ln—

2313 5862 2376 5903 co
2404 5864 2594 5921 nomen
2619 5847 2744 5915 est),
2781 5844 2973 5901 ibidem
2999 5843 3226 5899 tentoria
3259 5841 3341 5909 [th
3370 5841 3547 5908 jussit.
3571 5839 3701 5893 Nam
3739 5842 3853 5896 istic
