4032 6344
162 446 272 508 833

1297 392 1685 499 I‘ANDECTE
1727 394 1924 499 tttS’I‘.
1952 436 2261 499 TURCIC.
2290 488 2295 492 .

3176 434 3179 435 ⁷
3247 435 3351 497 834

164 562 586 628 imperatorese
639 554 931 624 Nympham
974 552 1570 619 digressi,commorari
1624 553 1986 613 so-Aaiunt,
2022 551 2173 619 quasi
2238 550 2344 603 voti
2406 566 2548 613 rctts,
2590 538 2797 604 Blekien
2850 564 2907 605 se
2966 548 3213 605 contulit.
3274 551 3347 603 Ea
3420 610 3439 615 ,-

157 647 313 708 Ient,
366 645 723 714 maioremque
767 646 906 695 veris
938 651 1139 709 partem
1171 642 1479 710 transigere.
1511 640 1717 709 Quippe

158 746 319 791 totus
346 737 434 789 ille
480 736 629 787 locus
664 748 806 787 mera
857 719 1102 801 planities
1146 741 1251 793 est,
1295 748 1413 799 qua:
1464 732 1720 799 graminis

158 828 406 896 c0piam,
436 825 804 894 compluribus
830 825 982 892 equis
1017 822 1363 879 subicientem
1388 854 1427 889 ,-
1452 822 1715 891 producit.

160 920 344 987 Aquis
374 917 533 971 etiam
568 916 845 983 irrigatur,
877 930 936 967 ac
962 914 1014 966 in
1052 914 1349 983 propinquo
1384 913 1579 967 multos
1623 929 1719 982 pa-

158 1023 269 1078 gos
302 1016 356 1061 et
403 1006 650 1060 civitates
693 1003 946 1071 habet_,.a
980 993 1174 1072 quibus
1207 1006 1272 1056 ad
1300 1004 1499 1056 victum
1535 1017 1720 1055 neces-

160 1100 327 1152 sariae
351 1112 437 1151 res
458 1098 671 1165 cepiose
694 1095 1190 1149 subministrantur.
1216 1093 1481 1148 Hactenus
1504 1103 1718 1161 praetor,
1771 1087 1774 1090 ’

157 1190 261 1257 qui
295 1188 471 1241 Nicata
502 1186 799 1255 profectum
859 1185 923 1238 ad
954 1188 1090 1238 hanc
1128 1185 1480 1255 Clyzonn-nen
1531 1186 1721 1236 scribit

160 1280 576 1346 imperatorem.
628 1277 701 1330 Ea
733 1291 859 1329 vero
887 1276 930 1328 si
964 1292 1067 1327 non
1116 1288 1197 1328 est
1232 1275 1714 1341 illud'Teggiurnm

163 1360 252 1421 vel
282 1370 664 1436 imperatorum
707 1377 947 1434 pratum,
980 1366 1033 1419 in
1077 1379 1179 1433 quo
1208 1374 1450 1419 mortuus
1473 1404 1487 1428 ,
1520 1367 1581 1417 de
1616 1368 1720 1417 An-

163 1460 377 1513 nalium
405 1458 694 1519 sententia,
729 1456 831 1508 fuit
856 1456 1229 1510 Muchemctes:
1255 1457 1496 1523 equidem
1530 1458 1716 1521 alium,

159 1568 333 1620 quem
357 1551 604 1605 'indicem
628 1591 642 1614 ,
672 1549 753 1603 sic
783 1547 1107 1617 appellatum
1142 1540 1313 1602 locum
1337 1590 1353 1615 ,
1403 1549 1603 1603 nullum
1639 1549 1718 1601 in-

163 1658 352 1696 \‘CIHO.

164 1774 191 1825 1
205 1770 301 1826 54.
322 1772 527 1827 Sultaui
546 1774 739 1843 Zemis,
757 1780 970 1832 alterius
993 1780 1092 1847 ﬁlii
1112 1778 1715 1847 Illuc/zemetis,historia.

239 1890 515 1959 Principio
569 1894 867 1948 monendus
915 1896 1102 1961 lector,
1152 1896 1274 1949 huic
1326 1894 1463 1964 apud
1515 1894 1721 1947 Turcos
1756 1882 1797 1940 Β

165 1998 371 2036 nomen
408 1998 523 2039 esse
585 1987 761 2041 sultan
794 1987 964 2050 Zenzi,
992 1990 1071 2043 vel
1094 1989 1265 2051 Genti,
1292 1990 1723 2058 pronuntiatione

133 2069 382 2142 _ltalica.
410 2073 705 2140 Geufrmus,
735 2089 789 2132 et
817 2080 938 2142 alii,
969 2095 1077 2133 non
1100 2089 1241 2133 recte
1267 2080 1523 2131 Zizimum
1554 2090 1605 2132 et
1638 2078 1737 2130 Zi-t

165 2163 353 2216 limen
386 2165 860 2237 appellantz'pejns
890 2173 1049 2222 etiam
1077 2169 1352 2223 Ilontinius
1388 2168 1719 2232 Czalialum,

166 2254 322 2322 quod
343 2272 405 2307 ex
441 2255 614 2310 chebi
648 2272 958 2328 corruptum
994 2261 1245 2324 arbitror,
1269 2259 1334 2313 de
1359 2276 1465 2327 quo
1489 2262 1719 2313 vocabu-

170 2346 227 2397 lo
257 2346 464 2399 dictum
499 2340 655 2401 initio
684 2350 1061 2405 declarationis
1091 2352 1269 2417 hujus.
1305 2350 1593 2419 Utriusque
1628 2368 1723 2409 tm-

170 2448 301 2521 gnge
329 2439 589 2509 narratio,
610 2455 711 2507 qua
744 2442 823 2494 bis
853 2441 1123 2497 Aelnnetis
1148 2441 1375 2495 Geducis
1401 2443 1570 2493 bassa:
1595 2441 1722 2492 duc-

172 2530 235 2574 In
268 2535 552 2592 superatus
580 2540 609 2579 a
644 2525 805 2580 fratre
850 2526 973 2588 fuit.
1000 2528 1085 2581 hic
1113 2526 1164 2578 in
1196 2527 1489 2579 Annalibus
1524 2536 1719 2579 exstat.

174 2606 423 2680 Reliqua:
448 2624 561 2681 post
589 2614 767 2683 fugam
800 2616 919 2679 vita:
953 2616 1163 2669 fortuna
1203 2615 1434 2673 breviter
1459 2629 1489 2665 e
1525 2607 1724 2666 nostris

172 2702 485 2769 exponitor,
513 2705 728 2769 quando
751 2704 910 2757 Turci
941 2719 1075 2763 eam,
1107 2711 1165 2755 ut
1192 2717 1376 2771 parum
1409 2702 1506 2754 sibi
1540 2704 1725 2770 cogni-

176 2803 322 2857 tam,
354 2794 406 2846 in
429 2793 630 2848 litteras
655 2796 855 2849 referre
877 2811 981 2848 non
1015 2804 1321 2862 potuerunt.
1358 2794 1524 2863 Igitur
1558 2794 1724 2846 alti-ro

177 2884 373 2953 prmlio
400 2885 590 2947 victus,
638 2885 929 2952 desperatis
970 2886 1127 2937 rebus
1175 2886 1305 2947 suis,
1369 2884 1418 2936 in
1478 2881 1722 2935 Rhodum

178 2976 443 3045 profugit:
469 2990 632 3043 seque
658 2990 849 3044 magno
867 2966 1101 3043 equitatu
1127 2966 1450 3028 Rhodiorum
1478 2975 1725 3042 Magistro

180 3052 289 3134 qui
316 3076 441 3119 tunc
467 3078 581 3119 erat
622 3066 807 3120 Petrus
850 3066 1203 3127 Albnssonius
1249 3063 1448 3125 Gallus,
1485 3064 1725 3131 tradidit.

180 3155 391 3224 Agebat
426 3168 551 3209 tunc
620 3157 790 3208 anatis
830 3171 1026 3209 annum
1094 3153 1402 3207 vicesimum
1451 3165 1723 3213 octavum.

174 3236 243 3300 Id
275 3243 366 3299 ubi
413 3247 671 3313 Bajasitcs
724 3249 1037 3315 accepisset,
1090 3245 1432 3313 amplissimis
1478 3259 1723 3311 magnum

181 3336 523 3403 Magistrum,
573 3338 798 3405 ejusque
864 3339 1217 3399 consiliarios,
1285 3335 1593 3387 muneribus
1640 3332 1729 3385 de—

185 3430 460 3487 mulcens,
496 3428 567 3481 uti
616 3427 899 3496 diligenter
926 3422 1310 3487 asservaretur,
1348 3425 1515 3493 petiit;
1569 3423 1727 3477 simul

184 3519 255 3573 ad
294 3520 414 3587 ejus
436 3518 687 3572 alimenta
719 3532 777 3571 se
800 3518 1150 3585 quadraginta
1191 3516 1354 3569 millia
1410 3517 1726 3584 ducatornm

178 3608 424 3676 singulis
480 3607 657 3672 annis,
712 3623 869 3675 quam
900 3608 1111 3676 quidem
1145 3608 1231 3659 diu
1266 3606 1427 3660 frater
1453 3615 1728 3674 superstes

170 3702 411 3755 futurus
438 3713 603 3765 esset,
632 3692 1032 3756 numeraturum
1073 3702 1346 3769 promisit:
1370 3686 1557 3769 pacem
1581 3700 1730 3752 deni-

185 3807 299 3862 que
320 3807 441 3846 cum
474 3790 792 3865 Christianis
854 3802 1161 3860 perpetuam
1195 3786 1461 3845 culturum
1493 3806 1727 3859 spopon-

187 3883 292 3936 dit.
321 3882 544 3950 Accepit
608 3896 700 3936 eas
770 3883 1105 3936 conditiones
1174 3876 1398 3951 magnus
1458 3881 1727 3943 Magister,

187 3988 331 4043 quas
386 3974 601 4042 quidem
632 3975 770 4026 bona
805 3973 906 4026 fide
933 3971 1192 4037 Bajasites
1227 3971 1482 4040 implevit.
1541 3969 1727 4023 Zemes

185 4058 345 4129 Vero,
369 4072 482 4118 tum
514 4064 765 4133 plenioris
798 4064 1101 4117 securitatis
1122 4046 1301 4125 causa,
1340 4072 1450 4116 tum
1478 4062 1732 4130 uti-Baja-

188 4157 326 4212 sites
354 4164 504 4209 tanto
537 4156 703 4223 magis
731 4155 783 4207 in
843 4161 984 4208 metu
1036 4164 1294 4223 perpetuo
1341 4154 1731 4213 contineretur,

192 4251 245 4301 7n
278 4247 506 4301 Galliam
551 4247 650 4300 fuit
688 4247 967 4301 abductus
1001 4264 1016 4300 :
1066 4244 1153 4303 ubi
1181 4246 1270 4299 diu
1307 4245 1437 4297 vixit
1498 4244 1552 4297 in
1604 4260 1737 4313 qua-

191 4341 317 4393 dam
357 4338 687 4394 Rhodiorum
724 4341 963 4409 equitum
1011 4354 1153 4400 arce,
1192 4338 1273 4390 cui
1306 4353 1500 4403 nomen
1533 4338 1732 4404 Burgo-

191 4440 357 4484 novo‘.
388 4428 658 4498 Deductus
689 4432 810 4484 inde
841 4429 1060 4483 Romam
1113 4428 1212 4482 fuit
1248 4429 1317 4480 ad
1368 4429 1733 4481 Innocentium

1798 1185 1936 1237 tidei
1994 1202 2212 1239 uxorem
2271 1180 2391 1240 cum
2442 1189 2553 1242 ﬁlio
2602 1190 3036 1243 commendasse.

1819 644 2017 696 nostris
2068 642 2245 695 Mecha
2305 654 2427 703 est.
2498 643 2743 697 Achmeti
2791 643 3099 697 onirocrita:
3148 642 3348 707 Mecca,

1819 733 2097 789 Saracenis
2125 732 2330 786 Medina
2352 734 2579 799 *Alnabi,
2615 734 2717 789 hoc
2747 743 2847 799 est,
2898 736 3085 789 civitas
3117 736 3350 803 pr0phe-

1819 820 1902 878 tae.
1938 825 2143 892 Iteapse
2169 840 2293 876 vero
2323 823 2404 877 ad
2439 826 2806 881 Al‘cairensem
2840 827 3109 882 sultanutn
3155 826 3349 879 confu-

1818 914 1913 982 git.
1942 932 1967 963 a
1988 927 2093 980 quo
2125 913 2407 967 chfra'us
2429 931 2550 967 eum
2598 917 2769 984 copiis
2799 928 2850 970 et
2899 918 3141 985 pecuniis
3200 912 3359 983 adju4

1820 1013 1929 1057 turn
1963 1006 2148 1059 scribit
2183 1023 2196 1058 :
2234 1008 2323 1057 sed
2365 1017 2523 1078 negat
2553 1007 2654 1061 hoc
2687 1006 2980 1064 Malatestze
3008 988 3351 1064 secretarius.

1821 1095 2198 1149 tantummodo
2251 1096 2490 1151 referens
2546 1094 2739 1161 Zemen
2790 1098 2988 1152 sultani
3030 1090 3353 1151 A‘Icairensis

3112 1187 3185 1242 De
3252 1189 3354 1240 hoc

1819 1277 1936 1355 ejus
1967 1270 2225 1346 tilio‘qnid
2261 1279 2457 1331 factum
2508 1279 2688 1343 fuerit,
2741 1281 2925 1348 paucis
2976 1279 3354 1347 Spanduginus

1818 1369 2081 1443 exposuit.
2131 1358 2337 1437 Quippe
2384 1380 2567 1424 narrat
2618 1387 2764 1446 eum,
2826 1387 2948 1425 cum
2992 1373 3043 1424 in
3103 1370 3350 1425 Rhodum

1822 1461 2044 1512 insulam
2077 1460 2426 1528 pervenisset,
2490 1465 2795 1529 amplexum
2861 1462 3170 1530 religionem
3202 1462 3355 1515 Chri-

1820 1553 2068 1612 stianam,
2098 1563 2153 1605 et
2174 1553 2521 1619 baptizatum.
2576 1551 2800 1616 Ibidem,
2835 1554 3103 1620 susceptis
3135 1568 3196 1605 ex
3227 1568 3358 1605 con-

1815 1643 1940 1711 juge
1965 1655 2198 1711 quatuor
2235 1645 2435 1707 liberis,
2476 1643 2685 1699 duobus
2725 1646 2999 1703 masculis.
3025 1646 3355 1710 totidemque

1821 1734 2065 1798 femellis,
2108 1736 2248 1787 velut
2275 1736 2353 1787 .in
2395 1736 2610 1790 latebris
2666 1736 2909 1789 vixisse:
2957 1734 3124 1789 donec
3164 1733 3356 1787 Rhodo

1826 1834 2000 1892 capta,
2029 1826 2400 1893 percunctanti
2435 1826 2499 1877 de
2541 1841 2603 1879 eo
2645 1825 2874 1880 sollicite
2901 1824 3189 1882 Soleimani
3230 1840 3354 1889 pro-

1824 1918 1984 1980 ditus,
2020 1932 2142 1970 cum
2182 1915 2878 1985 religionem‘Christianam
2910 1918 3246 1970 deserturum
3296 1929 3355 1965 se
3424 1974 3429 1979 1

1822 2019 2128 2063 constanter
2152 2017 2418 2075 negasset,
2446 2006 2654 2059 duobus
2675 2022 2795 2059 cum
2821 1998 2952 2060 filiis
2980 2008 3312 2069 occideretur
3338 2024 3349 2059 :

1818 2101 2039 2169 jubente
2062 2092 2388 2161 S'oleimane,
2425 2108 2505 2149 uti
2533 2099 2650 2151 filim
2676 2096 3195 2166 Constantinopolim
3234 2114 3355 2153 ave-

1820 2194 2008 2244 ‘iltift‘lt!
2021 2209 2101 2243 lll’.

2069 2281 2184 2333 I56.
2212 2278 2352 2331 Mors
2378 2278 2600 2331 Caducis
2628 2279 2881 2331 Achntetis
2914 2268 3097 2331 basste.

1893 2369 2053 2435 Quia
2109 2369 2419 2422 conditione
2486 2369 2784 2443 humillima
2825 2370 3000 2420 subito
3050 2384 3352 2436 supremam

1828 2458 1891 2510 ad
1928 2458 2240 2527 dignitatem
2270 2467 2323 2507 et
2373 2471 2499 2523 opes
2560 2464 2871 2516 emerserat,
2917 2468 2967 2510 ct
3002 2460 3358 2523 imperatoriis

1826 2556 2000 2598 tamen
2036 2548 2238 2598 artibus
2280 2532 2555 2613 praestans,
2598 2562 2816 2614 magnas
2851 2562 2943 2614 pro
2972 2548 3197 2601 sultanis
3222 2550 3354 2611 suis,

1828 2639 2158 2705 Muchemcte
2191 2640 2548 2708 Bajasiteqne,
2578 2657 2662 2694 res
2710 2655 2966 2709 gesserat,
3018 2642 3213 2710 insigni
3257 2658 3355 2697 sua

1827 2746 1943 2781 cum
1981 2729 2145 2795 gloria
2190 2749 2200 2779 :
2246 2746 2402 2795 quam
2457 2730 2668 2798 indigna
2717 2732 3134 2783 tandem'morte
3191 2732 3353 2784 vitam

1826 2818 1965 2868 hanc
1985 2816 2262 2877 clauserit,
2292 2818 2522 2871 Annales
2548 2820 2647 2872 hoc
2679 2818 2796 2871 loco
2819 2822 2996 2885 paucis
3029 2835 3358 2874 commemo-

1829 2915 1965 2957 rant.
1997 2906 2203 2958 Causas
2227 2914 2406 2957 tamcn
2440 2908 2609 2959 nullas
2640 2908 2916 2974 adjiciunt.
2950 2925 3047 2963 cur
3076 2912 3145 2963 ita
3178 2913 3358 2967 subito

1825 2990 2359 3065 peremptusfuerit,
2415 2998 2569 3072 jussu
2626 2998 2891 3065 Bajasitis,
2952 3010 3006 3052 ut
3053 3002 3356 3068 chfragus;

1830 3089 1999 3155 ipsius
2055 3105 2212 3141 manu
2260 3088 2529 3156 Bajasitis,
2594 3103 2647 3142 ιιι
2691 3090 2977 3144 Malatesta:
3032 3094 3356 3147 sect-clarius

1754 3212 1796 3270 ϐ
1830 3178 2062 3244 scripsit.
2090 3178 2363 3233 Geufrzeus
2397 3174 2488 3242 ait,
2546 3190 2791 3233 testatum
2819 3179 3005 3234 fuisse
3040 3180 3349 3247 Ilajasitem.

1830 3269 2051 3320 nimiam
2085 3269 2220 3321 servi
2270 3271 2687 3335 magnitudinem
2744 3284 2806 3323 ac
2855 3269 3099 3323 virtutem
3140 3272 3370 3325 domino‘

1830 3360 2170 3413 formidinem
2217 3360 2477 3412 incutere.
2533 3352 2819 3412 Malatesta:
2870 3374 2994 3408 vero
3037 3364 3359 3413 sccretarins

1836 3452 2141 3522 hujusmodi
2214 3452 2455 3518 quaedam
2520 3442 2675 3514 paulo
2728 3450 2959 3517 prnlidtt
3018 3450 3359 3519 explicatius,

1830 3558 1949 3611 qua:
1977 3542 2318 3595 commutatis
2350 3541 2523 3594 verbis
2551 3542 2713 3607 ipsius
2749 3540 2943 3593 Italicis
2975 3556 3093 3593 cum
3155 3540 3359 3593 Latinis

1831 3634 1921 3688 hic
1954 3634 2268 3687 inseremus.
2316 3630 2498 3694 Erant,
2526 3631 2719 3699 inquit,
2760 3631 3058 3698 pertinaces
3082 3631 3241 3683 animi
3267 3648 3361 3700 διξ-
3388 3664 3391 3667 -

1832 3726 2159 3787 nizarorum,
2192 3739 2326 3792 quos
2358 3739 2484 3776 sane
2525 3737 2912 3789 non-nunquam
2946 3724 3120 3775 dicere
3148 3738 3250 3775 non
3282 3732 3363 3775 est

1832 3810 2082 3875 Veritum,
2147 3813 2361 3881 quando
2423 3810 2651 3877 Bajasite
2695 3810 2914 3861 domino
2966 3822 3154 3875 parum
3184 3808 3363 3876 prOpi-

1832 3906 1904 3959 tio
1938 3917 2234 3965 uterentur,
2288 3904 2645 3956 arcessitur-os
2711 3917 2769 3955 se
2801 3902 3066 3957 sultanum
3123 3900 3356 3964 Zemem,

1832 3998 1920 4065 qui
1952 3998 2030 4049 eis
2081 3997 2387 4063 imperaret.
2432 3987 2756 4058 Quinetiam
2816 3994 3002 4044 armati
3053 3991 3358 4060 aliquando.

1834 4072 2027 4155 magna
2064 4101 2186 4139 cum
2245 4086 2387 4136 rabie
2411 4085 2475 4137 ad
2503 4086 2645 4153 ipsas
2684 4086 2941 4139 sultanini
2975 4084 3152 4151 palatii
3184 4093 3379 4152 portas.

1828 4188 2202 4233 ‘accurrerunt.
2234 4178 2368 4231 Tum
2398 4192 2521 4234 vero
2544 4176 2803 4245 Bajasites
2835 4177 3039 4229 lenibus
3065 4189 3159 4228 eos
3190 4174 3364 4227 verbis

1835 4270 2098 4335 mitigare,
2137 4269 2449 4336 cunctisque
2469 4249 3015 4336 postulatisipsorum
3040 4281 3169 4317 sane
3194 4280 3363 4332 quam

1836 4364 2167 4430 indulgentcr
2197 4377 2453 4415 annuere.
2494 4361 2690 4428 Sopitis
2715 4370 2893 4413 autem
2926 4359 3214 4411 furentium
3252 4360 3364 4419 iris,

1837 4462 2085 4506 auctores
2118 4453 2397 4505 seditionis
2426 4465 2456 4502 e
2511 4451 2687 4504 medio
2712 4451 2954 4504 sustulit.
3001 4449 3067 4505 Et
3096 4451 3218 4519 quia
3266 4465 3369 4503 sae-

188 4522 309 4588 ejus
356 4522 595 4574 nominis
628 4533 900 4581 octavum,
961 4517 1433 4588 pontiticemulbi,
1498 4520 1729 4587 quandtn

1841 4541 2497 4613 pennmero‘genizariad
2548 4540 2819 4594 Acbmetis
2865 4540 3153 4595 Cbendicis
3180 4541 3375 4593 veziris

194 4611 788 4675 vixit'lnnnocentius,
844 4620 1080 4679 ac,post
1129 4619 1353 4661 mortem
1412 4609 1579 4673 illius,
1632 4610 1734 4661 sub

192 4701 485 4755 Alexandri
515 4696 574 4752 VI
609 4698 940 4767 pontificatu,
974 4699 1172 4751 mansit
1204 4712 1217 4750 :
1249 4698 1421 4751 donec
1444 4708 1734 4766 occupatu-

196 4808 291 4855 rus
320 4806 545 4858 regnum
580 4790 985 4858 Neapolitanum
1016 4788 1247 4843 Karulus
1274 4786 1379 4840 Vlll
1408 4786 1591 4843 Gallia‘
1643 4804 1735 4840 rex

200 4884 429 4953 Romam
485 4885 735 4937 venisset.
787 4881 916 4935 Nam
973 4881 1019 4932 is
1062 4878 1255 4933 Zcmen
1306 4882 1373 4933 ab
1433 4880 1736 4933 Alexandro

200 4974 536 5043 impetravit.
603 4988 801 5028 usurus
876 4988 961 5033 eo,
1019 4973 1463 5041 quemadmodum
1524 4975 1734 5040 quidem

200 5067 407 5128 aiebat,
438 5065 505 5118 ad
554 5065 978 5134 recuperandum
1038 5062 1319 5130 imperium
1355 5061 1735 5117 Constantino-

202 5156 525 5224 politanum.
557 5155 797 5209 Pontifex
823 5165 999 5209 autem
1064 5151 1209 5208 Zemi
1264 5168 1524 5205 venenum
1560 5152 1739 5220 propi-

204 5260 367 5299 nasse
394 5243 595 5296 lentum
628 5232 876 5310 traditur,
902 5263 1037 5316 quo
1082 5257 1285 5299 certum
1348 5244 1411 5295 ad
1449 5243 1736 5294 terminum

206 5334 467 5405 paulatim
491 5334 767 5391 confecms
797 5340 1109 5405 exspiraret.
1155 5335 1337 5403 Itaque
1386 5343 1506 5401 post
1533 5335 1740 5401 aliquot

206 5429 322 5481 dies
347 5424 693 5499 Terracinam
742 5429 1048 5494 perductus,
1093 5428 1289 5481 ibidem
1348 5428 1505 5478 rebus
1549 5429 1740 5477 buma-

208 5520 291 5573 nis
328 5518 587 5572 excessit.

210 5631 372 5705 456
407 5630 525 5684 I55.
569 5629 1000 5705 liekieujledina
1039 5618 1244 5692 Aluabi,
1280 5629 1376 5696 ﬁlii
1410 5640 1745 5696 nepatumqnc

751 5698 919 5752 Zemia
950 5703 1187 5754 historia.

284 5817 473 5871 Victus
512 5816 673 5883 priori
726 5825 904 5882 pne-tto
938 5814 1149 5878 Z‘cmes,
1190 5814 1322 5868 dicis
1372 5828 1552 5877 causa,
1604 5812 1745 5879 quod

1837 4638 2008 4688 lassa!
2071 4635 2289 4686 domum
2348 4633 2586 4695 itabant,
2647 4630 2914 4699 Bajasites
2988 4632 3369 4697 Iladrianopoli

1837 4728 2074 4787 tandem,
2124 4741 2229 4792 qua
2266 4726 2317 4780 in
2352 4726 2483 4779 urbe
2532 4736 2658 4778 tunc
2711 4728 2925 4793 agebat,
2954 4726 3018 4777 ad
3066 4723 3372 4777 convivium

1839 4819 2043 4872 \ezires
2077 4832 2206 4870 suos
2257 4832 2446 4869 omnes
2503 4817 2768 4876 inritat-it.
2820 4816 2997 4881 ibique
3059 4814 3369 4885 Aclnneten'.

1838 4911 2049 4964 bassam
2094 4924 2251 4961 t'nanu
2304 4908 2515 4974 propria
2566 4906 2823 4959 confecit.
2884 4902 3146 4967 Ilascille,
3180 4906 3373 4972 quibus

1839 5004 2092 5054 Arateum
2128 5001 2225 5051 hoc
2257 4998 2612 5069 epiphonema
2672 4991 2970 5050 rectissime
3012 5001 3135 5061 quis
3164 4996 3375 5061 adjece-

1839 5092 1943 5142 rit:
1977 5090 2237 5158 ejusmodi
2270 5089 2479 5141 scilicet
2504 5088 2704 5141 amoris
2760 5102 2821 5139 ac
2875 5086 3258 5139 benevolentia:
3289 5098 3371 5154 ty-

1840 5194 2135 5232 rannorum
2168 5192 2288 5233 esse
2314 5177 2551 5245 prannia.

1841 5292 1966 5344 157.
1999 5289 2228 5343 Familia
2250 5288 2575 5342 Caramania:
2606 5272 2891 5355 principii":
2912 5289 3185 5340 exstincta.
3216 5288 3373 5342 Pira-

1840 5408 1845 5419 λ
1909 5371 2093 5420 metus,
2132 5376 2223 5428 pro
2262 5360 2542 5413 Ibi-ultime.
2584 5359 2903 5411 Garamanta
2934 5358 3241 5426 informant
3284 5359 3371 5411 be-

1907 5429 2222 5496 gterbegatus
2256 5430 2485 5480 redacta.
3130 5498 3133 5501 Δ
3272 5441 3285 5457 ν

1912 5540 2146 5595 Ultimus
2192 5553 2274 5595 est
2298 5543 2553 5603 Casanes,
2584 5542 2737 5612 cujus
2769 5541 2855 5595 hic
2907 5556 3098 5595 nomen
3130 5526 3377 5608 prodide-

1846 5640 1969 5685 rttnt
1997 5632 2249 5697 Annales,
2282 5631 2370 5699 qui
2394 5633 2456 5685 dc
2497 5632 2911 5685 Caramanornm
2958 5631 3151 5683 familia
3180 5633 3379 5700 princi-

1848 5737 1971 5792 pum
2014 5722 2064 5772 in
2100 5722 2337 5775 historiis
2366 5723 2652 5790 reperitur.
2702 5722 2830 5772 Nam
2868 5719 3164 5773 ϐιτιιίτωιιιη
3200 5736 3378 5777 errare

1850 5812 2113 5877 ridemus,
2143 5812 2231 5881 qui
2259 5814 2418 5865 tradit
2442 5806 2759 5867 exstinctam
2783 5811 2968 5864 lt-rrum
2993 5809 3241 5867 (anniliam
3270 5816 3371 5886 sub
