4032 6344
662 399 765 457 8ἰῆ

1821 386 2141 446 JOANNIS
2176 384 2633 446 LEUNCLAV‘lI

3754 403 3848 463 836

662 506 1009 563 Man-.hemetis
1056 502 1299 572 imperio,
1341 499 1624 555 duodecim
1664 499 1742 552 vel
1787 501 2047 554 tredecim
2075 512 2200 554 ante
2226 501 2278 560 Α
2301 516 2423 553 cum
2461 501 2670 569 inagnis
2702 504 3055 558 terrestribus
3082 504 3269 574 ~copiis
3303 507 3555 562 instruxit
3594 528 3610 564 :
3644 522 3701 566 nt
3724 516 3847 569 he'ln

661 602 765 652 hoc
813 605 1024 664 tempus
1070 593 1350 647 anniszet
1397 589 1540 642 aliud
1605 588 1797 642 ultimo
1845 590 1935 642 dat
1981 605 2200 653 nomen,

661 690 1025 745 Abrahamum
1056 698 1285 739 vocans.
1325 680 1413 736 Ait
1442 683 1605 740 enim,
1647 678 2042 735 Muehemetem
2073 680 2200 734 libe-

662 792 857 835 ratum.
880 778 1292 833 ‘Usumchasane
1321 772 1733 843 (Assambegum
1782 772 1895 840 ipse
1938 772 2135 824 nomin:
2167 774 2197 840 ﬁ,

663 847 999 932 adversario,
1029 878 1149 937 post
1175 867 1378 920 obitum
1420 863 1673 923 Pirarneti
1700 862 1986 917 Caramani
2026 878 2206 916 rever-

662 980 780 1017 smn
837 963 888 1015 in
922 960 1317 1021 Caramaniam,
1370 956 1679 1010 Abrahamo
1730 956 1836 1009 ﬂlio
1867 956 1981 1018 ejus
2032 956 2203 1024 impo-

662 1058 835 1109 saisse
870 1053 1243 1107 necessitatem
1280 1048 1599 1115 implorandi
1629 1048 1827 1101 auxilia
1860 1048 2201 1103 Christiano-

664 1162 804 1208 rum,
867 1148 1095 1197 maxime
1130 1142 1206 1194 Pii
1246 1139 1470 1213 secundi
1503 1138 1815 1206 pontiﬁcis:
1862 1140 1952 1207 qni
1992 1138 2202 1208 profec-

658 1239 803 1289 tione
860 1238 912 1287 in
959 1234 1336 1287 Caramaniam
1397 1232 1711 1288 constituta.
1744 1233 2042 1296 Anconam,
2110 1230 2196 1282 ubi

659 1326 883 1378 classem
933 1324 1181 1376 adornari
1237 1332 1550 1383 curaverat,
1608 1321 1913 1397 profectus;
1995 1319 2193 1374 ibidem

665 1426 915 1466 mortuus
936 1412 1177 1476 sit,.dutn
1229 1411 1522 1466 adventum
1572 1410 2195 1463 Venetorum“sociorum

662 1514 1016 1571 exspectaret.
1071 1504 1210 1558 Hinc
1256 1504 1523 1563 evenisse,
1557 1504 1614 1552 ut
1668 1503 1841 1554 classe
1905 1500 2094 1557 dixisa.
2147 1511 2199 1553 ct

664 1595 940 1662 occupatis
1008 1593 1272 1661 Ungarico
1329 1593 1466 1645 bello
1518 1590 1818 1651 Germanis,
1868 1589 2200 1665 Caralitanus

662 1688 883 1739 minime
931 1688 995 1739 ad
1053 1685 1410 1739 resistendqu
1457 1682 1650 1735 Turcis
1689 1682 1983 1746 sufficiens,
2034 1683 2198 1734 inter-

661 1775 837 1829 fectus
882 1776 1080 1829 fuerit:
1148 1786 1307 1843 atque
1354 1776 1424 1826 ita
1475 1772 1731 1826 familiam
1795 1772 2196 1826 Caramanicam

2307 589 2732 658 Carahogdania:
2771 591 3062 647 Vaivodam
3102 596 3397 665 invaderet,
3437 602 3668 670 ejusque
3718 606 3847 663 vires

2306 690 2590 736 everteret.
2625 680 2913 750 Regionum
2951 686 3111 753 hujus
3149 688 3440 757 ingressus,
3472 695 3658 747 omnia
3709 695 3846 749 ns...-

2309 772 2409 825 mis
2442 783 2494 826 et
2523 775 2664 827 ferro
2695 778 2943 838 vastavit,
3004 780 3385 851 civitatemque
3406 783 3643 838 Chilinm
3694 790 3846 856 cepit,

2305 865 2467 917 etiam
2495 880 2673 919 arcem
2707 868 2933 921 dedente
2963 867 3289 926 Mamalacco
3320 872 3650 935 Castellauo,
3676 882 3852 945 patric

2305 954 2857 1021 proditere.Profecri
2915 968 3038 1011 sunt
3088 959 3281 1014 deinde
3347 961 3509 1036 Turci
3570 964 3852 1035 Talarique

2307 1046 2543 1097 maximo
2574 1049 2967 1101 cumeurcitu
3026 1050 3090 1102 ad
3160 1051 3414 1118 oppidum
3469 1053 3850 1111 Moncastrnm.

2261 1134 2549 1214 .Cumque
2606 1136 2706 1189 sibi
2738 1154 2854 1189 eam
2904 1155 3123 1213 queque
3181 1143 3455 1198 civitatem
3505 1148 3628 1201 dedi
3676 1161 3850 1217 pustu-

2308 1227 2529 1291 lassent,
2561 1242 2625 1280 ac
2686 1228 3076 1285 interveniente
3126 1241 3287 1301 pacto
3340 1236 3681 1304 relinquendi
3733 1256 3848 1293 cum

2305 1322 2411 1370 vita
2465 1318 2746 1373 facultates
2787 1322 2977 1375 incolis
3035 1324 3235 1386 salus,
3274 1327 3384 1378 voti
3429 1341 3721 1396 compotes
3780 1331 3851 1383 fa-

2306 1412 2373 1463 cti
2405 1411 2632 1465 fuissent
2665 1431 2677 1465 :
2707 1414 2841 1465 nihil
2901 1429 3090 1468 eorum
3132 1432 3252 1483 quae
3294 1421 3688 1485 promiserant,
3723 1438 3851 1490 praz-
3902 1445 3911 1474 l

2305 1504 2581 1556 Stiteruut.
2631 1502 2891 1569 Bujasites
2947 1509 3129 1559 etiam
3163 1507 3397 1561 familias
3451 1512 3571 1575 plus
3608 1513 3848 1567 minusve

2305 1595 2627 1660 quingentas
2651 1609 2835 1647 eorum
2867 1597 3066 1650 civium
3089 1595 3618 1668 Constantinopolim
3662 1603 3845 1655 abduci

2300 1682 2478 1746 jussit.
2503 1684 2783 1738 Bunlimus
2805 1687 2991 1740 eodem
3014 1697 3252 1758 tempore
3301 1699 3478 1758 gestas
3523 1692 3724 1744 ibidem
3770 1708 3847 1745 res

2304 1788 2753 1838 connnemorans,
2790 1779 3083 1833 Achilleam
3149 1782 3244 1843 ait,
3278 1797 3421 1836 nunc
3471 1784 3742 1851 Cheliam,
3796 1796 3846 1840 et

663 1864 949 1929 tlefecisse,
1004 1864 1159 1929 cujus
1212 1863 1345 1915 ditio
1408 1863 1632 1915 cesserit
1695 1860 2024 1913 Osmanidis.
2084 1858 2189 1911 Non

2292 1866 2692 1934 Nestoralbant,
2726 1872 2789 1925 ad
2821 1872 2938 1927 lstri
2974 1876 3111 1929 ostia
3136 1877 3289 1943 sitas,
3320 1894 3349 1932 a
3385 1876 3579 1935 Turcis
3601 1890 3730 1935 tunc
3750 1883 3843 1936 ob-

662 1952 999 2020 temporibus
1034 1954 1142 2004 haec
1161 1952 1441 2013 duntaxat,
1475 1951 1566 2004 sed
1608 1948 1768 2003 rebus
1784 1950 1944 2002 etiam
1972 1950 2195 2002 conlusa

660 2051 807 2099 sunt.
838 2044 927 2105 Ait
969 2043 1206 2096 occisum
1242 2042 1632 2104 Abrahamum,
1703 2039 1954 2092 Pirameti
2010 2040 2207 2111 filium,

662 2133 715 2185 in
755 2149 817 2185 ea
866 2132 1063 2185 familia
1121 2138 1621 2198 postremum.post
1676 2129 2193 2185 Usnmchasanicum

662 2223 880 2281 bellum,
901 2224 1042 2287 quod
1069 2219 1299 2289 pertinet
1334 2219 1398 2271 ad
1447 2235 1644 2273 annum
1673 2218 2004 2272 Chistianum
2037 2222 2192 2277 1474.

659 2312 907 2366 Voluisse
933 2326 1058 2365 vero
1101 2309 1251 2364 Pium
1292 2308 1335 2363 ll
1367 2310 1671 2377 pontificem
1714 2310 1837 2363 huic
1860 2297 2011 2379 opem
2059 2314 2196 2368 ferre

659 2407 816 2475 paulo
862 2414 1006 2467 ante.
1032 2419 1191 2474 quam
1245 2404 1358 2473 ipse
1397 2405 1564 2457 vitam
1604 2419 1724 2458 cum
1754 2415 1923 2458 morte
1955 2420 2195 2460 commu-

658 2510 816 2563 taret,
868 2510 921 2553 et
990 2499 1122 2552 alter
1190 2512 1261 2555 ai
1309 2497 1500 2552 Turcis
1576 2499 1988 2566 opprimeretur.
2037 2500 2195 2568 Atqui

658 2591 843 2645 decem
904 2592 1023 2660 plus
1054 2589 1232 2643 minus
1258 2600 1382 2642 ante
1425 2589 1523 2641 hoc
1575 2601 1783 2654 tempus
1811 2592 1986 2654 anuis,
2041 2590 2191 2643 Pium

657 2698 848 2749 papam
891 2691 1158 2733 mortuum
1194 2678 1366 2732 fuisse
1399 2689 1630 2733 constat.
1664 2680 1923 2734 Pra‘lerea
1980 2680 2195 2734 tradunt

658 2773 914 2834 Annales,
949 2788 977 2823 a
1019 2769 1411 2824 Muchemelell
1448 2770 2010 2836 ereptam.Caramano
2042 2771 2191 2826 ϐίοι-

657 2863 946 2926 chisarem,
981 2877 1121 2914 anno
1148 2859 1427 2915 Chistiano
1459 2849 1611 2914 1469.
1649 2860 1754 2915 Nec
1805 2871 1983 2914 tamen
2016 2863 2191 2931 ipsum

657 2956 975 3024 principem,
1004 2953 1091 3021 qui
1123 2962 1250 3006 tunc
1299 2952 1597 3007 lbrahimes
1651 2962 1789 3015 erat,
1846 2953 2188 3008 interfectum

653 3044 841 3099 fuisse.
876 3045 1041 3108 Quem
1087 3043 1244 3098 etiam
1299 3044 1430 3096 dicit
1483 3043 1883 3107 Abrahamum,
1941 3044 2189 3099 Pirameti

2299 1972 2477 2011 sessas
2524 1957 2722 2024 fuisse;
2777 1960 3104 2032 Stephanum
3161 1981 3291 2021 vero
3325 1968 3508 2038 Mysia:
3579 1972 3844 2027 inferioris

2300 2049 2636 2127 (lloldaviam
2664 2054 2844 2107 dicere
2898 2056 3030 2125 vult)
3060 2059 3352 2127 principem
3382 2060 3450 2115 ab
3478 2059 3700 2131 Ungaro
3726 2080 3842 2132 rege

2299 2143 2517 2197 Matthia
2574 2147 2789 2213 petiisse
2838 2164 2991 2216 opem
3059 2166 3122 2205 ex
3183 2152 3403 2210 hederis
3462 2157 3842 2229 societatisqne

2304 2234 2438 2300 lege,
2470 2234 2559 2288 sed
2615 2247 2738 2288 ante
2788 2238 2949 2292 missa
3003 2240 3266 2300 subsidia.
3314 2242 3565 2298 civitates
3622 2246 3744 2302 illas
3791 2252 3839 2301 in

2297 2324 2532 2378 hostium
2559 2336 2874 2393 potestatem
2902 2331 3132 2384 venisse.
3159 2332 3521 2389 Conferamus
3555 2337 3669 2393 haec
3705 2340 3841 2393 inter

2296 2430 2374 2479 se,
2412 2414 2766 2486 Turcicisque
2795 2434 2917 2473 cum
2958 2422 3496 2480 annalibus.'Primus
3524 2430 3623 2495 ait,
3649 2430 3841 2501 aBaja-

2295 2506 2395 2560 site
2422 2515 2577 2573 capta
2603 2506 2771 2573 fuisse
2800 2524 2922 2562 cum
2956 2510 3173 2565 arcibus
3227 2506 3442 2582 oppida,
3494 2516 3733 2573 Cbilium
3790 2531 3840 2573 et

2295 2594 2653 2649 Moncastrum
2689 2615 2703 2651 :
2742 2599 2900 2662 alter,
2929 2598 3165 2655 Cheliam
3191 2615 3244 2657 et
3290 2602 3664 2662 Nestoralbam
3700 2628 3715 2664 :
3748 2626 3842 2664 au-

2294 2690 2442 2742 nales
2464 2690 2718 2758 denique,
2763 2691 2919 2745 Kilim
2950 2704 3002 2750 et
3030 2686 3320 2752 Chermen.
3356 2699 3719 2759 Consentiunt
3743 2708 3840 2775 igi-

2297 2788 2386 2833 tur
2415 2796 2602 2837 omues
2635 2782 2700 2835 de
2725 2794 2881 2852 capto
2910 2787 3069 2854 priori
3129 2792 3345 2859 Oppido,
3401 2789 3505 2848 nisi
3559 2798 3704 2865 quod
3760 2811 3842 2854 est

2293 2872 2538 2939 quaedam
2576 2872 2627 2925 in
2656 2875 2873 2930 nomine
2898 2878 3222 2935 diversitas:
3251 2883 3393 2937 sicut
3441 2884 3585 2939 idem
3627 2905 3657 2940 a
3678 2930 3683 2933 .
3704 2885 3841 2942 Lao-

2292 2965 2414 3016 nico
2462 2964 2661 3017 Celium
2695 2949 2911 3036 quoque
2965 2970 3184 3038 dicitur,
3219 2972 3459 3042 aVCureo
3506 2975 3721 3032 Cilium.
3752 2980 3842 3035 Jo-

2297 3055 2437 3122 vius,
2497 3072 2590 3133 per
2649 3072 2887 3113 errorem
2947 3071 3110 3129 puto,
3187 3062 3582 3123 Lithostomum
3662 3056 3841 3141 appelo

656 3134 847 3197 lilium,
880 3134 1017 3187 bella
1077 3147 1197 3186 cum
1232 3130 1563 3235 Muehem-ete
1605 3133 1883 3235 gessisse}.
1911 3133 2189 3235 Bonﬂnius
2214 3168 2260 3231 ε
2295 3149 2388 3212 lar,
2447 3150 2500 3201 in
2550 3130 2673 3218 ripa
2698 3151 2944 3217 Danubii,
2984 3157 3061 3208 vel
3086 3156 3149 3209 ad
3200 3162 3400 3212 ostium
3474 3130 3711 3217 Danubii
3732 3130 3835 3235 ’ρη-

658 3226 980 3279 Pirametum
1027 3222 1276 3291 appellat,
1322 3220 1482 3274 Turci
1526 3224 1806 3276 nominant
1845 3220 2189 3288 lbrahimem,

656 3317 745 3385 qui
768 3316 968 3369 scilicet
987 3314 1126 3367 idem
1158 3322 1237 3367 est
1259 3326 1380 3366 cum
1426 3312 1753 3365 Abrahamo.
1789 3314 1861 3368 De
1889 3330 1994 3381 quo
2034 3318 2187 3385 equi-

655 3414 775 3468 dem
806 3412 1013 3479 colligo,
1068 3411 1334 3479 quodnam
1369 3406 1439 3461 sit
1481 3408 1609 3461 illud
1646 3407 1894 3462 Pirameti
1964 3427 2181 3467 nomen.

654 3503 897 3558 Arbitror
970 3502 1111 3556 enim
1171 3501 1466 3554 litterarum
1531 3501 1810 3553 metathesi
1857 3499 2186 3555 Pirametum

656 3593 902 3646 eumdem
931 3606 1049 3645 esse
1078 3605 1199 3644 eum
1249 3588 1517 3641 Praimeto
1538 3589 1619 3642 vel
1639 3589 1887 3654 -Praime,
1915 3591 2027 3643 sive
2051 3590 2188 3645 Tur-

654 3684 770 3736 ρίου
803 3681 1053 3743 lbraime.
1104 3678 1191 3731 Sic
1229 3684 1281 3728 et
1318 3690 1481 3743 supra
1536 3668 1858 3741 notavimus,
1890 3694 1952 3731 ex
2001 3680 2183 3733 Cadent

658 3788 791 3826 voce
847 3770 1058 3824 Praime
1094 3768 1289 3820 factum
1322 3767 1460 3834 apud
1512 3763 1988 3837 Chalcocondylem
2038 3769 2188 3823 Pria-

654 3881 826 3925 mum,
880 3862 1225 3928 transpositis
1278 3860 1460 3912 itidem
1512 3858 1728 3911 litteris.
1782 3859 2026 3916 Ibraimis
2056 3878 2184 3915 vero

656 3953 1067 4013 liliusCasanes,
1111 3966 1233 4003 cum
1266 3951 1317 4003 in
1360 3949 1612 4017 Bajazitis
1656 3947 1814 4001 Porta
1840 3951 2181 4016 educaretur,

652 4057 798 4094 anno
823 4046 1031 4093 tandem
1082 4040 1392 4093 Christiano
1428 4040 1508 4093 vel
1572 4039 1722 4105 H83,
1790 4041 1871 4094 vel
1934 4047 2181 4112 sequenti

652 4142 918 4193 mortuus,
949 4129 1421 4183 Caramanidarum
1468 4128 1681 4182 familia:
1708 4129 1867 4183 ﬁnem
1904 4133 2179 4201 imposuit:

650 4240 715 4279 ex
747 4238 854 4291 quo
885 4232 1120 4289 tempore
1144 4218 1462 4272 Caramania
1493 4216 1897 4286 beglerbegatus
1926 4219 2180 4276 Osmaui-

648 4316 837 4369 darum
870 4326 990 4367 esse
1016 4311 1201 4376 coepit.

646 4427 804 4498 [‘57
842 4425 964 4479 158.
1000 4419 1592 4500 ImareturmBaiasitis,
1626 4422 1693 4473 ad
1726 4422 1913 4491 ﬂunten
1942 4424 2179 4479 Hadria-

1138 4492 1310 4559 nopoli
1343 4491 1623 4543 conditura.
1732 4528 1735 4529 ν

714 4588 853 4640 Sunt
873 4583 1245 4650 lladriauopoli
1271 4583 1427 4635 trium
1450 4582 1780 4636 conﬂuentes
1797 4587 2058 4651 amnium,
2081 4589 2179 4641 lle»

647 4678 729 4731 bri
760 4680 871 4731 sive
901 4673 1133 4733 Marine,
1166 4672 1359 4726 Tunsa:
1386 4672 1497 4725 sive
1532 4672 1761 4737 Taenari,
1792 4689 1843 4727 et
1869 4677 2080 4739 llarrlze,
2112 4681 2177 4734 de

646 4768 841 4835 quibus
868 4775 989 4818 ante
1014 4764 1213 4818 dictum
1230 4764 1400 4832 capite
1429 4764 1516 4817 30.
1562 4763 1852 4831 Postquam
1926 4769 1976 4819 hi
2030 4769 2181 4823 ﬂuvii

646 4862 839 4923 coiere,
874 4858 1082 4911 Marine
1114 4864 1302 4909 nomen
1337 4865 1572 4923 superat,
1614 4856 1665 4907 in
1694 4856 1846 4923 cujus
1878 4858 1986 4924 ripa
2030 4862 2179 4912 scili-

647 4961 725 5005 cet
756 4952 1039 5004 imaretum
1069 4964 1225 5003 suum
1259 4945 1514 5016 Bajasites
1536 4957 1813 5000 exstruere
1835 4948 2061 5015 coepisse
2102 4950 2183 5003 di-

647 5045 803 5095 citur.

648 5136 773 5191 Kiii.
807 5136 1016 5193 (lilium,
1046 5133 1262 5201 Cglium,
1295 5130 1486 5193 Clrelia,
1542 5130 1796 5193 Achillea,
1840 5128 2184 5201 Nestoralba,

710 5203 1037 5266 Bessarabia,
1064 5200 1303 5259 Kermen,
1332 5202 1609 5260 Ahcrmnn,
1644 5201 2011 5262 Moncmtrum,
2058 5200 2177 5255 Steé

710 5274 905 5339 pilanus
957 5271 1179 5322 Vaivoda
1209 5269 1637 5333 ()arabogdanire.

711 5361 837 5423 Qua:
867 5361 951 5411 hic
982 5360 1047 5412 de
1074 5374 1194 5411 arce
1217 5359 1314 5410 Kili
1352 5368 1501 5423 capta
1549 5359 1817 5427 leguntur,
1865 5358 2170 5427 huiusmodi

645 5450 750 5503 fere
782 5451 1007 5501 verbisa
1041 5448 1329 5501 secretario
1382 5436 1669 5502 Malatestze
1725 5460 1851 5502 sunt
1907 5451 2173 5518 exposila,

644 5559 759 5609 quae
859 5538 1117 5593 vertendo
1178 5537 1445 5591 ascribere
1506 5539 1684 5594 libuit.
1738 5539 2017 5608 Bajasites,
2077 5543 2172 5603 ait,

645 5636 696 5685 in
746 5634 855 5684 otio
909 5629 1178 5684 triennum
1234 5628 1428 5697 exegit,
1478 5640 1597 5697 post
1660 5640 1965 5698 superatum
2029 5633 2173 5685 vide-

643 5725 783 5783 licet,
818 5723 1204 5791 expulsumque
1225 5720 1439 5773 fratrem
1464 5720 1678 5775 Zcmem
1718 5738 1731 5773 :
1771 5736 1833 5773 ac
1851 5719 2043 5773 deinde
2073 5720 2174 5776 Ta-

642 5815 771 5871 taris
795 5815 845 5866 in
876 5814 1183 5869 societatem
1235 5813 1439 5879 aseltis,
1487 5814 1715 5867 classem
1780 5810 1884 5866 350
1931 5814 2167 5879 navium,

2295 3241 2422 3319 tius.
2450 3241 2509 3293 ln
2544 3242 2765 3296 alterius
2820 3252 2994 3297 autem
3034 3247 3264 3302 civitatis
3306 3254 3570 3309 vocabulo
3628 3258 3842 3313 dissen-

2292 3332 2393 3382 tire
2426 3333 2697 3399 videntur,
2733 3337 2905 3402 primo
2926 3339 3235 3395 nominante
3256 3341 3642 3409 Moncastrum,
3672 3352 3841 3405 altern

2291 3422 2877 3491 Nestoralbam,tertiis
2911 3428 3142 3499 denique
3201 3432 3487 3491 Chermen.
3545 3437 3838 3497 Secretarii

2289 3512 2673 3580 Moncastrum,
2724 3528 2776 3570 et
2834 3519 3095 3576 Chermen
3141 3520 3463 3593 Turcorum,
3515 3529 3655 3584 idem
3717 3550 3840 3590 esse

2291 3613 2454 3670 puto:
2492 3606 2761 3659 diversam
2796 3608 2863 3661 ab
2896 3620 3121 3683 utraque
3174 3596 3569 3672 Nestoralbam.
3629 3624 3841 3691 Quippe

2288 3695 2515 3748 Κυνηιεη
2555 3712 2648 3750 seu
2678 3699 2942 3753 Chermen
2974 3702 3137 3755 situm
3168 3714 3251 3758 est
3281 3706 3334 3759 in
3359 3706 3632 3766 Moldaviae
3679 3714 3840 3770 Tata-

2288 3788 2482 3856 l‘i:l‘tl|le
2507 3790 2722 3858 linihus,
2755 3808 2943 3848 versus
2994 3793 3222 3850 Portium
3267 3799 3561 3872 Euxinum,
3597 3808 3689 3862 ubi
3722 3815 3837 3864 sci—

2285 3881 2407 3935 licet
2448 3882 2500 3934 in
2548 3883 2689 3936 hunc
2720 3898 2775 3937 se
2804 3882 3081 3941 Danubius
3097 3889 3340 3945 eﬂ‘undit.
3384 3892 3449 3947 Et
3480 3892 3837 3966 Sangiaeatus

2283 3982 2363 4025 est
2389 3974 2646 4043 hodieque
2684 3974 2949 4031 Chermen
3017 3980 3100 4033 vel
3159 3982 3451 4049 Aherman,
3510 3985 3837 4060 beglerbego

2286 4062 2557 4115 Romaniae
2578 4068 2689 4119 sive
2710 4064 2936 4137 Gracche
2952 4066 3254 4138 subjectus.
3286 4072 3514 4129 Bontlnii
3537 4092 3660 4130 vero
3690 4079 3835 4150 Nes-

2284 4159 2507 4221 tnralha,
2542 4170 2648 4209 non
2678 4157 3063 4225 Moncastrum,
3094 4162 3495 4230 autChermen,
3559 4171 3651 4222 sed
3699 4175 3833 4228 urbs

2281 4262 2362 4305 est
2380 4252 2535 4305 hodie
2566 4248 2849 4318 Bialogrod
2886 4253 3046 4321 dicta,
3076 4253 3223 4320 quod
3245 4269 3423 4310 arcem
3456 4258 3632 4315 albam
3658 4265 3833 4333 signi-

2283 4344 2424 4406 ﬁcat,
2459 4341 2523 4393 ad
2562 4343 2873 4409 proﬂuentia
2908 4344 2960 4397 in
2998 4347 3284 4412 Euxinum,
3314 4363 3438 4403 non'
3478 4350 3621 4415 lstri,
3688 4358 3832 4415 sicut

2285 4436 2563 4488 Bonﬁnius
2590 4435 2828 4503 scripsit,
2867 4438 2958 4489 sed
2987 4435 3221 4494 Nestoris
3268 4443 3445 4498 amnis
3497 4448 3694 4502 ostium
3755 4451 3833 4505 si.

2287 4536 2358 4581 la.
2388 4526 2720 4596 Quapropter
2737 4543 2839 4582 non
2854 4527 3193 4595 Nestoralba,
3212 4534 3303 4587 sed
3323 4533 3635 4593 Nesteralba
3657 4545 3828 4597 scribi

2283 4620 2487 4674 debuit.
2525 4620 2587 4672 Et
2606 4619 2794 4674 Nester
2811 4621 3004 4689 priScis
3027 4634 3249 4685 vocatus
3280 4625 3380 4680 fuit
3405 4627 3579 4699 Tyras
3604 4630 3827 4688 ﬂuvius.

2282 4710 2534 4762 llistoriei
2559 4709 2731 4763 Graeci
2764 4714 3091 4785 recentiores
3123 4716 3188 4766 ab
3217 4717 3372 4768 annis
3398 4721 3708 4787 quingentis
3726 4724 3831 4778 Da-

2283 4799 2487 4853 nastrin
2522 4800 2883 4867 appellarunt,
2917 4801 2992 4853 uti
3020 4802 3278 4868 Neperem
3337 4806 3596 4875 vicinum,
3648 4810 3827 4869 Dam-

2282 4892 2399 4958 prin
2437 4880 2561 4959 {qui
2601 4892 2726 4943 mihi
2755 4892 2964 4959 quidem
2999 4907 3102 4943 non
3130 4904 3211 4947 est
3268 4895 3624 4965 Borysthenes
3673 4906 3822 4965 alite.

2280 4999 2438 5051 quam
2471 4983 2742 5037 Berisnam
2777 5000 2806 5038 a
2839 4982 3041 5038 [tussire
3078 4987 3158 5040 vel
3219 4987 3432 5044 Ru$sim
3486 4994 3677 5049 finibus
3723 5014 3821 5051 ve.

2279 5077 2509 5126 nientem
2550 5075 2792 5141 recipiat,
2823 5078 2887 5126 ad
2916 5090 3077 5141 quam
3102 5074 3450 5147 llorystlienis
3467 5088 3627 5137 etiam
3661 5097 3827 5143 Vetus

2277 5181 2468 5217 nomen
2492 5166 2716 5232 propius
2741 5165 2968 5217 accedit.
3002 5165 3209 5220 Cureus
3247 5169 3483 5237 scripsit,
3544 5176 3646 5229 hoc
3698 5179 3822 5245 ipso

2277 5274 2414 5333 anno
2436 5258 2742 5313 Christiano
2786 5257 2940 5321 M85,
2996 5257 3324 5324 Stephanum
3375 5263 3698 5333 Valachum,
3753 5274 3823 5325 de

2277 5367 2382 5420 quo
2413 5348 2780 5421 disceptabant
2811 5351 2949 5404 inter
2979 5366 3035 5403 se
3061 5367 3230 5419 reges,
3266 5352 3511 5423 Ungarus
3542 5359 3819 5427 Matthias,

2276 5452 2327 5494 et
2350 5441 2643 5505 Casimirus
2676 5440 2937 5502 Polonus,
2983 5439 3154 5493 utrius
3190 5455 3331 5498 esset
3374 5447 3565 5512 cliens,
3600 5452 3819 5507 tandem

2275 5534 2326 5585 in
2360 5534 2516 5586 verba
2542 5531 2793 5587 Casiruiri
2823 5531 2962 5592 regis
2982 5530 3032 5582 in
3057 5534 3464 5603 castrisjnrasse
3496 5559 3509 5593 :
3536 5542 3820 5614 nihiloque

2274 5628 2452 5680 minus
2490 5627 2761 5680 desertum
2793 5638 2821 5674 a
2877 5622 3114 5684 Polonis,
3148 5629 3391 5685 amisisse
3418 5632 3818 5690 Bessarabiam.

2273 5720 2394 5773 lla-c
2433 5719 2683 5771 nimirum
2710 5713 2891 5767 estilla
2925 5714 3070 5784 regio
3113 5728 3346 5775 extrema
3406 5724 3460 5777 in
3498 5740 3593 5781 ora
3656 5723 3821 5781 Vala-

2272 5815 2422 5876 chite,
2452 5809 2669 5877 Nigrum
2705 5803 2770 5859 ad
2799 5817 2943 5859 mare
2964 5806 3085 5870 sita,
3110 5823 3227 5877 qua:
3248 5812 3409 5869 Kilim
3449 5824 3503 5870 et
3523 5815 3814 5878 Chermen.
