4032 6344
147 429 257 489 S37

1293 430 1686 490 PANDECTE
1728 431 1921 492 lllS-T.
1959 431 2259 490 TURCIC.

3238 429 3343 490 838

146 547 268 599 sive
297 543 660 598 Mnucastrum
704 545 894 612 oppida
924 544 1180 607 continet,
1202 559 1227 597 a
1251 546 1326 599 sic
1348 545 1521 599 Bessis
1544 543 1712 600 Thra-
1740 554 1777 607 Α
1811 546 1937 598 tinni
1959 561 2079 597 vero
2096 542 2341 597 secundm
2357 526 2813 610 priuicetos‘l'uisse
2832 550 3122 614 memorant
3139 538 3346 593 Muelle-

141 637 311 689 cibus
342 636 626 703 appellata.
651 634 783 688 Novi
807 637 1097 704 aliquando
1124 636 1178 687 in
1197 636 1316 688 aula
1344 633 1690 688 Maxiiniliani

144 742 182 779 ιι
212 727 466 792 Augusti,
509 726 679 793 Spirae
727 727 945 780 comitia
1000 719 1339 791 celebrantis,
1389 725 1691 784 Nicolaum,

142 804 305 884 patre
353 815 687 889 Bessarabia;
753 817 993 885 principe
1050 825 1273 880 natum,
1333 815 1405 868 uti
1475 817 1689 882 quidem

139 906 503 961 credebatur:
529 905 861 960 documentis
883 907 1221 975 quibusdam,
1255 922 1315 960 ac
1348 906 1689 969 testimoniis,

138 999 449 1066 praesertim
480 998 801 1055 Venetorum
840 998 1102 1067 plumbeis
1158 998 1342 1059 bullis.
1389 998 1525 1052 hanc
1579 999 1692 1067 rjns

137 1088 416 1156 Originem
439 1088 887 1157 approbantibus.
1524 1071 1545 1075 '-

140 1197 272 1252 159.
297 1197 502 1250 Bellum
524 1199 657 1250 inter
674 1197 931 1257 sultavos,
957 1196 1250 1251 Cairensem
1271 1208 1317 1250 et
1335 1197 1691 1261 Osmauitlam,

286 1322 289 1329 ν
642 1266 783 1320 Usun
811 1266 996 1336 Usbeg,
1020 1267 1211 1320 Τιινδίε.

214 1355 392 1425 Hujus
422 1356 545 1410 belli
577 1372 755 1411 causa:
794 1359 1085 1412 referendae
1128 1359 1344 1411 veniunt
1412 1360 1503 1427 ad
1536 1374 1693 1427 supc-

136 1448 352 1499 riorum
386 1458 687 1515 temporum
718 1447 970 1502 oﬂensas.
1000 1448 1239 1501 Diximus
1262 1450 1427 1512 enim,
1481 1448 1693 1503 Mucia--

138 1549 345 1613 tnetem
399 1535 729 1601 Secundum,
778 1536 1033 1607 Bajasitis
1081 1548 1313 1606 patrem,
1370 1543 1528 1609 paulo
1575 1554 1695 1593 ante

136 1637 379 1679 mortem
411 1628 463 1678 in
492 1627 675 1681 Asiam
707 1630 1092 1691 transmisisse,
1148 1630 1341 1683 bellum
1390 1641 1449 1684 ut
1502 1630 1697 1685 faceret

135 1717 444 1789 Alcairensi
470 1719 703 1783 sultano,
734 1721 823 1788 qui
846 1724 1030 1774 hostes
1055 1720 1425 1789 ejusjuverat,
1477 1738 1696 1791 pt-zesei-

134 1808 238 1858 tim
266 1806 627 1863 Caratnanum
652 1825 669 1863 :
693 1818 748 1862 et
786 1808 986 1877 alioqui
1017 1825 1074 1863 se
1100 1812 1316 1879 gerebat
1346 1825 1470 1880 erga
1498 1810 1538 1863 Τ
1544 1826 1698 1863 urens

1795 648 1983 690 tnetcm
2042 635 2429 703 Cheseroglim.
2480 642 2533 684 et
2590 633 2900 685 Acbmetem
2951 631 3103 685 ducis
3154 630 3343 688 lilium,

1802 716 2081 781 Romanis:
2125 726 2523 794 beglerlwgum.
2583 723 2817 777 Nescivit
2862 737 2990 791 ergo
3044 720 3343 776 Geufraaus.

1795 834 1988 872 czesum
2019 817 2180 886 priori
2236 816 2415 885 praelia
2445 814 2745 877 Ferbatetn,
2784 812 3028 880 Bajasitis
3053 828 3303 879 generum
3330 826 3343 854 τ

1780 910 2022 963 'nescivit
2050 909 2220 961 altero
2270 908 2451 975 pra-lio
2487 907 2623 961 duos
2642 907 2811 961 fuisse
2849 905 3034 969 duces,
3083 905 3345 958 Chesero-

1794 1002 1917 1068 gtiin
1943 1009 1997 1052 et
2027 999 2411 1077 llerzecoglijn.
2446 997 2629 1066 Itaque
2667 1012 2772 1050 non
2803 1010 3010 1065 pugnas
3027 995 3186 1073 modo
3208 995 3343 1049 duas

1797 1092 1849 1145 in
1893 1106 2049 1145 uuam
2084 1091 2385 1149 confundit.
2421 1106 2601 1143 verum
2633 1089 2792 1143 etiam
2816 1103 2846 1156 ρ
2877 1089 3071 1150 tribus,
3116 1087 3343 1141 Ferhate

1796 1185 2048 1252 Bajasitis
2078 1200 2296 1251 genero,
2325 1184 2654 1250 Cllf'SN‘Ogli,
2688 1198 2748 1235 ac
2779 1182 3108 1248 Hersecogli,
3154 1182 3244 1248 qui
3289 1190 3341 1232 et

1797 1278 1910 1343 ipse
1935 1277 2187 1345 Bajasitis
2215 1294 2375 1347 gener
2399 1277 2520 1340 luit,
2554 1290 2718 1328 unum
2750 1277 2898 1343 quasi
2928 1275 3129 1328 conllat
3168 1272 3339 1326 Cher-

1796 1370 1998 1422 seolum
2028 1385 2207 1423 suunt.
2264 1370 2398 1436 Ejus
2425 1383 2553 1421 vero
2597 1382 2791 1420 nomen
2838 1369 2938 1421 ltoc
2989 1369 3127 1420 haud
3180 1364 3341 1421 dubie

1797 1470 2103 1527 corruptum
2131 1470 2212 1513 est
2234 1476 2295 1513 ex
2316 1459 2648 1526 Cbeserogli,
2683 1460 2774 1525 qtti
2793 1458 3044 1512 Chescris
3066 1467 3147 1511 est
3171 1459 3336 1520 illius,

1798 1551 1862 1603 de
1891 1567 1996 1618 quo
2016 1533 2247 1604 Chesere
2274 1552 2427 1619 bego,
2446 1548 2599 1618 Elpia
2629 1550 2827 1617 familia
2854 1560 2999 1611 nato,
3049 1558 3337 1603 tractatum

1799 1643 2049 1710 superius
2105 1644 2277 1710 capite
2333 1641 2454 1696 H7.
2508 1639 2623 1696 Non
2667 1651 2841 1696 tamen
2902 1640 2989 1694 hic
3031 1641 3340 1711 Clieserogli

1799 1734 2042 1804 Bajasitis
2071 1749 2253 1803 gener,
2297 1743 2390 1787 aut
2447 1745 2636 1802 raptus
2689 1733 2922 1788 secundo
2976 1732 3161 1799 praelia
3209 1731 3335 1794 fuit.

1801 1824 1889 1875 sed
1921 1821 2226 1893 Herzecogli
2251 1824 2364 1877 sive
2394 1825 2548 1877 ducis
2573 1824 2734 1886 illius,
2795 1823 3079 1878 Achmetes
3129 1825 3282 1880 bassa
3316 1843 3333 1879 :

135 1898 461 1962 insolenter,
491 1898 566 1953 illi
601 1899 800 1952 dictum
827 1901 1004 1969 capite
1036 1902 1161 1956 15³5.
1194 1900 1544 1971 Prosequitur
1570 1918 1696 1969 ergo
1728 1901 1770 1960 Β
1799 1928 1955 1978 quem
1980 1922 2134 1965 antea
2153 1927 2365 1980 quoque
2386 1912 2665 1969 Geuframs
2678 1913 2917 1967 conludit
2938 1928 3057 1966 cum
3083 1915 3337 1969 Aehmete

134 1991 348 2044 bellum
376 2007 405 2043 a
444 1991 923 2059 patreinchoatum
948 1991 1231 2061 Bajasites,
1268 1994 1424 2048 novis
1476 1992 1692 2061 insuper

134 2083 391 2143 irritatus
422 2083 657 2152 injuriis,
711 2083 855 2152 quod
912 2081 1093 2139 Zemis
1152 2083 1393 2151 partibus
1446 2086 1691 2153 sultanus

136 2176 475 2229 Alcairensis
502 2174 741 2244 favisset.
772 2174 824 2229 is
850 2190 879 2227 a
908 2175 1085 2242 Jovio,
1148 2174 1414 2241 Geufrzeo,
1463 2179 1689 2241 caneris,

134 2267 407 2321 Caitheus
466 2281 573 2319 nou
627 2277 768 2321 recte
830 2265 1188 2333 nominatur;
1224 2269 1415 2322 melius
1466 2282 1493 2320 a
1534 2268 1693 2321 Petro

96 2366 101 2371 ’
136 2365 382 2426 martyre
410 2353 800 2411 Mediolanensi
842 2353 1118 2419 Caitbcus,
1176 2357 1330 2423 quasi
1380 2355 1687 2427 Caitbegus,

136 2450 347 2502 sultani
370 2447 689 2502 Malmmetis
710 2457 881 2516 pater,
910 2448 1133 2502 dicitur.
1156 2446 1290 2501 Vide
1346 2457 1510 2517 caput
1563 2449 1687 2502 237.

138 2540 224 2593 Ab
261 2540 451 2593 eodem
482 2538 657 2593 Zemis
682 2552 903 2595 uxorem
940 2547 992 2593 et
1013 2538 1183 2591 illium
1214 2538 1351 2592 tradi
1386 2539 1488 2592 sibi
1538 2539 1690 2606 Baja-

138 2633 279 2682 sites
310 2629 631 2696 postulabat.
658 2628 789 2700 Quis
819 2638 993 2683 autem
1059 2628 1220 2682 fuerit
1279 2628 1417 2681 inter
1466 2638 1689 2681 caeteros

99 2756 107 2763 -
141 2722 250 2775 hoc
272 2720 415 2773 bello
429 2704 608 2774 socius
636 2720 830 2777 sultani
849 2710 1176 2774 Alcairensis
1196 2718 1342 2773 Usun
1361 2716 1553 2787 Usbeg.
1583 2737 1687 2772 nuit

138 2811 497 2881 espiimitur.‘
529 2810 694 2882 458
710 2809 915 2864 Nomen
954 2811 1101 2866 Usun
1154 2814 1367 2881 longum
1393 2811 1687 2879 signiﬁcat:

142 2899 240 2963 Us,
273 2902 528 2955 callidum
564 2910 617 2955 et
657 2910 915 2955 astutum.
962 2900 1181 2955 Amicus
1237 2918 1387 2956 meus
1440 2903 1692 2955 NlCOlilllS

143 2992 454 3045 llaunoltus
503 2996 588 3044 ait-
626 2989 803 3059 Usbeg
834 2987 947 3043 [ian
991 2992 1167 3044 vocari
1201 3007 1374 3061 regem
1410 2996 1691 3061 quemdam

140 3082 431 3145 'l‘atarum,
459 3081 669 3151 longius
698 3081 859 3135 etiam
891 3080 1140 3135 dissitum
1174 3097 1332 3149 quant
1384 3083 1453 3135 sit
1491 3084 1692 3136 Chitai‘

135 3190 262 3229 nus.
301 3173 610 3224 Adanorum
638 3168 828 3229 civitas
858 3170 912 3224 in
940 3168 1123 3223 Cilicia
1152 3171 1284 3224 satis
1314 3182 1395 3224 est
1442 3160 1584 3235 nota,
1630 3172 1693 3222 de

1800 2002 2027 2066 Geducc,
2062 2003 2201 2057 sicut
2228 2004 2529 2069 expositum
2576 2019 2783 2069 supra;
2807 2020 3031 2059 numero
3088 2015 3333 2059 notarum

1803 2096 1923 2149 M7.
1968 2096 2170 2149 Nomen
2222 2097 2406 2150 habuit
2455 2096 2763 2165 Herzecogli
2814 2097 3332 2167 Turcogormanutn.

1800 2186 1928 2239 Nam
1960 2203 2117 2253 supra
2147 2197 2385 2241 notatum
2412 2188 2583 2257 capite
2604 2188 2688 2251 95,
2737 2188 2917 2255 plures
2957 2190 3190 2259 populos
3233 2193 3336 2244 duo

1799 2293 1910 2359 cem
1945 2279 2219 2334 nominare
2250 2281 2509 2347 vocabulo
2536 2296 2561 2333 a
2592 2280 2876 2335 Germanis
2913 2294 3152 2349 accepto,
3205 2281 3336 2335 l-ler-

1799 2376 1941 2436 tzog.
1972 2362 2207 2425 Indidem
2239 2371 2405 2425 lector
2462 2372 2727 2441 intelligit,
2764 2372 3013 2427 Bozinain
3064 2374 3331 2441 dupliCer‘n

1798 2460 1934 2531 duos
1980 2460 2230 2515 habuisse
2279 2462 2547 2531 principes
2583 2477 2598 2515 :
2629 2478 2856 2531 quorum
2907 2478 3046 2517 unus
3101 2466 3329 2533 regium,

1801 2553 1932 2604 alter
1955 2550 2109 2605 ducis
2143 2552 2355 2605 titulum
2394 2554 2658 2606 habuerit.
2695 2555 2767 2607 Ex
2810 2553 2993 2606 ultimo
3043 2554 3334 2609 Bozinensi

1797 2641 1929 2693 duce
1961 2650 2121 2693 natus
2145 2640 2244 2694 fuit
2269 2641 2355 2694 hic
2382 2642 2532 2695 ducis
2548 2639 2711 2703 ﬁlius,
2744 2641 2823 2694 vel
2852 2640 3182 2707 Herzecogli,
3231 2654 3335 2692 cu-

1794 2731 1883 2797 jus
1906 2745 2096 2783 nomen
2134 2732 2233 2785 hoc
2252 2732 2400 2786 varie
2415 2734 2675 2800 Scriptum
2699 2733 2888 2800 legitur
2911 2734 3048 2800 apud
3076 2730 3327 2784 historia-

1799 2834 1913 2871 rum
1937 2830 2197 2872 auctores.
2235 2819 2612 2890 Spanduginus
2648 2822 2806 2876 habet
2831 2821 3140 2876 vocabulum
3162 2819 3326 2876 Cher-

1799 2909 2015 2978 zccogli,
2046 2908 2187 2977 quod
2219 2910 2353 2963 ideut
2383 2922 2464 2964 est
2482 2927 2606 2965 cum
2638 2927 2770 2965 voce
2806 2923 2945 2966 recte
2974 2914 3171 2980 scripta
3196 2909 3326 2964 Hvr-

1799 3002 2015 3070 zecogli.
2038 3002 2138 3055 Sed
2159 3012 2302 3055 eri-at
2329 3003 2489 3065 idem,
2508 3018 2630 3056 cum
2661 3003 2920 3057 Anatolize
2953 3003 3327 3074 beglerbegttm

1799 3092 1944 3155 facit,
1979 3093 2068 3161 qui
2103 3091 2291 3170 Turcis
2319 3094 2627 3147 auctoribus
2660 3092 2931 3146 Romaniae
2981 3095 3333 3170 beglerbegus

1764 3200 1774 3217 ·
1804 3160 2163 3252 [υθιίιξΔριιιι
2195 3160 2484 3239 ΗλῖΙιιιθςιω
2511 3184 2854 3239 secretarium
2894 3160 3182 3254 Herceogle
3238 3160 3325 3239 re-

134 3262 455 3317 Graecorum
492 3259 652 3313 etiam
686 3295 702 3322 ,
749 3256 992 3324 Zonaras,
1041 3258 1363 3328 Cedrinique
1422 3257 1689 3312 historiis.

1794 3277 2013 3344 peritur,
2039 3278 2177 3345 apud
2200 3276 2409 3332 Joviutn
2452 3277 2790 3347 CherseOgle.
2824 3276 2926 3334 Sed
2981 3279 3090 3332 haec
3146 3277 3328 3332 omnia

137 3353 325 3415 Tersis
346 3351 534 3407 estilla
548 3350 655 3405 divi
672 3347 820 3402 Pauli
839 3352 1009 3419 patria
1026 3347 1250 3416 Tarsus,
1282 3365 1439 3418 quam
1467 3350 1687 3420 Stepha-

139 3464 267 3512 nus,
302 3445 519 3499 urbium
550 3443 981 3500 Nomenclatoris
1010 3452 1222 3508 auctor,
1279 3442 1478 3497 Graecis
1526 3446 1685 3496 etiam

140 3539 256 3594 vult
287 3539 614 3607 appellatum
646 3536 813 3592 fuisse
836 3535 1061 3590 Tersum
1096 3543 1148 3589 et
1163 3533 1423 3589 Tersiam.
1451 3534 1690 3588 Bellonio

140 3644 289 3684 nunc
318 3628 490 3682 llama
519 3638 760 3699 putatur,
792 3636 846 3681 et
877 3625 1075 3695 Hamsa
1106 3626 1232 3691 dici,
1261 3641 1354 3695 per
1397 3638 1633 3678 errorem
1674 3641 1687 3675 :

139 3732 268 3780 cum
305 3734 372 3773 ca
399 3720 471 3772 sit
497 3717 709 3777 Emissa
741 3719 1077 3775 Pltmtticum.
1107 3717 1233 3770 ’l‘ain
1262 3716 1466 3779 Adana,
1527 3729 1687 3781 quam

140 3810 381 3863 Tarsum
412 3808 610 3870 ﬂuvius
648 3807 826 3870 alluit,
850 3808 939 3876 qui
967 3805 1155 3874 priscis
1189 3806 1401 3872 Cydnus
1434 3803 1687 3870 erat,jant

139 3904 348 3956 Carasu
376 3898 593 3963 dicitur,
625 3898 692 3953 ab
721 3912 871 3967 aqua:
906 3896 1177 3965 profunda:
1200 3896 1351 3961 nigro
1402 3892 1687 3945 admodum

137 3996 346 4053 colore.

139 4110 263 4164 160.
293 4105 419 4161 Non
437 4103 611 4168 semel,
639 4104 731 4155 sed
766 4101 843 4155 bis
865 4108 1147 4171 pugnatum
1172 4099 1309 4151 inter
1332 4098 1624 4171 sultu‘ninos
1641 4106 1689 4150 et

211 4172 549 4233 Osntauicos.
583 4167 795 4226 Diversa
826 4167 1057 4229 nemina.
1092 4168 1403 4235 Cheserogli,
1446 4167 1689 4221 Cherseo—

208 4248 308 4317 gli,
338 4243 631 4312 Ilerceoglt‘,
659 4241 981 4310 Hersecogli,
1005 4238 1347 4306 Cltersecoglz‘.

209 4362 513 4427 Coeperunt
541 4358 798 4411 hactenus
825 4370 855 4408 a
878 4354 1101 4413 Muralis
1125 4369 1293 4423 usque
1323 4353 1538 4407 secundi
1560 4361 1691 4405 tein-

145 4456 435 4523 poribusa
481 4447 671 4506 Turcis
695 4448 969 4503 memorize
1030 4446 1242 4514 prodita
1305 4445 1546 4500 nonnihil
1600 4445 1693 4495 ba-

145 4551 270 4601 here
302 4540 552 4613 pluribus
575 4539 628 4599 iu
652 4539 982 4615 explicandis
1051 4538 1210 4591 rebus
1246 4536 1407 4605 gestis
1459 4530 1687 4606 plenius,

142 4606 321 4705 quam.
338 4632 545 4690 nostris
582 4630 636 4683 in
662 4606 902 4683 historiis
918 4627 1150 4699 reperiri
1196 4629 1490 4681 videamus.
1547 4625 1687 4678 lndi-
1718 4606 1761 4660 θ

142 4731 230 4782 cio
260 4734 351 4783 est
412 4722 791 4792 plerarumque
818 4731 1124 4774 nostrorum
1149 4733 1302 4772 error
1352 4719 1417 4771 de
1484 4716 1684 4786 praelii),

144 4824 288 4890 quod
323 4832 490 4872 unum
524 4814 736 4873 tradunt
768 4805 910 4864 inter"
936 4814 1236 4866 sultaninos
1279 4822 1330 4865 et
1376 4801 1687 4867 Osmanicos

144 4914 304 4978 longe
332 4905 713 4979 gravissimum
748 4902 914 4956 fuisse
940 4906 1327 4973 ;commissum,
1374 4910 1517 4956 tanta
1568 4915 1685 4954 cum

144 5003 454 5062 Tuscorum
475 5006 673 5066 strage;
691 5004 945 5063 quantam
968 4995 1036 5048 ab
1059 4996 1163 5049 alia
1190 4996 1403 5050 natione
1423 4994 1565 5049 orbis
1590 5010 1685 5045 un-

140 5107 303 5162 quam
325 5088 564 5158 perpessi
591 5088 808 5140 fuerint.
832 5083 887 5135 ιιι
911 5083 994 5137 bis
1022 5091 1104 5137 est
1128 5082 1424 5149 Geufraeus,
1449 5083 1539 5152 qui
1577 5095 1684 5134 tum

142 5186 368 5237 nomina
404 5182 621 5242 ducum.
651 5190 760 5232 tum
778 5177 1046 5245 geminam
1073 5190 1303 5243 pugnam
1336 5176 1684 5236 confundens.

145 5272 394 5331 exercitu
425 5271 654 5336 Turcico
686 5273 745 5337 in
769 5271 945 5337 fugam
996 5280 1280 5328 converso,
1322 5267 1684 5320 ~Cberseolum

144 5382 405 5439 generum
438 5346 685 5432 Bajasitis
707 5358 1244 5431 captum,‘Alcairum
1300 5359 1367 5411 ad
1416 5360 1685 5412 sultanum

146 5460 431 5513 Caitheum
460 5456 628 5511 fuisse
656 5455 943 5510 deductum
976 5450 1068 5503 ait.
1100 5448 1333 5500 Annales
1359 5459 1535 5501 autem
1554 5449 1688 5503 Tur-

148 5550 248 5604 cici
276 5553 449 5601 duces
505 5543 861 5614 expeditionis
918 5543 1102 5610 primae
1161 5537 1360 5590 iaciunt
1405 5536 1686 5592 Ferhatcm

150 5649 361 5712 begum,
395 5639 645 5707 Bajasitis
675 5650 926 5707 generum
960 5622 1459 5699 :.'Caragosamque,
1485 5630 1687 5697 beglcr-

150 5721 341 5805 begun)
362 5732 736 5787 Csramaniw:
768 5730 1017 5805 quibuse
1066 5724 1277 5776 duobus
1335 5721 1467 5775 alter
1527 5723 1687 5775 fuerit

152 5844 341 5888 ursus,
371 5826 625 5880 nimirum
667 5803 919 5876 Fcrbates
950 5817 1191 5888 Bajasitis
1230 5830 1411 5883 gener.
1463 5812 1687 5883 Expedi-

1788 3369 2071 3437 depravata
2101 3379 2227 3424 sunt
2251 3386 2313 3425 es
2345 3370 2435 3424 illo
2479 3369 2934 3441 Turcogermano,
2970 3372 3123 3439 quod
3187 3370 3326 3424 dixi-

1789 3477 1928 3516 mus.
1960 3500 1967 3512 .
2164 3484 2168 3490 -
2921 3458 2931 3479 λ

1790 3575 1912 3647 16L.
1956 3574 2109 3631 Finis
2127 3576 2347 3647 ducatus
2377 3572 2703 3647 Buzineusis,
2727 3577 2802 3631 vel
2832 3560 3214 3647 Hersegoviiue.
3247 3578 3324 3631 vel

1860 3644 2127 3714 Herzegw,
2142 3648 2218 3700 vel
2238 3645 2463 3714 Orzegar,
2485 3647 2559 3700 vel
2576 3646 2635 3701 S.
2653 3646 2826 3708 Saba,
2844 3648 2922 3700 vel
2946 3644 3137 3702 Montis
3155 3648 3323 3715 Nigri.

1856 3715 2113 3768 Achmett’s
2142 3717 2470 3788 Herzewglis
2499 3717 2664 3769 (lassae
2715 3718 2956 3769 historia.
3252 3788 3257 3794 ο

1840 3824 2241 3879 ’Κεοθιιειιίιιιιιε
2269 3834 2447 3894 supra,
2475 3825 2652 3893 capite
2702 3836 2950 3881 notarum
2997 3828 3114 3890 Ml,
3176 3830 3338 3896 regni

1789 3914 2095 3971 Bozinensis
2121 3918 2415 3981 interitum,
2439 3934 2583 3973 nunc
2602 3918 2695 3988 qui
2739 3919 2966 3973 ducatus
3019 3919 3323 3975 Boziueusis

1788 4007 1963 4061 exitus
1995 4006 2170 4071 fuerit,
2194 4008 2375 4065 itidem
2396 4022 2878 4084 cominemoremus
2906 4022 2919 4073 ;
2950 4007 3020 4061 ita
3064 4007 3325 4075 Promisso

1791 4112 1992 4163 nostro,
2031 4112 2083 4152 et
2109 4099 2270 4167 huius
2290 4099 2442 4155 ducis
2465 4099 2578 4163 tllii,
2610 4099 2692 4153 vel
2716 4098 3058 4165 Herzecoglis
3101 4096 3325 4154 historia

1789 4198 2059 4260 poscente.
2090 4188 2484 4245 NanrAnnales
2536 4190 2705 4251 aiunt,
2744 4187 3050 4240 Aclunetem
3110 4186 3322 4243 bassaiu

1790 4274 2177 4351 llerzecoglim,
2224 4280 2419 4348 praelia
2472 4290 2656 4333 contra
2712 4279 3011 4333 sultaninos
3060 4281 3320 4339 secundo,

1790 4386 1912 4426 cum
1947 4386 2084 4438 equo
2114 4369 2441 4437 prolapsum,
2471 4368 2523 4419 in
2556 4366 2944 4437 sultaninorum
2992 4381 3182 4420 manus
3238 4383 3325 4438 ve-

1790 4464 1957 4525 uisse,
1979 4436 2372 4527 deductumque
2401 4449 2657 4517 fuisseatl
2695 4455 2977 4527 Vibegum,
3029 4467 3084 4511 et
3139 4436 3321 4511 casto.-

1792 4553 1891 4607 dize
1965 4552 2236 4606 traditum.
2293 4550 2624 4607 Secretarius
2671 4558 2849 4604 autem
2905 4548 3321 4613 Malatestanus,

1788 4648 1972 4697 eadem
2045 4658 2270 4696 narrans
2305 4659 2319 4696 :
2354 4641 2635 4708 Bajasites,
2686 4641 2879 4711 inquit,
2936 4642 3125 4696 nuntio
3154 4640 3322 4693 eladis

1786 4752 2008 4791 suorum
2081 4746 2300 4805 accepto
2336 4772 2353 4796 .
2408 4736 2773 4805 indignatione
2825 4735 3048 4790 nimium
3080 4758 3086 4763 -
3122 4744 3321 4802 quanta

1786 4843 2097 4890 succensus,
2123 4828 2304 4881 denuo
2326 4815 2709 4896 prmpotentem
2754 4826 3007 4880 instruxit
3026 4828 3321 4881 exercitum

1786 4920 1940 4985 eique
1988 4908 2237 4985 supremo
2268 4930 2388 4970 cum
2420 4916 2640 4984 impeth
2689 4914 2927 4983 praefecit
2958 4902 3319 4983 Herceoglim,

1788 5007 2040 5074 Stephani
2099 5004 2369 5074 quondam
2401 5003 2458 5058 S.
2491 4988 2645 5059 Sara:
2666 5003 2820 5061 ducis
2852 5002 3017 5056 tilium
3044 5019 3059 5056 :
3093 5005 3190 5072 qui
3232 5006 3326 5057 ad-

1787 5111 1939 5150 versa
1990 5095 2218 5163 quadam
2271 5093 2486 5146 fortuna
2531 5100 2811 5159 superatus
2847 5128 2863 5155 ,
2935 5100 2990 5145 et
3058 5092 3324 5186 ulniversis

1780 5201 1904 5238 cum
1964 5185 2131 5251 copiis
2179 5197 2349 5238 casus
2385 5180 2504 5244 fuit,
2523 5180 2682 5234 etiam
2712 5179 2883 5233 tribus
2906 5180 2952 5232 ei
2977 5179 3177 5233 desine
3208 5197 3322 5232 uia-

1788 5291 1889 5335 nus
1963 5273 2143 5342 digitis
2226 5275 2534 5340 amputatis.
2617 5268 2921 5324 Videamus
2977 5284 3126 5339 ergo,
3202 5284 3322 5333 Quae

1788 5365 1946 5418 fuerit
1971 5363 2127 5429 hujus
2156 5372 2259 5414 tam
2277 5364 2448 5430 origo,
2486 5376 2644 5429 quam
2664 5360 2864 5413 familia
2908 5375 2924 5425 ;
2953 5375 3070 5429 quae
3098 5359 3165 5414 ad
3187 5359 3321 5413 Tur-

1788 5471 1879 5509 cos
1911 5452 2185 5506 deiiciendi
2216 5453 2427 5507 occasio
2458 5469 2473 5517 ;
2512 5452 2601 5523 qui
2631 5451 3054 5520 deniquetotius
3082 5453 3271 5520 gentis,
3294 5471 3321 5499 ιτ

1787 5562 1891 5616 qua
1938 5554 2092 5598 natus
2136 5556 2270 5608 erat,
2316 5536 2583 5601 interitus.
2619 5545 2839 5598 Diversa
2856 5560 2979 5598 vero
3016 5542 3320 5596 referuntur

1788 5654 1818 5692 a
1873 5636 2077 5689 duobus
2103 5636 2431 5713 auctoribus,
2491 5636 2840 5713 Spandugi’no
2884 5644 2937 5690 et
2970 5631 3123 5688 Jovio
3151 5645 3320 5697 :qnns
3384 5672 3388 5677 .

1788 5728 1999 5799 quidem
2021 5726 2231 5787 ambos,
2289 5734 2345 5781 et
2391 5707 2564 5794 primo
2616 5707 2861 5782 Grzeeum
2912 5727 3081 5787 illum,
3129 5724 3319 5777 audia-

1789 5836 1926 5877 mus.
1975 5815 2162 5872 Narrat
2186 5817 2251 5883 is,
2287 5826 2407 5871 ante
2436 5818 2547 5873 haec
2595 5829 2853 5887 tempora
2888 5802 3154 5871 sultanuut
3209 5806 3319 5865 Μαιὲ
