4032 6344
606 470 609 471 ν
656 429 764 490 8Ἱ9

1829 419 2163 481 ΙΟΑΝΝΙΞ,
2186 388 2651 492 LEUNCLAVII

3743 417 3831 481 ει)

651 534 953 609 chemetem
987 539 1029 592 ll
1052 539 1354 597 decrevisse
1376 553 1496 592 cum
1532 537 1712 590 animo
1729 552 1849 603 suo,
1892 537 2199 604 subjugum
2226 543 2280 598 Α
2306 546 2430 590 tuus
2464 535 2601 593 fuit.
2662 533 2716 587 ld
2748 532 3059 602 Oppidulum
3121 542 3201 587 est
3247 531 3438 587 insulae
3486 534 3837 601 cognominis.

652 634 1123 687 mittereilucatum
1147 631 1514 695 Bozinensent,
1530 631 1687 696 cujus
1709 628 1951 697 princeps
1971 628 2203 707 Stepha-

650 744 753 781 nus
781 725 1006 779 S.Sabz
1026 724 1153 785 dux,
1177 733 1231 776 ct
1259 720 1564 774 Herzecitus
1596 718 1991 788 (animadvertit
2040 720 2205 772 lector

650 816 1022 884 Germanicam
1043 828 1228 868 vocem
1271 807 1524 880 Hertzog)
1561 811 1720 879 vulgo
1767 798 1931 865 fuerit
1973 808 2207 877 appella-

655 917 764 960 tus.
835 904 1009 972 Ipsam
1086 900 1357 971 regionem
1415 899 1686 972 Ragusazis
1729 913 1849 953 esse
1897 899 2203 961 ﬁnitimam,

654 976 799 1049 inter
827 988 976 1059 quos
1026 1003 1079 1048 et
1144 974 1438 1061 principem
1510 990 1842 1060 Stephanum
1899 992 2207 1045 simultates

654 1085 1080 1149 intercesserint,
1106 1100 1170 1139 ex
1208 1099 1374 1139 causa
1437 1085 1662 1151 quadam
1707 1084 2033 1151 hujusmodi.
2072 1083 2205 1137 Erat

656 1183 777 1234 duci
799 1170 1031 1247 legitima
1058 1171 1284 1245 eonjux.
1307 1190 1337 1229 e
1364 1191 1469 1243 qua
1497 1185 1604 1229 tres
1636 1174 1834 1230 liberos
1881 1190 2057 1231 mares
2083 1166 2205 1229 sus-

656 1281 909 1349 ceperat}
946 1270 1249 1324 Ladislaum
1270 1277 1392 1320 natu
1415 1268 1725 1333 maximum,
1746 1268 1833 1321 cui
1856 1264 2034 1335 nupsit
2052 1268 2205 1327 Anna
2233 1264 2238 1269 ’

597 1404 601 1408 μ
655 1364 817 1434 459
835 1363 1209 1415 Cantacusena
1243 1377 1256 1413 :
1282 1359 1630 1445 Stephanum,
1658 1358 2143 1425 secundogeuitum
2190 1375 2204 1410 :

657 1469 710 1505 ιιι
732 1455 999 1514 ultimum,
1032 1450 1296 1504 Vaticum.
1330 1448 1538 1504 Accidit
1561 1458 1773 1511 autem,
1799 1458 1855 1501 ut
1892 1447 2201 1501 Florentina

659 1544 907 1624 quzedam
974 1544 1190 1605 mulier,
1220 1544 1535 1597 excellentis
1583 1542 1789 1606 formae,
1828 1541 1921 1604 sed
1976 1540 2204 1593 nimium

661 1638 905 1704 corporis
936 1637 1016 1689 sui
1059 1636 1303 1704 prodiga,
1364 1650 1482 1689 sese
1514 1636 1566 1703 in
1597 1636 1736 1688 hanc
1768 1634 1997 1687 ducatus
2028 1630 2207 1683 'Bozi-

665 1728 849 1781 nensis
897 1728 1195 1795 regionem.
1251 1726 1437 1780 relicta
1490 1729 1684 1794 patria,
1737 1712 2028 1781 conferret.
2092 1726 2203 1781 Dux

668 1821 996 1888 Stephanus,
1034 1822 1124 1882 qui
1158 1821 1355 1888 saepius
1386 1821 1687 1889 accepisset
1720 1810 1793 1873 ei
1827 1820 2057 1873 aliorum
2090 1835 2205 1873 scr-

2306 627 2359 681 in
2392 625 2699 680 l‘iadriatiro
2754 628 2875 679 sinu
2924 634 3139 694 propter
3174 626 3538 696 Dalmatinum
3580 626 3731 679 littus
3756 643 3840 679 Se-

2306 717 2656 786 cuudze‘post
2701 717 2978 787 Veghiam,
3045 726 3205 785 quam
3249 714 3484 771 Ortelius
3560 708 3667 768 non
3711 727 3841 768 recte

2307 807 2562 865 Vechiam
2606 810 2842 879 scripsit,
2870 819 2921 864 et
2976 810 3131 879 pejus
3171 812 3557 881 interpretatus
3614 819 3700 863 est
3757 808 3841 859 ντ-

2308 902 2498 965 tulam,
2523 916 2645 956 cum
2681 900 2839 972 \legla
2877 917 2971 958 seu
3003 884 3153 973 Vigla
3204 903 3427 956 dicenda
3455 904 3546 960 sit.
3570 914 3622 957 et
3652 903 3841 975 aBon-

2308 994 2433 1047 ﬁnio
2457 994 2679 1065 Corycia
2705 994 2973 1065 veteribus
2996 1006 3181 1047 vocata
3207 998 3445 1064 putetur.
3470 993 3595 1048 Hatc
3626 994 3693 1047 de
3744 993 3842 1055 fine

2306 1087 2537 1138 ducatus
2602 1084 2934 1157 Ilozinensis,
2983 1096 3036 1137 et
3082 1086 3321 1154 ipsorum
3362 1078 3567 1139 ducum
3614 1086 3843 1145 familiae,

2308 1175 2691 1243 Spandugiuus
2718 1173 2991 1229 memoria:
3027 1176 3281 1243 proiidit.
3324 1173 3514 1229 Juvius
3550 1187 3729 1228 autem
3763 1192 3847 1227 rc-

2283 1266 2411 1318 fert
2458 1282 2525 1318 ex
2572 1263 2692 1317 Jani
2737 1265 2983 1319 Lascaris
3035 1266 3379 1319 sermonibus
3419 1267 3657 1318 hominis
3713 1269 3845 1333 apud

2307 1353 2527 1409 Gnaeos
2551 1356 2743 1409 illustri
2769 1356 2971 1409 familia
2992 1356 3149 1419 "uati,
3163 1359 3248 1409 cui
3283 1359 3596 1411 notissimus
3626 1358 3850 1417 Acume-

2310 1458 2388 1502 tes
2429 1446 2586 1502 bassa
2614 1448 2794 1511 fuerit,
2834 1448 3195 1519 Cberseoglim
3233 1459 3438 1502 matura
3465 1450 3575 1518 jam
3632 1464 3685 1502 et
3714 1450 3849 1503 virili

2315 1550 2471 1595 actate
2524 1530 2843 1610 religionem
2885 1539 3218 1593 Cbistianam
3272 1540 3624 1596 deseruisse:
3665 1543 3742 1595 sic
3771 1555 3846 1594 ta-

2298 1642 2454 1693 men,
2480 1641 2538 1686 ut
2578 1632 2632 1685 in
2674 1633 2906 1701 pectoris
2936 1632 3056 1686 sinu
3079 1647 3217 1686 verae
3254 1634 3374 1686 ﬁdei
3402 1643 3533 1689 non
3561 1634 3852 1689 oblivisce-

2309 1735 2477 1779 retur.
2508 1725 2704 1779 Fuisse
2759 1725 3080 1779 vero‘lilium
3109 1726 3479 1790 Chersecchii,
3522 1726 3671 1795 Nigri
3706 1742 3853 1780 mon-

2311 1819 2379 1868 tis
2420 1817 2472 1869 in
2525 1817 2777 1870 Slavonia
2814 1818 2982 1885 reguli
3010 1833 3024 1870 :
3057 1818 3144 1870 eui
3179 1811 3303 1870 cum
3326 1817 3448 1869 data
3479 1830 3624 1871 esset
3654 1819 3705 1872 in
3743 1835 3855 1871 ma-

671 1909 940 1969 monibus,
972 1909 1226 1961 mulieres
1268 1906 1609 1961 Florentinas
1639 1908 1707 1961 ob
1735 1908 1921 1962 format
1958 1918 2206 1960 venusta-
2238 1903 2278 1959 Β
2309 1908 2619 1961 trinionium
2642 1948 2657 1970 ,
2693 1907 2916 1975 jamque
2948 1910 3164 1961 domum
3225 1911 3291 1962 ad
3332 1903 3684 1962 celebrandas
3723 1926 3859 1977 nup-

670 2010 798 2058 tem.
833 1999 1105 2067 animique
1152 1999 1408 2062 indolem,
1466 2009 1520 2053 et
1586 2014 1796 2062 morum
1857 1998 2201 2066 elegantiam,

606 2148 614 2157 ι
670 2091 827 2144 facile
884 2080 1087 2158 primas
1135 2091 1276 2144 inter
1337 2090 1469 2153 alias
1529 2107 1716 2149 omnes
1769 2091 1933 2145 Italiae
1981 2090 2208 2143 feminas

616 2218 619 2221 ι
670 2180 811 2233 ferre
846 2195 861 2231 :
896 2194 1019 2241 curn
1063 2179 1294 2248 primum
1336 2179 1402 2231 de
1440 2178 1597 2247 hujus
1634 2188 1863 2232 adventu
1912 2179 2206 2252 intellexis-

670 2284 775 2333 set,
796 2272 922 2339 .ejus
951 2270 1193 2323 videnda:
1219 2270 1468 2337 cupidus,
1508 2260 1674 2323 misit
1706 2271 1797 2339 qui
1824 2269 1891 2323 ad
1934 2285 1991 2324 se
2020 2272 2210 2323 mulie-

676 2378 786 2414 rem
819 2372 1172 2416 arcesserent.
1198 2361 1550 2430 Conspectam
1579 2378 1698 2415 mox
1745 2363 1997 2416 adamare
2025 2364 2208 2430 coepit,

676 2454 812 2506 adeo
844 2443 1084 2520 quidem.
1114 2454 1266 2506 nihili
1300 2469 1451 2519 suam
1484 2453 1559 2505 ttti
1601 2452 1893 2521 legitimam
1926 2451 2209 2523 conjugem

676 2546 900 2607 faceret,
964 2548 1119 2613 cujus
1147 2562 1267 2598 eum
1323 2557 1535 2612 ceperat
1584 2546 1830 2598 satietas.
1881 2542 2033 2597 Uxor
2068 2557 2214 2596 vero

677 2635 956 2704 principis,
984 2650 1100 2688 eam
1123 2650 1245 2687 cum
1276 2633 1418 2686 ferre
1449 2634 1653 2686 diutius
1696 2624 1824 2686 non‘
1854 2646 2033 2701 posset
2078 2632 2213 2701 inju-

678 2727 836 2790 riam,
897 2725 1166 2794 Ragusam
1226 2740 1347 2777 cum
1388 2723 1495 2776 ﬁlio
1523 2733 1652 2777 natu
1685 2725 1920 2776 maximo
1971 2724 2093 2790 fuga
2126 2740 2214 2777 sc-

676 2828 824 2873 creta
848 2832 905 2871 se
938 2818 1187 2871 contulit.
1226 2817 1452 2871 Maritus
1498 2815 1682 2893 missis
1708 2817 1772 2869 ad
1801 2831 1917 2869 eam
1949 2817 2109 2869 certis
2136 2817 2216 2867 in-

680 2909 989 2971 ternuntiis,
1033 2910 1109 2962 uti
1141 2912 1357 2961 domum
1399 2873 1617 2968 rediret,
1672 2908 1863 2960 orabat
1896 2924 1917 2961 »ε
1950 2921 2083 2958 neve
2110 2906 2219 2957 dis.

679 3014 838 3053 cessu
873 3009 925 3052 et
954 3001 1192 3053 absentia
1230 3015 1327 3053 sua
1354 3015 1574 3053 causam
1593 3001 1886 3067 ‘prasheret,
1943 2981 2084 3059 unde
2120 3014 2217 3051 sua

681 3089 1050 3154 divulgaretur
1074 3089 1312 3142 infamia.
1345 3088 1592 3142 Vicissim
1628 3090 1727 3163 illa.
1747 3088 2130 3157 respondebat,
2162 3104 2220 3141 se

2312 2003 2416 2053 tias
2444 2001 2829 2063 deduceretur,
2878 1996 3230 2067 puellanata
3270 2000 3335 2053 de
3366 2002 3536 2068 stirpe
3581 2002 3853 2068 despotica

2311 2091 2591 2153 Serviana,
2647 2092 2966 2157 seeleratum
3008 2096 3250 2158 patrem,
3290 2100 3507 2143 motum
3554 2074 3855 2143 adrnirabiti

2310 2197 2477 2235 nurus
2524 2183 2810 2250 elegantia,
2856 2182 3112 2246 conjectis
3155 2182 3209 2234 in
3259 2197 3376 2236 eam
3434 2182 3632 2243 oculis,
3678 2198 3860 2236 amore

2310 2282 2616 2339 correptum
2658 2272 2826 2327 fuisse
2862 2270 3133 2341 tuumque
3176 2273 3391 2326 luxuria
3442 2268 3705 2341 pudorem
3750 2286 3861 2328 om-

2314 2380 2432 2416 nem
2466 2364 2723 2427 vinceret,
2757 2365 2856 2418 sibi
2899 2381 3015 2418 eam
3041 2365 3315 2434 accepisse
3369 2376 3857 2438 uxorettthcontra

2311 2456 2646 2508 voluntatem
2677 2466 3052 2524 cognatorum,
3110 2458 3198 2525 qui
3243 2457 3695 2524 reprehenderent
3733 2458 3862 2510 faci-

2315 2568 2436 2615 nus,
2474 2554 2580 2605 lilio
2631 2553 3108 2614 cantumeliosum,
3145 2550 3347 2617 infante
3400 2551 3570 2619 patri.
3605 2551 3861 2605 Commo-

2317 2655 2429 2697 tum
2463 2646 2723 2698 dedecore
2752 2651 2909 2696 tanta:
2948 2643 3196 2710 juvenem
3227 2642 3865 2711 injuriae,praecipitique

2318 2739 2476 2791 nimis
2509 2737 2795 2805 impulsum
2824 2730 3219 2802 desperatione,
3248 2732 3782 2801 Constantinopolim
3810 2746 3867 2783 se

2317 2828 2608 2881 contulisse
2644 2844 2656 2879 :
2683 2841 2912 2895 cumque
2945 2814 3164 2881 sultano
3192 2824 3415 2895 Bajaziti
3469 2826 3671 2879 findunt
3697 2825 3868 2892 patris

2321 2918 2531 2972 facinus
2560 2914 2802 2970 dolenter
2831 2917 3191 2989 exposuisset,
3223 2906 3340 2985 ejus
3392 2932 3449 2969 se
3490 2917 3616 2989 lidei
3668 2928 3865 2973 totum.

2319 3008 2657 3060 ct'clientela:
2685 3008 2995 3062 tradidisse.
3028 3006 3348 3073 Bajazitem,
3383 2988 3581 3075 auditis
3606 3004 3865 3073 Stephani

2321 3098 2578 3168 querelis,
2609 3098 2751 3151 bono
2788 3107 2845 3150 ut
2874 3107 3021 3151 esset
3053 3098 3256 3162 animo,
3297 3096 3527 3165 jussisse
3556 3113 3571 3161 ;
3611 3097 3867 3151 virtutem

682 3182 997 3241 redituram,
1041 3179 1086 3232 si
1142 3178 1500 3232 Florentinam
1543 3180 1616 3259 ab
1644 3196 1700 3232 se
1734 3180 2050 3234 dimisisset.
2096 3182 2214 3234 Dux

2323 3192 2491 3259 ipsius
2528 3191 2730 3257 majora
2786 3188 3017 3241 fortunis
3052 3188 3291 3255 paternis
3332 3189 3673 3256 promereri;
3716 3189 3872 3241 habi-

687 3274 994 3343 Stephanus
1047 3273 1095 3326 id
1149 3277 1223 3326 uti
1269 3273 1493 3336 faceret,
1557 3275 1819 3343 imperare
1857 3290 1961 3339 non
2007 3286 2216 3345 poterat

685 3366 865 3418 animo
897 3381 1016 3419 suo.
1055 3362 1413 3418 Nihilominus
1473 3366 1585 3419 suis
1614 3366 1679 3418 ad
1707 3365 1998 3434 Ragusmos
2033 3367 2215 3421 homi-

688 3457 846 3509 nibus
873 3455 1165 3524 ablegatis,
1197 3470 1415 3508 uxorem
1453 3471 1577 3530 cum
1618 3456 1734 3509 ﬁlio
1774 3457 2070 3530 repetebat.
2106 3456 2219 3509 lllis

690 3542 952 3599 voluntati
998 3546 1253 3614 principis
1297 3561 1400 3599 non
1448 3527 1969 3615 obiemperantibus,
2020 3527 2217 3599 bellum

696 3637 941 3693 infertur.
973 3632 1215 3703 Ragusaei
1245 3634 1479 3686 vicissim
1505 3650 1561 3687 se
1590 3634 1889 3698 defensuri,
1920 3636 2220 3703 copiis‘snis

606 3722 607 3725 “
691 3726 950 3795 Stephani
983 3727 1146 3779 lilium
1186 3724 1489 3797 Ladislaum
1513 3740 1634 3778 cum
1659 3726 1886 3794 imperio
1905 3728 2217 3795 praeﬁciunt,

691 3832 923 3885 eumque
947 3819 1103 3870 rebus
1129 3818 1380 3870 omnibus
1411 3814 1682 3884 adjuvant.
1707 3816 1875 3873 Filius
1897 3819 2079 3885 proelio
2096 3834 2218 3871 cum

693 3921 842 3977 patre
880 3924 1225 3977 congressus,
1276 3908 1503 3962 victoria
1550 3909 1750 3977 potitus
1775 3918 1877 3974 est,
1912 3924 1974 3961 ac
2012 3919 2215 3976 patrem

686 4002 810 4071 fuga
831 4003 932 4055 sibi
968 4002 1250 4070 consulqe
1277 4002 1455 4067 coegit
1483 4018 1496 4053 :
1529 4014 1722 4070 magno
1744 4011 2089 4069 paternorum
2120 4000 2219 4051 mi-

688 4078 839 4147 litum
893 4107 1120 4145 numero
1152 4090 1452 4144 interfecto.
1501 4089 1636 4142 Tum
1668 4106 1797 4145 vero
1822 4091 2081 4158 fugitivus
2111 4093 2221 4141 dux

691 4183 998 4251 Stephanus
1035 4182 1099 4235 ad
1135 4182 1405 4235 sultanum
1440 4179 1848 4239 blucbemetem
1894 4182 2087 4241 mittit,
2130 4181 2220 4244 qui

692 4273 808 4341 ejus
836 4289 987 4341 opem
1015 4284 1071 4326 et
1090 4266 1382 4325 auxiliares
1406 4264 1588 4337 capias
1609 4271 1867 4325 adversus
1898 4269 2068 4323 ﬁlium
2098 4285 2224 4336 sup-

694 4366 901 4443 pliciter
960 4366 1331 4435 implorarent.
1385 4363 1559 4418 Simul
1603 4363 1848 4419 obsidem
1895 4361 2220 4416 Muchemeti

638 4530 643 4535 _
697 4449 863 4511 ﬂium
896 4458 1369 4524 secundogenitum
1417 4456 1593 4509 offert.
1629 4455 1680 4510 is
1735 4465 1851 4509 erat
1895 4456 2219 4522 Stephanus,

2327 3293 2500 3335 turum
2535 3284 2651 3331 loco
2688 3287 2886 3345 ereptae
2918 3291 3149 3345 sponsze,
3181 3290 3301 3344 quas
3332 3282 3559 3344 cegnata
3602 3275 3675 3329 sit
3704 3290 3875 3329 exsu-

2327 3372 2388 3425 lis
2423 3369 2613 3437 reguli,
2651 3368 2814 3437 ﬁliani
2863 3365 3086 3419 maximi
3126 3364 3346 3425 snltaui.
3376 3379 3497 3417 rara
3550 3363 3738 3417 forma:
3785 3368 3877 3415 ve.

2326 3460 2537 3516 nustate
2569 3449 2866 3529 p'razditam.
2913 3455 3221 3511 Secundum
3294 3458 3407 3523 haec
3457 3471 3603 3517 eum,
3658 3457 3875 3508 deserta

2328 3553 2583 3618 religiOne
2609 3540 2945 3613 Christiana,
2975 3546 3342 3624 Ste‘phanique
3404 3548 3622 3599 nomine
3667 3549 3871 3613 positu,

2326 3650 2575 3695 voCatum
2632 3640 2795 3693 fuisse
2836 3639 3147 3694 Achmetem
3193 3648 3246 3691 et
3289 3635 3677 3705 Cherseoglint,
3730 3650 3878 3705 nup-

2328 3735 2538 3800 tiasque
2584 3730 2703 3783 tiliae
2755 3730 3011 3796 Bajazitis
3060 3730 3418 3806 impetrasse;
3453 3731 3537 3780 cui
3558 3728 3696 3780 ﬁdus
3744 3742 3876 3791 per-

2326 3834 2484 3894 petuo
2524 3824 2800 3886 manserit,
2848 3824 2995 3891 adeo
3034 3821 3248 3890 quidem
3288 3831 3347 3874 ut
3388 3819 3665 3874 insidianti
3715 3822 3878 3877 dein-

2328 3915 2702 3984 cepsimperio
2762 3925 2984 3981 paterno
3032 3911 3218 3965 Selinzi
3278 3926 3623 3979 summopere
3656 3913 3726 3965 sit
3778 3917 3873 3963 δός

2328 4018 2592 4060 versatus.
2621 4005 2743 4058 Hauc
2769 4002 2994 4057 Joviana
3027 4000 3443 4073 de'Cherseogle
3472 4002 3715 4054 narratio
3738 4017 3875 4054 nunt

2327 4101 2655 4170 praeferenda
2684 4078 3074 4167 Spandngineai
3102 4096 3313 4160 veniat,
3335 4078 3584 4164 equidem
3634 4095 3759 4148 aliis
3789 4097 3881 4147 di-

2324 4190 2671 4258 jttdicandum
2712 4184 2977 4255 relinquo.
3023 4184 3205 4238 Solum
3238 4187 3362 4248 hoc,
3407 4186 3549 4253 quod
3589 4188 3654 4237 de
3690 4196 3887 4239 morte

2332 4282 2589 4349 Stephani
2609 4291 2614 4297 '
2636 4282 2804 4347 patris
2835 4278 3212 4345 Spanduginus
3237 4276 3418 4339 tradit,
3446 4278 3547 4329 sub
3576 4280 3876 4330 adventum

2316 4364 2678 4446 ‘Mucliemetis
2705 4370 2787 4440 (ut
2837 4368 2934 4433 ait)
2986 4352 3264 4433 exStincti,
3315 4369 3629 4437 scrupulum
3680 4384 3881 4437 quem—

2329 4467 2449 4518 dam
2493 4464 2647 4517 nobis
2670 4457 2874 4529 lnjicit.
2913 4458 3175 4539 Referunt
3211 4459 3435 4513 annales
3468 4458 3707 4524 Turcici,
3757 4460 3882 4513 Mu-

690 4550 785 4619 qui
831 4549 1087 4615 deinec!"
1129 4549 1645 4602 musulmanissam-
1706 4546 2066 4621 Μυοὶὶεῐηθιθε
2114 4562 2220 4601 ιιοη
2249 4560 2300 4620 D
2330 4559 2627 4611 chemetem
2686 4553 3129 4621 Herzegovinam,
3159 4554 3273 4605 sive
3302 4552 3651 4605 Boziueusem
3703 4550 3880 4603 duca-

690 4637 976 4709 postulatis
1002 4638 1261 4690 duntaxat
1311 4640 1521 4701 annuit,
1554 4651 1757 4703 verum,
1791 4636 1951 4689 etiam
1995 4639 2225 4705 propriis

692 4729 951 4798 auspiciis
984 4729 1034 4781 id
1085 4728 1280 4781 bellum
1303 4742 1368 4801 se
1390 4738 1667 4797 gesturum
1702 4722 1970 4795 promisit.
2012 4725 2227 4779 Adven-

694 4833 839 4877 luttlc
876 4837 1006 4876 Vero
1056 4837 1176 4874 cum
1207 4822 1446 4874 exercitu
1480 4818 1837 4879 Muchemete,
1886 4818 2114 4871 moritur
2134 4831 2227 4885 pa-

698 4925 778 4965 ter
819 4932 832 4967 :
873 4914 1155 4968 Ladislaus
1187 4952 1199 4973 ,
1253 4912 1395 4966 ﬁlius
1426 4913 1757 4982 primigcna,
1806 4904 2056 4965 Venetiae
2103 4924 2225 4964 cum

700 5021 864 5058 uxore
915 5022 975 5058 ac
1022 5003 1207 5057 liberis
1234 5017 1290 5055 se
1320 5003 1576 5055 confert:
1627 5003 1863 5069 indeque
1910 5000 2227 5070 profugiens

702 5096 753 5145 in
787 5094 1100 5162 Ungariam,
1138 5094 1303 5146 rebus
1333 5091 1528 5143 ibidem
1564 5094 1773 5146 excedit
1814 5092 2083 5147 humanis.
2114 5090 2231 5143 Mu-

704 5187 970 5240 chemetes
1012 5197 1269 5254 occupata
1326 5185 1565 5251 regione,
1610 5185 1874 5251 quoddam
1926 5183 2085 5236 tertio
2124 5182 2230 5235 lilio

702 5279 856 5331 ducis
883 5280 1142 5348 Stephani
1181 5278 1364 5335 Vatico
1416 5277 1631 5343 reliquit
1679 5278 1955 5346 oppidum,
1995 5278 2083 5332 cui
2134 5289 2230 5329 no-

705 5387 825 5423 men
887 5369 1129 5436 Valacca,
1180 5388 1302 5426 cum
1367 5371 1590 5426 castello
1627 5368 1901 5437 Dalmatia:
1955 5369 2124 5433 Novo,
2178 5377 2231 5422 ct

701 5464 822 5518 aliis
863 5463 1014 5527 locis,
1065 5465 1206 5518 unde
1245 5464 1517 5518 victitaret
1560 5478 1573 5514 :
1616 5462 1959 5529 vicissimque
2016 5464 2231 5515 Vaticus

700 5573 796 5625 pro
820 5557 1040 5611 domino
1080 5559 1189 5610 sive
1235 5566 1488 5623 patrono,
1549 5551 1938 5607 Muchemetem
1976 5567 2231 5623 agnosce-

700 5649 806 5701 bat.
834 5647 1041 5699 Mortuo
1078 5660 1203 5699 vero
1228 5646 1599 5707 Muchemetc,
1634 5642 1897 5711 Bajazites
1940 5644 2098 5713 hujus
2127 5643 2231 5697 Va-

702 5740 809 5803 tici,
836 5739 1087 5808 Stephani
1119 5739 1177 5791 S.
1220 5738 1372 5789 Saba:
1423 5736 1572 5789 ducis
1613 5734 1727 5801 ﬁlii,
1756 5736 2025 5801 regionem
2058 5737 2111 5787 in
2140 5748 2233 5800 po-

700 5840 942 5902 testatem
979 5834 1179 5902 redegit
1219 5829 1350 5897 :qui
1375 5844 1483 5884 non
1534 5828 1703 5885 multo
1751 5832 1872 5900 post
1893 5828 2047 5883 Arba:
2082 5841 2228 5880 tuor-

2330 4660 2463 4708 tum,
2489 4661 2782 4714 occupasse
2825 4661 2965 4699 anno
2988 4644 3298 4700 ChriStiano
3332 4643 3501 4704 71464,
3537 4657 3565 4694 a
3589 4656 3701 4707 quo
3736 4650 3880 4694 teru-

2329 4752 2457 4805 pore
2477 4737 2611 4788 vixit
2658 4738 2769 4803 ipse
2799 4736 3203 4804 quatuordecim
3251 4732 3428 4785 adhuc
3450 4719 3627 4794 annis,
3660 4740 3716 4783 et
3762 4732 3881 4783 for-

2329 4834 2475 4877 tasse
2506 4833 2781 4892 superstes
2814 4822 2971 4875 etiam
3001 4825 3108 4873 oux
3151 4819 3456 4888 Stephanus
3494 4818 3714 4871 mansit.
3750 4816 3877 4873 Non

2329 4915 2471 4967 enim
2502 4914 2713 4984 ,legitu'r
2761 4912 2818 4965 in
2859 4913 3179 4971 Annalibus,
3232 4909 3377 4974 hunc
3423 4908 3475 4960 id
3521 4911 3779 4976 temporis
3837 4925 3868 4963 a

2329 5002 2660 5057 Muchemete
2693 5017 2815 5056 cum
2865 5001 2988 5052 ﬁliis
3019 5015 3047 5052 e
3078 4999 3252 5050 medio
3278 4997 3571 5062 sublatum,
3624 5000 3705 5050 vel
3753 5010 3878 5049 on:-

2332 5095 2460 5146 nino
2499 5094 2699 5147 ditione
2721 5108 2815 5144 sua
2844 5091 3159 5161 spoliatum,
3179 5088 3631 5154 quemadmodum
3668 5091 3736 5141 de
3772 5088 3878 5140 Βυ-

2332 5185 2532 5236 zinensi
2565 5198 2690 5248 rege
2709 5183 2852 5233 dicto
2874 5182 2990 5232 loco
3018 5180 3283 5246 proditum
3318 5176 3562 5233 videmus
3584 5194 3874 5248 expresse.

2332 5277 2422 5327 sed
2444 5284 2648 5326 tantum
2677 5288 2704 5323 a
2734 5271 3190 5326 Muclremetesub
3210 5266 3610 5338 jugum'fuisse
3640 5271 3873 5323 missam

2330 5362 2774 5429 llerzegovinam,
2820 5360 2938 5427 quae
2991 5359 3188 5412 Boziua
3242 5360 3486 5428 superior
3545 5360 3659 5420 cSt,’
3715 5370 3771 5411 et
3812 5358 3873 5412 S.

2334 5455 2483 5507 Savte
2535 5454 2712 5522 (sicuti
2766 5451 3149 5504 Maiatestanus
3213 5451 3494 5504 actuarius
3551 5451 3640 5504 ille
3685 5450 3876 5505 Graeca

2332 5546 2769 5611 pronuntiatimte
2819 5542 3175 5611 scripsit).vel
3228 5524 3383 5599 Saba!
3446 5541 3699 5596 ducatus.
3765 5540 3881 5593 Huc

2333 5636 2493 5688 modo
2546 5637 2588 5687 si
2634 5634 2840 5687 diutius
2882 5643 3161 5701 superstes
3192 5636 3299 5689 dux
3340 5634 3651 5702 Stephanus
3700 5647 3877 5701 patei,

2333 5738 2384 5779 ct
2408 5726 2598 5780 Turcis
2622 5726 2893 5789 subditus,
2924 5724 3083 5795 [1,60
3105 5728 3289 5793 eisque
3322 5727 3580 5778 tributum
3608 5729 3873 5792 pendens,

2336 5836 2439 5873 non
2465 5820 2620 5875 modo
2652 5812 3241 5875 Florentiumtnulieris
3282 5819 3545 5873 adulterio
3572 5832 3631 5869 se
3660 5818 3875 5879 pnituit,
