4006 6338
663 409 784 471 '8i3

1847 408 2175 470 .JOANNIS
2216 408 2609 468 LEUNCIAV
2626 406 2676 464 II

3778 402 3873 462 8H

681 542 805 579 num
840 523 1209 579 Christianum
1245 524 1395 579 1448.
1432 524 1666 589 Tertius,
1689 525 1889 579 Daudis
1919 506 2215 581 fuit-bassze
2247 534 2287 589 Α
2318 526 2572 588 Wolfius.
2631 525 2829 579 alicubi
2864 540 2962 590 pro
3008 524 3297 578 eversione
3356 521 3683 591 Scopiorum
3746 520 3873 571 dixit

656 618 848 679 tiilius,
881 617 1071 686 dequo
1102 617 1284 669 Daude
1314 618 1471 684 paulo
1502 625 1628 671 ante
1644 618 1871 682 dictum,
1894 618 2073 684 capite
2098 617 2220 670 165.

688 706 950 759 Ca-terum
986 706 1161 760 obiter
1191 706 1292 759 hoc
1315 720 1530 776 quoque
1566 705 1885 770 notandum,
1913 706 2225 761 necessario

680 796 847 849 fuisse
873 797 1009 852 duos
1044 796 1435 852 Usumchasani
1463 797 1603 853 filios
1658 797 1896 867 Jacupcs
1930 815 1943 852 :
1987 812 2220 867 quorum

678 889 810 942 alter
847 889 1097 957 Bajazitis
1157 906 1391 957 uenena
1452 891 1763 945 Mamelucis
1822 906 1994 944 caesus
2054 889 2225 943 fuisse

680 991 973 1043 narratur;
1005 982 1143 1034 alter
1168 982 1219 1034 in
1253 996 1414 1051 regno
1473 983 1608 1049 patri
1639 982 1927 1046 successit,
1963 992 2020 1035 ut
2049 996 2215 1051 appa-

677 1072 894 1125 rrbitex
937 1072 1001 1125 iis
1026 1089 1142 1142 qua:
1184 1074 1357 1141 capite
1384 1074 1482 1127 188
1510 1086 1826 1144 sequentur.

814 1182 933 1236 167.
983 1182 1218 1237 Lareude
1252 1180 1601 1251 Communia),
1632 1188 1736 1261 sire
1779 1185 2046 1239 Laranda.

744 1296 871 1360 Quae
899 1306 1050 1364 capta
1080 1296 1178 1369 fuit
1209 1314 1235 1351 a
1262 1298 1575 1355 MameIucis
1600 1300 1861 1368 Larende,
1886 1304 2221 1357 Chalcoeon-

674 1388 781 1459 dyli
813 1386 1054 1442 Laranda
1087 1390 1362 1455 scribitur,
1401 1407 1523 1445 cum
1580 1394 1675 1455 ait.
1717 1394 1974 1449 Moralem
2024 1411 2219 1449 secun-

607 1535 610 1538 .
674 1484 798 1536 dum
837 1483 977 1537 bello
1003 1484 1222 1553 petiisse
1278 1485 1638 1539 Caramanum
1678 1484 1995 1549 Aliderium,
2048 1487 2221 1543 Caria:

674 1578 883 1635 ducem,
916 1573 1075 1643 cujus
1114 1576 1233 1630 dote
1267 1586 1396 1630 sunt
1422 1578 1607 1639 urbes,
1658 1578 1903 1631 Laranda
1953 1589 2007 1633 et
2048 1580 2221 1633 Τοσο-

672 1663 873 1723 neinni.
913 1681 1010 1735 pro
1038 1682 1146 1736 quo
1184 1667 1428 1722 Iconium
1482 1670 1852 1736 reponendum
1894 1668 2217 1727 docuimus.
2284 1698 2295 1715 κ

674 1755 778 1809 Leo
811 1758 1035 1827 Sapiens
1060 1760 1337 1830 Augustus
1366 1763 1418 1815 in
1442 1760 1659 1817 Novella
1699 1765 1768 1818 de
1793 1764 2052 1828 Thronis,
2115 1764 2217 1819 La-

2325 634 2543 674 cversas
2572 617 2844 687 speculas.
2886 616 3305 671 nocentioribus
3341 613 3669 684 geographis
3721 611 3871 678 Scnpi

2326 707 2604 763 scribitur.
2640 707 2921 762 Manastiri
2977 707 3200 761 nomine
3249 719 3355 759 non
3402 706 3492 759 hic
3556 702 3873 770 intelligitur

2327 801 2479 855 locus
2511 801 2621 862 ille.
2655 801 2721 853 de
2746 815 2856 869 quo
2891 814 3053 867 supra
3090 799 3301 853 dictum
3337 799 3512 867 capite
3528 796 3620 858 ﬂ,
3654 795 3793 848 situs
3823 793 3872 845 in

2325 894 2579 949 conﬁniis
2633 892 2900 955 Thraciae.
2962 891 3381 961 Thessaliaque,
3450 888 3545 944 sed
3608 893 3874 939 monaste-

2302 988 2467 1040 ‘rium
2522 987 2807 1052 penitioris
2850 983 3204 1047 Macedonia,
3259 995 3451 1035 versus
3508 978 3733 1049 Epirum
3796 976 3872 1028 vel

2325 1078 2637 1141 Albaniam,
2669 1081 2811 1146 quod
2855 1075 3120 1131 monestir
3153 1091 3179 1127 a
3238 1072 3491 1126 Castaldo
3549 1071 3870 1140 appellatur.

2325 1170 2499 1235 I'Iujus
2519 1169 2571 1221 in
2597 1168 2877 1221 Albaniam
2898 1166 3260 1236 expeditionis
3304 1164 3605 1233 liajazitica:
3633 1161 3877 1214 meminit

2322 1269 2379 1312 et
2412 1257 2714 1323 Boniiuius,
2746 1258 2837 1326 qui
2863 1256 2998 1311 dicit
3020 1272 3141 1310 eum
3173 1253 3472 1324 profectum
3504 1264 3698 1307 contra
3728 1268 3879 1303 mon-

2325 1359 2481 1404 tanos
2511 1349 2870 1409 Albanenses,
2896 1362 3033 1415 quos
3099 1345 3490 1413 Spanduginus
3547 1342 3881 1395 Cimariotas

2322 1442 2482 1505 dixit,
2518 1444 2585 1494 ah
2612 1441 2811 1510 oppido
2845 1450 3133 1509 momeque
3166 1439 3441 1503 Cbimara,
3480 1440 3544 1491 de
3578 1451 3685 1506 quo
3724 1435 3879 1489 dein.

2322 1545 2449 1600 ceps
2484 1530 2648 1585 latius
2678 1532 2732 1583 in
2761 1530 2865 1582 vita
2895 1528 3099 1583 sultani
3138 1526 3492 1581 Soleimanis.

2322 1645 2442 1700 170.
2476 1647 2787 1700 Buiazitesa
2819 1646 3069 1699 monacho
3117 1641 3335 1696 Turcico
3362 1658 3505 1709 patrie
3524 1640 3627 1710 fuit
3654 1642 3874 1695 occisus.

2390 1762 2541 1827 Quod
2581 1761 2668 1815 hic
2697 1761 2765 1815 de
2791 1761 3031 1829 periculo
3056 1759 3310 1827 Bajazitis
3335 1800 3349 1823 ,
3401 1759 3793 1827 prepemodom
3853 1772 3877 1808 a

673 1845 962 1899 randorum
996 1849 1096 1914 (sic
1125 1848 1265 1903 enim
1329 1861 1484 1905 vocat
1547 1868 1773 1907 numero
1833 1854 2218 1923 multitudinis)
2252 1893 2293 1952 Β
2322 1851 2561 1904 dervisio
2598 1853 2829 1920 quodam
2856 1853 2969 1905 sive
3017 1851 3283 1905 monacho
3314 1848 3546 1902 Tureico
3582 1847 3873 1918 interfecti,

672 1938 1040 2012 episcopatum
1071 1956 1174 1994 non
1217 1941 1269 1996 in
1318 1942 1475 1996 Caria
1516 1946 1766 2009 collocat,
1789 1947 1880 1999 sed
1914 1947 1965 1999 iu
2014 1946 2217 2017 Lycao-

675 2029 781 2095 nia,
805 2032 907 2085 sub
948 2034 1359 2102 metropolitano
1403 2035 1697 2098 Iconiensi.
1761 2039 1903 2105 quod
1965 2038 2215 2107 equidem

673 2112 847 2190 magis
874 2124 1247 2191 probo.Nunc
1304 2140 1517 2195 quoque
1576 2127 1824 2183 Laranda
1883 2132 2215 2195 nominatur,

670 2220 719 2262 et
746 2211 797 2265 in
817 2210 1036 2267 Natolim
1061 2215 1237 2284 tabula
1263 2231 1369 2269 non
1395 2217 1577 2284 procul
1608 2230 1638 2270 a
1659 2218 1837 2289 Cogita
1863 2221 2213 2289 conspicitur,

672 2303 723 2355 in
744 2303 1075 2359 Caramanim
1111 2308 1227 2362 sive
1284 2308 1483 2363 Cilicize
1518 2310 1947 2366 mediterraneis.
1974 2312 2045 2366 De
2105 2305 2216 2367 Gu-

675 2393 927 2461 mulzina,
952 2411 1069 2465 cap.
1094 2397 1185 2459 45,
1222 2398 1288 2451 tle
1318 2396 1512 2468 Ypsala
1542 2403 1630 2468 51,
1659 2402 1883 2458 dictum.

674 2508 790 2562 168.
827 2507 942 2562 Pax
988 2511 1126 2564 inter
1172 2510 1462 2584 sultanjnm
1524 2523 1573 2568 et
1611 2515 1948 2584 Osmam'das,
1976 2516 2215 2573 Matthia:

1162 2583 1294 2650 regis
1335 2581 1534 2653 Ungari
1566 2602 1726 2639 more.
1931 2581 1940 2584 ’
2216 2587 2219 2590 ’

736 2690 886 2756 Quod
908 2692 1153 2750 sultanus
1170 2694 1498 2750 Alcairensis
1526 2695 1579 2749 in
1610 2698 1980 2753 transactionc
2004 2700 2215 2767 Bajazi-

670 2784 724 2841 ti,
752 2783 977 2837 Tarsum
1011 2794 1061 2839 ct
1092 2785 1276 2840 Adana
1304 2786 1609 2841 restituisse
1637 2788 1856 2855 dicitur,
1877 2793 2059 2846 verius
2090 2807 2215 2849 esse

671 2860 819 2942 puto,
861 2892 1019 2945 quam
1049 2878 1192 2946 quod
1233 2876 1527 2934 Malatesta:
1586 2881 1910 2936 sccrelarius
1929 2882 2216 2952 ait,.Baja-

671 2967 828 3021 nitent
860 2967 1081 3022 Soldano
1118 2968 1303 3022 Adana
1332 2968 1667 3040 Tarsutnquu
1731 2973 2047 3029 reddidisse.
2080 2976 2212 3031 Nam

672 3059 781 3111 haec
806 3059 999 3127 oppida
1031 3061 1240 3115 Cilicia:
1286 3068 1437 3124 sunt,
1470 3060 1583 3115 sive
1636 3062 1986 3129 Caratnaniae,
2053 3081 2211 3136 quam

672 3149 1150 3205 Caramanidarum
1218 3154 1485 3211 exstincta
1551 3152 1754 3208 familia
1797 3154 2088 3226 Bajazites,
2158 3170 2216 3215 ut

671 3252 826 3296 antea
854 3243 1079 3308 dictum,
1108 3244 1208 3298 sibi
1241 3243 1641 3302 vindicaverat.
1679 3247 1993 3305 Postremus
2045 3252 2210 3306 etiam
2238 3251 2281 3309 C

669 3333 970 3388 sultaninos
997 3334 1182 3388 Adaua
1212 3337 1445 3404 cepisse,
1472 3337 1631 3405 paulo
1663 3349 1789 3394 ante
1820 3342 2067 3411 legimus.
2100 3343 2211 3397 Ita-

669 3440 773 3494 que
804 3425 1011 3479 reddita
1048 3426 1231 3496 potius
1270 3427 1337 3480 ab
1370 3428 1452 3482 his
1490 3428 1680 3485 civitas
1718 3429 1936 3501 Bajaziti
1967 3433 2089 3500 fuit,
2119 3434 2212 3502 qui

662 3531 791 3570 eam
818 3532 963 3587 cum,
986 3514 1176 3581 Tarso,
1226 3533 1322 3573 ceu
1352 3517 1687 3578 Caramania:
1721 3524 1982 3585 membra.
2013 3537 2215 3595 repete-

671 3609 778 3664 bat.
806 3608 1031 3665 Nomine
1048 3611 1237 3667 deinde
1264 3614 1454 3666 mortui
1484 3616 1621 3682 regis
1654 3612 1919 3684 Ungariaa,
1950 3618 2213 3673 Matthias

673 3700 1265 3772 intelligitur,.Ioannis
1330 3704 1595 3759 Iluniadis
1626 3707 1822 3761 titius:
1882 3700 2213 3765 Successoris

670 3804 867 3862 autem,
909 3794 1208 3852 Vladisiaus
1234 3795 1493 3862 Polonus,
1557 3798 1808 3854 Casimiri
1864 3798 2215 3870 Jagellonida

670 3888 988 3940 I’olouorum
1032 3889 1170 3956 regis
1202 3888 1362 3953 filius,
1388 3898 1538 3957 pater
1572 3882 1693 3959 ejus
1729 3890 1991 3946 Ludovici
2045 3893 2209 3961 regis,

670 3978 761 4045 qui
794 3978 857 4030 ad
884 3976 1202 4032 Mohatzium
1232 3994 1403 4034 caesus
1436 3996 1465 4033 a
1494 3981 1711 4037 sultano
1759 3983 2205 4056 Soleimane.ju-

671 4070 820 4123 venis
846 4069 1135 4124 admodum
1168 4074 1349 4141 periit.

676 4181 789 4237 160.
814 4181 1077 4250 Bajazltcs
1104 4180 1389 4256 Ungarium
1416 4202 1516 4256 non
1546 4189 1701 4239 audet
1720 4187 1941 4256 ingredi,
1967 4184 2212 4254 Uscopia,

1133 4253 1419 4318 Manastir,
1465 4254 1725 4310 Monastir.

738 4358 860 4421 licet:
888 4367 953 4422 dc
982 4383 1116 4421 vano
1136 4368 1382 4435 ltajazitis
1410 4379 1602 4421 conatu
1635 4368 1945 4422 invadenda:
1974 4369 2215 4439 L'ngariae

670 4468 849 4510 narrat
873 4460 1034 4511 etiam
1060 4459 1357 4523 Bouftnius,
1405 4470 1457 4512 et
1497 4461 1759 4513 accidisse
1792 4463 1953 4515 refert
1982 4480 2009 4515 a
2049 4476 2215 4518 morte

2325 1954 2596 2007 narratur.
2633 1943 2745 1998 fere
2792 1944 3014 1998 totidem
3067 1943 3245 1997 verbis
3272 1958 3300 1996 a
3330 1942 3686 2011 Spandugino
3742 1956 3871 2009 quo-

2325 2051 2429 2105 que
2456 2036 2732 2092 memoria:
2765 2038 3033 2107 proditum
3086 2036 3301 2107 legitur,
3357 2051 3478 2105 qua:
3525 2037 3872 2103 interpretari

2327 2126 2493 2191 lubet,
2525 2136 2583 2181 ut
2611 2128 2969 2198 expositionis
3024 2141 3329 2182 consensus
3367 2134 3651 2194 appareat.
3685 2124 3873 2180 Torla-

2323 2233 2435 2283 ces,
2467 2220 2561 2285 ait,
2593 2220 2809 2289 quidam
2840 2218 3200 2289 inlhjazitem
3228 2220 3405 2278 irruit.
3447 2218 3719 2272 simulans
3739 2216 3873 2269 elee-

2323 2324 2603 2380 mosynam
2636 2313 2703 2367 ab
2743 2327 2806 2366 eo
2835 2326 2893 2367 sc
2925 2324 3126 2380 petere.
3163 2308 3343 2364 Solent
3379 2318 3560 2362 autem
3617 2310 3760 2363 hanc
3784 2308 3871 2361 Dei

2324 2405 2539 2458 nomine
2568 2410 2831 2472 petentes,
2858 2400 3179 2454 Allahitschi
3211 2399 3411 2453 dicere.
3436 2399 3567 2453 Cum
3603 2400 3871 2455 acinacem

2321 2494 2654 2557 strinxisset,
2706 2507 2865 2562 quem
2925 2491 3025 2545 Sub
3094 2489 3235 2543 filtro
3291 2486 3555 2557 gestabat,
3616 2484 3877 2540 exterruit

2322 2599 2544 2652 equum,
2573 2584 2662 2637 cui
2695 2580 2958 2650 Bajazites
3014 2579 3309 2635 insidebat.
3366 2577 3603 2648 Ideoque
3657 2576 3876 2631 cedente

2322 2684 2465 2730 retro
2496 2674 2744 2744 Bajazitis
2788 2660 2950 2743 eqtto,
3008 2673 3253 2728 nonnihil
3316 2671 3549 2727 evitatus
3588 2670 3692 2724 fuit
3745 2669 3875 2722 ictus

2322 2767 2556 2823 hominis
2583 2767 2744 2839 462
2776 2784 2789 2822 :
2819 2780 2881 2823 ac
2933 2768 3106 2823 nihilo
3141 2777 3321 2821 tamen
3374 2766 3551 2819 minus
3612 2763 3872 2831 Bajazites

2320 2859 2516 2914 vulnus
2544 2860 2767 2928 accepit.
2805 2859 2941 2914 Tum
2967 2874 3095 2915 vero
3149 2861 3307 2914 bassa
3348 2857 3594 2927 quidam,
3629 2859 3719 2911 cui
3784 2872 3872 2911 no-

2319 2967 2440 3006 men
2466 2960 2580 3007 erat
2608 2950 2904 3019 Schender,
2937 2967 3173 3009 massam
3220 2953 3470 3015 ferream,
3525 2966 3691 3020 quam
3753 2952 3872 3006 bus-

2318 3042 2589 3111 doganum
2626 3052 2841 3108 vocant,
2889 3059 3103 3099 cocum
3165 3044 3365 3112 impetu
3414 3044 3577 3113 capiti
3639 3045 3868 3097 hominis

2320 3133 2560 3200 impegit,
2588 3144 2645 3188 ιιι
2671 3134 2859 3187 cranio
2893 3134 3186 3203 perfracto,
3235 3136 3519 3189 cerebrum
3573 3145 3865 3190 emanaret.

2316 3222 2630 3293 Indignatus
2651 3223 2809 3293 hujus
2836 3223 3092 3280 facinoris
3124 3240 3287 3281 causa
3356 3224 3625 3296 Bajazites
3650 3266 3665 3293 ,
3695 3228 3868 3283 edicto

2318 3315 2612 3383 proposito,
2641 3312 2897 3369 Torlaces
2946 3316 3228 3371 universos
3263 3318 3605 3387 proscripsit,
3627 3327 3680 3373 et
3715 3329 3863 3373 extra

2314 3402 2844 3473 Constantinopolim
2859 3413 2913 3458 et
2940 3405 3153 3476 imperii
3180 3407 3415 3462 suilines
3450 3408 3632 3477 ejecit.
3681 3411 3860 3465 Anim-

2318 3493 2553 3547 advertit
2588 3493 2754 3563 le_ctor
2781 3494 3228 3564 eademuarrari,
3284 3500 3388 3553 nisi
3438 3502 3581 3570 quod
3633 3503 3863 3559 Annales

2316 3585 2488 3648 aiunt.
2518 3587 2809 3641 dervisium
2828 3589 2993 3651 hunc,
3018 3595 3071 3643 et
3094 3590 3448 3650 Calenderem
3475 3595 3665 3663 fuisse,
3696 3598 3862 3667 Span-

2316 3675 2573 3745 duginus,
2611 3677 2893 3734 Torlacem
2912 3720 2927 3745 ,
2949 3678 3217 3750 dequibus
3237 3683 3349 3754 jam
3375 3689 3660 3745 vocabulis
3685 3692 3856 3747 homi-

2315 3782 2468 3831 num,
2500 3770 2902 3836 superstitiosos
2932 3774 3196 3840 quosdam
3224 3776 3444 3835 ordines
3486 3781 3571 3838 vel
3620 3783 3856 3838 instituta

2315 3862 2634 3917 sectantium
2685 3865 2824 3934 apud
2883 3864 3317 3941 Turcos,rquam
3391 3872 3504 3928 fieri
3548 3874 3856 3932 brevissime

2318 3954 2529 4023 poterit,
2567 3955 2967 4025 explicandum.

2315 4063 2435 4118 171.
2473 4064 2695 4145 ordines
2748 4071 3121 4145 monachorum
3176 4090 3266 4145 seu
3330 4079 3688 4145 religiosorum
3729 4096 3854 4145 quo-

2383 4136 2622 4211 rumdam
2680 4140 2815 4211 apud
2857 4138 3115 4211 Iure-os;
3162 4136 3473 4207 [πνίγωσι-⁷,.
3500 4136 3853 4211 Celenderlar.

2388 4201 2785 4274 Huggieutallar
2854 4201 3166 4274 Torlacla'r;
3208 4201 3731 4273 ItIucItemetesbussd
3757 4201 3856 4272 Ve:

2386 4273 2669 4359 grazemgr
2693 4293 2726 4327 a
2754 4277 3049 4333 Dervisluro
3098 4282 3302 4351 publice
3356 4288 3695 4355 confoditur;
3730 4292 3851 4359 quid

2389 4339 2568 4397 Turcis
2602 4344 2879 4399 Divanum.

2387 4457 2588 4513 Nomen
2632 4460 3022 4530 Detvisiorum,
3077 4484 3218 4536 quos
3273 4471 3373 4540 ipsi
3406 4490 3632 4531 numero
3679 4472 3847 4529 multi-

672 4550 899 4603 Matthizn
918 4549 1076 4617 regis,
1101 4549 1399 4603 Turcorum
1419 4553 1661 4613 terroris,
1690 4553 2017 4606 snbiuitinm
2061 4555 2207 4621 regni
2246 4578 2292 4635 υ
2323 4553 2523 4606 tudinis
2552 4553 2821 4610 Dervislar
2850 4559 3140 4627 appellant,
3170 4577 3233 4615 ex
3268 4564 3371 4616 hac
3405 4566 3520 4632 ipsa
3557 4568 3847 4621 narratione

676 4643 945 4706 Vladislai,
986 4658 1127 4697 anno
1183 4642 1493 4697 Christiano
1554 4644 1710 4699 H92.
1768 4648 1838 4698 De
1893 4646 2211 4712 Scopiorum

672 4736 799 4785 urbe
831 4734 1072 4787 nonnihil
1126 4735 1399 4802 attigimus
1456 4750 1643 4802 supra,
1713 4745 1960 4789 notarum
2034 4738 2210 4805 capite

676 4825 789 4878 illi.
819 4824 973 4878 Videt
1002 4834 1175 4877 autem
1213 4828 1377 4879 lector
1395 4843 1455 4879 ex
1491 4826 1591 4881 hoc
1620 4827 1735 4895 ipso
1762 4828 2045 4881 Annalium
2074 4829 2210 4893 loco,

670 4927 811 4970 recte
844 4930 924 4968 me
955 4917 1246 4978 monuisse,
1276 4918 1511 4969 diversas
1543 4933 1660 4972 esse
1690 4934 1844 4973 voces
1868 4920 2214 4988 Oppidorum,

672 5008 923 5077 Sophiam
943 5018 992 5061 ct
1016 5007 1227 5076 Scopia.
1254 5007 1382 5059 Nam
1404 5009 1547 5076 prior
1563 5010 1648 5064 hic
1666 5009 1861 5079 Sophia
1880 5013 2211 5076 nominatur,

635 5114 640 5118 ‘
669 5101 832 5154 altera
870 5113 1017 5153 more
1045 5098 1343 5152 Turcot'um
1374 5098 1624 5163 Uscopia.
1685 5102 1872 5155 Solent
1903 5104 2049 5157 enim
2112 5118 2208 5157 vo-

671 5188 876 5239 cabulis
909 5202 935 5238 a
956 5188 1168 5253 gemina
1211 5197 1546 5240 consonante
1591 5190 1976 5258 incipientibus
2008 5208 2215 5262 praepo-

674 5293 800 5330 nere
841 5280 919 5329 vel
956 5276 971 5327 Ι
1009 5279 1086 5329 νυΙ
1124 5276 1165 5329 V
1199 5277 1483 5340 Gallicum,
1550 5289 1609 5331 ut
1642 5282 1768 5336 alibi
1794 5300 2014 5354 quoque
2063 5297 2213 5339 nota-

675 5369 865 5421 vimus.
896 5369 1158 5421 Laouimts
1189 5370 1378 5437 Scopia
1412 5371 1640 5424 collocat
1670 5372 1721 5425 in
1756 5374 2087 5437 Macedonia,
2121 5377 2204 5427 fa-

676 5460 857 5528 citque
888 5458 1262 5527 regiamprisci
1284 5461 1429 5527 regni
1452 5460 1738 5530 Bulgarici,
1773 5468 1920 5534 quod
1954 5469 2005 5519 in
2039 5468 2212 5536 ipsum

680 5550 976 5619 pertinebat
1003 5548 1105 5602 late
1128 5550 1490 5605 Macedoniam
1528 5561 1581 5606 et
1646 5536 1864 5624 Epirum
1906 5576 1920 5610 :
1986 5559 2215 5627 ideoque

675 5643 937 5698 Cedrinus
970 5642 1124 5693 etiam
1160 5642 1353 5711 Scupia
1417 5646 1807 5713 (reponendum
1847 5649 2064 5717 δρομῆς»)
2100 5665 2215 5701 me-

678 5736 924 5802 tropolim
960 5731 1216 5799 Bulgaria:
1249 5736 1509 5791 nominat.
1549 5738 1789 5791 Discrtus
1820 5741 2089 5808 interpres
2123 5742 2217 5793 ali-

675 5839 805 5900 quot
828 5828 1204 5883 historicorum
1233 5826 1449 5884 Grtecia:
1499 5833 1811 5893 recentium,
1846 5832 2208 5901 Hieronymus

2320 4651 2630 4696 nostrorum
2659 4648 2935 4700 annalium
2999 4652 3326 4720 perspicitur
3362 4670 3485 4710 esse
3522 4657 3671 4721 quasi
3694 4670 3845 4725 gene-

2321 4733 2429 4785 rale
2458 4747 2473 4786 :
2513 4736 2656 4801 quod
2689 4738 2900 4790 scilicet
2945 4741 3167 4796 ordines
3195 4754 3247 4796 et
3281 4755 3443 4799 sectae
3483 4746 3839 4813 religiosorum

2319 4834 2529 4879 ca-tcrae
2554 4829 3105 4895 etuuprchendantur,
3138 4836 3277 4888 sicut
3311 4839 3449 4904 apud
3482 4854 3582 4893 nos
3620 4841 3670 4894 in
3693 4854 3840 4909 gene-

2319 4931 2375 4967 re
2413 4917 2658 4971 monachi
2687 4918 2959 4983 dicuntur,
2998 4925 3087 4991 qui
3121 4934 3296 4980 tamen
3335 4928 3472 4982 inter
3500 4945 3559 4986 se
3625 4930 3835 4986 diversis

2318 5009 2560 5061 instincti
2592 5020 2719 5064 sunt
2766 5014 3069 5071 ordinibus.
3139 5019 3341 5087 Vocant
3397 5034 3576 5075 autent
3624 5020 3835 5075 Annales

2317 5099 2460 5151 hunc
2493 5100 2649 5153 initio
2680 5102 3006 5173 Dervisium,
3042 5109 3328 5180 statimque
3390 5113 3703 5181 subjiciunt,
3728 5124 3835 5163 eum

2318 5190 2485 5244 fuisse
2520 5201 2842 5249 sectatorem
2884 5199 3113 5254 instituti
3135 5202 3215 5255 vel
3233 5202 3440 5265 ordinis
3476 5204 3834 5261 Calenderum.

2318 5292 2370 5336 et
2395 5282 2642 5347 auribus,
2681 5287 2840 5352 collo,
2866 5289 3101 5346 brachiis
3131 5306 3398 5360 appensos
3463 5305 3699 5361 geStasse
3743 5288 3833 5341 fere

2321 5388 2441 5425 reos
2472 5375 2719 5429 auuulos.
2757 5377 2808 5431 ld
2840 5379 2891 5431 in
2939 5396 3087 5434 more
3119 5379 3476 5435 Calenderum
3509 5382 3678 5437 ordini
3726 5390 3833 5433 esse

2318 5480 2438 5516 mox
2471 5468 2766 5533 apparebit.
2795 5470 2894 5533 Qui
2928 5485 3054 5521 vero
3077 5472 3409 5539 c:etetoquin
3471 5476 3608 5542 apud
3648 5474 3831 5525 'I‘nrcos

2318 5557 2592 5610 Dervislar
2616 5560 2976 5626 appellantur,
3016 5562 3192 5615 nullos
3224 5544 3293 5616 In
3326 5564 3506 5634 sapite
3535 5569 3684 5636 pilos,
3724 5562 3833 5616 nul-

2321 5650 2397 5702 las
2417 5666 2598 5703 comas
2631 5653 2849 5717 habent,
2886 5655 3085 5723 ubique
3132 5655 3291 5711 tonti.
3327 5659 3734 5730 Conspiriuutur
3778 5655 3829 5705 in

2315 5756 2500 5793 eorum
2563 5742 2834 5796 frontibus
2889 5754 2941 5797 ct
3038 5756 3338 5814 tempores:
3430 5753 3701 5809 cautem,
3753 5744 3825 5794 vel

2317 5833 2484 5902 ignito
2510 5833 2671 5900 ferro,
2707 5835 2790 5889 vel
2820 5852 3043 5893 accensa
3072 5834 3311 5907 spongia,
3346 5841 3426 5896 vel
3490 5843 3626 5897 linea
3673 5834 3819 5894 fasti:
