4006 6338
151 470 262 530 843

1271 448 1667 514 PANDECTE
1703 448 1906 508 HIST.
1939 445 2039 508 TU
2054 445 2246 505 RCIC.

3259 424 3360 488 846

149 579 408 648 quadam,
439 577 635 630 inusta.
686 575 861 626 Aures
928 566 1214 639 perforata).
1287 574 1435 628 sunt,
1498 564 1697 632 quibus
1729 571 1772 624 Α
1801 567 2010 622 notant,
2043 572 2168 613 cum
2201 555 2270 609 iis
2305 567 2422 621 qum
2459 550 2591 620 ipsis
2627 550 2677 602 in
2709 546 2997 603 itineribus
3036 550 3357 645 occurrunt.

147 669 428 738 jaspidum
465 671 676 734 gestant
723 660 996 724 enotidas,
1032 666 1086 714 et
1120 657 1352 712 annulos
1415 669 1548 710 sane
1599 669 1704 706 non

152 774 375 829 parvos.
404 758 672 820 Ainictus,
717 753 890 808 ovillae
925 751 1006 806 vcl
1037 749 1274 819 caprinae
1302 748 1496 816 pelles,
1519 745 1604 798 his
1635 744 1710 796 ita

151 868 359 921 corpus
393 852 637 919 cingunt,
672 854 729 901 ut
759 845 910 915 pellis
939 858 1043 895 una
1073 851 1277 910 partem
1306 839 1609 907 antiquam,
1633 835 1712 887 al-

155 954 276 997 tera
306 941 562 1011 posticam
589 948 754 1006 tegat,
779 945 968 991 ειυιθιειι
990 935 1119 988 nudi
1160 943 1307 998 sunt,
1333 941 1438 986 tam
1496 930 1709 994 aestivo,

159 1050 324 1102 qttam
359 1032 582 1085 hiberno
614 1041 874 1097 tempore.
908 1026 1115 1079 Passim
1146 1026 1200 1078 in
1230 1022 1560 1079 suburbanis
1581 1029 1634 1074 et
1660 1021 1712 1072 in

160 1125 319 1193 pagis
348 1123 612 1176 habitant.
643 1119 837 1174 Vernis
885 1128 936 1173 et
967 1117 1168 1172 mstivis
1219 1115 1496 1168 mensibus
1521 1126 1714 1180 perva-

160 1225 360 1284 gantur
394 1214 613 1283 quasvis
682 1212 954 1280 regiones,
1020 1222 1084 1262 ac
1137 1214 1400 1276 praetextu
1446 1202 1716 1272 religiosa;

165 1309 289 1358 vitae
321 1311 630 1374 perpetrant
663 1303 871 1356 inﬁnita
899 1300 1121 1369 ﬂagitia.
1173 1295 1347 1350 Fures
1383 1305 1531 1357 sunt,
1564 1292 1716 1346 adul—

167 1399 296 1459 teri,
327 1398 628 1466 prmdones,
675 1393 988 1455 latrunculi,
1045 1405 1140 1445 nec
1203 1390 1396 1442 horum
1451 1385 1713 1440 scelerum

164 1489 278 1540 ulla
305 1487 583 1554 tangiteos
603 1483 956 1538 conscientia.
983 1481 1131 1549 Quas
1163 1479 1380 1549 quidem
1417 1477 1485 1531 ob
1518 1489 1716 1528 causas

163 1575 466 1628 cavendum
499 1577 566 1627 ab
598 1577 679 1628 eis
716 1574 1014 1640 praesertim
1054 1573 1108 1623 iii
1149 1569 1462 1624 itineribus.
1502 1564 1718 1634 Quippe

166 1662 377 1716 nemini
418 1673 667 1732 parcunt,
697 1659 1168 1730 cujuscujusmodi
1192 1660 1406 1712 tandem
1437 1658 1508 1710 sit
1541 1658 1716 1710 natio-

166 1756 257 1807 nis
280 1764 373 1806 aut
408 1753 701 1822 religi0nis,
724 1752 769 1806 si
829 1750 1133 1820 superiores
1160 1763 1218 1802 se
1251 1748 1368 1802 fore
1419 1745 1716 1802 confidant.

165 1847 440 1899 Praeterea
475 1852 602 1900 sunt
632 1843 858 1898 infames
885 1858 984 1897 ceu
1027 1840 1157 1896 [redi
1179 1841 1510 1908 predicones,
1543 1853 1717 1906 eoque

1811 653 2074 713 Amictus,
2092 650 2276 703 stricta
2299 646 2566 714 quaedam,
2589 657 2759 709 usque
2782 639 2846 694 ad
2867 651 3042 708 genua
3064 634 3360 704 pertinens,

1814 741 2076 796 tunicula.
2106 739 2250 792 Zona
2286 738 2392 791 lata
2429 737 2744 805 cinguntur,
2771 730 2928 798 cujus
2986 743 3110 782 oras
3152 740 3285 779 auro
3313 735 3366 775 et

1815 834 1992 889 serico
2011 840 2292 887 exornant.
2315 829 2498 882 Eidem
2522 826 2748 882 cimbala
2766 822 3010 893 quzedam
3032 813 3364 888 appetitltitit,

1817 923 2125 992 cuiusmodi
2163 931 2218 977 et
2248 921 2434 978 subter
2466 933 2639 989 genua
2672 923 2884 986 gestant
2915 914 3158 982 alligata.
3193 909 3364 977 Supra

1819 1014 2117 1069 tuniculam
2169 1014 2251 1068 vel
2319 1011 2492 1066 leonis
2545 1010 2626 1064 vel
2697 1007 2931 1076 pardalis
2989 1006 3182 1073 pellem
3246 1002 3368 1069 inji-

1821 1109 1992 1168 ciunt,
2022 1103 2239 1172 ungulis
2269 1102 2336 1156 ab
2374 1103 2596 1168 antiqua
2629 1113 2776 1167 par-e
2805 1096 3108 1164 colligatam
3136 1111 3151 1146 :
3176 1099 3370 1163 caetera

1821 1197 1950 1250 nudi
1990 1203 2136 1257 sunt,
2161 1192 2266 1245 nisi
2293 1192 2436 1260 quod
2467 1193 2630 1244 etiam
2656 1189 2868 1242 calceos
2923 1184 3180 1237 funiculis
3239 1196 3371 1235 con-

1822 1288 2042 1342 strictos
2077 1292 2319 1354 gestant.
2353 1283 2576 1336 inaures
2606 1288 2874 1349 argentea:
2905 1285 3054 1343 sunt,
3079 1277 3159 1331 vel
3197 1290 3371 1350 aerea,

1821 1379 2043 1435 vel.alio
2070 1377 2263 1447 quovis
2294 1391 2356 1430 ex
2409 1375 2648 1428 metallo.
2714 1372 2954 1440 Capillos
3011 1371 3064 1423 in
3121 1370 3376 1422 humeros

1823 1486 2000 1540 usque
2036 1470 2386 1540 promittunt,
2416 1476 2470 1521 et
2499 1466 2634 1519 oleis
2666 1463 3017 1533 quibusdam,
3052 1472 3109 1516 ut
3143 1460 3379 1516 terebin-

1823 1563 2002 1625 thino,
2029 1572 2085 1615 ut
2119 1561 2457 1630 junipcrino,
2487 1557 2649 1629 463
2684 1564 2988 1626 perungunt
3022 1571 3040 1608 ;
3066 1567 3175 1623 quo
3211 1555 3379 1621 magis

1825 1657 2033 1711 scilicet
2062 1663 2336 1710 crescant.
2370 1651 2529 1706 Manu
2573 1653 2767 1705 librum
2829 1657 3040 1707 tenent.
3070 1651 3382 1703 Amatorias

1823 1750 2082 1820 quasdam
2101 1751 2255 1814 odas,
2272 1751 2466 1818 quibus
2484 1748 2710 1802 mirifice
2728 1747 2915 1812 Turci,
2959 1745 3210 1808 Arabica,
3254 1743 3387 1798 Per.

1823 1842 1932 1896 sica
1949 1855 2042 1895 sua
2068 1841 2248 1908 lingua
2278 1840 2589 1910 compositis
2621 1839 2974 1902 delectantur,
2995 1837 3296 1892 cantillant.
3327 1835 3387 1900 Si

166 1934 376 2004 flagitio
416 1949 473 1988 se
496 1940 684 1987 mutuo
745 1933 1010 2002 polluunt,
1043 1945 1108 1984 ne
1133 1931 1350 2000 quidem
1377 1944 1408 1983 a
1452 1928 1718 1998 jumeutis
1750 1905 1792 1960 Β
1829 1943 2091 1989 venustus
2119 1905 2316 2000 aliquis
2350 1905 2484 2001 pticr
2509 1942 2786 2003 occurrat,
2814 1930 3047 1984 medium
3099 1945 3222 1984 mox
3267 1944 3384 1982 am-

165 2029 529 2081 abstinentes.
565 2024 852 2094 Nequitias
878 2031 936 2076 ut
962 2037 1092 2078 suas
1152 2028 1355 2090 tegant,
1384 2035 1450 2075 ac
1489 2020 1726 2074 sanctio-

168 2133 262 2170 res
290 2117 594 2181 videantur,
622 2116 861 2169 maslaco
893 2125 947 2169 et
1005 2113 1165 2182 oppio
1219 2119 1535 2166 vescuntur.
1588 2109 1727 2163 Hinc

169 2209 327 2260 enim
360 2205 517 2274 quasi
549 2202 852 2274 phrenetici
885 2202 1204 2268 redduntur,
1234 2201 1390 2270 isque
1417 2202 1541 2254 dum
1574 2203 1730 2253 durat

173 2298 355 2360 furor,
395 2296 611 2365 ipsimet
639 2296 724 2350 vel
757 2295 961 2361 forﬁce,
999 2295 1079 2348 vel
1112 2293 1336 2348 cultello
1363 2308 1423 2349 se
1445 2293 1734 2347 vulnerant

175 2393 233 2443 in
270 2388 434 2460 collo,
467 2397 707 2457 pectore,
738 2387 993 2448 brachiis,
1011 2384 1293 2450 lateribus,
1327 2384 1497 2439 donec
1553 2383 1734 2436 vulne-

175 2481 334 2533 rib’us
352 2487 608 2534 etcruore
635 2476 920 2532 deformati
953 2476 1385 2546 conspiciantur.
1414 2474 1508 2529 His
1539 2474 1736 2528 deinde

177 2571 497 2626 vulneribus
525 2571 731 2624 tamdiu
773 2569 1066 2640 .spongiam
1097 2582 1382 2623 accensam
1416 2570 1738 2636 imponunt,

177 2667 358 2715 donec
378 2664 433 2715 in
452 2662 662 2716 cineres
687 2662 902 2716 redacta
922 2664 1136 2715 tandem
1161 2663 1563 2730 exstinguatur.
1605 2657 1738 2711 Eum

177 2755 433 2807 dolorem
465 2753 729 2822 patienter
762 2767 822 2807 se
862 2753 1096 2807 tolerare
1156 2753 1434 2807 simulant.
1473 2751 1610 2804 Hinc
1634 2750 1742 2805 illis

177 2857 238 2900 et
273 2849 490 2900 honosa
513 2847 823 2900 dementato
851 2848 1032 2914 vulgo,
1063 2854 1117 2899 et
1143 2845 1421 2899 veneratio
1470 2858 1578 2898 non
1611 2843 1746 2898 levis

178 2941 496 3006 exhibetur,
527 2938 671 3008 quod
710 2937 818 2992 Deo
865 2937 1018 2991 chari
1073 2937 1500 2992 existimentur:
1546 2936 1672 2991 hinc
1694 2943 1747 2990 et

181 3030 454 3098 largiores
487 3029 858 3096 eleemosyuas
888 3029 1200 3096 impetrant,
1223 3040 1254 3082 e
1273 3026 1473 3093 quibus
1501 3026 1749 3081 victitare

186 3121 395 3174 solent.
424 3119 636 3173 llabent
669 3121 724 3172 iu
756 3119 1007 3173 Anatolia
1064 3103 1356 3188 quemdam
1406 3118 1616 3189 ordinis
1664 3119 1748 3173 sui

185 3212 431 3279 priorem
456 3213 568 3264 sive
613 3210 918 3278 praesidem,
973 3224 1135 3279 quem
1186 3225 1294 3263 non
1344 3207 1540 3263 Assam
1587 3209 1748 3271 baba,

187 3303 360 3357 sicuti
392 3301 696 3356 Nicolaides
728 3302 967 3368 scripsit,
989 3303 1083 3356 sed
1100 3300 1261 3355 Azetn
1280 3300 1416 3354 baba
1436 3300 1744 3353 nominant:

189 3409 328 3449 voce
357 3407 463 3446 non
483 3394 696 3462 proprie
718 3401 922 3460 patrem
949 3406 1163 3459 patrum
1217 3390 1580 3461 significante,
1655 3389 1747 3444 sed

189 3498 403 3559 patrem
455 3501 785 3555 supremum,
845 3486 924 3538 vel
973 3483 1356 3555 Protopapam,
1424 3493 1482 3538 ut
1536 3482 1753 3537 Graecos

191 3581 530 3652 appellasse,
563 3580 629 3632 de
659 3578 892 3632 Ccdrino
919 3586 1069 3646 paret
1093 3593 1111 3633 ε
1134 3577 1273 3630 unde
1304 3574 1600 3629 Moscbovii
1620 3589 1752 3628 suos

189 3676 363 3730 etiam
405 3671 772 3740 Pretopoppos
788 3672 1051 3726 fecerunt.
1087 3670 1149 3723 Et
1174 3670 1414 3724 imitatos
1443 3684 1564 3723 esse
1617 3667 1756 3722 Tur~

191 3781 293 3819 cos
322 3763 635 3816 Graacorum
661 3761 880 3815 Ordines
930 3761 1354 3826 ecclesiasticos,
1393 3760 1758 3828 ordinumque

194 3858 428 3929 gradus,
459 3854 591 3908 satis
619 3862 838 3922 apparet
861 3867 924 3905 ex
957 3853 1022 3906 iis
1051 3869 1170 3921 qua:
1205 3853 1380 3920 capite
1414 3852 1482 3906 54
1510 3851 1760 3920 exposui-

193 3963 343 4004 ωυε.
1542 3942 1548 3946 ’

270 4039 604 4094 Caleuderes
650 4039 994 4094 continentia
1032 4039 1356 4108 prmcipuam
1415 4037 1520 4092 sibi
1545 4038 1757 4093 laudem

200 4136 505 4197 vindicant,
535 4134 943 4202 insignem‘prm
973 4146 1032 4187 se
1063 4133 1296 4186 ferentes
1317 4132 1757 4188 sanctimoniam.

201 4205 420 4282 Sacella
446 4228 688 4295 quaedam
725 4226 1334 4280 inhabitantadmodum
1365 4224 1583 4293 exigua.
1649 4223 1764 4276 Tu-

203 4325 366 4374 nicas
398 4331 607 4389 gestant
643 4331 858 4374 stnctas
882 4332 934 4373 et
995 4332 1199 4382 curtas,
1260 4319 1464 4384 absque
1511 4316 1762 4380 manicis,

204 4412 384 4465 instar
412 4425 694 4464 saccorum
714 4449 729 4473 ,
758 4421 867 4462 tuttt
896 4426 925 4462 e
955 4412 1098 4471 lana,
1162 4419 1272 4460 tum
1321 4408 1444 4476 pilis
1499 4421 1763 4474 equorum

204 4509 519 4553 contextae.
547 4499 734 4552 Crines
767 4500 983 4566 penitus
1014 4498 1302 4551 abradnnt.
1361 4495 1491 4550 Pilei
1540 4504 1664 4550 sunt
1693 4508 1766 4548 ex

1833 2025 2162 2093 plectuntur,
2195 2023 2468 2077 cantando
2497 2022 2859 2090 saltandoque
2877 2022 3122 2091 cymbaia
3144 2023 3383 2090 pulsant.

1834 2117 1971 2170 llinc
1999 2131 2304 2194 concursus
2341 2115 2670 2169 hominuma
2698 2115 2899 2182 quibus
2947 2114 3142 2169 deinde
3191 2129 3389 2170 munu-

1834 2209 2046 2263 sculum
2092 2204 2311 2274 aliquod
2345 2213 2555 2274 petunt.
2597 2203 2660 2256 lli
2701 2219 2920 2271 quoque
2978 2211 3236 2272 praetextu
3263 2207 3392 2259 reli-

1802 2361 1809 2374 ι
1836 2301 2012 2368 gionis
2042 2315 2147 2352 non
2172 2297 2433 2351 femineos
2467 2297 2747 2363 duntaxat,
2783 2295 2875 2350 sed
2899 2294 3069 2364 magis
3093 2297 3259 2370 etiam
3282 2312 3392 2350 tua-

1839 2389 2023 2444 sculos
2052 2401 2263 2442 amores
2291 2395 2676 2442 consectantur
2706 2402 2722 2439 :
2771 2385 2967 2455 quibus
2997 2399 3128 2440 sane
3193 2402 3392 2455 spurca

1840 2498 1973 2552 gens
2002 2479 2228 2534 nimium
2261 2489 2521 2549 quantum
2554 2488 2637 2534 est
2668 2479 2871 2535 dedita.

1914 2570 2171 2626 Torlaces
2198 2570 2380 2625 ovillis
2417 2571 2766 2640 caprinisque
2795 2572 3043 2640 pellibus,
3081 2575 3302 2644 perinde
3332 2591 3396 2630 ac

1846 2662 2070 2719 dervisii
2102 2677 2158 2717 se
2187 2661 2439 2717 vestiunt.
2469 2661 2566 2716 His
2621 2667 2883 2740 ursinam,
2908 2666 3029 2735 pilis
3059 2667 3397 2723 extrinsecus

1849 2753 2038 2816 versis,
2102 2751 2366 2821 unguibus
2421 2751 2488 2805 ad
2542 2763 2729 2821 pectus
2751 2755 3054 2824 colligatam
3114 2758 3397 2828 injiciunt;

1850 2860 2019 2914 eaque
2053 2843 2200 2913 pallii
2232 2842 2350 2896 loco
2382 2851 2554 2898 semet
2584 2843 2886 2900 involvunt.
2918 2849 3236 2904 Acuminato
3261 2852 3400 2919 pileo

1850 2936 2109 3007 praealto,
2175 2937 2354 3006 plures
2411 2935 2644 2992 habente
2705 2938 2898 3006 plicas,
2958 2957 3023 2996 ex
3083 2943 3205 2997 albo
3237 2945 3397 3009 filtro,

1854 3036 2114 3092 utuntur;
2147 3037 2340 3083 caetera
2365 3027 2493 3082 nudi
2524 3042 2748 3098 prorsus
2797 3030 3072 3087 incedunt.
3124 3035 3399 3091 Adliibent

1857 3129 1910 3174 ct
1947 3121 2044 3189 ipsi
2081 3121 2408 3190 temporibus
2439 3121 2699 3176 cauteria.
2733 3120 3071 3179 Litterarum
3125 3128 3282 3195 plane
3306 3146 3403 3184 ru-

1779 3243 1821 3304 α
1858 3212 1951 3266 des
1987 3221 2132 3264 sunt.
2165 3211 2490 3278 Plerumque
2533 3210 2950 3280 conspiciuntur
3003 3215 3070 3270 ad
3134 3218 3404 3283 tabernas,

1854 3300 1970 3354 fora
1999 3301 2238 3369 publica,
2271 3302 2482 3356 balinea
2511 3315 2525 3353 :
2555 3301 2755 3369 quibus
2791 3303 3000 3360 scilicet
3057 3309 3188 3362 locis
3251 3314 3405 3367 multi

1853 3390 2203 3453 conveniunt.
2232 3405 2260 3444 a
2294 3391 2493 3461 quibus
2525 3390 2738 3460 aliquid
2776 3402 2962 3462 petere
3016 3399 3244 3461 possint.
3299 3398 3406 3453 Ve-

1855 3482 2072 3536 niebant
2108 3483 2173 3536 ad
2197 3498 2298 3538 nos
2329 3484 2844 3554 Constantinopolim
2882 3500 2946 3539 ex
3001 3485 3252 3558 Egypto,
3304 3491 3404 3545 Se-

1859 3575 2139 3631 bastianu's
2197 3576 2263 3630 ab
2297 3575 2616 3647 Haunsperg
2668 3589 2722 3632 et
2760 3577 3047 3635 Joannes:
3104 3581 3407 3654 Salagasto.

1861 3665 1962 3721 viri
1994 3666 2227 3722 nobiles.
2291 3665 2496 3722 Horum
2531 3669 2665 3723 alter
2718 3670 3052 3740 Salagastius
3092 3675 3248 3729 nobis
3286 3691 3411 3730 nar-

1859 3758 2014 3812 rabat
2042 3755 2398 3822 Alexandriae.
2442 3775 2566 3814 cum
2601 3762 2720 3816 istic
2757 3763 2873 3832 ipse
2931 3767 3164 3834 degeret.
3214 3768 3407 3837 hujus-

1844 3851 2001 3925 gtnodi
2032 3852 2314 3918 quemdam
2346 3861 2593 3906 sanctqu
2619 3856 2795 3907 virum
2839 3858 3092 3924 opinione
3129 3859 3406 3916 Mallume-

1862 3952 2130 4003 tanorum,
2159 3955 2280 4000 cum
2314 3943 2648 4009 praetoribus
2702 3947 2878 4000 balnei
2950 3951 3228 4004 muliebris
3258 3962 3413 4009 stans

1863 4041 2198 4088 exeunteme
2248 4032 2458 4088 balineo
2507 4034 2760 4090 feminam
2812 4041 3098 4107 quamdam
3154 4049 3411 4098 attentius

1868 4129 2100 4184 intuitus
2125 4138 2268 4184 esset
2299 4149 2311 4185 :
2347 4129 2400 4183 in
2431 4146 2551 4185 eam
2584 4131 2766 4187 furore
2799 4137 2954 4202 quasi
3005 4139 3235 4204 quodam
3291 4157 3412 4194 cor.

1868 4230 2076 4290 reptum
2114 4221 2403 4294 iniv0iasse,
2459 4237 2524 4276 ac
2576 4226 2821 4291 protinus
2863 4224 3010 4278 humi
3067 4243 3162 4295 pro
3186 4239 3414 4298 -tratam,

1868 4329 1968 4367 nec
2001 4313 2289 4368 admodum
2325 4314 2552 4366 fortasse
2584 4327 2990 4382 repugnantem,
3021 4319 3072 4369 in
3102 4324 3276 4372 oculis
3301 4338 3416 4374 mn-

1869 4411 2014 4460 nlum
2046 4406 2459 4473 compressisse.
2499 4404 2748 4457 Maritum
2816 4421 2879 4460 eo
2908 4407 3048 4460 facto
3088 4425 3144 4463 se
3201 4413 3412 4476 leatum

1868 4497 2107 4559 duxisse,
2161 4498 2303 4566 quod
2340 4497 2415 4549 vir
2480 4504 2721 4561 sanctus,
2770 4496 3002 4564 impulsu
3048 4500 3248 4566 divino,
3309 4519 3416 4572 prre

206 4597 336 4645 albo
361 4593 523 4652 liltro,
554 4591 764 4643 similes
804 4590 870 4642 iis
902 4604 1039 4657 quos
1088 4588 1395 4641 Graecorum
1453 4585 1764 4640 sacerdotes
1795 4593 1845 4652 υ
1873 4587 1992 4641 aliis
2045 4604 2165 4641 cum
2193 4605 2357 4642 uxore
2379 4604 2472 4642 sua
2497 4589 2771 4644 coivisset.
2807 4587 2938 4644 Vide
2959 4592 3252 4648 caecitatem
3283 4610 3418 4662 gen-

207 4695 262 4733 et
302 4679 548 4749 episcopi
585 4679 768 4747 nigros
799 4685 851 4731 et
887 4678 1024 4730 latos
1047 4676 1340 4728 admodum
1377 4682 1592 4743 gestant
1619 4691 1632 4725 :
1661 4673 1766 4726 nisi

210 4773 360 4840 quod
386 4771 500 4824 oris
519 4768 659 4822 allixi
689 4767 992 4836 dependent
1031 4765 1266 4834 undique
1311 4764 1636 4832 longiusculi
1660 4765 1734 4816 cri
1754 4792 1774 4805 -

215 4881 312 4917 nes
335 4862 543 4930 equini.
566 4860 794 4916 Ferreus
819 4863 954 4915 satis
990 4874 1209 4914 crassos
1242 4859 1478 4912 annulos
1519 4858 1768 4920 auribus,

215 4956 381 5017 collo,
421 4952 653 5004 brachiis
683 4960 915 5020 gestant.
943 4947 1117 5002 Etiam
1144 4950 1258 5000 cuti
1297 4946 1449 5012 penis
1484 4944 1773 5014 perforata:

220 5048 433 5101 ferreus
454 5045 535 5096 vel
565 5058 737 5096 aereus
765 5043 996 5095 annulus
1034 5042 1314 5103 inseritur,
1351 5053 1420 5092 ne
1460 5038 1626 5098 coire,
1692 5036 1774 5087 vel

220 5142 262 5192 si
287 5136 655 5201 maximopere
671 5134 903 5200 cupiant,
928 5135 1156 5198 possint.
1186 5131 1364 5196 Atque
1389 5128 1492 5179 hoc
1523 5126 1772 5178 ultimum

223 5237 272 5286 in
309 5246 420 5283 nuo
452 5238 664 5279 tantum
695 5226 987 5279 Caleuderc
1010 5221 1208 5273 vidisse
1241 5235 1339 5271 nos
1382 5217 1660 5278 recordor,
1687 5214 1775 5283 qui

222 5325 444 5391 Sophia:
483 5328 700 5389 propter
724 5321 1027 5376 imaretum,
1064 5312 1117 5363 in
1150 5325 1287 5376 quos
1315 5324 1418 5362 nos
1442 5311 1510 5362 ad
1555 5308 1777 5361 biduum

229 5418 594 5478 ILL’I'CballlUS,
628 5427 786 5465 unam
846 5424 910 5462 cx
967 5405 1210 5473 pluribus
1259 5401 1515 5454 cellulam
1571 5401 1779 5454 incole-

231 5516 340 5563 bat.

303 5598 687 5667 llnggieuiales
733 5596 974 5664 plerique
1023 5591 1270 5658 juvenes,
1296 5587 1527 5650 robusti,
1556 5586 1782 5648 divites,

234 5686 818 5761 Africalll,IEgyl)lUIll,
833 5689 932 5738 Ara
944 5684 1104 5754 biam,
1129 5681 1384 5742 Persiam,
1399 5678 1650 5731 ’l‘urciam
1671 5693 1785 5728 orn-

237 5801 353 5836 nem
384 5783 564 5833 alieno
604 5789 840 5844 sumptu,
870 5777 970 5830 sub
1000 5783 1255 5841 praetextu
1292 5769 1567 5837 religionis
1604 5782 1789 5835 perva-

240 5889 433 5947 gantur
470 5889 484 5923 :
523 5871 800 5940 regionum
844 5879 896 5923 ct
940 5869 1151 5920 urbium
1199 5864 1336 5917 situs
1396 5872 1449 5916 et
1510 5861 1786 5916 intervalla

1875 4679 1962 4743 tis,
1995 4693 2055 4733 ac
2086 4682 2384 4747 praesertim
2412 4681 2804 4750 zEgyptiorum.
2838 4683 2970 4735 Nam
3001 4685 3125 4736 alibi
3169 4686 3252 4739 vix
3320 4689 3418 4740 ali-

1875 4769 2001 4836 quid
2059 4770 2327 4837 ejusmodi
2386 4771 2630 4831 factum,
2697 4773 2852 4825 nobis
2911 4774 3021 4826 illic
3078 4775 3418 4846 degentibus,

1879 4862 2144 4927 comperi.
2189 4861 2322 4913 Sunt
2357 4877 2509 4927 mque
2531 4876 2752 4930 rapaces
2792 4863 2842 4915 in
2883 4865 3164 4921 itineribus
3218 4872 3270 4924 et
3323 4874 3422 4926 viis

1879 4953 2128 5021 publicis,
2155 4968 2217 5006 ac
2240 4955 2503 5009 dervisios
2527 4971 2646 5010 esse
2685 4957 2940 5011 diximus.
2965 4957 3265 5017 Plehecnlae
3290 4980 3426 5032 prac-

1878 5045 2059 5119 sertim
2087 5045 2323 5108 rusticae,
2345 5061 2401 5099 se
2425 5047 2840 5101 chirmuantices
2873 5064 3068 5116 gnaros
3127 5067 3245 5105 esse
3302 5070 3424 5119 per-

1882 5134 2129 5186 suadent.
2190 5133 2326 5190 Hiuc
2375 5137 2562 5204 ingens
2629 5136 2694 5189 ad
2770 5139 3096 5205 impostores
3142 5139 3422 5193 hominum

1883 5239 2197 5284 concursus,
2235 5228 2326 5292 qui
2353 5241 2452 5294 pro
2477 5227 2689 5284 vatibus
2729 5241 2820 5279 eos
2875 5227 3091 5288 habent,
3127 5231 3421 5293 praesertim

1887 5314 2233 5367 mulierculae.
2265 5317 2401 5368 llinc
2431 5318 2494 5370 ad
2515 5331 2606 5370 eos
2636 5316 2812 5370 omnis
2867 5318 3077 5385 generis
3114 5319 3240 5378 cibi,
3277 5315 3423 5370 "cum

1884 5403 2003 5456 aliis
2035 5404 2195 5455 rebus
2228 5408 2548 5460 necessariis
2577 5405 2896 5460 afferuntur.
2930 5407 3195 5460 Interdum
3244 5423 3424 5460 senem

1885 5512 1950 5549 ex
1991 5494 2103 5548 suis
2139 5494 2372 5561 aliquem
2403 5498 2824 5551 circuunlucnnt
2854 5514 3010 5565 quem
3043 5515 3174 5566 pene
3235 5499 3431 5551 divinis

1890 5583 2178 5636 honoribus
2218 5582 2553 5638 adorabundi
2597 5586 2854 5639 afﬁciunt.
2907 5586 3039 5639 Cum
3078 5587 3176 5638 hoc
3231 5589 3306 5638 vel
3338 5605 3434 5655 np-

1890 5675 2094 5742 pidum,
2122 5673 2204 5726 vel
2236 5688 2426 5742 pagum
2488 5676 2718 5744 ingressi
2746 5679 3070 5744 prmcipuum
3131 5678 3181 5727 in
3217 5675 3430 5741 aliquod

1891 5765 2204 5832 hospitium,
2256 5766 2337 5816 vel
2430 5769 2947 5827 caravansaraium,
3007 5767 3083 5817 vel
3154 5766 3427 5837 iinaretir...

1891 5861 2169 5911 divcrtunt
2207 5872 2220 5908 :
2251 5854 2512 5924 illumque
2537 5872 2644 5910 non
2678 5869 2782 5910 tam
2819 5857 2994 5918 anuis,
3030 5871 3187 5923 quam
3228 5854 3427 5906 malitia
