4006 6338
161 473 275 536 849
322 475 326 478 ⁷

1291 479 1680 540 PANDECTE
1713 480 1910 540 lllS'l‘.
1944 479 2248 538 TURCIC.

3283 475 3386 538 850

167 594 296 672 t73_.
338 594 542 672 Clades
569 598 939 672 Utigarorttm;
971 603 1031 654 ab
1065 601 1264 672 Ιμειιρε
1301 603 1410 672 Aga
1461 602 1732 663 elisorum,
1762 605 1807 660 Α
1834 613 1993 668 quam
2029 598 2178 651 illum
2209 597 2483 665 signorum
2543 596 2880 664 militumque
2929 605 3232 653 numerum.
3291 588 3382 654 qui
3423 594 3425 596 ’

242 662 597 732 Frangcnat'ii,
624 662 878 736 dgalarii,
898 669 1052 724 Τυνδί
1074 662 1280 726 ϐνατὲω
1315 662 1368 725 ni
1400 672 1585 728 multis.
1613 662 1728 724 imi;

241 736 378 807 qui;
412 746 611 807 sceptra
669 739 769 790 sive
813 741 985 792 baculi
1042 741 1359 807 Grecorum,
1423 741 1728 807 Druncarii,

241 804 463 868 Dranci,
509 805 718 879 Ban‘da,
753 807 1100 879 Bandophori.

239 942 470 1012 Jacupis
505 944 628 1015 Age:
654 959 851 1001 nomen
876 945 931 1000 in
973 947 1195 1002 historia
1227 948 1474 1003 .Bonlinii
1521 950 1730 1006 deside-

170 1044 355 1088 ratur.
393 1034 549 1089 Jovio
577 1034 782 1090 Cadum
841 1037 997 1091 hassa
1045 1038 1265 1093 dicitur.
1330 1041 1470 1093 Idem
1537 1057 1730 1096 nomen

170 1127 343 1181 habet
371 1127 719 1199 Wolfgangus
755 1130 1059 1185 Dreslerus.
1103 1129 1318 1185 Verum.»
1362 1131 1463 1187 hoc
1512 1126 1585 1185 ei'
1621 1147 1729 1185 non

167 1231 299 1272 erat
331 1221 629 1290 pr0prium,
659 1222 753 1276 sed
787 1225 854 1276 ab
901 1224 1180 1278 accidente
1226 1226 1476 1290 inditum,
1536 1226 1733 1294 quippe

166 1312 428 1366 Cliadmn
462 1313 541 1368 vel
568 1312 774 1368 Hadum
798 1315 1066 1384 signiﬁcat
1092 1318 1381 1379 eviratum,
1426 1319 1514 1373 cui
1567 1328 1734 1374 testes

164 1405 386 1458 scilicet
441 1405 662 1460 exsecti.
723 1399 857 1459 llu'ic
935 1405 1272 1475 Ungarorum
1324 1409 1460 1462 cladi
1516 1424 1734 1464 causam

166 1495 408 1562 praebuit
432 1494 666 1551 Joannes
697 1497 1097 1568 Frangepanns,
1131 1515 1194 1553 ex
1233 1501 1435 1555 illustri
1458 1509 1511 1555 et
1555 1500 1736 1556 Romae

166 1586 461 1652 quondam
538 1587 682 1640 elata
755 1586 1233 1657 Frangcpanorum
1291 1590 1493 1648 familia
1555 1599 1736 1653 natus,

166 1675 382 1737 quibus
418 1676 471 1729 in
527 1677 800 1754 Croaiiam
856 1678 1282 1751 Dalmatiamque
1337 1683 1737 1750 commigranli-

169 1768 280 1820 bus
315 1767 634 1821 datumhoc
691 1777 807 1822 erat
836 1768 904 1823 ab
964 1770 1155 1824 incolis
1200 1785 1420 1836 nomen,
1477 1781 1535 1826 ut
1566 1774 1740 1829 Franc

165 1858 310 1912 Pani
341 1859 678 1925 dicerentur,
707 1861 811 1914 hoc
844 1869 947 1923 est,
983 1862 1184 1916 domini
1212 1863 1429 1917 Franci.
1461 1862 1739 1918 Defecerat

1835 689 1900 743 ad
1926 689 2364 744 constituendum
2435 687 2793 758 regimentum
2857 684 3176 752 requiritur.
3235 680 3383 732 Ideo—

1829 796 1935 850 que
1968 781 2212 835 Druncus
2247 790 2330 834 est
2362 780 2717 849 tegimentum
2751 777 3002 841 militum,
3040 773 3200 841 cujus
3224 778 3407 838 caput

1830 883 1913 928 est
1951 872 2302 938 Druncarius,
2359 871 2491 925 olim
2550 870 2845 933 Tribunus,
2888 881 3034 921 nunc
3081 864 3402 919 Colonellus-

1831 975 1924 1018 aut
1963 962 2242 1034 regimenti
2276 962 2587 1033 praefectus.
2637 959 2985 1015 Conveniunt
3037 967 3090 1011 et
3137 956 3240 1008 alia
3288 953 3403 1004 mia

1835 1054 1959 1108 litiae
1989 1063 2186 1108 nostra:
2215 1068 2336 1106 cum
2393 1051 2499 1106 illis
2551 1065 2672 1120 qum
2712 1050 2818 1103 Leo
2858 1047 3024 1102 tradit
3073 1045 3389 1114 imperator;

1838 1143 2058 1198 Vandon
2083 1143 2319 1212 appellat
2352 1143 2567 1211 signum
2601 1143 2844 1220 equitum
2895 1138 2976 1192 vel
3034 1138 3300 1206 peditum,
3333 1146 3392 1190 ut

1836 1234 2008 1288 nostri
2052 1234 2234 1288 Vanen
2281 1240 2332 1287 et
2391 1232 2650 1295 Vandlin,
2727 1239 2819 1284 aut
2854 1226 3097 1281 Vtendlin
3130 1240 3143 1276 :
3178 1223 3395 1276 Vanda-

1837 1324 2068 1392 phoron,
2095 1323 2186 1393 qui
2215 1321 2476 1376 vexillum
2534 1320 2708 1375 Vandi
2739 1326 2941 1391 gestat,
2978 1325 3032 1373 et
3069 1316 3268 1371 nostris
3309 1321 3396 1368 est

1839 1414 2132 1470 Vandrich.
2159 1415 2340 1480 Addit,
2365 1414 2613 1469 Vandum
2657 1421 2910 1486 constare
2940 1408 3218 1480 {militibus
3265 1407 3390 1469 300,

1837 1515 1928 1558 aut
1958 1506 2136 1561 saltim
2195 1522 2300 1559 non
2336 1488 2717 1584 paucioribus,
2770 1519 2931 1572 quam
2983 1502 3107 1567 200,
3139 1516 3236 1554 nec
3280 1499 3395 1569 plu-

1839 1597 2010 1661 ribus,
2041 1612 2202 1664 quam
2229 1597 2353 1652 400.
2387 1598 2476 1651 Sic
2507 1607 2557 1650 et
2588 1596 2865 1657 Druncum
2895 1595 3007 1670 sive
3027 1593 3385 1662 rcgimcntum

1841 1689 2043 1742 habere
2075 1690 2186 1742 vult
2209 1706 2313 1742 non
2366 1689 2655 1756 pauciores
2686 1686 2853 1750 mille,
2885 1699 2992 1737 non
3014 1683 3192 1752 phires
3219 1681 3396 1734 tribus

1841 1778 2100 1834 millibus.
2141 1776 2471 1833 Caeterorum
2507 1778 2650 1847 apud
2697 1776 2964 1832 Leonem»
2999 1772 3215 1827 collatio
3271 1783 3398 1826 cum
3438 1778 3445 1786 '

1843 1869 2066 1930 nostris,
2093 1870 2320 1924 alterius
2350 1868 2455 1923 loci
2474 1866 2659 1933 fuerit,
2697 1880 2762 1921 ac
2795 1864 3044 1920 fortassis
3065 1865 3117 1918 in
3158 1862 3261 1915 hoc
3305 1874 3396 1930 ge-

162 1962 359 2004 autem
390 1951 771 2021 Frangepanus
808 1962 931 2022 post
958 1952 1196 2009 Matthiae
1255 1957 1398 2024 regis
1424 1956 1655 2018 obitum,
1706 1972 1734 2011 a
1769 1963 1808 2017 Β
1838 1978 1966 2018 nere
1991 1963 2238 2016 nonnihil
2277 1949 2565 2031 aliquando
2617 1959 2906 2029 moliamur
2935 1997 2948 2022 ,
2980 1971 3103 2011 cum
3153 1953 3408 2023 aliquam-

161 2057 302 2109 rege
327 2041 600 2096 Vladislao
631 2053 684 2097 et
711 2044 848 2099 duce
905 2042 1114 2100 Joanne
1145 2120 1147 2122 η
1189 2047 1446 2114 Corvino,
1498 2047 1735 2104 llatthiae

159 2133 322 2201 regis
358 2134 469 2188 ﬁlio
499 2136 794 2205 notho,qui
828 2138 894 2190 ad
921 2137 1151 2192 Jaitzam
1189 2139 1369 2195 Banus
1405 2155 1594 2195 earum
1653 2156 1737 2196 re-

158 2226 403 2300 gionum
440 2235 575 2280 erat.
607 2227 847 2298 Cumque
882 2231 935 2284 in
967 2245 1092 2286 arce
1143 2231 1333 2287 Brevia
1361 2249 1458 2289 ceu
1521 2235 1736 2290 rebellis

158 2314 549 2381 obsideretur,
579 2320 810 2385 proximi
844 2321 1018 2376 basste
1039 2325 1303 2380 auxilium
1329 2325 1730 2396 imploraverat.

157 2405 466 2471 Ingressus
484 2406 840 2478 estUngarim
876 2412 1008 2467 fines
1032 2411 1260 2483 Jacupes
1284 2430 1381 2485 aga
1438 2431 1560 2472 cum
1609 2429 1735 2472 octo

161 2500 254 2551 vel
297 2514 497 2552 novem
526 2501 762 2555 millibus
792 2504 1054 2578 equitnm,
1089 2507 1164 2558 uti
1185 2505 1459 2561 Boniinius
1491 2509 1729 2578 scripsit.

157 2588 414 2654 Agarum
450 2591 531 2642 vel
569 2591 946 2659 Agalariorum
1010 2611 1204 2648 nomen
1255 2598 1395 2663 apud
1445 2597 1650 2653 Turcus
1702 2615 1730 2652 a

160 2679 381 2730 baculo
411 2680 702 2738 deductum
746 2694 845 2749 est,
906 2686 997 2754 qui
1023 2687 1227 2740 scilicet
1272 2690 1618 2757 magistratus
1655 2700 1734 2745 est

157 2775 524 2843 symbolum,
562 2777 718 2831 sicut'
765 2780 928 2831 etiam
989 2791 1113 2836 ante
1168 2780 1375 2834 Turcos
1423 2782 1730 2836 Grmcorum

161 2873 572 2933 imperatorum
654 2870 913 2924 officiales
980 2887 1077 2925 sua
1144 2872 1388 2940 quaedam
1451 2874 1732 2943 gestabant

154 2966 557 3028 sceptra,qu:e
590 2961 715 3014 nihil
765 2971 920 3016 erant
969 2965 1115 3017 aliud
1177 2982 1338 3036 quam
1401 2950 1597 3023 baculi.
1667 2971 1733 3023 Et

159 3051 401 3115 quidem
441 3051 492 3104 in
544 3068 702 3108 more
739 3055 945 3110 Graecis
991 3066 1128 3119 erat.
1182 3069 1240 3111 ut
1296 3060 1506 3127 quoties
1562 3075 1730 3116 novus

164 3143 329 3194 tierct
362 3143 679 3211 imperator,
710 3161 901 3202 omnes
935 3148 1194 3203 ofﬁciales
1226 3160 1434 3219 sceptra
1486 3166 1582 3206 seu
1639 3154 1728 3208 ba-

161 3235 332 3288 culos
362 3250 492 3290 suos
513 3235 874 3304 deponerent,
900 3255 998 3295 nec
1033 3244 1134 3295 nisi
1180 3240 1400 3309 iubente
1433 3261 1570 3298 novo
1631 3246 1729 3298 im-

162 3331 434 3389 peratore
469 3336 805 3379 resumerent
842 3327 891 3381 in
949 3344 1174 3384 manus:
1212 3314 1319 3400 quo
1374 3335 1475 3386 ritu
1526 3334 1728 3401 signifi-
1758 3301 1801 3361 C

163 3414 434 3475 cabatur,
479 3431 570 3470 eos
612 3417 665 3470 in
714 3418 910 3472 ofliciis
943 3422 1060 3475 suis
1099 3423 1166 3476 ab
1226 3423 1346 3492 ipso
1399 3425 1728 3480 conﬁrmari.

164 3504 441 3557 Meminit
487 3507 608 3572 ejus
657 3510 824 3563 moris
875 3512 1104 3579 antiqui,
1160 3512 1442 3582 Symeonis
1489 3519 1731 3586 magistri

161 3593 489 3649 officiorum
514 3596 747 3652 Historia
773 3602 1159 3670 manuscripta,
1183 3605 1337 3673 cujus
1369 3605 1531 3661 verba
1575 3623 1734 3678 repe-

165 3684 286 3738 ries
313 3684 492 3750 capite
527 3685 648 3748 199,
674 3687 1038 3743 meminerunt
1061 3698 1112 3744 et
1147 3691 1237 3746 alii
1267 3692 1483 3760 quidam
1513 3712 1527 3748 :
1578 3697 1732 3766 isque

167 3791 327 3828 nunc
348 3777 511 3830 etiam
536 3779 794 3833 retinetur
815 3795 842 3833 a
862 3779 1074 3846 Turcis,
1106 3799 1240 3851 quos
1266 3785 1571 3846 imitatores
1601 3804 1727 3844 esse

162 3863 519 3931 Graecorum,
549 3871 840 3934 prescrtim
887 3871 940 3924 in
976 3874 1139 3927 rebus
1162 3874 1229 3928 ad
1260 3875 1471 3943 imperii
1499 3877 1727 3934 formam

165 3957 432 4023 ritusque
466 3957 705 4024 publicos
767 3966 1157 4032 spectantibus,
1201 3967 1311 4037 jam
1360 3987 1731 4040 smpenumero

162 4050 443 4102 diximus.
476 4045 794 4118 Quanquam
822 4053 914 4107 alii
945 4067 1156 4124 putant,
1194 4058 1261 4111 ab
1311 4059 1441 4129 ipsis
1475 4064 1731 4133 pleraque

162 4137 425 4205 profecta
466 4137 791 4195 Saracenis:
845 4145 934 4211 qui
962 4157 1082 4215 post
1130 4147 1491 4205 defeetionem
1543 4169 1572 4206 a
1627 4154 1730 4208 Ro-

163 4230 383 4293 manis,
449 4245 638 4286 eorum
695 4234 1044 4292 nihilominus
1113 4251 1217 4294 tam
1278 4244 1514 4309 civilem,
1570 4263 1728 4314 quam

162 4321 476 4374 militarem
508 4321 720 4391 imperii
747 4329 1192 4393 gubernationem
1240 4331 1443 4388 fuerint
1471 4338 1728 4393 aemulati.

162 4411 263 4465 Sic
310 4412 476 4478 igitur
498 4420 551 4466 et
580 4415 816 4483 Agalarii
842 4419 996 4480 ,dicti
1029 4431 1156 4476 sunt
1183 4425 1250 4478 ab
1277 4440 1396 4494 aga.
1428 4429 1570 4497 quod
1633 4432 1731 4485 ha-
1771 4471 1796 4478 -

163 4503 364 4556 cu'um
405 4503 690 4571 significat.
765 4508 1021 4580 Adeoque
1086 4517 1305 4583 propius
1341 4528 1401 4571 ut
1449 4523 1728 4576 ostendam

1839 2067 1946 2107 non
1995 2052 2232 2120 antiquae
2305 2052 2574 2105 duntaxat
2618 2051 2828 2105 militia;
2881 2049 3156 2110 notitiam.
3206 2055 3393 2124 verum

1837 2142 2000 2197 etiam
2030 2141 2311 2210 praesentis
2347 2155 2502 2195 usum
2565 2140 2804 2196 assecuti
2851 2139 3155 2193 videamur.
3201 2137 3391 2191 Itidem

1837 2235 1903 2289 de
1935 2233 2096 2302 Viglae
2119 2233 2366 2303 Stoliquc
2390 2231 2600 2303 magnis
2649 2231 2965 2286 Druncariis
3014 2229 3168 2284 alibi.
3219 2226 3392 2282 Pluri-

1840 2340 1985 2378 mum
2011 2334 2158 2379 certe
2185 2324 2390 2378 faciunt
2416 2323 2529 2378 haec
2557 2323 2624 2377 ad
2667 2321 3024 2379 illustrandas
3083 2319 3390 2376 Graecorum

1799 2415 2167 2477 ,recentiores
2190 2415 2468 2470 historias.
2508 2414 2587 2467 Ad
2644 2413 3083 2468 'Druncariorum-
3135 2425 3272 2481 ergo
3320 2412 3394 2464 si-

1837 2507 2188 2561 militudinem
2221 2505 2585 2586 Turcis'sunt
2635 2504 2870 2573 Agala‘ri,
2932 2504 3080 2556 velut
3138 2501 3386 2566 Tribuni,

1838 2609 1962 2666 puta
1992 2599 2221 2653 Genizar
2246 2597 2675 2678 aga,_Capizilar
2735 2610 2859 2665 aga,
2918 2593 3223 2662 Spahoglan
3269 2608 3387 2661 aga,

1839 2689 2095 2742 Silichtar
2157 2689 2403 2758 aga:de
2462 2688 2661 2756 quibus
2726 2683 2982 2741 omnibus
3044 2685 3390 2740 convcnienti

1837 2778 1955 2832 loco
1983 2780 2321 2834 tractabitur.

1838 2893 1954 2946 174.
1985 2891 2119 2946 Batti
2163 2883 2436 2964 regnorum
2464 2884 2612 2964 apud,
2647 2890 2900 2962 Ungaros,
2925 2891 3220 2959 Chrobatw,
3255 2890 3391 2945 Cho-

2255 2975 2440 3032 ruatw,
2477 2963 2705 3018 Diremit
2732 2963 2865 3018 Ban.
3309 2997 3312 3000 ~

1904 3054 2260 3110 Promisimus
2290 3071 2455 3125 supra
2504 3057 2681 3126 capite
2743 3054 3141 3126 septuagesimo
3191 3052 3387 3122 primo,

1832 3161 1934 3200 nos
1957 3146 2021 3200 de
2053 3147 2216 3202 Banis
2248 3157 2303 3202 et
2326 3147 2623 3201 Banatibus
2662 3149 2715 3201 in
2748 3147 2929 3217 regnis
2974 3140 3224 3216 Ungarize
3289 3145 3387 3198 ad-

1827 3237 2031 3305 junctis
2058 3238 2769 3307 aliquiddicturosplcnius.
2824 3238 2878 3292 ω
2950 3237 3116 3307 igitur
3172 3246 3232 3290 ut
3285 3237 3388 3290 hoc

1833 3340 2074 3397 praestem
2112 3331 2246 3396 loco,
2286 3346 2393 3400 quo
2423 3331 2551 3406 Bani
2589 3328 2840 3401 Ungarici
2884 3330 3084 3384 mentio
3143 3329 3222 3393 fit,
3258 3328 3383 3382 dico
3428 3354 3432 3358 ~

1835 3423 2037 3476 Banum
2072 3424 2212 3492 apud
2257 3421 2505 3492 Ungaros
2525 3421 2726 3484 vocari,
2780 3437 2886 3475 non
2943 3421 3384 3490 gubernatorem,

1833 3514 1911 3565 vel
1945 3517 2341 3566 locumtencnte
2365 3529 2394 3564 ιι
2463 3511 2858 3582 (τοποτηρητὴν
2889 3510 3113 3571 Graecis,
3144 3521 3195 3563 et
3219 3510 3381 3577 ἐξειρ-
3436 3509 3438 3512 ’

1831 3621 1943 3674 χον,
1973 3605 2115 3659 unde
2136 3619 2334 3661 nomen
2365 3603 2722 3660 exarchorum
2758 3604 2924 3657 ltali:e
2958 3602 3383 3668 Ravennatium)

1831 3697 1944 3751 sive
1979 3697 2231 3750 vicarium
2271 3696 2412 3765 regis
2457 3696 2509 3750 in
2546 3697 2662 3765 ipsa
2719 3693 2972 3764 Ungaria,
3012 3694 3105 3748 sed
3159 3692 3387 3760 alicujus

1833 3787 1897 3838 ad
1935 3784 2181 3853 Ungarize
2213 3786 2354 3854 juris
2383 3785 2677 3854 spectantis
2704 3784 2853 3852 regni
2911 3772 3216 3852 praesidem;
3249 3769 3378 3834 Per-

1835 3877 2007 3929 tinent
2037 3891 2164 3930 vero
2191 3878 2382 3944 partim
2414 3876 2734 3942 antiquitus,
2767 3876 2958 3943 partim
3030 3872 3189 3928 etiam
3222 3887 3386 3935 nunc,

1833 3967 1944 4019 lure
1973 3967 2036 4018 ad
2074 3949 2360 4034 Ungui-iam
2394 3979 2556 4034 regna
2589 3982 2602 4017 :
2637 3960 3178 4026 Dalmatia,Croatia,
3201 3960 3379 4014 Slavov

1835 4050 2000 4123 nialid
2033 4064 2136 4119 est,
2163 4053 2687 4126 lliyricum),‘_Ramia
2708 4052 2792 4107 vel
2817 4052 2984 4106 ﬂama
3013 4049 3142 4120 (quo
3164 4051 3391 4103 nomine-

1835 4149 1886 4200 in
1947 4145 2283 4216 Ungarornm
2339 4161 2523 4212 regum
2565 4145 2734 4198 titulis
2793 4143 3109 4212 intelligitur
3163 4140 3394 4207 Bozina)

1837 4234 2042 4300 Servia,
2085 4236 2302 4295 Gallicia
2355 4235 2468 4288 sive
2513 4233 3145 4299 Valachia,Lodomeria,
3189 4231 3387 4286 Coma-

1834 4328 1944 4391 nia,
1977 4322 2459 4396 Bulgaria.Pr:eter
2491 4326 2588 4381 hos
2609 4325 2804 4394 Banos,
2825 4317 3027 4378 mentio
3063 4324 3120 4377 fit
3148 4323 3198 4376 in
3224 4324 3393 4378 histo-

1836 4419 1929 4474 riis
1958 4417 2274 4478 Banatuum,
2301 4417 2712 4481 Machoviensis,
2733 4426 2786 4471 et
2817 4416 3388 4482 Zeverinensis,(Sue-

1837 4514 2010 4567 riuum
2063 4513 2171 4582 jam
2227 4512 2387 4578 vulgo
2421 4520 2613 4564 vocant
2644 4510 2697 4563 in
2734 4507 3089 4576 Transalpina
3131 4504 3386 4559 Valachia

165 4591 601 4649 similitudinem
663 4597 960 4655 ciliciorum
1040 4605 1219 4668 palatii
1276 4619 1438 4676 atque
1521 4612 1730 4678 imperii

1839 4612 2057 4674 propter
2097 4602 2419 4665 Danubium,
2455 4617 2484 4654 a
2511 4601 2713 4655 Severo
2767 4598 3013 4667 Augusto
3063 4596 3381 4651 aediﬁcatum

165 4684 382 4745 Graeci,
410 4698 530 4738 cum
567 4684 756 4742 oﬂiciis
810 4705 978 4758 portae
1038 4693 1546 4761 Osinanicaa,dico,
1603 4701 1740 4755 Tur-

165 4780 256 4829 cis
281 4775 568 4844 Agalarios
615 4794 736 4834 esse
784 4797 881 4854 sua
915 4783 1125 4852 lingua,
1186 4788 1276 4855 qui
1337 4788 1536 4845 Graecis
1584 4803 1737 4847 erant

166 4867 253 4918 vel
286 4865 701 4935 Drungarii,vel
739 4871 1019 4928 Druncarii
1075 4859 1282 4945 potius.
1324 4880 1430 4935 Eos
1477 4882 1584 4938 Leo
1642 4887 1738 4938 Sa-

165 4956 337 5020 piens
360 4954 639 5023 Augustus
677 4960 731 5013 in
762 4962 899 5016 libro
948 4979 1048 5017 suo
1081 4966 1240 5037 465
1277 4969 1350 5022 De
1399 4973 1738 5037 apparatibus

164 5043 388 5095 bellicis
423 5045 549 5115 olim
582 5046 757 5104 dictos
785 5051 949 5107 fuisse
989 5055 1153 5110 tradit
1186 5056 1561 5122 Chlliarchos.
1593 5064 1738 5130 quod

165 5139 451 5199 militibus
501 5140 644 5194 mille
676 5156 1010 5211 praeessent;
1045 5158 1097 5202 ct
1151 5147 1449 5216 Druncum,
1503 5152 1738 5208 Chiliar-

165 5239 365 5288 chain.
431 5229 608 5284 Latini
678 5232 1017 5298 Chiliarchos
1062 5249 1258 5294 vocant
1321 5242 1586 5308 tribunos,
1644 5247 1734 5316 qui

165 5341 329 5382 nunc
364 5324 626 5379 Colonelli
657 5334 802 5380 sunt.
835 5327 1107 5384 Druneum
1152 5333 1249 5400 (sic
1287 5337 1428 5389 enim
1498 5353 1737 5405 pronun-

165 5418 697 5488 tiabatZygontalas
738 5427 790 5473 et
845 5419 1205 5478 Druncarium
1237 5466 1250 5488 ,
1281 5443 1384 5481 non
1436 5429 1734 5499 Drungum,

164 5514 258 5566 vel
300 5510 690 5578 Drungaritnn,
713 5512 852 5578 quod
885 5513 1042 5583 vulgo
1087 5516 1196 5568 fieri
1235 5518 1393 5580 solet)
1448 5519 1524 5573 sic
1556 5521 1734 5589 appel-

163 5604 351 5655 latum
384 5600 619 5654 arbitror
644 5615 669 5652 a
697 5609 913 5663 trunco,
944 5605 1058 5658 sive
1087 5607 1301 5670 baculo,
1339 5609 1450 5663 sive
1477 5621 1728 5678 sceptro;

167 5690 645 5760 quemadmodum
713 5693 977 5760 hoJieque
1039 5697 1393 5765 regintcnlum
1475 5715 1735 5776 vocamus

168 5795 287 5836 tam
337 5781 508 5844 ipsius
553 5781 778 5835 Tribuni
835 5784 1082 5838 baculum
1136 5788 1316 5853 (vitem
1376 5792 1556 5842 dixere
1606 5801 1730 5857 puto

168 5871 462 5941 licitum),
503 5887 663 5940 quem
734 5889 828 5930 ceu
867 5876 1211 5946 magistratus
1278 5881 1483 5949 insigne
1533 5892 1723 5951 gestat,

1841 4694 2122 4765 oppidum)
2148 4706 2200 4749 et
2230 4695 2448 4759 Erdelii,
2501 4692 2747 4747 Turcicis
2816 4693 2870 4746 in
2924 4690 3207 4754 historiis;
3266 4704 3387 4756 qua:

1839 4785 2095 4841 Joannem
2123 4787 2188 4841 de
2228 4785 2466 4854 Zapolia,
2531 4785 2781 4841 comitem
2820 4782 3208 4851 Cepisiensem,
3233 4782 3385 4849 regni

1843 4885 2238 4944 usurpatorem.
2275 4885 2327 4928 et
2359 4875 2542 4942 patriae
2578 4883 2809 4942 pestem,
2844 4871 2988 4936 Ertel
3042 4870 3152 4923 Ban
3208 4872 3389 4938 appel-

1844 4969 1953 5020 lant
1981 4969 2138 5020 :licct
2167 4981 2195 5017 a
2221 4965 2417 5019 nostris
2438 4963 2632 5016 Erdelii
2663 4963 2776 5016 sive
2807 4959 3242 5029 Transsylvanim
3264 4959 3387 5011 Vai—

1844 5058 1974 5111 voda
2025 5054 2398 5109 tantummodo
2456 5053 2854 5106 nominaretur.
2907 5050 3124 5120 l‘psimet
3189 5048 3385 5116 Ungari

1841 5150 2043 5203 Banum
2073 5163 2166 5202 seu
2226 5144 2461 5200 Wanum
2522 5160 2716 5199 vocare
2763 5138 2834 5198 se
2865 5144 3053 5210 dicunt
3101 5157 3244 5201 eum,
3292 5139 3385 5205 qui

1841 5243 2034 5296 vexillo
2058 5241 2180 5293 aliis
2234 5240 2411 5309 przit.
2440 5238 2594 5293 Unde
2624 5245 2796 5307 paret,
2820 5237 3110 5291 discrimen
3127 5234 3227 5286 hoc
3247 5232 3387 5284 inter

1839 5331 2254 5400 gubernatorem
2286 5338 2340 5382 et
2367 5321 2572 5380 Banum
2607 5341 2750 5389 esse,
2780 5325 2925 5394 quod
2959 5325 3030 5377 illi
3057 5332 3164 5376 tam
3225 5336 3379 5390 pace,

1836 5439 1997 5492 quam
2022 5421 2176 5487 bello,
2209 5436 2335 5475 cura
2368 5421 2511 5490 regni
2533 5417 3039 5483 omnisincumbat;
3067 5415 3154 5469 hic
3171 5413 3391 5468 bellicis

1837 5526 2043 5569 tantmn
2077 5515 2306 5584 negotiis
2328 5513 2522 5582 praesit.
2541 5510 2715 5578 Ipsum
2748 5512 2906 5564 etiam
2937 5496 3126 5564 nomen
3147 5525 3176 5560 a
3198 5504 3381 5597 Bando
3401 5547 3422 5562 .

1840 5607 2040 5660 factum
2079 5607 2427 5675 perspicitur,
2470 5604 2613 5672 quod
2647 5602 2806 5670 regiis
2833 5602 3070 5670 ipsorum
3103 5595 3372 5650 COllsUllF
3402 5595 3405 5598 ’

1805 5698 2072 5762 ,ῑὶοιιὶὺυε
2097 5697 2296 5750 dicitur
2325 5695 2646 5749 Banderium
2683 5713 2697 5748 :
2729 5704 2919 5762 estque
2973 5692 3148 5744 Bonus
3177 5687 3380 5742 Graecis

1834 5789 2173 5851 Flamularis,
2209 5789 2613 5858 φλαμουλὰρης,
2650 5787 2959 5853 Sanzacbeg
2983 5798 3075 5836 seu
3122 5781 3379 5833 Fialllllu-

1835 5878 2358 5946 lur,.Turcis.Nunc
2384 5883 2446 5935 ad
2485 5879 2702 5934 annales
2748 5892 2801 5931 ut
2855 5877 3163 5936 redeamusr
3212 5889 3375 5943 quem
