  <div class='ocr_page' id='page_1' title='image "/cluster/home/n/w/nwhite01/storage/ocr_20150623/159/pst.000005714797/519.png"; bbox 0 0 4006 6338; ppageno 0'>
   <div class='ocr_carea' id='block_1_1' title="bbox 644 482 745 548">
    <p class='ocr_par' dir='ltr' id='par_1_1' title="bbox 644 482 745 548">
     <span class='ocr_line' id='line_1_1' title="bbox 644 482 745 548; baseline -0.01 0"><span class='ocrx_word' id='word_1_1' title='bbox 644 482 745 548; x_wconf 82' lang='grc'><strong>851</strong></span> 
     </span>
    </p>
   </div>
   <div class='ocr_carea' id='block_1_2' title="bbox 1832 488 2651 558">
    <p class='ocr_par' dir='ltr' id='par_1_2' title="bbox 1832 488 2651 558">
     <span class='ocr_line' id='line_1_2' title="bbox 1832 488 2651 558; baseline 0.005 -8"><span class='ocrx_word' id='word_1_2' title='bbox 1832 488 2157 550; x_wconf 79' lang='lat' dir='ltr'><strong>JOANNIS</strong></span> <span class='ocrx_word' id='word_1_3' title='bbox 2189 491 2651 558; x_wconf 84' lang='lat' dir='ltr'><strong>LEUNCLAVII</strong></span> 
     </span>
    </p>
   </div>
   <div class='ocr_carea' id='block_1_3' title="bbox 3765 498 3860 562">
    <p class='ocr_par' dir='ltr' id='par_1_3' title="bbox 3765 498 3860 562">
     <span class='ocr_line' id='line_1_3' title="bbox 3765 498 3860 562; baseline 0.053 -7"><span class='ocrx_word' id='word_1_4' title='bbox 3765 498 3860 562; x_wconf 68' lang='grc' dir='ltr'><strong>8εὲ</strong></span> 
     </span>
    </p>
   </div>
   <div class='ocr_carea' id='block_1_4' title="bbox 643 591 3853 673">
    <p class='ocr_par' dir='ltr' id='par_1_4' title="bbox 643 591 3853 673">
     <span class='ocr_line' id='line_1_4' title="bbox 643 591 3853 673; baseline 0.004 -27"><span class='ocrx_word' id='word_1_5' title='bbox 643 593 732 646; x_wconf 92' lang='lat' dir='ltr'><strong>hic</strong></span> <span class='ocrx_word' id='word_1_6' title='bbox 766 591 1092 664; x_wconf 87' lang='lat' dir='ltr'><strong>Ungaricum</strong></span> <span class='ocrx_word' id='word_1_7' title='bbox 1135 591 1340 648; x_wconf 79' lang='lat' dir='ltr'><strong>Battum</strong></span> <span class='ocrx_word' id='word_1_8' title='bbox 1365 595 1684 665; x_wconf 77' lang='lat' dir='ltr'><strong>generaliter</strong></span> <span class='ocrx_word' id='word_1_9' title='bbox 1719 600 2012 666; x_wconf 86' lang='lat' dir='ltr'><strong>appellant,</strong></span> <span class='ocrx_word' id='word_1_10' title='bbox 2065 599 2196 653; x_wconf 87' lang='lat' dir='ltr'><strong>Bon-</strong></span> <span class='ocrx_word' id='word_1_11' title='bbox 2226 609 2272 665; x_wconf 74' lang='grc' dir='ltr'>Α</span> <span class='ocrx_word' id='word_1_12' title='bbox 2301 603 2530 672; x_wconf 84' lang='lat' dir='ltr'><strong>Agareni</strong></span> <span class='ocrx_word' id='word_1_13' title='bbox 2566 613 2618 658; x_wconf 91' lang='lat' dir='ltr'><strong>et</strong></span> <span class='ocrx_word' id='word_1_14' title='bbox 2642 603 2970 670; x_wconf 63' lang='lat' dir='ltr'><strong>Osmanidae,</strong></span> <span class='ocrx_word' id='word_1_15' title='bbox 3029 611 3089 658; x_wconf 87' lang='lat' dir='ltr'><strong>nt</strong></span> <span class='ocrx_word' id='word_1_16' title='bbox 3130 603 3183 657; x_wconf 93' lang='lat' dir='ltr'><strong>in</strong></span> <span class='ocrx_word' id='word_1_17' title='bbox 3239 603 3401 659; x_wconf 82' lang='lat' dir='ltr'><strong>rebus</strong></span> <span class='ocrx_word' id='word_1_18' title='bbox 3452 605 3517 658; x_wconf 82' lang='lat' dir='ltr'><strong>ad</strong></span> <span class='ocrx_word' id='word_1_19' title='bbox 3581 605 3853 673; x_wconf 90' lang='lat' dir='ltr'><strong>imperium</strong></span> 
     </span>
    </p>
   </div>
   <div class='ocr_carea' id='block_1_5' title="bbox 647 683 2198 755">
    <p class='ocr_par' dir='ltr' id='par_1_5' title="bbox 647 683 2198 755">
     <span class='ocr_line' id='line_1_5' title="bbox 647 683 2198 755; baseline 0.003 -20"><span class='ocrx_word' id='word_1_20' title='bbox 647 683 814 735; x_wconf 83' lang='lat' dir='ltr'><strong>finitis</strong></span> <span class='ocrx_word' id='word_1_21' title='bbox 841 683 1076 736; x_wconf 81' lang='lat' dir='ltr'><strong>Croatiae</strong></span> <span class='ocrx_word' id='word_1_22' title='bbox 1118 686 1494 739; x_wconf 84' lang='lat' dir='ltr'><strong>tantunnuodo</strong></span> <span class='ocrx_word' id='word_1_23' title='bbox 1520 685 1727 740; x_wconf 86' lang='lat' dir='ltr'><strong>Banutn</strong></span> <span class='ocrx_word' id='word_1_24' title='bbox 1786 688 1954 742; x_wconf 87' lang='lat' dir='ltr'><strong>fuisse</strong></span> <span class='ocrx_word' id='word_1_25' title='bbox 2010 689 2198 755; x_wconf 91' lang='lat' dir='ltr'><strong>tradit,</strong></span> 
     </span>
    </p>
   </div>
   <div class='ocr_carea' id='block_1_6' title="bbox 645 772 2200 846">
    <p class='ocr_par' dir='ltr' id='par_1_6' title="bbox 645 772 2200 846">
     <span class='ocr_line' id='line_1_6' title="bbox 645 772 2200 846; baseline 0.005 -20"><span class='ocrx_word' id='word_1_26' title='bbox 645 774 796 842; x_wconf 87' lang='lat' dir='ltr'><strong>regni</strong></span> <span class='ocrx_word' id='word_1_27' title='bbox 825 772 1074 827; x_wconf 89' lang='lat' dir='ltr'><strong>videlicet</strong></span> <span class='ocrx_word' id='word_1_28' title='bbox 1107 772 1356 844; x_wconf 65' lang='lat' dir='ltr'><strong>Ungarim</strong></span> <span class='ocrx_word' id='word_1_29' title='bbox 1379 791 1548 844; x_wconf 84' lang='lat' dir='ltr'><strong>regno</strong></span> <span class='ocrx_word' id='word_1_30' title='bbox 1576 777 1844 846; x_wconf 89' lang='lat' dir='ltr'><strong>adjuncti.</strong></span> <span class='ocrx_word' id='word_1_31' title='bbox 1873 780 2200 834; x_wconf 89' lang='lat' dir='ltr'><strong>Croatarum</strong></span> 
     </span>
    </p>
   </div>
   <div class='ocr_carea' id='block_1_7' title="bbox 646 867 2206 942">
    <p class='ocr_par' dir='ltr' id='par_1_7' title="bbox 646 867 2206 942">
     <span class='ocr_line' id='line_1_7' title="bbox 646 867 2206 942; baseline 0.007 -27"><span class='ocrx_word' id='word_1_32' title='bbox 646 880 776 919; x_wconf 72' lang='lat' dir='ltr'><strong>vero</strong></span> <span class='ocrx_word' id='word_1_33' title='bbox 804 881 998 920; x_wconf 72' lang='lat' dir='ltr'><strong>nooneu</strong></span> <span class='ocrx_word' id='word_1_34' title='bbox 1035 867 1307 935; x_wconf 79' lang='lat' dir='ltr'><strong>hodieque</strong></span> <span class='ocrx_word' id='word_1_35' title='bbox 1337 869 1709 923; x_wconf 91' lang='lat' dir='ltr'><strong>notissimum.</strong></span> <span class='ocrx_word' id='word_1_36' title='bbox 1743 869 1890 926; x_wconf 92' lang='lat' dir='ltr'><strong>Gens</strong></span> <span class='ocrx_word' id='word_1_37' title='bbox 1917 881 1999 926; x_wconf 90' lang='lat' dir='ltr'><strong>est</strong></span> <span class='ocrx_word' id='word_1_38' title='bbox 2034 871 2206 942; x_wconf 85' lang='lat' dir='ltr'><strong>perti-</strong></span> 
     </span>
    </p>
   </div>
   <div class='ocr_carea' id='block_1_8' title="bbox 644 959 2205 1034">
    <p class='ocr_par' dir='ltr' id='par_1_8' title="bbox 644 959 2205 1034">
     <span class='ocr_line' id='line_1_8' title="bbox 644 959 2205 1034; baseline 0.006 -24"><span class='ocrx_word' id='word_1_39' title='bbox 644 973 748 1010; x_wconf 83' lang='lat' dir='ltr'><strong>nax</strong></span> <span class='ocrx_word' id='word_1_40' title='bbox 775 959 828 1010; x_wconf 92' lang='lat' dir='ltr'><strong>in</strong></span> <span class='ocrx_word' id='word_1_41' title='bbox 860 959 1138 1013; x_wconf 89' lang='lat' dir='ltr'><strong>retinenda</strong></span> <span class='ocrx_word' id='word_1_42' title='bbox 1174 960 1427 1026; x_wconf 78' lang='lat' dir='ltr'><strong>religione</strong></span> <span class='ocrx_word' id='word_1_43' title='bbox 1444 976 1540 1014; x_wconf 89' lang='lat' dir='ltr'><strong>sua</strong></span> <span class='ocrx_word' id='word_1_44' title='bbox 1564 961 1889 1018; x_wconf 79' lang='lat' dir='ltr'><strong>Christiana.</strong></span> <span class='ocrx_word' id='word_1_45' title='bbox 1912 963 2205 1034; x_wconf 79' lang='lat' dir='ltr'><strong>PrOpterea</strong></span> 
     </span>
    </p>
   </div>
   <div class='ocr_carea' id='block_1_9' title="bbox 650 1046 2208 1122">
    <p class='ocr_par' dir='ltr' id='par_1_9' title="bbox 650 1046 2208 1122">
     <span class='ocr_line' id='line_1_9' title="bbox 650 1046 2208 1122; baseline 0.006 -21"><span class='ocrx_word' id='word_1_46' title='bbox 650 1046 845 1103; x_wconf 83' lang='lat' dir='ltr'><strong>Turcis</strong></span> <span class='ocrx_word' id='word_1_47' title='bbox 873 1064 994 1102; x_wconf 87' lang='lat' dir='ltr'><strong>esse</strong></span> <span class='ocrx_word' id='word_1_48' title='bbox 1016 1050 1227 1104; x_wconf 86' lang='lat' dir='ltr'><strong>subdita</strong></span> <span class='ocrx_word' id='word_1_49' title='bbox 1247 1063 1367 1105; x_wconf 90' lang='lat' dir='ltr'><strong>cum</strong></span> <span class='ocrx_word' id='word_1_50' title='bbox 1392 1051 1509 1120; x_wconf 84' lang='lat' dir='ltr'><strong>ejus</strong></span> <span class='ocrx_word' id='word_1_51' title='bbox 1536 1053 1842 1110; x_wconf 72' lang='lat' dir='ltr'><strong>amittendae</strong></span> <span class='ocrx_word' id='word_1_52' title='bbox 1861 1055 2102 1122; x_wconf 91' lang='lat' dir='ltr'><strong>periculo</strong></span> <span class='ocrx_word' id='word_1_53' title='bbox 2125 1071 2208 1110; x_wconf 85' lang='lat' dir='ltr'><strong>re-</strong></span> 
     </span>
    </p>
   </div>
   <div class='ocr_carea' id='block_1_10' title="bbox 650 1139 2206 1214">
    <p class='ocr_par' dir='ltr' id='par_1_10' title="bbox 650 1139 2206 1214">
     <span class='ocr_line' id='line_1_10' title="bbox 650 1139 2206 1214; baseline 0.008 -24"><span class='ocrx_word' id='word_1_54' title='bbox 650 1152 868 1204; x_wconf 84' lang='lat' dir='ltr'><strong>cusans,</strong></span> <span class='ocrx_word' id='word_1_55' title='bbox 893 1139 957 1192; x_wconf 90' lang='lat' dir='ltr'><strong>ad</strong></span> <span class='ocrx_word' id='word_1_56' title='bbox 979 1139 1188 1212; x_wconf 68' lang='lat' dir='ltr'><strong>vicinos</strong></span> <span class='ocrx_word' id='word_1_57' title='bbox 1210 1143 1427 1210; x_wconf 90' lang='lat' dir='ltr'><strong>migrat,</strong></span> <span class='ocrx_word' id='word_1_58' title='bbox 1444 1159 1797 1214; x_wconf 88' lang='lat' dir='ltr'><strong>magnamque</strong></span> <span class='ocrx_word' id='word_1_59' title='bbox 1817 1161 1960 1201; x_wconf 88' lang='lat' dir='ltr'><strong>nunc</strong></span> <span class='ocrx_word' id='word_1_60' title='bbox 1974 1147 2206 1202; x_wconf 69' lang='lat' dir='ltr'><strong>Austriae</strong></span> 
     </span>
    </p>
   </div>
   <div class='ocr_carea' id='block_1_11' title="bbox 643 1228 2203 1306">
    <p class='ocr_par' dir='ltr' id='par_1_11' title="bbox 643 1228 2203 1306">
     <span class='ocr_line' id='line_1_11' title="bbox 643 1228 2203 1306; baseline 0.005 -25"><span class='ocrx_word' id='word_1_61' title='bbox 643 1228 996 1298; x_wconf 67' lang='lat' dir='ltr'><strong>Moraviaaque</strong></span> <span class='ocrx_word' id='word_1_62' title='bbox 1031 1243 1257 1298; x_wconf 86' lang='lat' dir='ltr'><strong>partem,</strong></span> <span class='ocrx_word' id='word_1_63' title='bbox 1287 1233 1430 1301; x_wconf 82' lang='lat' dir='ltr'><strong>agris</strong></span> <span class='ocrx_word' id='word_1_64' title='bbox 1469 1233 1708 1288; x_wconf 92' lang='lat' dir='ltr'><strong>colendis</strong></span> <span class='ocrx_word' id='word_1_65' title='bbox 1737 1234 1917 1289; x_wconf 91' lang='lat' dir='ltr'><strong>dedita</strong></span> <span class='ocrx_word' id='word_1_66' title='bbox 1950 1238 2203 1306; x_wconf 69' lang='lat' dir='ltr'><strong>complet°</strong></span> 
     </span>
    </p>
   </div>
   <div class='ocr_carea' id='block_1_12' title="bbox 644 1319 2205 1397">
    <p class='ocr_par' dir='ltr' id='par_1_12' title="bbox 644 1319 2205 1397">
     <span class='ocr_line' id='line_1_12' title="bbox 644 1319 2205 1397; baseline 0.004 -23"><span class='ocrx_word' id='word_1_67' title='bbox 644 1319 914 1374; x_wconf 84' lang='lat' dir='ltr'><strong>Cedrinus</strong></span> <span class='ocrx_word' id='word_1_68' title='bbox 943 1322 995 1374; x_wconf 91' lang='lat' dir='ltr'><strong>in</strong></span> <span class='ocrx_word' id='word_1_69' title='bbox 1031 1321 1228 1376; x_wconf 78' lang='lat' dir='ltr'><strong>Basilio</strong></span> <span class='ocrx_word' id='word_1_70' title='bbox 1260 1323 1993 1392; x_wconf 88' lang='lat' dir='ltr'><strong>Bulgaroctono,Chorvatas</strong></span> <span class='ocrx_word' id='word_1_71' title='bbox 2028 1328 2205 1397; x_wconf 87' lang='lat' dir='ltr'><strong>appel-</strong></span> 
     </span>
    </p>
   </div>
   <div class='ocr_carea' id='block_1_13' title="bbox 644 1409 2204 1487">
    <p class='ocr_par' dir='ltr' id='par_1_13' title="bbox 644 1409 2204 1487">
     <span class='ocr_line' id='line_1_13' title="bbox 644 1409 2204 1487; baseline 0.004 -23"><span class='ocrx_word' id='word_1_72' title='bbox 644 1409 761 1465; x_wconf 81' lang='lat' dir='ltr'><strong>lans</strong></span> <span class='ocrx_word' id='word_1_73' title='bbox 798 1431 810 1466; x_wconf 94' lang='lat'>:</span> <span class='ocrx_word' id='word_1_74' title='bbox 847 1411 1088 1466; x_wconf 75' lang='lat' dir='ltr'><strong>Finitimi</strong></span> <span class='ocrx_word' id='word_1_75' title='bbox 1136 1425 1282 1480; x_wconf 92' lang='lat' dir='ltr'><strong>sunt,</strong></span> <span class='ocrx_word' id='word_1_76' title='bbox 1312 1415 1508 1484; x_wconf 90' lang='lat' dir='ltr'><strong>inquit,</strong></span> <span class='ocrx_word' id='word_1_77' title='bbox 1543 1415 1790 1487; x_wconf 86' lang='lat' dir='ltr'><strong>Bulgaris</strong></span> <span class='ocrx_word' id='word_1_78' title='bbox 1813 1416 2204 1470; x_wconf 79' lang='lat' dir='ltr'><strong>Chorvatarnm</strong></span> 
     </span>
    </p>
   </div>
   <div class='ocr_carea' id='block_1_14' title="bbox 644 1502 2206 1574">
    <p class='ocr_par' dir='ltr' id='par_1_14' title="bbox 644 1502 2206 1574">
     <span class='ocr_line' id='line_1_14' title="bbox 644 1502 2206 1574; baseline 0.001 -20"><span class='ocrx_word' id='word_1_79' title='bbox 644 1502 847 1570; x_wconf 89' lang='lat' dir='ltr'><strong>populi,</strong></span> <span class='ocrx_word' id='word_1_80' title='bbox 876 1503 1016 1571; x_wconf 90' lang='lat' dir='ltr'><strong>quod</strong></span> <span class='ocrx_word' id='word_1_81' title='bbox 1075 1519 1268 1557; x_wconf 87' lang='lat' dir='ltr'><strong>nomen</strong></span> <span class='ocrx_word' id='word_1_82' title='bbox 1319 1504 1580 1569; x_wconf 84' lang='lat' dir='ltr'><strong>Chorvat,</strong></span> <span class='ocrx_word' id='word_1_83' title='bbox 1610 1505 1693 1559; x_wconf 85' lang='lat' dir='ltr'><strong>vel</strong></span> <span class='ocrx_word' id='word_1_84' title='bbox 1747 1505 1967 1569; x_wconf 87' lang='lat' dir='ltr'><strong>llorvat,</strong></span> <span class='ocrx_word' id='word_1_85' title='bbox 1999 1505 2206 1574; x_wconf 84' lang='lat' dir='ltr'><strong>aspira-</strong></span> 
     </span>
    </p>
   </div>
   <div class='ocr_carea' id='block_1_15' title="bbox 648 1594 2204 1661">
    <p class='ocr_par' dir='ltr' id='par_1_15' title="bbox 648 1594 2204 1661">
     <span class='ocr_line' id='line_1_15' title="bbox 648 1594 2204 1661; baseline 0.003 -16"><span class='ocrx_word' id='word_1_86' title='bbox 648 1594 796 1648; x_wconf 88' lang='lat' dir='ltr'><strong>tione</strong></span> <span class='ocrx_word' id='word_1_87' title='bbox 827 1595 972 1661; x_wconf 90' lang='lat' dir='ltr'><strong>forti,</strong></span> <span class='ocrx_word' id='word_1_88' title='bbox 1003 1610 1144 1649; x_wconf 87' lang='lat' dir='ltr'><strong>nunc</strong></span> <span class='ocrx_word' id='word_1_89' title='bbox 1164 1597 1242 1650; x_wconf 84' lang='lat' dir='ltr'><strong>eis</strong></span> <span class='ocrx_word' id='word_1_90' title='bbox 1269 1606 1352 1651; x_wconf 90' lang='lat' dir='ltr'><strong>est</strong></span> <span class='ocrx_word' id='word_1_91' title='bbox 1385 1597 1547 1650; x_wconf 89' lang='lat' dir='ltr'><strong>etiam</strong></span> <span class='ocrx_word' id='word_1_92' title='bbox 1573 1598 1626 1650; x_wconf 88' lang='lat' dir='ltr'><strong>in</strong></span> <span class='ocrx_word' id='word_1_93' title='bbox 1653 1612 1776 1651; x_wconf 91' lang='lat' dir='ltr'><strong>usu.</strong></span> <span class='ocrx_word' id='word_1_94' title='bbox 1806 1595 1997 1651; x_wconf 70' lang='lat' dir='ltr'><strong>Caneri</strong></span> <span class='ocrx_word' id='word_1_95' title='bbox 2034 1597 2204 1650; x_wconf 72' lang='lat' dir='ltr'><strong>Graeci</strong></span> 
     </span>
    </p>
   </div>
   <div class='ocr_carea' id='block_1_16' title="bbox 647 1684 2177 1744">
    <p class='ocr_par' dir='ltr' id='par_1_16' title="bbox 647 1684 2177 1744">
     <span class='ocr_line' id='line_1_16' title="bbox 647 1684 2177 1744; baseline 0.001 -6"><span class='ocrx_word' id='word_1_96' title='bbox 647 1684 947 1741; x_wconf 85' lang='lat' dir='ltr'><strong>Chrobatas</strong></span> <span class='ocrx_word' id='word_1_97' title='bbox 982 1687 1095 1741; x_wconf 85' lang='lat' dir='ltr'><strong>sive</strong></span> <span class='ocrx_word' id='word_1_98' title='bbox 1121 1689 1422 1742; x_wconf 84' lang='lat' dir='ltr'><strong>Chrovatas</strong></span> <span class='ocrx_word' id='word_1_99' title='bbox 1443 1689 1744 1742; x_wconf 89' lang='lat' dir='ltr'><strong>nominant.</strong></span> <span class='ocrx_word' id='word_1_100' title='bbox 1769 1689 1831 1742; x_wconf 86' lang='lat' dir='ltr'><strong>Et</strong></span> <span class='ocrx_word' id='word_1_101' title='bbox 1852 1689 2050 1744; x_wconf 82' lang='lat' dir='ltr'><strong>alicubi</strong></span> <span class='ocrx_word' id='word_1_102' title='bbox 2076 1690 2177 1742; x_wconf 85' lang='lat' dir='ltr'><strong>seri</strong></span> 
     </span>
    </p>
   </div>
   <div class='ocr_carea' id='block_1_17' title="bbox 647 1778 2228 1848">
    <p class='ocr_par' dir='ltr' id='par_1_17' title="bbox 647 1778 2228 1848">
     <span class='ocr_line' id='line_1_17' title="bbox 647 1778 2228 1848; baseline 0.001 -17"><span class='ocrx_word' id='word_1_103' title='bbox 647 1787 795 1847; x_wconf 91' lang='lat' dir='ltr'><strong>ptum</strong></span> <span class='ocrx_word' id='word_1_104' title='bbox 828 1778 972 1848; x_wconf 86' lang='lat' dir='ltr'><strong>apud</strong></span> <span class='ocrx_word' id='word_1_105' title='bbox 1015 1781 1161 1848; x_wconf 88' lang='lat' dir='ltr'><strong>ipsos</strong></span> <span class='ocrx_word' id='word_1_106' title='bbox 1183 1779 1359 1847; x_wconf 84' lang='lat' dir='ltr'><strong>legere</strong></span> <span class='ocrx_word' id='word_1_107' title='bbox 1387 1781 1627 1844; x_wconf 78' lang='lat' dir='ltr'><strong>memini,</strong></span> <span class='ocrx_word' id='word_1_108' title='bbox 1655 1781 1874 1835; x_wconf 76' lang='lat' dir='ltr'><strong>Servios</strong></span> <span class='ocrx_word' id='word_1_109' title='bbox 1889 1790 1943 1836; x_wconf 87' lang='lat' dir='ltr'><strong>et</strong></span> <span class='ocrx_word' id='word_1_110' title='bbox 1964 1780 2173 1833; x_wconf 77' lang='lat' dir='ltr'><strong>Chrova</strong></span> <span class='ocrx_word' id='word_1_111' title='bbox 2224 1780 2228 1786; x_wconf 81' lang='grc'><strong>’</strong></span> 
     </span>
    </p>
   </div>
   <div class='ocr_carea' id='block_1_18' title="bbox 645 1872 2204 1942">
    <p class='ocr_par' dir='ltr' id='par_1_18' title="bbox 645 1872 2204 1942">
     <span class='ocr_line' id='line_1_18' title="bbox 645 1872 2204 1942; baseline 0.001 -18"><span class='ocrx_word' id='word_1_112' title='bbox 645 1880 729 1926; x_wconf 89' lang='lat' dir='ltr'><strong>tas</strong></span> <span class='ocrx_word' id='word_1_113' title='bbox 761 1872 981 1927; x_wconf 89' lang='lat' dir='ltr'><strong>eosdem</strong></span> <span class='ocrx_word' id='word_1_114' title='bbox 1017 1887 1137 1928; x_wconf 88' lang='lat' dir='ltr'><strong>esse</strong></span> <span class='ocrx_word' id='word_1_115' title='bbox 1171 1883 1416 1942; x_wconf 87' lang='lat' dir='ltr'><strong>respectu</strong></span> <span class='ocrx_word' id='word_1_116' title='bbox 1447 1873 1698 1926; x_wconf 87' lang='lat' dir='ltr'><strong>nimirum</strong></span> <span class='ocrx_word' id='word_1_117' title='bbox 1753 1873 1995 1940; x_wconf 84' lang='lat' dir='ltr'><strong>ejusdem</strong></span> <span class='ocrx_word' id='word_1_118' title='bbox 2045 1873 2204 1939; x_wconf 79' lang='lat' dir='ltr'><strong>origi-</strong></span> 
     </span>
    </p>
   </div>
   <div class='ocr_carea' id='block_1_19' title="bbox 642 1951 2272 2029">
    <p class='ocr_par' dir='ltr' id='par_1_19' title="bbox 642 1951 2272 2029">
     <span class='ocr_line' id='line_1_19' title="bbox 642 1951 2272 2029; baseline -0.007 -13"><span class='ocrx_word' id='word_1_119' title='bbox 642 1961 731 2017; x_wconf 83' lang='lat' dir='ltr'><strong>nis</strong></span> <span class='ocrx_word' id='word_1_120' title='bbox 745 1969 796 2014; x_wconf 89' lang='lat' dir='ltr'><strong>et</strong></span> <span class='ocrx_word' id='word_1_121' title='bbox 825 1960 1022 2029; x_wconf 56' lang='lat' dir='ltr'><strong>linguae.</strong></span> <span class='ocrx_word' id='word_1_122' title='bbox 1054 1961 1282 2016; x_wconf 87' lang='lat' dir='ltr'><strong>Venedae</strong></span> <span class='ocrx_word' id='word_1_123' title='bbox 1309 2000 1324 2022; x_wconf 95' lang='lat'><strong>,</strong></span> <span class='ocrx_word' id='word_1_124' title='bbox 1358 1975 1516 2029; x_wconf 90' lang='lat' dir='ltr'><strong>quam</strong></span> <span class='ocrx_word' id='word_1_125' title='bbox 1549 1960 1601 2012; x_wconf 95' lang='lat' dir='ltr'><strong>in</strong></span> <span class='ocrx_word' id='word_1_126' title='bbox 1632 1959 1833 2013; x_wconf 86' lang='lat' dir='ltr'><strong>Serviis</strong></span> <span class='ocrx_word' id='word_1_127' title='bbox 1861 1959 2200 2012; x_wconf 79' lang='lat' dir='ltr'><strong>demonstra-</strong></span> <span class='ocrx_word' id='word_1_128' title='bbox 2233 1951 2272 2005; x_wconf 85' lang='grc' dir='ltr'><strong>Β</strong></span> 
     </span>
    </p>
   </div>
   <div class='ocr_carea' id='block_1_20' title="bbox 643 2051 2196 2123">
    <p class='ocr_par' dir='ltr' id='par_1_20' title="bbox 643 2051 2196 2123">
     <span class='ocr_line' id='line_1_20' title="bbox 643 2051 2196 2123; baseline -0.001 -16"><span class='ocrx_word' id='word_1_129' title='bbox 643 2054 822 2108; x_wconf 83' lang='lat' dir='ltr'><strong>vimus</strong></span> <span class='ocrx_word' id='word_1_130' title='bbox 849 2054 1022 2123; x_wconf 88' lang='lat' dir='ltr'><strong>capite</strong></span> <span class='ocrx_word' id='word_1_131' title='bbox 1049 2054 1320 2108; x_wconf 64' lang='lat' dir='ltr'><strong>tricesimo</strong></span> <span class='ocrx_word' id='word_1_132' title='bbox 1350 2056 1561 2122; x_wconf 89' lang='lat' dir='ltr'><strong>quinto.</strong></span> <span class='ocrx_word' id='word_1_133' title='bbox 1582 2053 1791 2108; x_wconf 73' lang='lat' dir='ltr'><strong>llursus</strong></span> <span class='ocrx_word' id='word_1_134' title='bbox 1817 2052 1880 2107; x_wconf 86' lang='lat' dir='ltr'><strong>ab</strong></span> <span class='ocrx_word' id='word_1_135' title='bbox 1898 2051 2196 2106; x_wconf 84' lang='lat' dir='ltr'><strong>Annalibus</strong></span> 
     </span>
    </p>
   </div>
   <div class='ocr_carea' id='block_1_21' title="bbox 647 2144 2194 2215">
    <p class='ocr_par' dir='ltr' id='par_1_21' title="bbox 647 2144 2194 2215">
     <span class='ocr_line' id='line_1_21' title="bbox 647 2144 2194 2215; baseline -0.001 -17"><span class='ocrx_word' id='word_1_136' title='bbox 647 2147 730 2199; x_wconf 85' lang='lat' dir='ltr'><strong>his</strong></span> <span class='ocrx_word' id='word_1_137' title='bbox 758 2145 936 2201; x_wconf 86' lang='lat' dir='ltr'><strong>Banus</strong></span> <span class='ocrx_word' id='word_1_138' title='bbox 980 2147 1284 2215; x_wconf 87' lang='lat' dir='ltr'><strong>Ungaricus</strong></span> <span class='ocrx_word' id='word_1_139' title='bbox 1313 2149 1474 2201; x_wconf 85' lang='lat' dir='ltr'><strong>etiam</strong></span> <span class='ocrx_word' id='word_1_140' title='bbox 1511 2144 1745 2200; x_wconf 86' lang='lat' dir='ltr'><strong>Dircnzil</strong></span> <span class='ocrx_word' id='word_1_141' title='bbox 1794 2144 1902 2199; x_wconf 88' lang='lat' dir='ltr'><strong>Ban</strong></span> <span class='ocrx_word' id='word_1_142' title='bbox 1939 2145 2194 2199; x_wconf 88' lang='lat' dir='ltr'><strong>nomina-</strong></span> 
     </span>
    </p>
   </div>
   <div class='ocr_carea' id='block_1_22' title="bbox 647 2237 2198 2303">
    <p class='ocr_par' dir='ltr' id='par_1_22' title="bbox 647 2237 2198 2303">
     <span class='ocr_line' id='line_1_22' title="bbox 647 2237 2198 2303; baseline 0 -12"><span class='ocrx_word' id='word_1_143' title='bbox 647 2249 754 2302; x_wconf 92' lang='lat' dir='ltr'><strong>tur,</strong></span> <span class='ocrx_word' id='word_1_144' title='bbox 774 2239 934 2295; x_wconf 84' lang='lat' dir='ltr'><strong>veluti</strong></span> <span class='ocrx_word' id='word_1_145' title='bbox 977 2239 1148 2294; x_wconf 84' lang='lat' dir='ltr'><strong>Drenz</strong></span> <span class='ocrx_word' id='word_1_146' title='bbox 1171 2239 1271 2293; x_wconf 88' lang='lat' dir='ltr'><strong>Cili</strong></span> <span class='ocrx_word' id='word_1_147' title='bbox 1305 2239 1436 2303; x_wconf 85' lang='lat' dir='ltr'><strong>Ban,</strong></span> <span class='ocrx_word' id='word_1_148' title='bbox 1475 2239 1578 2292; x_wconf 91' lang='lat' dir='ltr'><strong>hoc</strong></span> <span class='ocrx_word' id='word_1_149' title='bbox 1625 2248 1732 2302; x_wconf 89' lang='lat' dir='ltr'><strong>est,</strong></span> <span class='ocrx_word' id='word_1_150' title='bbox 1788 2238 2028 2292; x_wconf 84' lang='lat' dir='ltr'><strong>Drenzus</strong></span> <span class='ocrx_word' id='word_1_151' title='bbox 2049 2237 2198 2291; x_wconf 66' lang='lat' dir='ltr'><strong>Ciliae</strong></span> 
     </span>
    </p>
   </div>
   <div class='ocr_carea' id='block_1_23' title="bbox 645 2328 2195 2401">
    <p class='ocr_par' dir='ltr' id='par_1_23' title="bbox 645 2328 2195 2401">
     <span class='ocr_line' id='line_1_23' title="bbox 645 2328 2195 2401; baseline -0.001 -19"><span class='ocrx_word' id='word_1_152' title='bbox 645 2329 850 2385; x_wconf 83' lang='lat' dir='ltr'><strong>Battus.</strong></span> <span class='ocrx_word' id='word_1_153' title='bbox 879 2332 1088 2401; x_wconf 91' lang='lat' dir='ltr'><strong>Quippe</strong></span> <span class='ocrx_word' id='word_1_154' title='bbox 1140 2331 1527 2386; x_wconf 85' lang='lat' dir='ltr'><strong>celeberrimus</strong></span> <span class='ocrx_word' id='word_1_155' title='bbox 1585 2330 1734 2386; x_wconf 71' lang='lat' dir='ltr'><strong>Ciliae</strong></span> <span class='ocrx_word' id='word_1_156' title='bbox 1787 2330 2079 2384; x_wconf 85' lang='lat' dir='ltr'><strong>comitatus</strong></span> <span class='ocrx_word' id='word_1_157' title='bbox 2131 2328 2195 2382; x_wconf 87' lang='lat' dir='ltr'><strong>ad</strong></span> 
     </span>
    </p>
   </div>
   <div class='ocr_carea' id='block_1_24' title="bbox 644 2419 2190 2492">
    <p class='ocr_par' dir='ltr' id='par_1_24' title="bbox 644 2419 2190 2492">
     <span class='ocr_line' id='line_1_24' title="bbox 644 2419 2190 2492; baseline -0.002 -16"><span class='ocrx_word' id='word_1_158' title='bbox 644 2421 875 2476; x_wconf 66' lang='lat' dir='ltr'><strong>Croatite</strong></span> <span class='ocrx_word' id='word_1_159' title='bbox 906 2422 1164 2477; x_wconf 87' lang='lat' dir='ltr'><strong>Banatum</strong></span> <span class='ocrx_word' id='word_1_160' title='bbox 1203 2424 1501 2492; x_wconf 90' lang='lat' dir='ltr'><strong>antiquitus</strong></span> <span class='ocrx_word' id='word_1_161' title='bbox 1559 2421 1879 2492; x_wconf 87' lang='lat' dir='ltr'><strong>pertinebat,</strong></span> <span class='ocrx_word' id='word_1_162' title='bbox 1907 2429 1962 2475; x_wconf 89' lang='lat' dir='ltr'><strong>et</strong></span> <span class='ocrx_word' id='word_1_163' title='bbox 2015 2419 2190 2474; x_wconf 75' lang='grc' dir='ltr'><strong>Βοιιίῑο</strong></span> 
     </span>
    </p>
   </div>
   <div class='ocr_carea' id='block_1_25' title="bbox 645 2511 2193 2584">
    <p class='ocr_par' dir='ltr' id='par_1_25' title="bbox 645 2511 2193 2584">
     <span class='ocr_line' id='line_1_25' title="bbox 645 2511 2193 2584; baseline -0.001 -18"><span class='ocrx_word' id='word_1_164' title='bbox 645 2515 771 2567; x_wconf 90' lang='lat' dir='ltr'><strong>nius</strong></span> <span class='ocrx_word' id='word_1_165' title='bbox 793 2529 1049 2584; x_wconf 79' lang='lat' dir='ltr'><strong>expresse</strong></span> <span class='ocrx_word' id='word_1_166' title='bbox 1081 2516 1244 2570; x_wconf 85' lang='lat' dir='ltr'><strong>tradit</strong></span> <span class='ocrx_word' id='word_1_167' title='bbox 1272 2517 1488 2571; x_wconf 89' lang='lat' dir='ltr'><strong>bassam</strong></span> <span class='ocrx_word' id='word_1_168' title='bbox 1523 2516 1653 2584; x_wconf 92' lang='lat' dir='ltr'><strong>(quo</strong></span> <span class='ocrx_word' id='word_1_169' title='bbox 1686 2514 1907 2568; x_wconf 88' lang='lat' dir='ltr'><strong>nomine</strong></span> <span class='ocrx_word' id='word_1_170' title='bbox 1935 2511 2193 2580; x_wconf 85' lang='lat' dir='ltr'><strong>Jacupcm</strong></span> 
     </span>
    </p>
   </div>
   <div class='ocr_carea' id='block_1_26' title="bbox 647 2603 2196 2676">
    <p class='ocr_par' dir='ltr' id='par_1_26' title="bbox 647 2603 2196 2676">
     <span class='ocr_line' id='line_1_26' title="bbox 647 2603 2196 2676; baseline -0.002 -17"><span class='ocrx_word' id='word_1_171' title='bbox 647 2621 800 2676; x_wconf 84' lang='lat' dir='ltr'><strong>agant</strong></span> <span class='ocrx_word' id='word_1_172' title='bbox 829 2607 1100 2676; x_wconf 87' lang='lat' dir='ltr'><strong>intelligit)</strong></span> <span class='ocrx_word' id='word_1_173' title='bbox 1135 2608 1364 2676; x_wconf 88' lang='lat' dir='ltr'><strong>primum</strong></span> <span class='ocrx_word' id='word_1_174' title='bbox 1417 2607 1662 2660; x_wconf 89' lang='lat' dir='ltr'><strong>omnium</strong></span> <span class='ocrx_word' id='word_1_175' title='bbox 1705 2606 1806 2659; x_wconf 92' lang='lat' dir='ltr'><strong>hoc</strong></span> <span class='ocrx_word' id='word_1_176' title='bbox 1842 2604 1982 2659; x_wconf 89' lang='lat' dir='ltr'><strong>bello</strong></span> <span class='ocrx_word' id='word_1_177' title='bbox 2033 2603 2196 2657; x_wconf 82' lang='lat' dir='ltr'><strong>Cilia-</strong></span> 
     </span>
    </p>
   </div>
   <div class='ocr_carea' id='block_1_27' title="bbox 644 2694 2193 2768">
    <p class='ocr_par' dir='ltr' id='par_1_27' title="bbox 644 2694 2193 2768">
     <span class='ocr_line' id='line_1_27' title="bbox 644 2694 2193 2768; baseline -0.005 -16"><span class='ocrx_word' id='word_1_178' title='bbox 644 2713 774 2752; x_wconf 86' lang='lat' dir='ltr'><strong>nttnt</strong></span> <span class='ocrx_word' id='word_1_179' title='bbox 804 2714 991 2766; x_wconf 86' lang='lat' dir='ltr'><strong>agrum</strong></span> <span class='ocrx_word' id='word_1_180' title='bbox 1011 2699 1361 2768; x_wconf 88' lang='lat' dir='ltr'><strong>populatione</strong></span> <span class='ocrx_word' id='word_1_181' title='bbox 1381 2696 1736 2752; x_wconf 82' lang='lat' dir='ltr'><strong>defermasse.</strong></span> <span class='ocrx_word' id='word_1_182' title='bbox 1763 2695 1892 2751; x_wconf 89' lang='lat' dir='ltr'><strong>Bani</strong></span> <span class='ocrx_word' id='word_1_183' title='bbox 1915 2694 2193 2764; x_wconf 91' lang='lat' dir='ltr'><strong>proprium</strong></span> 
     </span>
    </p>
   </div>
   <div class='ocr_carea' id='block_1_28' title="bbox 644 2789 2199 2861">
    <p class='ocr_par' dir='ltr' id='par_1_28' title="bbox 644 2789 2199 2861">
     <span class='ocr_line' id='line_1_28' title="bbox 644 2789 2199 2861; baseline -0.005 -15"><span class='ocrx_word' id='word_1_184' title='bbox 644 2807 840 2846; x_wconf 91' lang='lat' dir='ltr'><strong>nomen</strong></span> <span class='ocrx_word' id='word_1_185' title='bbox 868 2793 1005 2861; x_wconf 89' lang='lat' dir='ltr'><strong>apud</strong></span> <span class='ocrx_word' id='word_1_186' title='bbox 1037 2807 1157 2848; x_wconf 91' lang='lat' dir='ltr'><strong>eum</strong></span> <span class='ocrx_word' id='word_1_187' title='bbox 1180 2793 1393 2860; x_wconf 86' lang='lat' dir='ltr'><strong>legitur.</strong></span> <span class='ocrx_word' id='word_1_188' title='bbox 1419 2791 1699 2846; x_wconf 88' lang='lat' dir='ltr'><strong>Emericus</strong></span> <span class='ocrx_word' id='word_1_189' title='bbox 1731 2789 2066 2852; x_wconf 84' lang='lat' dir='ltr'><strong>Drenzenus,</strong></span> <span class='ocrx_word' id='word_1_190' title='bbox 2089 2789 2199 2839; x_wconf 82' lang='lat' dir='ltr'><strong>vir-</strong></span> 
     </span>
    </p>
   </div>
   <div class='ocr_carea' id='block_1_29' title="bbox 647 2883 2196 2953">
    <p class='ocr_par' dir='ltr' id='par_1_29' title="bbox 647 2883 2196 2953">
     <span class='ocr_line' id='line_1_29' title="bbox 647 2883 2196 2953; baseline -0.003 -17"><span class='ocrx_word' id='word_1_191' title='bbox 647 2883 729 2953; x_wconf 94' lang='lat' dir='ltr'><strong>(ut</strong></span> <span class='ocrx_word' id='word_1_192' title='bbox 760 2884 874 2952; x_wconf 90' lang='lat' dir='ltr'><strong>ipse</strong></span> <span class='ocrx_word' id='word_1_193' title='bbox 905 2884 1123 2949; x_wconf 80' lang='lat' dir='ltr'><strong>fatetur)</strong></span> <span class='ocrx_word' id='word_1_194' title='bbox 1156 2899 1377 2937; x_wconf 67' lang='lat' dir='ltr'><strong>summm</strong></span> <span class='ocrx_word' id='word_1_195' title='bbox 1407 2893 1514 2936; x_wconf 87' lang='lat' dir='ltr'><strong>tam</strong></span> <span class='ocrx_word' id='word_1_196' title='bbox 1543 2883 1844 2945; x_wconf 84' lang='lat' dir='ltr'><strong>industria-,</strong></span> <span class='ocrx_word' id='word_1_197' title='bbox 1878 2896 2040 2950; x_wconf 90' lang='lat' dir='ltr'><strong>quam</strong></span> <span class='ocrx_word' id='word_1_198' title='bbox 2067 2895 2196 2933; x_wconf 86' lang='lat' dir='ltr'><strong>con-</strong></span> 
     </span>
    </p>
   </div>
   <div class='ocr_carea' id='block_1_30' title="bbox 652 2972 2194 3038">
    <p class='ocr_par' dir='ltr' id='par_1_30' title="bbox 652 2972 2194 3038">
     <span class='ocr_line' id='line_1_30' title="bbox 652 2972 2194 3038; baseline -0.001 -9"><span class='ocrx_word' id='word_1_199' title='bbox 652 2974 757 3029; x_wconf 83' lang='lat' dir='ltr'><strong>silii</strong></span> <span class='ocrx_word' id='word_1_200' title='bbox 792 2975 920 3038; x_wconf 89' lang='lat' dir='ltr'><strong>:qui</strong></span> <span class='ocrx_word' id='word_1_201' title='bbox 953 2974 1210 3030; x_wconf 79' lang='lat' dir='ltr'><strong>suffectus</strong></span> <span class='ocrx_word' id='word_1_202' title='bbox 1241 2977 1486 3028; x_wconf 91' lang='lat' dir='ltr'><strong>inlocum</strong></span> <span class='ocrx_word' id='word_1_203' title='bbox 1517 2973 1741 3029; x_wconf 83' lang='lat' dir='ltr'><strong>Joannis</strong></span> <span class='ocrx_word' id='word_1_204' title='bbox 1770 2973 1994 3027; x_wconf 81' lang='lat' dir='ltr'><strong>Corvini</strong></span> <span class='ocrx_word' id='word_1_205' title='bbox 2040 2972 2194 3027; x_wconf 87' lang='lat' dir='ltr'><strong>ducis</strong></span> 
     </span>
    </p>
   </div>
   <div class='ocr_carea' id='block_1_31' title="bbox 651 3064 2191 3137">
    <p class='ocr_par' dir='ltr' id='par_1_31' title="bbox 651 3064 2191 3137">
     <span class='ocr_line' id='line_1_31' title="bbox 651 3064 2191 3137; baseline -0.003 -16"><span class='ocrx_word' id='word_1_206' title='bbox 651 3080 681 3121; x_wconf 81' lang='lat' dir='ltr'><strong>a</strong></span> <span class='ocrx_word' id='word_1_207' title='bbox 713 3064 983 3120; x_wconf 88' lang='lat' dir='ltr'><strong>Vladislao</strong></span> <span class='ocrx_word' id='word_1_208' title='bbox 1018 3082 1142 3137; x_wconf 89' lang='lat' dir='ltr'><strong>rege</strong></span> <span class='ocrx_word' id='word_1_209' title='bbox 1171 3067 1365 3121; x_wconf 89' lang='lat' dir='ltr'><strong>fuerat.</strong></span> <span class='ocrx_word' id='word_1_210' title='bbox 1395 3066 1613 3131; x_wconf 87' lang='lat' dir='ltr'><strong>Habuit,</strong></span> <span class='ocrx_word' id='word_1_211' title='bbox 1653 3077 1876 3119; x_wconf 91' lang='lat' dir='ltr'><strong>auctore</strong></span> <span class='ocrx_word' id='word_1_212' title='bbox 1926 3064 2191 3129; x_wconf 84' lang='lat' dir='ltr'><strong>Bonfmio,</strong></span> 
     </span>
    </p>
   </div>
   <div class='ocr_carea' id='block_1_32' title="bbox 644 3157 2191 3230">
    <p class='ocr_par' dir='ltr' id='par_1_32' title="bbox 644 3157 2191 3230">
     <span class='ocr_line' id='line_1_32' title="bbox 644 3157 2191 3230; baseline -0.002 -16"><span class='ocrx_word' id='word_1_213' title='bbox 644 3176 824 3214; x_wconf 85' lang='lat' dir='ltr'><strong>secum</strong></span> <span class='ocrx_word' id='word_1_214' title='bbox 866 3160 1041 3215; x_wconf 78' lang='lat' dir='ltr'><strong>Battus</strong></span> <span class='ocrx_word' id='word_1_215' title='bbox 1064 3169 1266 3230; x_wconf 85' lang='lat' dir='ltr'><strong>septem</strong></span> <span class='ocrx_word' id='word_1_216' title='bbox 1304 3161 1528 3214; x_wconf 89' lang='lat' dir='ltr'><strong>militum</strong></span> <span class='ocrx_word' id='word_1_217' title='bbox 1563 3158 1932 3214; x_wconf 91' lang='lat' dir='ltr'><strong>tantummodo</strong></span> <span class='ocrx_word' id='word_1_218' title='bbox 1979 3157 2143 3211; x_wconf 90' lang='lat' dir='ltr'><strong>millia</strong></span> <span class='ocrx_word' id='word_1_219' title='bbox 2178 3175 2191 3211; x_wconf 89' lang='lat'>:</span> 
     </span>
    </p>
   </div>
   <div class='ocr_carea' id='block_1_33' title="bbox 645 3251 2195 3322">
    <p class='ocr_par' dir='ltr' id='par_1_33' title="bbox 645 3251 2195 3322">
     <span class='ocr_line' id='line_1_33' title="bbox 645 3251 2195 3322; baseline -0.004 -15"><span class='ocrx_word' id='word_1_220' title='bbox 645 3255 836 3320; x_wconf 80' lang='lat' dir='ltr'><strong>reliqui</strong></span> <span class='ocrx_word' id='word_1_221' title='bbox 872 3257 1087 3308; x_wconf 75' lang='lat' dir='ltr'><strong>rusticae</strong></span> <span class='ocrx_word' id='word_1_222' title='bbox 1108 3255 1276 3322; x_wconf 85' lang='lat' dir='ltr'><strong>plebis</strong></span> <span class='ocrx_word' id='word_1_223' title='bbox 1304 3253 1612 3315; x_wconf 74' lang='lat' dir='ltr'><strong>inconditae,</strong></span> <span class='ocrx_word' id='word_1_224' title='bbox 1641 3266 1738 3306; x_wconf 91' lang='lat' dir='ltr'><strong>nec</strong></span> <span class='ocrx_word' id='word_1_225' title='bbox 1771 3251 1935 3304; x_wconf 89' lang='lat' dir='ltr'><strong>armis</strong></span> <span class='ocrx_word' id='word_1_226' title='bbox 1965 3257 2195 3304; x_wconf 69' lang='lat' dir='ltr'><strong>assuetae</strong></span> 
     </span>
    </p>
   </div>
   <div class='ocr_carea' id='block_1_34' title="bbox 647 3340 2195 3403">
    <p class='ocr_par' dir='ltr' id='par_1_34' title="bbox 647 3340 2195 3403">
     <span class='ocr_line' id='line_1_34' title="bbox 647 3340 2195 3403; baseline -0.003 -5"><span class='ocrx_word' id='word_1_227' title='bbox 647 3345 959 3399; x_wconf 83' lang='lat' dir='ltr'><strong>cohortibus</strong></span> <span class='ocrx_word' id='word_1_228' title='bbox 987 3347 1328 3403; x_wconf 87' lang='lat' dir='ltr'><strong>constabant.</strong></span> <span class='ocrx_word' id='word_1_229' title='bbox 1373 3344 1583 3398; x_wconf 83' lang='lat' dir='ltr'><strong>Accidit</strong></span> <span class='ocrx_word' id='word_1_230' title='bbox 1623 3343 1766 3396; x_wconf 86' lang='lat' dir='ltr'><strong>aliud</strong></span> <span class='ocrx_word' id='word_1_231' title='bbox 1790 3343 1951 3396; x_wconf 90' lang='lat' dir='ltr'><strong>etiam</strong></span> <span class='ocrx_word' id='word_1_232' title='bbox 1994 3340 2195 3394; x_wconf 88' lang='lat' dir='ltr'><strong>malum</strong></span> 
     </span>
    </p>
   </div>
   <div class='ocr_carea' id='block_1_35' title="bbox 647 3432 2198 3505">
    <p class='ocr_par' dir='ltr' id='par_1_35' title="bbox 647 3432 2198 3505">
     <span class='ocr_line' id='line_1_35' title="bbox 647 3432 2198 3505; baseline -0.003 -17"><span class='ocrx_word' id='word_1_233' title='bbox 647 3437 789 3505; x_wconf 93' lang='lat' dir='ltr'><strong>quod</strong></span> <span class='ocrx_word' id='word_1_234' title='bbox 817 3436 1124 3492; x_wconf 88' lang='lat' dir='ltr'><strong>Drenzenus</strong></span> <span class='ocrx_word' id='word_1_235' title='bbox 1154 3449 1340 3490; x_wconf 90' lang='lat' dir='ltr'><strong>contra</strong></span> <span class='ocrx_word' id='word_1_236' title='bbox 1367 3436 1691 3489; x_wconf 89' lang='lat' dir='ltr'><strong>sententiam</strong></span> <span class='ocrx_word' id='word_1_237' title='bbox 1725 3433 1889 3487; x_wconf 89' lang='lat' dir='ltr'><strong>animi</strong></span> <span class='ocrx_word' id='word_1_238' title='bbox 1949 3432 2031 3486; x_wconf 91' lang='lat' dir='ltr'><strong>sui</strong></span> <span class='ocrx_word' id='word_1_239' title='bbox 2072 3445 2198 3485; x_wconf 86' lang='lat' dir='ltr'><strong>coa-</strong></span> 
     </span>
    </p>
   </div>
   <div class='ocr_carea' id='block_1_36' title="bbox 648 3525 2199 3596">
    <p class='ocr_par' dir='ltr' id='par_1_36' title="bbox 648 3525 2199 3596">
     <span class='ocr_line' id='line_1_36' title="bbox 648 3525 2199 3596; baseline -0.003 -14"><span class='ocrx_word' id='word_1_240' title='bbox 648 3537 767 3584; x_wconf 88' lang='lat' dir='ltr'><strong>ctus</strong></span> <span class='ocrx_word' id='word_1_241' title='bbox 796 3545 822 3581; x_wconf 92' lang='lat' dir='ltr'><strong>a</strong></span> <span class='ocrx_word' id='word_1_242' title='bbox 855 3528 1188 3584; x_wconf 61' lang='lat' dir='ltr'><strong>Bernardino</strong></span> <span class='ocrx_word' id='word_1_243' title='bbox 1207 3527 1578 3596; x_wconf 81' lang='lat' dir='ltr'><strong>Frangepano,</strong></span> <span class='ocrx_word' id='word_1_244' title='bbox 1598 3525 1886 3596; x_wconf 82' lang='lat' dir='ltr'><strong>pugnavit:</strong></span> <span class='ocrx_word' id='word_1_245' title='bbox 1913 3525 2005 3596; x_wconf 92' lang='lat' dir='ltr'><strong>qui</strong></span> <span class='ocrx_word' id='word_1_246' title='bbox 2023 3536 2199 3578; x_wconf 87' lang='lat' dir='ltr'><strong>tamen</strong></span> 
     </span>
    </p>
   </div>
   <div class='ocr_carea' id='block_1_37' title="bbox 648 3619 2200 3692">
    <p class='ocr_par' dir='ltr' id='par_1_37' title="bbox 648 3619 2200 3692">
     <span class='ocr_line' id='line_1_37' title="bbox 648 3619 2200 3692; baseline -0.003 -17"><span class='ocrx_word' id='word_1_247' title='bbox 648 3639 677 3675; x_wconf 87' lang='lat' dir='ltr'><strong>e</strong></span> <span class='ocrx_word' id='word_1_248' title='bbox 710 3623 894 3690; x_wconf 72' lang='lat' dir='ltr'><strong>prazlio</strong></span> <span class='ocrx_word' id='word_1_249' title='bbox 922 3622 1046 3691; x_wconf 86' lang='lat' dir='ltr'><strong>fuga</strong></span> <span class='ocrx_word' id='word_1_250' title='bbox 1079 3638 1132 3676; x_wconf 91' lang='lat' dir='ltr'><strong>se</strong></span> <span class='ocrx_word' id='word_1_251' title='bbox 1173 3623 1452 3678; x_wconf 63' lang='lat' dir='ltr'><strong>subduxit.</strong></span> <span class='ocrx_word' id='word_1_252' title='bbox 1487 3620 1608 3676; x_wconf 74' lang='lat' dir='ltr'><strong>Haec</strong></span> <span class='ocrx_word' id='word_1_253' title='bbox 1631 3619 1794 3692; x_wconf 60' lang='lat'><strong>566</strong></span> <span class='ocrx_word' id='word_1_254' title='bbox 1827 3620 2034 3676; x_wconf 86' lang='lat' dir='ltr'><strong>scilicet</strong></span> <span class='ocrx_word' id='word_1_255' title='bbox 2082 3627 2200 3673; x_wconf 92' lang='lat' dir='ltr'><strong>erat</strong></span> 
     </span>
    </p>
   </div>
   <div class='ocr_carea' id='block_1_38' title="bbox 650 3713 2202 3784">
    <p class='ocr_par' dir='ltr' id='par_1_38' title="bbox 650 3713 2202 3784">
     <span class='ocr_line' id='line_1_38' title="bbox 650 3713 2202 3784; baseline -0.001 -18"><span class='ocrx_word' id='word_1_256' title='bbox 650 3713 738 3766; x_wconf 89' lang='lat' dir='ltr'><strong>illa</strong></span> <span class='ocrx_word' id='word_1_257' title='bbox 767 3724 876 3766; x_wconf 89' lang='lat' dir='ltr'><strong>tum</strong></span> <span class='ocrx_word' id='word_1_258' title='bbox 905 3714 1199 3778; x_wconf 87' lang='lat' dir='ltr'><strong>discordia,</strong></span> <span class='ocrx_word' id='word_1_259' title='bbox 1231 3723 1343 3767; x_wconf 90' lang='lat' dir='ltr'><strong>tum</strong></span> <span class='ocrx_word' id='word_1_260' title='bbox 1384 3714 1525 3784; x_wconf 85' lang='lat' dir='ltr'><strong>fuga,</strong></span> <span class='ocrx_word' id='word_1_261' title='bbox 1551 3728 1712 3782; x_wconf 90' lang='lat' dir='ltr'><strong>quam</strong></span> <span class='ocrx_word' id='word_1_262' title='bbox 1758 3715 1984 3767; x_wconf 91' lang='lat' dir='ltr'><strong>innuere</strong></span> <span class='ocrx_word' id='word_1_263' title='bbox 2009 3713 2202 3767; x_wconf 85' lang='lat' dir='ltr'><strong>volunt</strong></span> 
     </span>
    </p>
   </div>
   <div class='ocr_carea' id='block_1_39' title="bbox 649 3804 2204 3876">
    <p class='ocr_par' dir='ltr' id='par_1_39' title="bbox 649 3804 2204 3876">
     <span class='ocr_line' id='line_1_39' title="bbox 649 3804 2204 3876; baseline 0.003 -20"><span class='ocrx_word' id='word_1_264' title='bbox 649 3805 906 3868; x_wconf 82' lang='lat' dir='ltr'><strong>Annales,</strong></span> <span class='ocrx_word' id='word_1_265' title='bbox 933 3820 1054 3859; x_wconf 91' lang='lat' dir='ltr'><strong>cum</strong></span> <span class='ocrx_word' id='word_1_266' title='bbox 1095 3806 1267 3869; x_wconf 92' lang='lat' dir='ltr'><strong>aiunt,</strong></span> <span class='ocrx_word' id='word_1_267' title='bbox 1330 3804 1572 3874; x_wconf 83' lang='lat' dir='ltr'><strong>Ungaros</strong></span> <span class='ocrx_word' id='word_1_268' title='bbox 1599 3808 1746 3876; x_wconf 89' lang='lat' dir='ltr'><strong>ipsos</strong></span> <span class='ocrx_word' id='word_1_269' title='bbox 1797 3807 1936 3860; x_wconf 90' lang='lat' dir='ltr'><strong>inter</strong></span> <span class='ocrx_word' id='word_1_270' title='bbox 2002 3821 2060 3860; x_wconf 90' lang='lat' dir='ltr'><strong>se</strong></span> <span class='ocrx_word' id='word_1_271' title='bbox 2089 3806 2204 3860; x_wconf 87' lang='lat' dir='ltr'><strong>dis-</strong></span> 
     </span>
    </p>
   </div>
   <div class='ocr_carea' id='block_1_40' title="bbox 650 3896 2197 3967">
    <p class='ocr_par' dir='ltr' id='par_1_40' title="bbox 650 3896 2197 3967">
     <span class='ocr_line' id='line_1_40' title="bbox 650 3896 2197 3967; baseline 0.001 -17"><span class='ocrx_word' id='word_1_272' title='bbox 650 3896 968 3960; x_wconf 80' lang='lat' dir='ltr'><strong>sentientes,</strong></span> <span class='ocrx_word' id='word_1_273' title='bbox 995 3898 1214 3967; x_wconf 82' lang='lat' dir='ltr'><strong>fugisse.</strong></span> <span class='ocrx_word' id='word_1_274' title='bbox 1235 3898 1599 3954; x_wconf 83' lang='lat' dir='ltr'><strong>Bernardinus</strong></span> <span class='ocrx_word' id='word_1_275' title='bbox 1631 3908 1782 3967; x_wconf 90' lang='lat' dir='ltr'><strong>pater</strong></span> <span class='ocrx_word' id='word_1_276' title='bbox 1825 3905 1944 3952; x_wconf 90' lang='lat' dir='ltr'><strong>erat</strong></span> <span class='ocrx_word' id='word_1_277' title='bbox 1967 3896 2197 3952; x_wconf 86' lang='lat' dir='ltr'><strong>Joannis</strong></span> 
     </span>
    </p>
   </div>
   <div class='ocr_carea' id='block_1_41' title="bbox 651 3986 2194 4059">
    <p class='ocr_par' dir='ltr' id='par_1_41' title="bbox 651 3986 2194 4059">
     <span class='ocr_line' id='line_1_41' title="bbox 651 3986 2194 4059; baseline 0.003 -22"><span class='ocrx_word' id='word_1_278' title='bbox 651 3987 793 4041; x_wconf 90' lang='lat' dir='ltr'><strong>illius</strong></span> <span class='ocrx_word' id='word_1_279' title='bbox 822 3986 1182 4058; x_wconf 71' lang='lat' dir='ltr'><strong>Frangepani,</strong></span> <span class='ocrx_word' id='word_1_280' title='bbox 1225 4005 1384 4059; x_wconf 88' lang='lat' dir='ltr'><strong>quem</strong></span> <span class='ocrx_word' id='word_1_281' title='bbox 1423 3991 1705 4045; x_wconf 89' lang='lat' dir='ltr'><strong>obsessum</strong></span> <span class='ocrx_word' id='word_1_282' title='bbox 1773 3987 1944 4044; x_wconf 90' lang='lat' dir='ltr'><strong>fuisse</strong></span> <span class='ocrx_word' id='word_1_283' title='bbox 2005 3987 2194 4042; x_wconf 86' lang='lat' dir='ltr'><strong>Brevia</strong></span> 
     </span>
    </p>
   </div>
   <div class='ocr_carea' id='block_1_42' title="bbox 649 4077 2219 4147">
    <p class='ocr_par' dir='ltr' id='par_1_42' title="bbox 649 4077 2219 4147">
     <span class='ocr_line' id='line_1_42' title="bbox 649 4077 2219 4147; baseline 0.003 -16"><span class='ocrx_word' id='word_1_284' title='bbox 649 4077 906 4135; x_wconf 81' lang='lat' dir='ltr'><strong>diximus.</strong></span> <span class='ocrx_word' id='word_1_285' title='bbox 943 4081 1136 4147; x_wconf 87' lang='lat' dir='ltr'><strong>Filius,</strong></span> <span class='ocrx_word' id='word_1_286' title='bbox 1163 4083 1242 4135; x_wconf 92' lang='lat' dir='ltr'><strong>vir</strong></span> <span class='ocrx_word' id='word_1_287' title='bbox 1271 4083 1448 4146; x_wconf 87' lang='lat' dir='ltr'><strong>fertis,</strong></span> <span class='ocrx_word' id='word_1_288' title='bbox 1475 4081 1643 4136; x_wconf 88' lang='lat' dir='ltr'><strong>hostis</strong></span> <span class='ocrx_word' id='word_1_289' title='bbox 1669 4090 1844 4147; x_wconf 87' lang='lat' dir='ltr'><strong>antea,</strong></span> <span class='ocrx_word' id='word_1_290' title='bbox 1869 4082 1948 4135; x_wconf 87' lang='lat' dir='ltr'><strong>vel</strong></span> <span class='ocrx_word' id='word_1_291' title='bbox 1984 4080 2219 4136; x_wconf 65' lang='lat' dir='ltr'><strong>rebellis.</strong></span> 
     </span>
    </p>
   </div>
   <div class='ocr_carea' id='block_1_43' title="bbox 632 4172 1702 4242">
    <p class='ocr_par' dir='ltr' id='par_1_43' title="bbox 632 4172 1702 4242">
     <span class='ocr_line' id='line_1_43' title="bbox 632 4172 1702 4242; baseline 0.005 -19"><span class='ocrx_word' id='word_1_292' title='bbox 632 4172 852 4238; x_wconf 80' lang='lat' dir='ltr'><strong>‘potius,</strong></span> <span class='ocrx_word' id='word_1_293' title='bbox 881 4172 982 4226; x_wconf 90' lang='lat' dir='ltr'><strong>hac</strong></span> <span class='ocrx_word' id='word_1_294' title='bbox 1009 4189 1185 4242; x_wconf 91' lang='lat' dir='ltr'><strong>pugna</strong></span> <span class='ocrx_word' id='word_1_295' title='bbox 1229 4189 1402 4228; x_wconf 86' lang='lat' dir='ltr'><strong>caesus</strong></span> <span class='ocrx_word' id='word_1_296' title='bbox 1429 4173 1702 4228; x_wconf 89' lang='lat' dir='ltr'><strong>occubuit.</strong></span> 
     </span>
    </p>
   </div>
   <div class='ocr_carea' id='block_1_44' title="bbox 654 4308 2204 4378">
    <p class='ocr_par' dir='ltr' id='par_1_44' title="bbox 654 4308 2204 4378">
     <span class='ocr_line' id='line_1_44' title="bbox 654 4308 2204 4378; baseline -0.005 -11"><span class='ocrx_word' id='word_1_297' title='bbox 654 4313 775 4367; x_wconf 73' lang='grc'><strong>175.</strong></span> <span class='ocrx_word' id='word_1_298' title='bbox 817 4311 1035 4365; x_wconf 77' lang='lat' dir='ltr'><strong>Occasio</strong></span> <span class='ocrx_word' id='word_1_299' title='bbox 1067 4321 1116 4364; x_wconf 85' lang='lat' dir='ltr'><strong>et</strong></span> <span class='ocrx_word' id='word_1_300' title='bbox 1155 4328 1314 4364; x_wconf 84' lang='lat' dir='ltr'><strong>causa</strong></span> <span class='ocrx_word' id='word_1_301' title='bbox 1366 4310 1486 4363; x_wconf 76' lang='lat' dir='ltr'><strong>belli</strong></span> <span class='ocrx_word' id='word_1_302' title='bbox 1520 4309 1774 4378; x_wconf 81' lang='lat' dir='ltr'><strong>Bajazilis</strong></span> <span class='ocrx_word' id='word_1_303' title='bbox 1828 4312 2071 4361; x_wconf 73' lang='lat' dir='ltr'><strong>adversus</strong></span> <span class='ocrx_word' id='word_1_304' title='bbox 2103 4308 2204 4378; x_wconf 74' lang='grc' dir='ltr'><strong>γε.</strong></span> 
     </span>
    </p>
   </div>
   <div class='ocr_carea' id='block_1_45' title="bbox 724 4377 2202 4443">
    <p class='ocr_par' dir='ltr' id='par_1_45' title="bbox 724 4377 2202 4443">
     <span class='ocr_line' id='line_1_45' title="bbox 724 4377 2202 4443; baseline -0.005 -8"><span class='ocrx_word' id='word_1_305' title='bbox 724 4392 866 4436; x_wconf 81' lang='lat' dir='ltr'><strong>netos</strong></span> <span class='ocrx_word' id='word_1_306' title='bbox 894 4383 946 4433; x_wconf 83' lang='lat' dir='ltr'><strong>in</strong></span> <span class='ocrx_word' id='word_1_307' title='bbox 979 4380 1366 4443; x_wconf 77' lang='lat' dir='ltr'><strong>Peloponneso:</strong></span> <span class='ocrx_word' id='word_1_308' title='bbox 1396 4377 1681 4434; x_wconf 70' lang='lat' dir='ltr'><strong>LudoviCus</strong></span> <span class='ocrx_word' id='word_1_309' title='bbox 1706 4378 1928 4431; x_wconf 79' lang='lat' dir='ltr'><strong>Maurus</strong></span> <span class='ocrx_word' id='word_1_310' title='bbox 1959 4379 2066 4430; x_wconf 75' lang='lat' dir='ltr'><strong>dux</strong></span> <span class='ocrx_word' id='word_1_311' title='bbox 2091 4377 2202 4428; x_wconf 84' lang='lat' dir='ltr'><strong>Me-</strong></span> 
     </span>
    </p>
   </div>
   <div class='ocr_carea' id='block_1_46' title="bbox 727 4447 2204 4506">
    <p class='ocr_par' dir='ltr' id='par_1_46' title="bbox 727 4447 2204 4506">
     <span class='ocr_line' id='line_1_46' title="bbox 727 4447 2204 4506; baseline -0.003 -2"><span class='ocrx_word' id='word_1_312' title='bbox 727 4451 1043 4505; x_wconf 77' lang='lat' dir='ltr'><strong>diolauemis</strong></span> <span class='ocrx_word' id='word_1_313' title='bbox 1078 4451 1299 4504; x_wconf 82' lang='lat' dir='ltr'><strong>Turcum</strong></span> <span class='ocrx_word' id='word_1_314' title='bbox 1329 4451 1380 4503; x_wconf 82' lang='lat' dir='ltr'><strong>in</strong></span> <span class='ocrx_word' id='word_1_315' title='bbox 1420 4449 1634 4506; x_wconf 79' lang='lat' dir='ltr'><strong>Venetos</strong></span> <span class='ocrx_word' id='word_1_316' title='bbox 1661 4450 1916 4503; x_wconf 79' lang='lat' dir='ltr'><strong>concitat:</strong></span> <span class='ocrx_word' id='word_1_317' title='bbox 1938 4447 2204 4502; x_wconf 81' lang='lat' dir='ltr'><strong>Inebechti</strong></span> 
     </span>
    </p>
   </div>
   <div class='ocr_carea' id='block_1_47' title="bbox 723 4522 1250 4576">
    <p class='ocr_par' dir='ltr' id='par_1_47' title="bbox 723 4522 1250 4576">
     <span class='ocr_line' id='line_1_47' title="bbox 723 4522 1250 4576; baseline 0.002 -1"><span class='ocrx_word' id='word_1_318' title='bbox 723 4541 754 4575; x_wconf 75' lang='grc' dir='ltr'><strong>ιι</strong></span> <span class='ocrx_word' id='word_1_319' title='bbox 798 4522 982 4575; x_wconf 77' lang='lat' dir='ltr'><strong>Turcis</strong></span> <span class='ocrx_word' id='word_1_320' title='bbox 1021 4527 1250 4576; x_wconf 76' lang='lat' dir='ltr'><strong>obsessa.</strong></span> 
     </span>
    </p>
   </div>
   <div class='ocr_carea' id='block_1_48' title="bbox 2306 695 3854 764">
    <p class='ocr_par' dir='ltr' id='par_1_48' title="bbox 2306 695 3854 764">
     <span class='ocr_line' id='line_1_48' title="bbox 2306 695 3854 764; baseline -0.001 -16"><span class='ocrx_word' id='word_1_321' title='bbox 2306 696 2701 764; x_wconf 89' lang='lat' dir='ltr'><strong>spectantibus,</strong></span> <span class='ocrx_word' id='word_1_322' title='bbox 2733 704 2786 751; x_wconf 82' lang='lat' dir='ltr'><strong>et</strong></span> <span class='ocrx_word' id='word_1_323' title='bbox 2814 712 2914 752; x_wconf 92' lang='lat' dir='ltr'><strong>usu</strong></span> <span class='ocrx_word' id='word_1_324' title='bbox 2938 710 3038 751; x_wconf 93' lang='lat' dir='ltr'><strong>suo</strong></span> <span class='ocrx_word' id='word_1_325' title='bbox 3072 695 3228 750; x_wconf 77' lang='lat' dir='ltr'><strong>[idem</strong></span> <span class='ocrx_word' id='word_1_326' title='bbox 3264 698 3438 750; x_wconf 87' lang='lat' dir='ltr'><strong>datam</strong></span> <span class='ocrx_word' id='word_1_327' title='bbox 3464 695 3618 751; x_wconf 81' lang='lat' dir='ltr'><strong>ﬂocci</strong></span> <span class='ocrx_word' id='word_1_328' title='bbox 3645 698 3854 758; x_wconf 86' lang='lat' dir='ltr'><strong>faciant,</strong></span> 
     </span>
    </p>
   </div>
   <div class='ocr_carea' id='block_1_49' title="bbox 2306 787 3834 856">
    <p class='ocr_par' dir='ltr' id='par_1_49' title="bbox 2306 787 3834 856">
     <span class='ocr_line' id='line_1_49' title="bbox 2306 787 3834 856; baseline 0.001 -15"><span class='ocrx_word' id='word_1_329' title='bbox 2306 801 2407 841; x_wconf 89' lang='lat' dir='ltr'><strong>nec</strong></span> <span class='ocrx_word' id='word_1_330' title='bbox 2439 787 2604 840; x_wconf 87' lang='lat' dir='ltr'><strong>ullum</strong></span> <span class='ocrx_word' id='word_1_331' title='bbox 2635 788 3030 856; x_wconf 89' lang='lat' dir='ltr'><strong>promissorum</strong></span> <span class='ocrx_word' id='word_1_332' title='bbox 3081 787 3406 844; x_wconf 86' lang='lat' dir='ltr'><strong>Christianis</strong></span> <span class='ocrx_word' id='word_1_333' title='bbox 3454 787 3723 843; x_wconf 88' lang='lat' dir='ltr'><strong>factorum</strong></span> <span class='ocrx_word' id='word_1_334' title='bbox 3783 806 3834 844; x_wconf 88' lang='lat' dir='ltr'><strong>ra</strong></span> 
     </span>
    </p>
   </div>
   <div class='ocr_carea' id='block_1_50' title="bbox 2309 880 3858 950">
    <p class='ocr_par' dir='ltr' id='par_1_50' title="bbox 2309 880 3858 950">
     <span class='ocr_line' id='line_1_50' title="bbox 2309 880 3858 950; baseline 0.001 -17"><span class='ocrx_word' id='word_1_335' title='bbox 2309 884 2508 934; x_wconf 90' lang='lat' dir='ltr'><strong>tionem</strong></span> <span class='ocrx_word' id='word_1_336' title='bbox 2548 880 2801 934; x_wconf 88' lang='lat' dir='ltr'><strong>habeant.</strong></span> <span class='ocrx_word' id='word_1_337' title='bbox 2825 880 3033 936; x_wconf 86' lang='lat' dir='ltr'><strong>Bellum</strong></span> <span class='ocrx_word' id='word_1_338' title='bbox 3063 882 3227 950; x_wconf 87' lang='lat' dir='ltr'><strong>igitur</strong></span> <span class='ocrx_word' id='word_1_339' title='bbox 3253 881 3306 936; x_wconf 93' lang='lat' dir='ltr'><strong>in</strong></span> <span class='ocrx_word' id='word_1_340' title='bbox 3361 895 3456 935; x_wconf 90' lang='lat' dir='ltr'><strong>eos</strong></span> <span class='ocrx_word' id='word_1_341' title='bbox 3510 883 3750 944; x_wconf 88' lang='lat' dir='ltr'><strong>molitur,</strong></span> <span class='ocrx_word' id='word_1_342' title='bbox 3815 895 3858 935; x_wconf 87' lang='lat' dir='ltr'><strong>et</strong></span> 
     </span>
    </p>
   </div>
   <div class='ocr_carea' id='block_1_51' title="bbox 2308 973 3859 1042">
    <p class='ocr_par' dir='ltr' id='par_1_51' title="bbox 2308 973 3859 1042">
     <span class='ocr_line' id='line_1_51' title="bbox 2308 973 3859 1042; baseline -0.001 -17"><span class='ocrx_word' id='word_1_343' title='bbox 2308 980 2599 1042; x_wconf 63' lang='lat' dir='ltr'><strong>prattextus</strong></span> <span class='ocrx_word' id='word_1_344' title='bbox 2656 987 2822 1027; x_wconf 88' lang='lat' dir='ltr'><strong>causa</strong></span> <span class='ocrx_word' id='word_1_345' title='bbox 2875 973 3072 1042; x_wconf 89' lang='lat' dir='ltr'><strong>cupide</strong></span> <span class='ocrx_word' id='word_1_346' title='bbox 3143 973 3587 1039; x_wconf 80' lang='lat' dir='ltr'><strong>occasiuncularn</strong></span> <span class='ocrx_word' id='word_1_347' title='bbox 3655 973 3859 1042; x_wconf 86' lang='lat' dir='ltr'><strong>arripit,</strong></span> 
     </span>
    </p>
   </div>
   <div class='ocr_carea' id='block_1_52' title="bbox 2307 1061 3860 1134">
    <p class='ocr_par' dir='ltr' id='par_1_52' title="bbox 2307 1061 3860 1134">
     <span class='ocr_line' id='line_1_52' title="bbox 2307 1061 3860 1134; baseline 0 -18"><span class='ocrx_word' id='word_1_348' title='bbox 2307 1063 2449 1131; x_wconf 91' lang='lat' dir='ltr'><strong>quod</strong></span> <span class='ocrx_word' id='word_1_349' title='bbox 2504 1061 2692 1118; x_wconf 85' lang='lat' dir='ltr'><strong>Veneti</strong></span> <span class='ocrx_word' id='word_1_350' title='bbox 2753 1065 3137 1134; x_wconf 88' lang='lat' dir='ltr'><strong>protegendum</strong></span> <span class='ocrx_word' id='word_1_351' title='bbox 3201 1065 3567 1134; x_wconf 88' lang='lat' dir='ltr'><strong>suscepissent</strong></span> <span class='ocrx_word' id='word_1_352' title='bbox 3615 1068 3860 1120; x_wconf 85' lang='lat' dir='ltr'><strong>comitem</strong></span> 
     </span>
    </p>
   </div>
   <div class='ocr_carea' id='block_1_53' title="bbox 2307 1155 3863 1224">
    <p class='ocr_par' dir='ltr' id='par_1_53' title="bbox 2307 1155 3863 1224">
     <span class='ocr_line' id='line_1_53' title="bbox 2307 1155 3863 1224; baseline 0.001 -13"><span class='ocrx_word' id='word_1_353' title='bbox 2307 1156 2567 1211; x_wconf 89' lang='lat' dir='ltr'><strong>Joannem</strong></span> <span class='ocrx_word' id='word_1_354' title='bbox 2603 1155 3017 1210; x_wconf 86' lang='lat' dir='ltr'><strong>Cernovichium</strong></span> <span class='ocrx_word' id='word_1_355' title='bbox 3046 1156 3437 1224; x_wconf 82' lang='lat' dir='ltr'><strong>(Cernovitzios</strong></span> <span class='ocrx_word' id='word_1_356' title='bbox 3466 1158 3728 1212; x_wconf 86' lang='lat' dir='ltr'><strong>dicendos</strong></span> <span class='ocrx_word' id='word_1_357' title='bbox 3781 1174 3863 1212; x_wconf 84' lang='lat' dir='ltr'><strong>os-</strong></span> 
     </span>
    </p>
   </div>
   <div class='ocr_carea' id='block_1_54' title="bbox 2310 1248 3860 1327">
    <p class='ocr_par' dir='ltr' id='par_1_54' title="bbox 2310 1248 3860 1327">
     <span class='ocr_line' id='line_1_54' title="bbox 2310 1248 3860 1327; baseline -0.001 -26"><span class='ocrx_word' id='word_1_358' title='bbox 2310 1248 2584 1302; x_wconf 87' lang='lat' dir='ltr'><strong>tendimus</strong></span> <span class='ocrx_word' id='word_1_359' title='bbox 2608 1263 2791 1316; x_wconf 89' lang='lat' dir='ltr'><strong>supra,</strong></span> <span class='ocrx_word' id='word_1_360' title='bbox 2825 1249 3003 1317; x_wconf 85' lang='lat' dir='ltr'><strong>capite</strong></span> <span class='ocrx_word' id='word_1_361' title='bbox 3036 1250 3127 1327; x_wconf 65' lang='grc'><strong>46,</strong></span> <span class='ocrx_word' id='word_1_362' title='bbox 3157 1257 3210 1305; x_wconf 91' lang='lat' dir='ltr'><strong>et</strong></span> <span class='ocrx_word' id='word_1_363' title='bbox 3247 1249 3389 1303; x_wconf 88' lang='lat' dir='ltr'><strong>hunc.</strong></span> <span class='ocrx_word' id='word_1_364' title='bbox 3440 1250 3530 1303; x_wconf 88' lang='lat' dir='ltr'><strong>alii</strong></span> <span class='ocrx_word' id='word_1_365' title='bbox 3575 1249 3860 1318; x_wconf 78' lang='lat' dir='ltr'><strong>Georgium</strong></span> 
     </span>
    </p>
   </div>
   <div class='ocr_carea' id='block_1_55' title="bbox 2310 1338 3862 1417">
    <p class='ocr_par' dir='ltr' id='par_1_55' title="bbox 2310 1338 3862 1417">
     <span class='ocr_line' id='line_1_55' title="bbox 2310 1338 3862 1417; baseline -0.001 -26"><span class='ocrx_word' id='word_1_366' title='bbox 2310 1340 2549 1403; x_wconf 88' lang='lat' dir='ltr'><strong>vocant),</strong></span> <span class='ocrx_word' id='word_1_367' title='bbox 2587 1338 2777 1394; x_wconf 73' lang='lat' dir='ltr'><strong>vicina:</strong></span> <span class='ocrx_word' id='word_1_368' title='bbox 2805 1339 3004 1395; x_wconf 89' lang='lat' dir='ltr'><strong>Cataro</strong></span> <span class='ocrx_word' id='word_1_369' title='bbox 3034 1341 3257 1397; x_wconf 89' lang='lat' dir='ltr'><strong>ditionis</strong></span> <span class='ocrx_word' id='word_1_370' title='bbox 3279 1341 3539 1417; x_wconf 84' lang='lat' dir='ltr'><strong>regulum,</strong></span> <span class='ocrx_word' id='word_1_371' title='bbox 3571 1342 3659 1395; x_wconf 93' lang='lat' dir='ltr'><strong>cui</strong></span> <span class='ocrx_word' id='word_1_372' title='bbox 3700 1342 3862 1407; x_wconf 74' lang='lat' dir='ltr'><strong>plera-</strong></span> 
     </span>
    </p>
   </div>
   <div class='ocr_carea' id='block_1_56' title="bbox 2309 1429 3863 1499">
    <p class='ocr_par' dir='ltr' id='par_1_56' title="bbox 2309 1429 3863 1499">
     <span class='ocr_line' id='line_1_56' title="bbox 2309 1429 3863 1499; baseline -0.001 -16"><span class='ocrx_word' id='word_1_373' title='bbox 2309 1444 2412 1498; x_wconf 85' lang='lat' dir='ltr'><strong>que</strong></span> <span class='ocrx_word' id='word_1_374' title='bbox 2441 1429 2709 1498; x_wconf 82' lang='lat' dir='ltr'><strong>Bajazites</strong></span> <span class='ocrx_word' id='word_1_375' title='bbox 2740 1430 3036 1486; x_wconf 86' lang='lat' dir='ltr'><strong>ademerat.</strong></span> <span class='ocrx_word' id='word_1_376' title='bbox 3070 1431 3175 1485; x_wconf 86' lang='lat' dir='ltr'><strong>Sed</strong></span> <span class='ocrx_word' id='word_1_377' title='bbox 3233 1431 3335 1485; x_wconf 89' lang='lat' dir='ltr'><strong>alia</strong></span> <span class='ocrx_word' id='word_1_378' title='bbox 3395 1445 3588 1499; x_wconf 87' lang='lat' dir='ltr'><strong>reapse</strong></span> <span class='ocrx_word' id='word_1_379' title='bbox 3647 1431 3863 1485; x_wconf 87' lang='lat' dir='ltr'><strong>suberat</strong></span> 
     </span>
    </p>
   </div>
   <div class='ocr_carea' id='block_1_57' title="bbox 2308 1521 3861 1592">
    <p class='ocr_par' dir='ltr' id='par_1_57' title="bbox 2308 1521 3861 1592">
     <span class='ocr_line' id='line_1_57' title="bbox 2308 1521 3861 1592; baseline -0.001 -16"><span class='ocrx_word' id='word_1_380' title='bbox 2308 1537 2632 1592; x_wconf 76' lang='lat' dir='ltr'><strong>causa,qure</strong></span> <span class='ocrx_word' id='word_1_381' title='bbox 2668 1537 2803 1590; x_wconf 89' lang='lat' dir='ltr'><strong>penc</strong></span> <span class='ocrx_word' id='word_1_382' title='bbox 2829 1531 3033 1577; x_wconf 89' lang='lat' dir='ltr'><strong>certam</strong></span> <span class='ocrx_word' id='word_1_383' title='bbox 3065 1523 3114 1578; x_wconf 90' lang='lat' dir='ltr'><strong>ei</strong></span> <span class='ocrx_word' id='word_1_384' title='bbox 3148 1538 3296 1591; x_wconf 87' lang='lat' dir='ltr'><strong>spem</strong></span> <span class='ocrx_word' id='word_1_385' title='bbox 3333 1522 3569 1576; x_wconf 80' lang='lat' dir='ltr'><strong>faciebat</strong></span> <span class='ocrx_word' id='word_1_386' title='bbox 3618 1521 3861 1591; x_wconf 87' lang='lat' dir='ltr'><strong>ejiciendi</strong></span> 
     </span>
    </p>
   </div>
   <div class='ocr_carea' id='block_1_58' title="bbox 2310 1612 3863 1682">
    <p class='ocr_par' dir='ltr' id='par_1_58' title="bbox 2310 1612 3863 1682">
     <span class='ocr_line' id='line_1_58' title="bbox 2310 1612 3863 1682; baseline -0.001 -14"><span class='ocrx_word' id='word_1_387' title='bbox 2310 1613 2545 1672; x_wconf 88' lang='lat' dir='ltr'><strong>Venetos</strong></span> <span class='ocrx_word' id='word_1_388' title='bbox 2576 1629 2606 1668; x_wconf 93' lang='lat' dir='ltr'><strong>e</strong></span> <span class='ocrx_word' id='word_1_389' title='bbox 2639 1612 2818 1667; x_wconf 78' lang='lat' dir='ltr'><strong>Morea</strong></span> <span class='ocrx_word' id='word_1_390' title='bbox 2856 1615 2968 1668; x_wconf 86' lang='lat' dir='ltr'><strong>sive</strong></span> <span class='ocrx_word' id='word_1_391' title='bbox 2995 1613 3390 1682; x_wconf 84' lang='lat' dir='ltr'><strong>Peloponneso,</strong></span> <span class='ocrx_word' id='word_1_392' title='bbox 3421 1615 3472 1666; x_wconf 90' lang='lat' dir='ltr'><strong>in</strong></span> <span class='ocrx_word' id='word_1_393' title='bbox 3533 1628 3642 1682; x_wconf 92' lang='lat' dir='ltr'><strong>qua</strong></span> <span class='ocrx_word' id='word_1_394' title='bbox 3674 1613 3863 1666; x_wconf 86' lang='lat' dir='ltr'><strong>multas</strong></span> 
     </span>
    </p>
   </div>
   <div class='ocr_carea' id='block_1_59' title="bbox 2311 1701 3862 1772">
    <p class='ocr_par' dir='ltr' id='par_1_59' title="bbox 2311 1701 3862 1772">
     <span class='ocr_line' id='line_1_59' title="bbox 2311 1701 3862 1772; baseline 0.001 -17"><span class='ocrx_word' id='word_1_395' title='bbox 2311 1718 2440 1756; x_wconf 88' lang='lat' dir='ltr'><strong>sane</strong></span> <span class='ocrx_word' id='word_1_396' title='bbox 2468 1717 2690 1772; x_wconf 84' lang='lat' dir='ltr'><strong>magnas</strong></span> <span class='ocrx_word' id='word_1_397' title='bbox 2714 1713 2768 1756; x_wconf 90' lang='lat' dir='ltr'><strong>et</strong></span> <span class='ocrx_word' id='word_1_398' title='bbox 2801 1702 3039 1757; x_wconf 89' lang='lat' dir='ltr'><strong>munitas</strong></span> <span class='ocrx_word' id='word_1_399' title='bbox 3072 1701 3234 1757; x_wconf 90' lang='lat' dir='ltr'><strong>urbes</strong></span> <span class='ocrx_word' id='word_1_400' title='bbox 3296 1717 3557 1771; x_wconf 86' lang='lat' dir='ltr'><strong>arcesque</strong></span> <span class='ocrx_word' id='word_1_401' title='bbox 3623 1703 3862 1770; x_wconf 58' lang='lat' dir='ltr'><strong>possideo</strong></span> 
     </span>
    </p>
   </div>
   <div class='ocr_carea' id='block_1_60' title="bbox 2311 1793 3861 1853">
    <p class='ocr_par' dir='ltr' id='par_1_60' title="bbox 2311 1793 3861 1853">
     <span class='ocr_line' id='line_1_60' title="bbox 2311 1793 3861 1853; baseline 0.004 -7"><span class='ocrx_word' id='word_1_402' title='bbox 2311 1793 2460 1846; x_wconf 90' lang='lat' dir='ltr'><strong>bant.</strong></span> <span class='ocrx_word' id='word_1_403' title='bbox 2490 1793 2697 1848; x_wconf 89' lang='lat' dir='ltr'><strong>Etenim</strong></span> <span class='ocrx_word' id='word_1_404' title='bbox 2766 1794 2952 1850; x_wconf 73' lang='lat' dir='ltr'><strong>Galliae</strong></span> <span class='ocrx_word' id='word_1_405' title='bbox 2995 1811 3085 1851; x_wconf 88' lang='lat' dir='ltr'><strong>rex</strong></span> <span class='ocrx_word' id='word_1_406' title='bbox 3149 1795 3457 1851; x_wconf 91' lang='lat' dir='ltr'><strong>Ludovicus</strong></span> <span class='ocrx_word' id='word_1_407' title='bbox 3509 1798 3861 1853; x_wconf 89' lang='lat' dir='ltr'><strong>duodecimus</strong></span> 
     </span>
    </p>
   </div>
   <div class='ocr_carea' id='block_1_61' title="bbox 2312 1884 3861 1958">
    <p class='ocr_par' dir='ltr' id='par_1_61' title="bbox 2312 1884 3861 1958">
     <span class='ocr_line' id='line_1_61' title="bbox 2312 1884 3861 1958; baseline 0.003 -20"><span class='ocrx_word' id='word_1_408' title='bbox 2312 1884 2640 1940; x_wconf 89' lang='lat' dir='ltr'><strong>Ludovicum</strong></span> <span class='ocrx_word' id='word_1_409' title='bbox 2697 1886 3030 1955; x_wconf 88' lang='lat' dir='ltr'><strong>Spltortiam,</strong></span> <span class='ocrx_word' id='word_1_410' title='bbox 3120 1898 3480 1958; x_wconf 83' lang='lat' dir='ltr'><strong>cognomento</strong></span> <span class='ocrx_word' id='word_1_411' title='bbox 3544 1888 3861 1952; x_wconf 82' lang='lat' dir='ltr'><strong>Maurum,a</strong></span> 
     </span>
    </p>
   </div>
   <div class='ocr_carea' id='block_1_62' title="bbox 2301 1977 3886 2049">
    <p class='ocr_par' dir='ltr' id='par_1_62' title="bbox 2301 1977 3886 2049">
     <span class='ocr_line' id='line_1_62' title="bbox 2301 1977 3886 2049; baseline 0.003 -20"><span class='ocrx_word' id='word_1_412' title='bbox 2301 1977 2583 2044; x_wconf 87' lang='lat' dir='ltr'><strong>nigredine</strong></span> <span class='ocrx_word' id='word_1_413' title='bbox 2628 1978 2830 2041; x_wconf 82' lang='lat' dir='ltr'><strong>vultus,</strong></span> <span class='ocrx_word' id='word_1_414' title='bbox 2863 1979 3061 2034; x_wconf 91' lang='lat' dir='ltr'><strong>ducatu</strong></span> <span class='ocrx_word' id='word_1_415' title='bbox 3095 1980 3482 2035; x_wconf 86' lang='lat' dir='ltr'><strong>Mediolanensi</strong></span> <span class='ocrx_word' id='word_1_416' title='bbox 3507 1982 3886 2049; x_wconf 67' lang='lat' dir='ltr'><strong>spoliaturus,’</strong></span> 
     </span>
    </p>
   </div>
   <div class='ocr_carea' id='block_1_63' title="bbox 2301 2068 3858 2139">
    <p class='ocr_par' dir='ltr' id='par_1_63' title="bbox 2301 2068 3858 2139">
     <span class='ocr_line' id='line_1_63' title="bbox 2301 2068 3858 2139; baseline 0.001 -18"><span class='ocrx_word' id='word_1_417' title='bbox 2301 2084 2459 2139; x_wconf 91' lang='lat' dir='ltr'><strong>quem</strong></span> <span class='ocrx_word' id='word_1_418' title='bbox 2487 2068 2571 2122; x_wconf 88' lang='lat' dir='ltr'><strong>sui</strong></span> <span class='ocrx_word' id='word_1_419' title='bbox 2597 2068 2736 2137; x_wconf 89' lang='lat' dir='ltr'><strong>juris</strong></span> <span class='ocrx_word' id='word_1_420' title='bbox 2761 2070 3060 2131; x_wconf 88' lang='lat' dir='ltr'><strong>asserebat.</strong></span> <span class='ocrx_word' id='word_1_421' title='bbox 3097 2071 3275 2126; x_wconf 75' lang='lat' dir='ltr'><strong>foedus</strong></span> <span class='ocrx_word' id='word_1_422' title='bbox 3300 2080 3488 2124; x_wconf 90' lang='lat' dir='ltr'><strong>contra</strong></span> <span class='ocrx_word' id='word_1_423' title='bbox 3551 2070 3858 2138; x_wconf 80' lang='lat' dir='ltr'><strong>Sphortiam</strong></span> 
     </span>
    </p>
   </div>
   <div class='ocr_carea' id='block_1_64' title="bbox 2301 2161 3859 2231">
    <p class='ocr_par' dir='ltr' id='par_1_64' title="bbox 2301 2161 3859 2231">
     <span class='ocr_line' id='line_1_64' title="bbox 2301 2161 3859 2231; baseline 0.001 -16"><span class='ocrx_word' id='word_1_424' title='bbox 2301 2177 2424 2215; x_wconf 88' lang='lat' dir='ltr'><strong>cum</strong></span> <span class='ocrx_word' id='word_1_425' title='bbox 2458 2161 2731 2230; x_wconf 87' lang='lat' dir='ltr'><strong>republica</strong></span> <span class='ocrx_word' id='word_1_426' title='bbox 2771 2161 2971 2216; x_wconf 89' lang='lat' dir='ltr'><strong>Veneta</strong></span> <span class='ocrx_word' id='word_1_427' title='bbox 3039 2169 3384 2231; x_wconf 78' lang='lat' dir='ltr'><strong>percusserat</strong></span> <span class='ocrx_word' id='word_1_428' title='bbox 3462 2161 3534 2214; x_wconf 82' lang='lat' dir='ltr'><strong>Ea</strong></span> <span class='ocrx_word' id='word_1_429' title='bbox 3589 2162 3859 2217; x_wconf 87' lang='lat' dir='ltr'><strong>Gallorum</strong></span> 
     </span>
    </p>
   </div>
   <div class='ocr_carea' id='block_1_65' title="bbox 2301 2252 3860 2324">
    <p class='ocr_par' dir='ltr' id='par_1_65' title="bbox 2301 2252 3860 2324">
     <span class='ocr_line' id='line_1_65' title="bbox 2301 2252 3860 2324; baseline 0 -18"><span class='ocrx_word' id='word_1_430' title='bbox 2301 2267 2421 2306; x_wconf 89' lang='lat' dir='ltr'><strong>cum</strong></span> <span class='ocrx_word' id='word_1_431' title='bbox 2461 2252 2674 2308; x_wconf 85' lang='lat' dir='ltr'><strong>Venetis</strong></span> <span class='ocrx_word' id='word_1_432' title='bbox 2701 2253 3085 2320; x_wconf 89' lang='lat' dir='ltr'><strong>conjunctione</strong></span> <span class='ocrx_word' id='word_1_433' title='bbox 3117 2253 3336 2308; x_wconf 89' lang='lat' dir='ltr'><strong>territus</strong></span> <span class='ocrx_word' id='word_1_434' title='bbox 3393 2253 3677 2324; x_wconf 87' lang='lat' dir='ltr'><strong>Sphortia,</strong></span> <span class='ocrx_word' id='word_1_435' title='bbox 3731 2255 3860 2324; x_wconf 87' lang='lat' dir='ltr'><strong>lega-</strong></span> 
     </span>
    </p>
   </div>
   <div class='ocr_carea' id='block_1_66' title="bbox 2303 2342 3861 2412">
    <p class='ocr_par' dir='ltr' id='par_1_66' title="bbox 2303 2342 3861 2412">
     <span class='ocr_line' id='line_1_66' title="bbox 2303 2342 3861 2412; baseline -0.001 -17"><span class='ocrx_word' id='word_1_436' title='bbox 2303 2351 2414 2395; x_wconf 90' lang='lat' dir='ltr'><strong>tum</strong></span> <span class='ocrx_word' id='word_1_437' title='bbox 2448 2342 2513 2396; x_wconf 89' lang='lat' dir='ltr'><strong>ad</strong></span> <span class='ocrx_word' id='word_1_438' title='bbox 2546 2342 2836 2411; x_wconf 83' lang='lat' dir='ltr'><strong>Bajazitem</strong></span> <span class='ocrx_word' id='word_1_439' title='bbox 2890 2344 3078 2405; x_wconf 89' lang='lat' dir='ltr'><strong>mittit,</strong></span> <span class='ocrx_word' id='word_1_440' title='bbox 3131 2343 3220 2412; x_wconf 90' lang='lat' dir='ltr'><strong>qui</strong></span> <span class='ocrx_word' id='word_1_441' title='bbox 3278 2353 3394 2398; x_wconf 91' lang='lat' dir='ltr'><strong>tum</strong></span> <span class='ocrx_word' id='word_1_442' title='bbox 3427 2344 3748 2399; x_wconf 87' lang='lat' dir='ltr'><strong>muneribus</strong></span> <span class='ocrx_word' id='word_1_443' title='bbox 3795 2348 3861 2406; x_wconf 76' lang='lat' dir='ltr'><strong>ei,</strong></span> 
     </span>
    </p>
   </div>
   <div class='ocr_carea' id='block_1_67' title="bbox 2302 2422 3858 2508">
    <p class='ocr_par' dir='ltr' id='par_1_67' title="bbox 2302 2422 3858 2508">
     <span class='ocr_line' id='line_1_67' title="bbox 2302 2422 3858 2508; baseline 0.001 -17"><span class='ocrx_word' id='word_1_444' title='bbox 2302 2447 2424 2491; x_wconf 90' lang='lat' dir='ltr'><strong>tum-</strong></span> <span class='ocrx_word' id='word_1_445' title='bbox 2443 2440 2606 2492; x_wconf 87' lang='lat' dir='ltr'><strong>variis</strong></span> <span class='ocrx_word' id='word_1_446' title='bbox 2630 2439 2936 2494; x_wconf 87' lang='lat' dir='ltr'><strong>rationibus</strong></span> <span class='ocrx_word' id='word_1_447' title='bbox 2978 2422 3362 2508; x_wconf 80' lang='lat' dir='ltr'><strong>persuaderet,</strong></span> <span class='ocrx_word' id='word_1_448' title='bbox 3422 2448 3479 2493; x_wconf 91' lang='lat' dir='ltr'><strong>ut</strong></span> <span class='ocrx_word' id='word_1_449' title='bbox 3514 2439 3712 2493; x_wconf 90' lang='lat' dir='ltr'><strong>bellum</strong></span> <span class='ocrx_word' id='word_1_450' title='bbox 3763 2438 3858 2493; x_wconf 85' lang='lat' dir='ltr'><strong>Vc-</strong></span> 
     </span>
    </p>
   </div>
   <div class='ocr_carea' id='block_1_68' title="bbox 2300 2530 3861 2601">
    <p class='ocr_par' dir='ltr' id='par_1_68' title="bbox 2300 2530 3861 2601">
     <span class='ocr_line' id='line_1_68' title="bbox 2300 2530 3861 2601; baseline 0.002 -18"><span class='ocrx_word' id='word_1_451' title='bbox 2300 2531 2439 2583; x_wconf 90' lang='lat' dir='ltr'><strong>netis</strong></span> <span class='ocrx_word' id='word_1_452' title='bbox 2463 2530 2710 2585; x_wconf 84' lang='lat' dir='ltr'><strong>inferret.</strong></span> <span class='ocrx_word' id='word_1_453' title='bbox 2751 2531 2961 2600; x_wconf 85' lang='lat' dir='ltr'><strong>Quippe</strong></span> <span class='ocrx_word' id='word_1_454' title='bbox 3004 2531 3247 2585; x_wconf 80' lang='lat' dir='ltr'><strong>futurum</strong></span> <span class='ocrx_word' id='word_1_455' title='bbox 3281 2533 3479 2597; x_wconf 86' lang='lat' dir='ltr'><strong>aiebat,</strong></span> <span class='ocrx_word' id='word_1_456' title='bbox 3507 2533 3861 2601; x_wconf 68' lang='lat' dir='ltr'><strong>utoccupatis</strong></span> 
     </span>
    </p>
   </div>
   <div class='ocr_carea' id='block_1_69' title="bbox 2299 2620 3856 2692">
    <p class='ocr_par' dir='ltr' id='par_1_69' title="bbox 2299 2620 3856 2692">
     <span class='ocr_line' id='line_1_69' title="bbox 2299 2620 3856 2692; baseline 0.001 -18"><span class='ocrx_word' id='word_1_457' title='bbox 2299 2620 2484 2675; x_wconf 86' lang='lat' dir='ltr'><strong>Italico</strong></span> <span class='ocrx_word' id='word_1_458' title='bbox 2514 2621 2655 2676; x_wconf 83' lang='lat' dir='ltr'><strong>bello</strong></span> <span class='ocrx_word' id='word_1_459' title='bbox 2695 2621 2933 2686; x_wconf 83' lang='lat' dir='ltr'><strong>Venetis,</strong></span> <span class='ocrx_word' id='word_1_460' title='bbox 2993 2623 3108 2691; x_wconf 91' lang='lat' dir='ltr'><strong>ipse</strong></span> <span class='ocrx_word' id='word_1_461' title='bbox 3159 2624 3310 2677; x_wconf 93' lang='lat' dir='ltr'><strong>nullo</strong></span> <span class='ocrx_word' id='word_1_462' title='bbox 3378 2625 3600 2692; x_wconf 86' lang='lat' dir='ltr'><strong>negotio</strong></span> <span class='ocrx_word' id='word_1_463' title='bbox 3660 2623 3856 2678; x_wconf 72' lang='lat' dir='ltr'><strong>Graecis</strong></span> 
     </span>
    </p>
   </div>
   <div class='ocr_carea' id='block_1_70' title="bbox 2302 2713 3857 2778">
    <p class='ocr_par' dir='ltr' id='par_1_70' title="bbox 2302 2713 3857 2778">
     <span class='ocr_line' id='line_1_70' title="bbox 2302 2713 3857 2778; baseline -0.001 -13"><span class='ocrx_word' id='word_1_464' title='bbox 2302 2713 2531 2768; x_wconf 87' lang='lat' dir='ltr'><strong>urbibus</strong></span> <span class='ocrx_word' id='word_1_465' title='bbox 2560 2723 2612 2766; x_wconf 91' lang='lat' dir='ltr'><strong>et</strong></span> <span class='ocrx_word' id='word_1_466' title='bbox 2643 2714 2861 2776; x_wconf 91' lang='lat' dir='ltr'><strong>castris,</strong></span> <span class='ocrx_word' id='word_1_467' title='bbox 2888 2720 2942 2768; x_wconf 89' lang='lat' dir='ltr'><strong>et</strong></span> <span class='ocrx_word' id='word_1_468' title='bbox 2966 2713 3160 2768; x_wconf 84' lang='lat' dir='ltr'><strong>insulis</strong></span> <span class='ocrx_word' id='word_1_469' title='bbox 3187 2728 3283 2767; x_wconf 88' lang='lat' dir='ltr'><strong>eos</strong></span> <span class='ocrx_word' id='word_1_470' title='bbox 3331 2725 3578 2778; x_wconf 86' lang='lat' dir='ltr'><strong>exueret.</strong></span> <span class='ocrx_word' id='word_1_471' title='bbox 3611 2713 3720 2768; x_wconf 88' lang='lat' dir='ltr'><strong>Hac</strong></span> <span class='ocrx_word' id='word_1_472' title='bbox 3751 2715 3857 2767; x_wconf 86' lang='lat' dir='ltr'><strong>ille-</strong></span> 
     </span>
    </p>
   </div>
   <div class='ocr_carea' id='block_1_71' title="bbox 2299 2803 3857 2873">
    <p class='ocr_par' dir='ltr' id='par_1_71' title="bbox 2299 2803 3857 2873">
     <span class='ocr_line' id='line_1_71' title="bbox 2299 2803 3857 2873; baseline -0.001 -18"><span class='ocrx_word' id='word_1_473' title='bbox 2299 2813 2418 2858; x_wconf 83' lang='lat' dir='ltr'><strong>ctus</strong></span> <span class='ocrx_word' id='word_1_474' title='bbox 2462 2819 2556 2872; x_wconf 86' lang='lat' dir='ltr'><strong>spe</strong></span> <span class='ocrx_word' id='word_1_475' title='bbox 2589 2803 2872 2872; x_wconf 84' lang='lat' dir='ltr'><strong>Bajazites,</strong></span> <span class='ocrx_word' id='word_1_476' title='bbox 2907 2820 2934 2857; x_wconf 91' lang='lat' dir='ltr'><strong>a</strong></span> <span class='ocrx_word' id='word_1_477' title='bbox 2964 2819 3094 2873; x_wconf 88' lang='lat' dir='ltr'><strong>pace</strong></span> <span class='ocrx_word' id='word_1_478' title='bbox 3127 2819 3247 2858; x_wconf 86' lang='lat' dir='ltr'><strong>cum</strong></span> <span class='ocrx_word' id='word_1_479' title='bbox 3281 2803 3498 2859; x_wconf 90' lang='lat' dir='ltr'><strong>Venetis</strong></span> <span class='ocrx_word' id='word_1_480' title='bbox 3529 2805 3736 2859; x_wconf 90' lang='lat' dir='ltr'><strong>sancita</strong></span> <span class='ocrx_word' id='word_1_481' title='bbox 3755 2803 3857 2856; x_wconf 83' lang='lat' dir='ltr'><strong>dis-</strong></span> 
     </span>
    </p>
   </div>
   <div class='ocr_carea' id='block_1_72' title="bbox 2298 2894 3852 2965">
    <p class='ocr_par' dir='ltr' id='par_1_72' title="bbox 2298 2894 3852 2965">
     <span class='ocr_line' id='line_1_72' title="bbox 2298 2894 3852 2965; baseline -0.004 -13"><span class='ocrx_word' id='word_1_482' title='bbox 2298 2897 2482 2952; x_wconf 79' lang='lat' dir='ltr'><strong>cessit.</strong></span> <span class='ocrx_word' id='word_1_483' title='bbox 2517 2897 2591 2950; x_wconf 87' lang='lat' dir='ltr'><strong>Ac</strong></span> <span class='ocrx_word' id='word_1_484' title='bbox 2621 2895 2722 2949; x_wconf 90' lang='lat' dir='ltr'><strong>fuit</strong></span> <span class='ocrx_word' id='word_1_485' title='bbox 2755 2897 3000 2965; x_wconf 88' lang='lat' dir='ltr'><strong>profecto</strong></span> <span class='ocrx_word' id='word_1_486' title='bbox 3029 2896 3248 2950; x_wconf 74' lang='lat' dir='ltr'><strong>noxium</strong></span> <span class='ocrx_word' id='word_1_487' title='bbox 3304 2895 3524 2950; x_wconf 88' lang='lat' dir='ltr'><strong>Venetis</strong></span> <span class='ocrx_word' id='word_1_488' title='bbox 3585 2895 3637 2950; x_wconf 90' lang='lat' dir='ltr'><strong>id</strong></span> <span class='ocrx_word' id='word_1_489' title='bbox 3691 2894 3852 2948; x_wconf 74' lang='grc' dir='ltr'><strong>Μειυιὶ</strong></span> 
     </span>
    </p>
   </div>
   <div class='ocr_carea' id='block_1_73' title="bbox 2302 2988 3848 3060">
    <p class='ocr_par' dir='ltr' id='par_1_73' title="bbox 2302 2988 3848 3060">
     <span class='ocr_line' id='line_1_73' title="bbox 2302 2988 3848 3060; baseline -0.004 -18"><span class='ocrx_word' id='word_1_490' title='bbox 2302 2989 2531 3052; x_wconf 88' lang='lat' dir='ltr'><strong>facinus,</strong></span> <span class='ocrx_word' id='word_1_491' title='bbox 2562 2989 2652 3042; x_wconf 86' lang='lat' dir='ltr'><strong>sed</strong></span> <span class='ocrx_word' id='word_1_492' title='bbox 2679 2991 2896 3046; x_wconf 86' lang='lat' dir='ltr'><strong>tandem</strong></span> <span class='ocrx_word' id='word_1_493' title='bbox 2929 2989 3045 3044; x_wconf 65' lang='lat' dir='ltr'><strong>hsce</strong></span> <span class='ocrx_word' id='word_1_494' title='bbox 3081 2991 3133 3044; x_wconf 90' lang='lat' dir='ltr'><strong>in</strong></span> <span class='ocrx_word' id='word_1_495' title='bbox 3167 2988 3533 3060; x_wconf 91' lang='lat' dir='ltr'><strong>ipsnm,quod</strong></span> <span class='ocrx_word' id='word_1_496' title='bbox 3559 2989 3662 3041; x_wconf 89' lang='lat' dir='ltr'><strong>dici</strong></span> <span class='ocrx_word' id='word_1_497' title='bbox 3696 2988 3848 3047; x_wconf 76' lang='lat' dir='ltr'><strong>solet,</strong></span> 
     </span>
    </p>
   </div>
   <div class='ocr_carea' id='block_1_74' title="bbox 2298 3077 3845 3148">
    <p class='ocr_par' dir='ltr' id='par_1_74' title="bbox 2298 3077 3845 3148">
     <span class='ocr_line' id='line_1_74' title="bbox 2298 3077 3845 3148; baseline -0.001 -16"><span class='ocrx_word' id='word_1_498' title='bbox 2298 3093 2426 3133; x_wconf 86' lang='lat' dir='ltr'><strong>cusa</strong></span> <span class='ocrx_word' id='word_1_499' title='bbox 2460 3077 2747 3148; x_wconf 87' lang='lat' dir='ltr'><strong>fabajusto</strong></span> <span class='ocrx_word' id='word_1_500' title='bbox 2779 3078 2869 3134; x_wconf 92' lang='lat' dir='ltr'><strong>Dei</strong></span> <span class='ocrx_word' id='word_1_501' title='bbox 2896 3079 3106 3147; x_wconf 92' lang='lat' dir='ltr'><strong>judicio</strong></span> <span class='ocrx_word' id='word_1_502' title='bbox 3129 3080 3249 3134; x_wconf 92' lang='lat' dir='ltr'><strong>fuit.</strong></span> <span class='ocrx_word' id='word_1_503' title='bbox 3281 3080 3413 3133; x_wconf 82' lang='lat' dir='ltr'><strong>Nam</strong></span> <span class='ocrx_word' id='word_1_504' title='bbox 3441 3089 3493 3134; x_wconf 89' lang='lat' dir='ltr'><strong>et</strong></span> <span class='ocrx_word' id='word_1_505' title='bbox 3520 3079 3845 3139; x_wconf 87' lang='lat' dir='ltr'><strong>ambitionis,</strong></span> 
     </span>
    </p>
   </div>
   <div class='ocr_carea' id='block_1_75' title="bbox 2299 3170 3846 3242">
    <p class='ocr_par' dir='ltr' id='par_1_75' title="bbox 2299 3170 3846 3242">
     <span class='ocr_line' id='line_1_75' title="bbox 2299 3170 3846 3242; baseline -0.002 -18"><span class='ocrx_word' id='word_1_506' title='bbox 2299 3179 2352 3224; x_wconf 91' lang='lat' dir='ltr'><strong>ct</strong></span> <span class='ocrx_word' id='word_1_507' title='bbox 2382 3170 2699 3239; x_wconf 89' lang='lat' dir='ltr'><strong>injuriarnm</strong></span> <span class='ocrx_word' id='word_1_508' title='bbox 2726 3173 3105 3241; x_wconf 84' lang='lat' dir='ltr'><strong>multiplicium</strong></span> <span class='ocrx_word' id='word_1_509' title='bbox 3128 3188 3252 3242; x_wconf 85' lang='lat' dir='ltr'><strong>erga</strong></span> <span class='ocrx_word' id='word_1_510' title='bbox 3267 3172 3529 3227; x_wconf 86' lang='lat' dir='ltr'><strong>Joannem</strong></span> <span class='ocrx_word' id='word_1_511' title='bbox 3550 3172 3846 3227; x_wconf 87' lang='lat' dir='ltr'><strong>Galeacium</strong></span> 
     </span>
    </p>
   </div>
   <div class='ocr_carea' id='block_1_76' title="bbox 2301 3259 3846 3335">
    <p class='ocr_par' dir='ltr' id='par_1_76' title="bbox 2301 3259 3846 3335">
     <span class='ocr_line' id='line_1_76' title="bbox 2301 3259 3846 3335; baseline 0.005 -20"><span class='ocrx_word' id='word_1_512' title='bbox 2301 3259 2486 3316; x_wconf 88' lang='lat' dir='ltr'><strong>fratris</strong></span> <span class='ocrx_word' id='word_1_513' title='bbox 2517 3262 2708 3326; x_wconf 85' lang='lat' dir='ltr'><strong>filium,</strong></span> <span class='ocrx_word' id='word_1_514' title='bbox 2741 3274 2796 3319; x_wconf 89' lang='lat' dir='ltr'><strong>et</strong></span> <span class='ocrx_word' id='word_1_515' title='bbox 2839 3264 3179 3319; x_wconf 89' lang='lat' dir='ltr'><strong>funestorum</strong></span> <span class='ocrx_word' id='word_1_516' title='bbox 3242 3265 3426 3335; x_wconf 71' lang='lat' dir='ltr'><strong>patriae</strong></span> <span class='ocrx_word' id='word_1_517' title='bbox 3480 3265 3846 3322; x_wconf 82' lang='lat' dir='ltr'><strong>consiliorum.</strong></span> 
     </span>
    </p>
   </div>
   <div class='ocr_carea' id='block_1_77' title="bbox 2303 3353 3847 3425">
    <p class='ocr_par' dir='ltr' id='par_1_77' title="bbox 2303 3353 3847 3425">
     <span class='ocr_line' id='line_1_77' title="bbox 2303 3353 3847 3425; baseline 0.001 -19"><span class='ocrx_word' id='word_1_518' title='bbox 2303 3355 2500 3424; x_wconf 88' lang='lat' dir='ltr'><strong>quibus</strong></span> <span class='ocrx_word' id='word_1_519' title='bbox 2521 3353 2703 3410; x_wconf 90' lang='lat' dir='ltr'><strong>Gallos</strong></span> <span class='ocrx_word' id='word_1_520' title='bbox 2738 3356 2997 3411; x_wconf 88' lang='lat' dir='ltr'><strong>adversus</strong></span> <span class='ocrx_word' id='word_1_521' title='bbox 3027 3355 3410 3424; x_wconf 84' lang='lat' dir='ltr'><strong>Neapolitanos</strong></span> <span class='ocrx_word' id='word_1_522' title='bbox 3441 3371 3616 3425; x_wconf 84' lang='lat' dir='ltr'><strong>reges,</strong></span> <span class='ocrx_word' id='word_1_523' title='bbox 3649 3355 3847 3409; x_wconf 70' lang='lat' dir='ltr'><strong>Turccis</strong></span> 
     </span>
    </p>
   </div>
   <div class='ocr_carea' id='block_1_78' title="bbox 2304 3445 3845 3516">
    <p class='ocr_par' dir='ltr' id='par_1_78' title="bbox 2304 3445 3845 3516">
     <span class='ocr_line' id='line_1_78' title="bbox 2304 3445 3845 3516; baseline 0.001 -17"><span class='ocrx_word' id='word_1_524' title='bbox 2304 3445 2565 3502; x_wconf 88' lang='lat' dir='ltr'><strong>adversus</strong></span> <span class='ocrx_word' id='word_1_525' title='bbox 2604 3445 2838 3502; x_wconf 89' lang='lat' dir='ltr'><strong>Venetos</strong></span> <span class='ocrx_word' id='word_1_526' title='bbox 2859 3450 3175 3513; x_wconf 89' lang='lat' dir='ltr'><strong>commovit,</strong></span> <span class='ocrx_word' id='word_1_527' title='bbox 3206 3450 3431 3504; x_wconf 89' lang='lat' dir='ltr'><strong>acerbas</strong></span> <span class='ocrx_word' id='word_1_528' title='bbox 3487 3449 3720 3516; x_wconf 88' lang='lat' dir='ltr'><strong>denique</strong></span> <span class='ocrx_word' id='word_1_529' title='bbox 3740 3463 3845 3516; x_wconf 81' lang='lat' dir='ltr'><strong>pre-</strong></span> 
     </span>
    </p>
   </div>
   <div class='ocr_carea' id='block_1_79' title="bbox 2307 3536 3844 3607">
    <p class='ocr_par' dir='ltr' id='par_1_79' title="bbox 2307 3536 3844 3607">
     <span class='ocr_line' id='line_1_79' title="bbox 2307 3536 3844 3607; baseline -0.003 -17"><span class='ocrx_word' id='word_1_530' title='bbox 2307 3552 2405 3592; x_wconf 87' lang='lat' dir='ltr'><strong>nas</strong></span> <span class='ocrx_word' id='word_1_531' title='bbox 2437 3537 2553 3592; x_wconf 92' lang='lat' dir='ltr'><strong>luit.</strong></span> <span class='ocrx_word' id='word_1_532' title='bbox 2587 3537 2738 3604; x_wconf 87' lang='lat' dir='ltr'><strong>Quod</strong></span> <span class='ocrx_word' id='word_1_533' title='bbox 2772 3540 2989 3607; x_wconf 86' lang='lat' dir='ltr'><strong>quidem</strong></span> <span class='ocrx_word' id='word_1_534' title='bbox 3022 3539 3069 3594; x_wconf 93' lang='lat' dir='ltr'><strong>ei</strong></span> <span class='ocrx_word' id='word_1_535' title='bbox 3101 3539 3317 3594; x_wconf 90' lang='lat' dir='ltr'><strong>subtilis</strong></span> <span class='ocrx_word' id='word_1_536' title='bbox 3339 3547 3393 3592; x_wconf 92' lang='lat' dir='ltr'><strong>et</strong></span> <span class='ocrx_word' id='word_1_537' title='bbox 3425 3538 3600 3606; x_wconf 82' lang='lat' dir='ltr'><strong>arguti</strong></span> <span class='ocrx_word' id='word_1_538' title='bbox 3632 3538 3709 3591; x_wconf 90' lang='lat' dir='ltr'><strong>vir</strong></span> <span class='ocrx_word' id='word_1_539' title='bbox 3767 3536 3844 3588; x_wconf 84' lang='lat' dir='ltr'><strong>in-</strong></span> 
     </span>
    </p>
   </div>
   <div class='ocr_carea' id='block_1_80' title="bbox 2305 3627 3848 3700">
    <p class='ocr_par' dir='ltr' id='par_1_80' title="bbox 2305 3627 3848 3700">
     <span class='ocr_line' id='line_1_80' title="bbox 2305 3627 3848 3700; baseline -0.005 -17"><span class='ocrx_word' id='word_1_540' title='bbox 2305 3630 2471 3698; x_wconf 88' lang='lat' dir='ltr'><strong>genii,</strong></span> <span class='ocrx_word' id='word_1_541' title='bbox 2498 3629 2707 3700; x_wconf 81' lang='lat' dir='ltr'><strong>legatus</strong></span> <span class='ocrx_word' id='word_1_542' title='bbox 2743 3629 3069 3686; x_wconf 66' lang='lat' dir='ltr'><strong>Floreutinte</strong></span> <span class='ocrx_word' id='word_1_543' title='bbox 3099 3629 3433 3699; x_wconf 65' lang='lat' dir='ltr'><strong>reipttblicm,</strong></span> <span class='ocrx_word' id='word_1_544' title='bbox 3499 3628 3728 3681; x_wconf 90' lang='lat' dir='ltr'><strong>futurum</strong></span> <span class='ocrx_word' id='word_1_545' title='bbox 3753 3627 3848 3678; x_wconf 84' lang='lat' dir='ltr'><strong>ali-</strong></span> 
     </span>
    </p>
   </div>
   <div class='ocr_carea' id='block_1_81' title="bbox 2303 3717 3844 3788">
    <p class='ocr_par' dir='ltr' id='par_1_81' title="bbox 2303 3717 3844 3788">
     <span class='ocr_line' id='line_1_81' title="bbox 2303 3717 3844 3788; baseline -0.003 -18"><span class='ocrx_word' id='word_1_546' title='bbox 2303 3717 2519 3786; x_wconf 88' lang='lat' dir='ltr'><strong>quando</strong></span> <span class='ocrx_word' id='word_1_547' title='bbox 2546 3719 2882 3786; x_wconf 70' lang='lat' dir='ltr'><strong>prredixerat.</strong></span> <span class='ocrx_word' id='word_1_548' title='bbox 2915 3717 3123 3788; x_wconf 88' lang='lat' dir='ltr'><strong>Quippe</strong></span> <span class='ocrx_word' id='word_1_549' title='bbox 3156 3733 3280 3772; x_wconf 93' lang='lat' dir='ltr'><strong>eum</strong></span> <span class='ocrx_word' id='word_1_550' title='bbox 3309 3719 3436 3773; x_wconf 90' lang='lat' dir='ltr'><strong>huic</strong></span> <span class='ocrx_word' id='word_1_551' title='bbox 3463 3718 3530 3771; x_wconf 92' lang='lat' dir='ltr'><strong>ad</strong></span> <span class='ocrx_word' id='word_1_552' title='bbox 3567 3734 3626 3772; x_wconf 88' lang='lat' dir='ltr'><strong>se</strong></span> <span class='ocrx_word' id='word_1_553' title='bbox 3689 3717 3844 3768; x_wconf 88' lang='lat' dir='ltr'><strong>misso</strong></span> 
     </span>
    </p>
   </div>
   <div class='ocr_carea' id='block_1_82' title="bbox 2304 3808 3844 3880">
    <p class='ocr_par' dir='ltr' id='par_1_82' title="bbox 2304 3808 3844 3880">
     <span class='ocr_line' id='line_1_82' title="bbox 2304 3808 3844 3880; baseline -0.003 -16"><span class='ocrx_word' id='word_1_554' title='bbox 2304 3824 2434 3864; x_wconf 85' lang='lat' dir='ltr'><strong>suos</strong></span> <span class='ocrx_word' id='word_1_555' title='bbox 2465 3819 2777 3879; x_wconf 87' lang='lat' dir='ltr'><strong>arroganter</strong></span> <span class='ocrx_word' id='word_1_556' title='bbox 2800 3819 3126 3875; x_wconf 87' lang='lat' dir='ltr'><strong>ostentaret,</strong></span> <span class='ocrx_word' id='word_1_557' title='bbox 3161 3810 3238 3864; x_wconf 86' lang='lat' dir='ltr'><strong>uti</strong></span> <span class='ocrx_word' id='word_1_558' title='bbox 3272 3810 3594 3880; x_wconf 87' lang='lat' dir='ltr'><strong>pleruntquc</strong></span> <span class='ocrx_word' id='word_1_559' title='bbox 3651 3808 3844 3863; x_wconf 67' lang='lat' dir='ltr'><strong>solebas</strong></span> 
     </span>
    </p>
   </div>
   <div class='ocr_carea' id='block_1_83' title="bbox 2305 3901 3839 3972">
    <p class='ocr_par' dir='ltr' id='par_1_83' title="bbox 2305 3901 3839 3972">
     <span class='ocr_line' id='line_1_83' title="bbox 2305 3901 3839 3972; baseline -0.003 -18"><span class='ocrx_word' id='word_1_560' title='bbox 2305 3907 2357 3954; x_wconf 88' lang='lat' dir='ltr'><strong>et</strong></span> <span class='ocrx_word' id='word_1_561' title='bbox 2385 3915 2536 3970; x_wconf 87' lang='lat' dir='ltr'><strong>opes,</strong></span> <span class='ocrx_word' id='word_1_562' title='bbox 2569 3911 2619 3954; x_wconf 85' lang='lat' dir='ltr'><strong>ct</strong></span> <span class='ocrx_word' id='word_1_563' title='bbox 2670 3902 2869 3971; x_wconf 79' lang='lat' dir='ltr'><strong>ingenii</strong></span> <span class='ocrx_word' id='word_1_564' title='bbox 2923 3904 3106 3959; x_wconf 88' lang='lat' dir='ltr'><strong>vires:</strong></span> <span class='ocrx_word' id='word_1_565' title='bbox 3157 3903 3298 3957; x_wconf 88' lang='lat' dir='ltr'><strong>inter</strong></span> <span class='ocrx_word' id='word_1_566' title='bbox 3363 3901 3463 3958; x_wconf 84' lang='lat' dir='ltr'><strong>alia</strong></span> <span class='ocrx_word' id='word_1_567' title='bbox 3527 3904 3744 3972; x_wconf 85' lang='lat' dir='ltr'><strong>quodam</strong></span> <span class='ocrx_word' id='word_1_568' title='bbox 3785 3901 3839 3951; x_wconf 91' lang='lat' dir='ltr'><strong>in</strong></span> 
     </span>
    </p>
   </div>
   <div class='ocr_carea' id='block_1_84' title="bbox 2303 3992 3840 4062">
    <p class='ocr_par' dir='ltr' id='par_1_84' title="bbox 2303 3992 3840 4062">
     <span class='ocr_line' id='line_1_84' title="bbox 2303 3992 3840 4062; baseline -0.003 -15"><span class='ocrx_word' id='word_1_569' title='bbox 2303 3992 2541 4047; x_wconf 83' lang='lat' dir='ltr'><strong>conclavi</strong></span> <span class='ocrx_word' id='word_1_570' title='bbox 2565 3993 2835 4062; x_wconf 87' lang='lat' dir='ltr'><strong>depictum</strong></span> <span class='ocrx_word' id='word_1_571' title='bbox 2861 3997 2905 4049; x_wconf 88' lang='lat' dir='ltr'><strong>ei</strong></span> <span class='ocrx_word' id='word_1_572' title='bbox 2939 4005 3207 4049; x_wconf 83' lang='lat' dir='ltr'><strong>monstrat</strong></span> <span class='ocrx_word' id='word_1_573' title='bbox 3233 3995 3587 4051; x_wconf 87' lang='lat' dir='ltr'><strong>simulacrum</strong></span> <span class='ocrx_word' id='word_1_574' title='bbox 3615 3992 3840 4048; x_wconf 88' lang='lat' dir='ltr'><strong>mulieris</strong></span> 
     </span>
    </p>
   </div>
   <div class='ocr_carea' id='block_1_85' title="bbox 2305 4083 3835 4163">
    <p class='ocr_par' dir='ltr' id='par_1_85' title="bbox 2305 4083 3835 4163">
     <span class='ocr_line' id='line_1_85' title="bbox 2305 4083 3835 4163; baseline -0.003 -25"><span class='ocrx_word' id='word_1_575' title='bbox 2305 4086 2503 4139; x_wconf 89' lang='lat' dir='ltr'><strong>amictu</strong></span> <span class='ocrx_word' id='word_1_576' title='bbox 2537 4086 2899 4155; x_wconf 84' lang='lat' dir='ltr'><strong>pulcherrimo</strong></span> <span class='ocrx_word' id='word_1_577' title='bbox 2931 4089 3161 4163; x_wconf 59' lang='lat' dir='ltr'><strong>vestitae,</strong></span> <span class='ocrx_word' id='word_1_578' title='bbox 3196 4088 3250 4142; x_wconf 92' lang='lat' dir='ltr'><strong>in</strong></span> <span class='ocrx_word' id='word_1_579' title='bbox 3303 4102 3414 4158; x_wconf 90' lang='lat' dir='ltr'><strong>quo</strong></span> <span class='ocrx_word' id='word_1_580' title='bbox 3465 4103 3714 4157; x_wconf 74' lang='lat' dir='ltr'><strong>expressa</strong></span> <span class='ocrx_word' id='word_1_581' title='bbox 3747 4083 3835 4136; x_wconf 88' lang='lat' dir='ltr'><strong>mi-</strong></span> 
     </span>
    </p>
   </div>
   <div class='ocr_carea' id='block_1_86' title="bbox 2305 4177 3838 4246">
    <p class='ocr_par' dir='ltr' id='par_1_86' title="bbox 2305 4177 3838 4246">
     <span class='ocr_line' id='line_1_86' title="bbox 2305 4177 3838 4246; baseline -0.003 -16"><span class='ocrx_word' id='word_1_582' title='bbox 2305 4177 2460 4231; x_wconf 88' lang='lat' dir='ltr'><strong>rifico</strong></span> <span class='ocrx_word' id='word_1_583' title='bbox 2484 4177 2714 4230; x_wconf 83' lang='lat' dir='ltr'><strong>artificio</strong></span> <span class='ocrx_word' id='word_1_584' title='bbox 2773 4188 2882 4231; x_wconf 83' lang='lat' dir='ltr'><strong>tota</strong></span> <span class='ocrx_word' id='word_1_585' title='bbox 2927 4177 3368 4246; x_wconf 88' lang='lat' dir='ltr'><strong>conspiciebatur</strong></span> <span class='ocrx_word' id='word_1_586' title='bbox 3419 4177 3592 4231; x_wconf 89' lang='lat' dir='ltr'><strong>ltalia.</strong></span> <span class='ocrx_word' id='word_1_587' title='bbox 3635 4177 3838 4245; x_wconf 85' lang='lat' dir='ltr'><strong>Propter</strong></span> 
     </span>
    </p>
   </div>
   <div class='ocr_carea' id='block_1_87' title="bbox 2307 4266 3837 4338">
    <p class='ocr_par' dir='ltr' id='par_1_87' title="bbox 2307 4266 3837 4338">
     <span class='ocr_line' id='line_1_87' title="bbox 2307 4266 3837 4338; baseline 0 -20"><span class='ocrx_word' id='word_1_588' title='bbox 2307 4268 2446 4320; x_wconf 89' lang='lat' dir='ltr'><strong>hanc</strong></span> <span class='ocrx_word' id='word_1_589' title='bbox 2473 4267 2750 4321; x_wconf 85' lang='lat' dir='ltr'><strong>mulierem</strong></span> <span class='ocrx_word' id='word_1_590' title='bbox 2785 4267 2996 4324; x_wconf 81' lang='lat' dir='ltr'><strong>astabat</strong></span> <span class='ocrx_word' id='word_1_591' title='bbox 3023 4266 3274 4336; x_wconf 66' lang='lat' dir='ltr'><strong>Ethiops</strong></span> <span class='ocrx_word' id='word_1_592' title='bbox 3306 4283 3426 4324; x_wconf 91' lang='lat' dir='ltr'><strong>cum</strong></span> <span class='ocrx_word' id='word_1_593' title='bbox 3463 4269 3721 4338; x_wconf 81' lang='lat' dir='ltr'><strong>peniculo,</strong></span> <span class='ocrx_word' id='word_1_594' title='bbox 3744 4279 3837 4334; x_wconf 85' lang='lat' dir='ltr'><strong>quo</strong></span> 
     </span>
    </p>
   </div>
   <div class='ocr_carea' id='block_1_88' title="bbox 2308 4359 3831 4429">
    <p class='ocr_par' dir='ltr' id='par_1_88' title="bbox 2308 4359 3831 4429">
     <span class='ocr_line' id='line_1_88' title="bbox 2308 4359 3831 4429; baseline 0.001 -18"><span class='ocrx_word' id='word_1_595' title='bbox 2308 4372 2366 4411; x_wconf 82' lang='lat' dir='ltr'><strong>se</strong></span> <span class='ocrx_word' id='word_1_596' title='bbox 2402 4359 2570 4426; x_wconf 87' lang='lat' dir='ltr'><strong>ipsum</strong></span> <span class='ocrx_word' id='word_1_597' title='bbox 2592 4360 2820 4413; x_wconf 91' lang='lat' dir='ltr'><strong>innuere</strong></span> <span class='ocrx_word' id='word_1_598' title='bbox 2854 4360 3092 4425; x_wconf 84' lang='lat' dir='ltr'><strong>volebat,</strong></span> <span class='ocrx_word' id='word_1_599' title='bbox 3124 4361 3216 4429; x_wconf 91' lang='lat' dir='ltr'><strong>qui</strong></span> <span class='ocrx_word' id='word_1_600' title='bbox 3246 4371 3304 4414; x_wconf 91' lang='lat' dir='ltr'><strong>et</strong></span> <span class='ocrx_word' id='word_1_601' title='bbox 3351 4359 3572 4415; x_wconf 74' lang='lat' dir='ltr'><strong>Maurus</strong></span> <span class='ocrx_word' id='word_1_602' title='bbox 3593 4363 3741 4429; x_wconf 79' lang='lat' dir='ltr'><strong>vulgo</strong></span> <span class='ocrx_word' id='word_1_603' title='bbox 3763 4361 3831 4412; x_wconf 82' lang='lat' dir='ltr'><strong>vel</strong></span> 
     </span>
    </p>
   </div>
   <div class='ocr_carea' id='block_1_89' title="bbox 2311 4450 3830 4526">
    <p class='ocr_par' dir='ltr' id='par_1_89' title="bbox 2311 4450 3830 4526">
     <span class='ocr_line' id='line_1_89' title="bbox 2311 4450 3830 4526; baseline -0.003 -22"><span class='ocrx_word' id='word_1_604' title='bbox 2311 4450 2558 4526; x_wconf 63' lang='lat' dir='ltr'><strong>[Ethiops</strong></span> <span class='ocrx_word' id='word_1_605' title='bbox 2584 4451 2814 4516; x_wconf 82' lang='lat' dir='ltr'><strong>audiret,</strong></span> <span class='ocrx_word' id='word_1_606' title='bbox 2845 4461 2897 4506; x_wconf 91' lang='lat' dir='ltr'><strong>et</strong></span> <span class='ocrx_word' id='word_1_607' title='bbox 2944 4453 3323 4506; x_wconf 79' lang='lat' dir='ltr'><strong>emblematum</strong></span> <span class='ocrx_word' id='word_1_608' title='bbox 3372 4452 3491 4506; x_wconf 94' lang='lat' dir='ltr'><strong>loco</strong></span> <span class='ocrx_word' id='word_1_609' title='bbox 3553 4453 3738 4507; x_wconf 89' lang='lat' dir='ltr'><strong>soleret</strong></span> <span class='ocrx_word' id='word_1_610' title='bbox 3769 4451 3830 4503; x_wconf 62' lang='lat' dir='ltr'><strong>uti</strong></span> 
     </span>
    </p>
   </div>
   <div class='ocr_carea' id='block_1_90' title="bbox 2309 4542 3829 4612">
    <p class='ocr_par' dir='ltr' id='par_1_90' title="bbox 2309 4542 3829 4612">
     <span class='ocr_line' id='line_1_90' title="bbox 2309 4542 3829 4612; baseline -0.001 -18"><span class='ocrx_word' id='word_1_611' title='bbox 2309 4543 2389 4594; x_wconf 79' lang='lat' dir='ltr'><strong>Vel</strong></span> <span class='ocrx_word' id='word_1_612' title='bbox 2431 4542 2700 4608; x_wconf 86' lang='lat' dir='ltr'><strong>peniculo,</strong></span> <span class='ocrx_word' id='word_1_613' title='bbox 2723 4557 2844 4597; x_wconf 85' lang='lat' dir='ltr'><strong>cuin</strong></span> <span class='ocrx_word' id='word_1_614' title='bbox 2887 4544 3242 4612; x_wconf 86' lang='lat' dir='ltr'><strong>inscriptione</strong></span> <span class='ocrx_word' id='word_1_615' title='bbox 3290 4542 3504 4608; x_wconf 85' lang='lat' dir='ltr'><strong>Latina,</strong></span> <span class='ocrx_word' id='word_1_616' title='bbox 3535 4555 3581 4598; x_wconf 86' lang='lat' dir='ltr'><strong>et</strong></span> <span class='ocrx_word' id='word_1_617' title='bbox 3614 4548 3829 4598; x_wconf 68' lang='lat' dir='ltr'><strong>meritae:</strong></span> 
     </span>
    </p>
   </div>
   <div class='ocr_carea' id='block_1_91' title="bbox 721 4621 3824 4706">
    <p class='ocr_par' dir='ltr' id='par_1_91' title="bbox 721 4621 3824 4706">
     <span class='ocr_line' id='line_1_91' title="bbox 721 4621 3824 4706; baseline -0.001 -16"><span class='ocrx_word' id='word_1_618' title='bbox 721 4635 1032 4704; x_wconf 83' lang='lat' dir='ltr'><strong>Naupactus</strong></span> <span class='ocrx_word' id='word_1_619' title='bbox 1060 4639 1274 4690; x_wconf 66' lang='lat' dir='ltr'><strong>Achaim</strong></span> <span class='ocrx_word' id='word_1_620' title='bbox 1301 4639 1569 4692; x_wconf 88' lang='lat' dir='ltr'><strong>maritima</strong></span> <span class='ocrx_word' id='word_1_621' title='bbox 1590 4639 1782 4692; x_wconf 78' lang='lat' dir='ltr'><strong>civitas</strong></span> <span class='ocrx_word' id='word_1_622' title='bbox 1812 4644 1915 4698; x_wconf 89' lang='lat' dir='ltr'><strong>est,</strong></span> <span class='ocrx_word' id='word_1_623' title='bbox 1944 4635 2201 4703; x_wconf 86' lang='lat' dir='ltr'><strong>Opinione</strong></span> <span class='ocrx_word' id='word_1_624' title='bbox 2237 4621 2277 4678; x_wconf 80' lang='grc' dir='ltr'>υ</span> <span class='ocrx_word' id='word_1_625' title='bbox 2311 4645 2562 4704; x_wconf 84' lang='lat' dir='ltr'><strong>tempore,</strong></span> <span class='ocrx_word' id='word_1_626' title='bbox 2590 4635 2672 4689; x_wconf 90' lang='lat' dir='ltr'><strong>vel</strong></span> <span class='ocrx_word' id='word_1_627' title='bbox 2711 4640 3020 4692; x_wconf 91' lang='lat' dir='ltr'><strong>ramusculo</strong></span> <span class='ocrx_word' id='word_1_628' title='bbox 3047 4647 3152 4690; x_wconf 87' lang='lat' dir='ltr'><strong>tres</strong></span> <span class='ocrx_word' id='word_1_629' title='bbox 3209 4637 3670 4706; x_wconf 75' lang='lat' dir='ltr'><strong>complexorosas,</strong></span> <span class='ocrx_word' id='word_1_630' title='bbox 3723 4652 3824 4689; x_wconf 87' lang='lat' dir='ltr'><strong>cum</strong></span> 
     </span>
    </p>
   </div>
   <div class='ocr_carea' id='block_1_92' title="bbox 651 4727 2196 4794">
    <p class='ocr_par' dir='ltr' id='par_1_92' title="bbox 651 4727 2196 4794">
     <span class='ocr_line' id='line_1_92' title="bbox 651 4727 2196 4794; baseline -0.001 -16"><span class='ocrx_word' id='word_1_631' title='bbox 651 4729 1034 4794; x_wconf 84' lang='lat' dir='ltr'><strong>quorumdam,</strong></span> <span class='ocrx_word' id='word_1_632' title='bbox 1089 4728 1302 4782; x_wconf 62' lang='lat' dir='ltr'><strong>Etolia:</strong></span> <span class='ocrx_word' id='word_1_633' title='bbox 1359 4728 1522 4781; x_wconf 86' lang='lat' dir='ltr'><strong>Leoni</strong></span> <span class='ocrx_word' id='word_1_634' title='bbox 1572 4731 1829 4794; x_wconf 78' lang='lat' dir='ltr'><strong>Augusm,</strong></span> <span class='ocrx_word' id='word_1_635' title='bbox 1897 4727 1962 4779; x_wconf 87' lang='lat' dir='ltr'><strong>ad</strong></span> <span class='ocrx_word' id='word_1_636' title='bbox 2019 4728 2196 4780; x_wconf 91' lang='lat' dir='ltr'><strong>sinum</strong></span> 
     </span>
    </p>
   </div>
   <div class='ocr_carea' id='block_1_93' title="bbox 652 4816 2200 4886">
    <p class='ocr_par' dir='ltr' id='par_1_93' title="bbox 652 4816 2200 4886">
     <span class='ocr_line' id='line_1_93' title="bbox 652 4816 2200 4886; baseline 0.001 -17"><span class='ocrx_word' id='word_1_637' title='bbox 652 4817 923 4886; x_wconf 86' lang='lat' dir='ltr'><strong>quondam</strong></span> <span class='ocrx_word' id='word_1_638' title='bbox 944 4819 1354 4872; x_wconf 80' lang='lat' dir='ltr'><strong>Corinthiacum</strong></span> <span class='ocrx_word' id='word_1_639' title='bbox 1389 4830 1634 4872; x_wconf 88' lang='lat' dir='ltr'><strong>vocatum</strong></span> <span class='ocrx_word' id='word_1_640' title='bbox 1663 4821 1784 4870; x_wconf 85' lang='lat' dir='ltr'><strong>sita.</strong></span> <span class='ocrx_word' id='word_1_641' title='bbox 1813 4816 2006 4872; x_wconf 82' lang='lat' dir='ltr'><strong>Nautis</strong></span> <span class='ocrx_word' id='word_1_642' title='bbox 2037 4817 2200 4884; x_wconf 76' lang='lat' dir='ltr'><strong>vulgo</strong></span> 
     </span>
    </p>
   </div>
   <div class='ocr_carea' id='block_1_94' title="bbox 649 4905 2200 4975">
    <p class='ocr_par' dir='ltr' id='par_1_94' title="bbox 649 4905 2200 4975">
     <span class='ocr_line' id='line_1_94' title="bbox 649 4905 2200 4975; baseline 0 -17"><span class='ocrx_word' id='word_1_643' title='bbox 649 4908 759 4973; x_wconf 86' lang='lat' dir='ltr'><strong>jam</strong></span> <span class='ocrx_word' id='word_1_644' title='bbox 823 4908 1064 4975; x_wconf 81' lang='lat' dir='ltr'><strong>Lepanto</strong></span> <span class='ocrx_word' id='word_1_645' title='bbox 1123 4911 1342 4972; x_wconf 89' lang='lat' dir='ltr'><strong>dicitur,</strong></span> <span class='ocrx_word' id='word_1_646' title='bbox 1385 4907 1655 4963; x_wconf 86' lang='lat' dir='ltr'><strong>lnebechti</strong></span> <span class='ocrx_word' id='word_1_647' title='bbox 1713 4905 1924 4968; x_wconf 85' lang='lat' dir='ltr'><strong>Turcis,</strong></span> <span class='ocrx_word' id='word_1_648' title='bbox 1976 4905 2114 4973; x_wconf 90' lang='lat' dir='ltr'><strong>quod</strong></span> <span class='ocrx_word' id='word_1_649' title='bbox 2172 4919 2200 4958; x_wconf 90' lang='lat' dir='ltr'><strong>a</strong></span> 
     </span>
    </p>
   </div>
   <div class='ocr_carea' id='block_1_95' title="bbox 651 4995 2197 5070">
    <p class='ocr_par' dir='ltr' id='par_1_95' title="bbox 651 4995 2197 5070">
     <span class='ocr_line' id='line_1_95' title="bbox 651 4995 2197 5070; baseline -0.001 -21"><span class='ocrx_word' id='word_1_650' title='bbox 651 4995 898 5064; x_wconf 86' lang='lat' dir='ltr'><strong>Nepanto</strong></span> <span class='ocrx_word' id='word_1_651' title='bbox 926 4999 1074 5052; x_wconf 84' lang='lat' dir='ltr'><strong>Marii</strong></span> <span class='ocrx_word' id='word_1_652' title='bbox 1106 4999 1251 5068; x_wconf 71' lang='lat' dir='ltr'><strong>Nigri</strong></span> <span class='ocrx_word' id='word_1_653' title='bbox 1280 5017 1385 5055; x_wconf 93' lang='lat' dir='ltr'><strong>non</strong></span> <span class='ocrx_word' id='word_1_654' title='bbox 1434 5000 1622 5070; x_wconf 90' lang='lat' dir='ltr'><strong>procul</strong></span> <span class='ocrx_word' id='word_1_655' title='bbox 1677 4999 1880 5054; x_wconf 91' lang='lat' dir='ltr'><strong>recedit</strong></span> <span class='ocrx_word' id='word_1_656' title='bbox 1910 5015 1924 5052; x_wconf 89' lang='lat'><strong>:</strong></span> <span class='ocrx_word' id='word_1_657' title='bbox 1973 4997 2197 5061; x_wconf 77' lang='lat' dir='ltr'><strong>Achaia,</strong></span> 
     </span>
    </p>
   </div>
   <div class='ocr_carea' id='block_1_96' title="bbox 651 5087 2201 5161">
    <p class='ocr_par' dir='ltr' id='par_1_96' title="bbox 651 5087 2201 5161">
     <span class='ocr_line' id='line_1_96' title="bbox 651 5087 2201 5161; baseline 0 -21"><span class='ocrx_word' id='word_1_658' title='bbox 651 5087 870 5142; x_wconf 81' lang='lat' dir='ltr'><strong>Livadia</strong></span> <span class='ocrx_word' id='word_1_659' title='bbox 908 5090 1161 5156; x_wconf 60' lang='lat' dir='ltr'><strong>:A‘Itolia,</strong></span> <span class='ocrx_word' id='word_1_660' title='bbox 1193 5094 1513 5161; x_wconf 86' lang='lat' dir='ltr'><strong>Despotatus</strong></span> <span class='ocrx_word' id='word_1_661' title='bbox 1550 5113 1560 5146; x_wconf 91' lang='lat'><strong>:</strong></span> <span class='ocrx_word' id='word_1_662' title='bbox 1600 5093 1751 5146; x_wconf 88' lang='lat' dir='ltr'><strong>sinus</strong></span> <span class='ocrx_word' id='word_1_663' title='bbox 1799 5090 2201 5155; x_wconf 80' lang='lat' dir='ltr'><strong>Corinthiacus,</strong></span> 
     </span>
    </p>
   </div>
   <div class='ocr_carea' id='block_1_97' title="bbox 652 5181 2198 5252">
    <p class='ocr_par' dir='ltr' id='par_1_97' title="bbox 652 5181 2198 5252">
     <span class='ocr_line' id='line_1_97' title="bbox 652 5181 2198 5252; baseline 0.001 -18"><span class='ocrx_word' id='word_1_664' title='bbox 652 5181 841 5250; x_wconf 87' lang='lat' dir='ltr'><strong>Colpo,</strong></span> <span class='ocrx_word' id='word_1_665' title='bbox 873 5184 982 5239; x_wconf 88' lang='lat' dir='ltr'><strong>sive</strong></span> <span class='ocrx_word' id='word_1_666' title='bbox 1020 5185 1174 5238; x_wconf 90' lang='lat' dir='ltr'><strong>Golfo</strong></span> <span class='ocrx_word' id='word_1_667' title='bbox 1215 5187 1264 5237; x_wconf 89' lang='lat' dir='ltr'><strong>di</strong></span> <span class='ocrx_word' id='word_1_668' title='bbox 1293 5185 1549 5252; x_wconf 89' lang='lat' dir='ltr'><strong>Lepanto.</strong></span> <span class='ocrx_word' id='word_1_669' title='bbox 1602 5187 1733 5240; x_wconf 88' lang='lat' dir='ltr'><strong>Erat</strong></span> <span class='ocrx_word' id='word_1_670' title='bbox 1785 5185 1891 5239; x_wconf 91' lang='lat' dir='ltr'><strong>hoc</strong></span> <span class='ocrx_word' id='word_1_671' title='bbox 1935 5193 2198 5252; x_wconf 87' lang='lat' dir='ltr'><strong>tempore,</strong></span> 
     </span>
    </p>
   </div>
   <div class='ocr_carea' id='block_1_98' title="bbox 655 5277 2202 5352">
    <p class='ocr_par' dir='ltr' id='par_1_98' title="bbox 655 5277 2202 5352">
     <span class='ocr_line' id='line_1_98' title="bbox 655 5277 2202 5352; baseline 0 -23"><span class='ocrx_word' id='word_1_672' title='bbox 655 5278 911 5330; x_wconf 88' lang='lat' dir='ltr'><strong>nimirum</strong></span> <span class='ocrx_word' id='word_1_673' title='bbox 949 5293 1094 5332; x_wconf 87' lang='lat' dir='ltr'><strong>anno</strong></span> <span class='ocrx_word' id='word_1_674' title='bbox 1121 5278 1437 5330; x_wconf 87' lang='lat' dir='ltr'><strong>Christiano</strong></span> <span class='ocrx_word' id='word_1_675' title='bbox 1481 5278 1637 5352; x_wconf 66' lang='lat'><strong>“98,</strong></span> <span class='ocrx_word' id='word_1_676' title='bbox 1688 5277 1997 5345; x_wconf 84' lang='lat' dir='ltr'><strong>Naupactus</strong></span> <span class='ocrx_word' id='word_1_677' title='bbox 2025 5278 2076 5329; x_wconf 93' lang='lat' dir='ltr'><strong>in</strong></span> <span class='ocrx_word' id='word_1_678' title='bbox 2109 5290 2202 5345; x_wconf 84' lang='lat' dir='ltr'><strong>po—</strong></span> 
     </span>
    </p>
   </div>
   <div class='ocr_carea' id='block_1_99' title="bbox 653 5354 2201 5445">
    <p class='ocr_par' dir='ltr' id='par_1_99' title="bbox 653 5354 2201 5445">
     <span class='ocr_line' id='line_1_99' title="bbox 653 5354 2201 5445; baseline 0.001 -27"><span class='ocrx_word' id='word_1_679' title='bbox 653 5374 845 5420; x_wconf 87' lang='lat' dir='ltr'><strong>testate</strong></span> <span class='ocrx_word' id='word_1_680' title='bbox 871 5369 1190 5423; x_wconf 87' lang='lat' dir='ltr'><strong>Venetorum</strong></span> <span class='ocrx_word' id='word_1_681' title='bbox 1219 5384 1246 5421; x_wconf 92' lang='lat' dir='ltr'><strong>a</strong></span> <span class='ocrx_word' id='word_1_682' title='bbox 1271 5369 1358 5429; x_wconf 88' lang='lat'><strong>70,</strong></span> <span class='ocrx_word' id='word_1_683' title='bbox 1383 5369 1503 5437; x_wconf 90' lang='lat' dir='ltr'><strong>plus</strong></span> <span class='ocrx_word' id='word_1_684' title='bbox 1521 5354 1720 5445; x_wconf 66' lang='lat' dir='ltr'><strong>minus;</strong></span> <span class='ocrx_word' id='word_1_685' title='bbox 1743 5369 1900 5421; x_wconf 90' lang='lat' dir='ltr'><strong>annis</strong></span> <span class='ocrx_word' id='word_1_686' title='bbox 1919 5385 1934 5423; x_wconf 90' lang='lat'>:</span> <span class='ocrx_word' id='word_1_687' title='bbox 1953 5368 2042 5436; x_wconf 93' lang='lat' dir='ltr'><strong>qui</strong></span> <span class='ocrx_word' id='word_1_688' title='bbox 2068 5367 2201 5420; x_wconf 90' lang='lat' dir='ltr'><strong>mis-</strong></span> 
     </span>
    </p>
   </div>
   <div class='ocr_carea' id='block_1_100' title="bbox 651 5459 2200 5530">
    <p class='ocr_par' dir='ltr' id='par_1_100' title="bbox 651 5459 2200 5530">
     <span class='ocr_line' id='line_1_100' title="bbox 651 5459 2200 5530; baseline -0.003 -17"><span class='ocrx_word' id='word_1_689' title='bbox 651 5473 713 5513; x_wconf 79' lang='lat' dir='ltr'><strong>so</strong></span> <span class='ocrx_word' id='word_1_690' title='bbox 741 5459 804 5509; x_wconf 86' lang='lat' dir='ltr'><strong>ad</strong></span> <span class='ocrx_word' id='word_1_691' title='bbox 835 5460 1122 5527; x_wconf 85' lang='lat' dir='ltr'><strong>Bajazitem</strong></span> <span class='ocrx_word' id='word_1_692' title='bbox 1167 5461 1378 5513; x_wconf 82' lang='lat' dir='ltr'><strong>Andrea</strong></span> <span class='ocrx_word' id='word_1_693' title='bbox 1422 5459 1682 5522; x_wconf 85' lang='lat' dir='ltr'><strong>Zantano,</strong></span> <span class='ocrx_word' id='word_1_694' title='bbox 1729 5461 1904 5530; x_wconf 85' lang='lat' dir='ltr'><strong>legato</strong></span> <span class='ocrx_word' id='word_1_695' title='bbox 1955 5476 2074 5522; x_wconf 90' lang='lat' dir='ltr'><strong>suo,</strong></span> <span class='ocrx_word' id='word_1_696' title='bbox 2109 5475 2200 5526; x_wconf 80' lang='lat' dir='ltr'><strong>pa-</strong></span> 
     </span>
    </p>
   </div>
   <div class='ocr_carea' id='block_1_101' title="bbox 653 5550 2198 5619">
    <p class='ocr_par' dir='ltr' id='par_1_101' title="bbox 653 5550 2198 5619">
     <span class='ocr_line' id='line_1_101' title="bbox 653 5550 2198 5619; baseline -0.001 -15"><span class='ocrx_word' id='word_1_697' title='bbox 653 5563 768 5604; x_wconf 89' lang='lat' dir='ltr'><strong>cem</strong></span> <span class='ocrx_word' id='word_1_698' title='bbox 802 5550 850 5600; x_wconf 90' lang='lat' dir='ltr'><strong>in</strong></span> <span class='ocrx_word' id='word_1_699' title='bbox 882 5564 1062 5602; x_wconf 86' lang='lat' dir='ltr'><strong>annos</strong></span> <span class='ocrx_word' id='word_1_700' title='bbox 1086 5551 1155 5602; x_wconf 74' lang='grc'><strong>25</strong></span> <span class='ocrx_word' id='word_1_701' title='bbox 1194 5565 1314 5602; x_wconf 85' lang='lat' dir='ltr'><strong>cum</strong></span> <span class='ocrx_word' id='word_1_702' title='bbox 1365 5565 1429 5603; x_wconf 90' lang='lat' dir='ltr'><strong>eo</strong></span> <span class='ocrx_word' id='word_1_703' title='bbox 1493 5550 1748 5611; x_wconf 89' lang='lat' dir='ltr'><strong>fecerant,</strong></span> <span class='ocrx_word' id='word_1_704' title='bbox 1801 5551 1960 5619; x_wconf 90' lang='lat' dir='ltr'><strong>cujus</strong></span> <span class='ocrx_word' id='word_1_705' title='bbox 2018 5552 2198 5604; x_wconf 87' lang='lat' dir='ltr'><strong>tabula</strong></span> 
     </span>
    </p>
   </div>
   <div class='ocr_carea' id='block_1_102' title="bbox 653 5637 2199 5707">
    <p class='ocr_par' dir='ltr' id='par_1_102' title="bbox 653 5637 2199 5707">
     <span class='ocr_line' id='line_1_102' title="bbox 653 5637 2199 5707; baseline -0.001 -15"><span class='ocrx_word' id='word_1_706' title='bbox 653 5638 916 5704; x_wconf 82' lang='lat' dir='ltr'><strong>Bajazites</strong></span> <span class='ocrx_word' id='word_1_707' title='bbox 947 5637 1215 5705; x_wconf 79' lang='lat' dir='ltr'><strong>scriptura</strong></span> <span class='ocrx_word' id='word_1_708' title='bbox 1254 5656 1443 5694; x_wconf 88' lang='lat' dir='ltr'><strong>manus</strong></span> <span class='ocrx_word' id='word_1_709' title='bbox 1465 5656 1599 5703; x_wconf 68' lang='lat' dir='ltr'><strong>Sum,</strong></span> <span class='ocrx_word' id='word_1_710' title='bbox 1657 5655 1752 5707; x_wconf 87' lang='lat' dir='ltr'><strong>pro</strong></span> <span class='ocrx_word' id='word_1_711' title='bbox 1794 5657 1943 5695; x_wconf 86' lang='lat' dir='ltr'><strong>more</strong></span> <span class='ocrx_word' id='word_1_712' title='bbox 2001 5641 2199 5694; x_wconf 83' lang='lat' dir='ltr'><strong>conﬁr-</strong></span> 
     </span>
    </p>
   </div>
   <div class='ocr_carea' id='block_1_103' title="bbox 658 5727 2196 5797">
    <p class='ocr_par' dir='ltr' id='par_1_103' title="bbox 658 5727 2196 5797">
     <span class='ocr_line' id='line_1_103' title="bbox 658 5727 2196 5797; baseline 0.003 -21"><span class='ocrx_word' id='word_1_713' title='bbox 658 5736 846 5781; x_wconf 81' lang='lat' dir='ltr'><strong>marat.</strong></span> <span class='ocrx_word' id='word_1_714' title='bbox 883 5727 1242 5781; x_wconf 82' lang='lat' dir='ltr'><strong>Nihilominus</strong></span> <span class='ocrx_word' id='word_1_715' title='bbox 1269 5731 1349 5781; x_wconf 83' lang='lat' dir='ltr'><strong>vix</strong></span> <span class='ocrx_word' id='word_1_716' title='bbox 1383 5730 1649 5796; x_wconf 81' lang='lat' dir='ltr'><strong>appellere</strong></span> <span class='ocrx_word' id='word_1_717' title='bbox 1707 5731 1962 5785; x_wconf 84' lang='lat' dir='ltr'><strong>Venetias</strong></span> <span class='ocrx_word' id='word_1_718' title='bbox 1989 5731 2196 5797; x_wconf 86' lang='lat' dir='ltr'><strong>legatus</strong></span> 
     </span>
    </p>
   </div>
   <div class='ocr_carea' id='block_1_104' title="bbox 661 5820 2183 5889">
    <p class='ocr_par' dir='ltr' id='par_1_104' title="bbox 661 5820 2183 5889">
     <span class='ocr_line' id='line_1_104' title="bbox 661 5820 2183 5889; baseline 0.003 -21"><span class='ocrx_word' id='word_1_719' title='bbox 661 5825 849 5881; x_wconf 73' lang='lat' dir='ltr'><strong>potuit,</strong></span> <span class='ocrx_word' id='word_1_720' title='bbox 885 5836 1003 5871; x_wconf 82' lang='lat' dir='ltr'><strong>cum</strong></span> <span class='ocrx_word' id='word_1_721' title='bbox 1031 5820 1462 5887; x_wconf 13' lang='lat' dir='ltr'><strong>datantrV&#39;cnetis</strong></span> <span class='ocrx_word' id='word_1_722' title='bbox 1495 5822 1647 5872; x_wconf 77' lang='lat' dir='ltr'><strong>Iidem</strong></span> <span class='ocrx_word' id='word_1_723' title='bbox 1695 5823 1957 5889; x_wconf 81' lang='lat' dir='ltr'><strong>Bajazites</strong></span> <span class='ocrx_word' id='word_1_724' title='bbox 1999 5823 2183 5873; x_wconf 70' lang='lat' dir='ltr'><strong>violat.</strong></span> 
     </span>
    </p>
   </div>
   <div class='ocr_carea' id='block_1_105' title="bbox 659 5907 2196 5982">
    <p class='ocr_par' dir='ltr' id='par_1_105' title="bbox 659 5907 2196 5982">
     <span class='ocr_line' id='line_1_105' title="bbox 659 5907 2196 5982; baseline 0.003 -19"><span class='ocrx_word' id='word_1_725' title='bbox 659 5907 865 5978; x_wconf 76' lang='lat' dir='ltr'><strong>QUIppe</strong></span> <span class='ocrx_word' id='word_1_726' title='bbox 887 5912 988 5964; x_wconf 84' lang='lat' dir='ltr'><strong>sibi</strong></span> <span class='ocrx_word' id='word_1_727' title='bbox 1015 5914 1124 5982; x_wconf 66' lang='lat' dir='ltr'><strong>lege</strong></span> <span class='ocrx_word' id='word_1_728' title='bbox 1156 5930 1247 5967; x_wconf 70' lang='lat' dir='ltr'><strong>sua</strong></span> <span class='ocrx_word' id='word_1_729' title='bbox 1311 5913 1685 5966; x_wconf 76' lang='lat' dir='ltr'><strong>Mahumctana</strong></span> <span class='ocrx_word' id='word_1_730' title='bbox 1749 5915 1985 5979; x_wconf 84' lang='lat' dir='ltr'><strong>permitti</strong></span> <span class='ocrx_word' id='word_1_731' title='bbox 2012 5915 2196 5968; x_wconf 81' lang='lat' dir='ltr'><strong>volunt</strong></span> 
     </span>
    </p>
   </div>
   <div class='ocr_carea' id='block_1_106' title="bbox 2308 4729 3827 4795">
    <p class='ocr_par' dir='ltr' id='par_1_106' title="bbox 2308 4729 3827 4795">
     <span class='ocr_line' id='line_1_106' title="bbox 2308 4729 3827 4795; baseline -0.003 -14"><span class='ocrx_word' id='word_1_732' title='bbox 2308 4729 2659 4795; x_wconf 81' lang='lat' dir='ltr'><strong>inscriptione</strong></span> <span class='ocrx_word' id='word_1_733' title='bbox 2685 4729 3001 4783; x_wconf 80' lang='lat' dir='ltr'><strong>Germanica</strong></span> <span class='ocrx_word' id='word_1_734' title='bbox 3016 4731 3104 4781; x_wconf 88' lang='lat' dir='ltr'><strong>ntit</strong></span> <span class='ocrx_word' id='word_1_735' title='bbox 3125 4729 3253 4792; x_wconf 72' lang='lat' dir='ltr'><strong>Zeti,</strong></span> <span class='ocrx_word' id='word_1_736' title='bbox 3273 4730 3320 4782; x_wconf 91' lang='lat' dir='ltr'><strong>id</strong></span> <span class='ocrx_word' id='word_1_737' title='bbox 3341 4740 3440 4792; x_wconf 80' lang='lat' dir='ltr'><strong>est,</strong></span> <span class='ocrx_word' id='word_1_738' title='bbox 3471 4747 3585 4782; x_wconf 86' lang='lat' dir='ltr'><strong>cum</strong></span> <span class='ocrx_word' id='word_1_739' title='bbox 3612 4740 3827 4792; x_wconf 73' lang='lat' dir='ltr'><strong>tempore.</strong></span> 
     </span>
    </p>
   </div>
   <div class='ocr_carea' id='block_1_107' title="bbox 2310 4819 3820 4890">
    <p class='ocr_par' dir='ltr' id='par_1_107' title="bbox 2310 4819 3820 4890">
     <span class='ocr_line' id='line_1_107' title="bbox 2310 4819 3820 4890; baseline 0 -20"><span class='ocrx_word' id='word_1_740' title='bbox 2310 4819 2438 4883; x_wconf 74' lang='lat' dir='ltr'><strong>Qua:</strong></span> <span class='ocrx_word' id='word_1_741' title='bbox 2479 4820 2692 4886; x_wconf 88' lang='lat' dir='ltr'><strong>quidem</strong></span> <span class='ocrx_word' id='word_1_742' title='bbox 2735 4822 2907 4886; x_wconf 87' lang='lat' dir='ltr'><strong>ipsius</strong></span> <span class='ocrx_word' id='word_1_743' title='bbox 2927 4821 3247 4874; x_wconf 87' lang='lat' dir='ltr'><strong>emblemata</strong></span> <span class='ocrx_word' id='word_1_744' title='bbox 3278 4821 3630 4890; x_wconf 81' lang='lat' dir='ltr'><strong>symbolaque</strong></span> <span class='ocrx_word' id='word_1_745' title='bbox 3653 4820 3820 4887; x_wconf 83' lang='lat' dir='ltr'><strong>passim</strong></span> 
     </span>
    </p>
   </div>
   <div class='ocr_carea' id='block_1_108' title="bbox 2311 4909 3822 4978">
    <p class='ocr_par' dir='ltr' id='par_1_108' title="bbox 2311 4909 3822 4978">
     <span class='ocr_line' id='line_1_108' title="bbox 2311 4909 3822 4978; baseline -0.001 -14"><span class='ocrx_word' id='word_1_746' title='bbox 2311 4912 2363 4964; x_wconf 90' lang='lat' dir='ltr'><strong>in</strong></span> <span class='ocrx_word' id='word_1_747' title='bbox 2395 4913 2690 4978; x_wconf 81' lang='lat' dir='ltr'><strong>parietibus</strong></span> <span class='ocrx_word' id='word_1_748' title='bbox 2714 4923 2764 4966; x_wconf 86' lang='lat' dir='ltr'><strong>et</strong></span> <span class='ocrx_word' id='word_1_749' title='bbox 2809 4914 2992 4965; x_wconf 60' lang='lat' dir='ltr'><strong>aularis</strong></span> <span class='ocrx_word' id='word_1_750' title='bbox 3017 4913 3326 4976; x_wconf 82' lang='lat' dir='ltr'><strong>Mediolani,</strong></span> <span class='ocrx_word' id='word_1_751' title='bbox 3363 4911 3563 4974; x_wconf 83' lang='lat' dir='ltr'><strong>Ticini,</strong></span> <span class='ocrx_word' id='word_1_752' title='bbox 3605 4909 3822 4969; x_wconf 71' lang='lat' dir='ltr'><strong>Taurini,</strong></span> 
     </span>
    </p>
   </div>
   <div class='ocr_carea' id='block_1_109' title="bbox 2311 5003 3820 5073">
    <p class='ocr_par' dir='ltr' id='par_1_109' title="bbox 2311 5003 3820 5073">
     <span class='ocr_line' id='line_1_109' title="bbox 2311 5003 3820 5073; baseline -0.001 -17"><span class='ocrx_word' id='word_1_753' title='bbox 2311 5004 2444 5072; x_wconf 86' lang='lat' dir='ltr'><strong>apud</strong></span> <span class='ocrx_word' id='word_1_754' title='bbox 2478 5003 2851 5057; x_wconf 84' lang='lat' dir='ltr'><strong>doctissimum</strong></span> <span class='ocrx_word' id='word_1_755' title='bbox 2891 5014 2940 5057; x_wconf 89' lang='lat' dir='ltr'><strong>et</strong></span> <span class='ocrx_word' id='word_1_756' title='bbox 2971 5005 3237 5057; x_wconf 78' lang='lat' dir='ltr'><strong>illustrem</strong></span> <span class='ocrx_word' id='word_1_757' title='bbox 3259 5005 3376 5073; x_wconf 79' lang='lat' dir='ltr'><strong>ejus</strong></span> <span class='ocrx_word' id='word_1_758' title='bbox 3408 5007 3558 5060; x_wconf 85' lang='lat' dir='ltr'><strong>urbis</strong></span> <span class='ocrx_word' id='word_1_759' title='bbox 3591 5004 3820 5069; x_wconf 81' lang='lat' dir='ltr'><strong>archiepi-</strong></span> 
     </span>
    </p>
   </div>
   <div class='ocr_carea' id='block_1_110' title="bbox 2309 5095 3818 5164">
    <p class='ocr_par' dir='ltr' id='par_1_110' title="bbox 2309 5095 3818 5164">
     <span class='ocr_line' id='line_1_110' title="bbox 2309 5095 3818 5164; baseline -0.001 -16"><span class='ocrx_word' id='word_1_760' title='bbox 2309 5109 2551 5164; x_wconf 89' lang='lat' dir='ltr'><strong>scopum,</strong></span> <span class='ocrx_word' id='word_1_761' title='bbox 2588 5095 2972 5162; x_wconf 82' lang='lat' dir='ltr'><strong>Hieronymum</strong></span> <span class='ocrx_word' id='word_1_762' title='bbox 3014 5098 3332 5154; x_wconf 80' lang='lat' dir='ltr'><strong>llovm-cunt,</strong></span> <span class='ocrx_word' id='word_1_763' title='bbox 3358 5107 3411 5150; x_wconf 87' lang='lat' dir='ltr'><strong>et</strong></span> <span class='ocrx_word' id='word_1_764' title='bbox 3445 5099 3567 5151; x_wconf 89' lang='lat' dir='ltr'><strong>aliis</strong></span> <span class='ocrx_word' id='word_1_765' title='bbox 3608 5099 3656 5150; x_wconf 90' lang='lat' dir='ltr'><strong>in</strong></span> <span class='ocrx_word' id='word_1_766' title='bbox 3708 5095 3818 5148; x_wconf 88' lang='lat' dir='ltr'><strong>locis</strong></span> 
     </span>
    </p>
   </div>
   <div class='ocr_carea' id='block_1_111' title="bbox 2310 5188 3814 5258">
    <p class='ocr_par' dir='ltr' id='par_1_111' title="bbox 2310 5188 3814 5258">
     <span class='ocr_line' id='line_1_111' title="bbox 2310 5188 3814 5258; baseline -0.003 -17"><span class='ocrx_word' id='word_1_767' title='bbox 2310 5190 2488 5243; x_wconf 85' lang='lat' dir='ltr'><strong>videre</strong></span> <span class='ocrx_word' id='word_1_768' title='bbox 2516 5189 2755 5242; x_wconf 89' lang='lat' dir='ltr'><strong>memini.</strong></span> <span class='ocrx_word' id='word_1_769' title='bbox 2788 5191 2914 5242; x_wconf 75' lang='lat' dir='ltr'><strong>Erat</strong></span> <span class='ocrx_word' id='word_1_770' title='bbox 2970 5191 3053 5242; x_wconf 88' lang='lat' dir='ltr'><strong>hic.</strong></span> <span class='ocrx_word' id='word_1_771' title='bbox 3109 5189 3356 5257; x_wconf 63' lang='lat' dir='ltr'><strong>[Ethiops</strong></span> <span class='ocrx_word' id='word_1_772' title='bbox 3416 5188 3495 5242; x_wconf 92' lang='lat' dir='ltr'><strong>ira</strong></span> <span class='ocrx_word' id='word_1_773' title='bbox 3553 5191 3728 5258; x_wconf 78' lang='grc' dir='ltr'><strong>ρὶι-ιυς,</strong></span> <span class='ocrx_word' id='word_1_774' title='bbox 3773 5197 3814 5236; x_wconf 80' lang='lat' dir='ltr'><strong>t.t</strong></span> 
     </span>
    </p>
   </div>
   <div class='ocr_carea' id='block_1_112' title="bbox 2307 5276 3816 5345">
    <p class='ocr_par' dir='ltr' id='par_1_112' title="bbox 2307 5276 3816 5345">
     <span class='ocr_line' id='line_1_112' title="bbox 2307 5276 3816 5345; baseline -0.006 -16"><span class='ocrx_word' id='word_1_775' title='bbox 2307 5277 2558 5345; x_wconf 83' lang='lat' dir='ltr'><strong>peniculo</strong></span> <span class='ocrx_word' id='word_1_776' title='bbox 2588 5276 2872 5329; x_wconf 74' lang='lat' dir='ltr'><strong>mnlicrise</strong></span> <span class='ocrx_word' id='word_1_777' title='bbox 2907 5289 3053 5330; x_wconf 72' lang='lat' dir='ltr'><strong>v&#39;eSIe</strong></span> <span class='ocrx_word' id='word_1_778' title='bbox 3109 5279 3378 5345; x_wconf 82' lang='lat' dir='ltr'><strong>pulvcrmii</strong></span> <span class='ocrx_word' id='word_1_779' title='bbox 3422 5292 3546 5328; x_wconf 88' lang='lat' dir='ltr'><strong>cum</strong></span> <span class='ocrx_word' id='word_1_780' title='bbox 3595 5276 3816 5328; x_wconf 74' lang='lat' dir='ltr'><strong>sontibus</strong></span> 
     </span>
    </p>
   </div>
   <div class='ocr_carea' id='block_1_113' title="bbox 2309 5364 3807 5438">
    <p class='ocr_par' dir='ltr' id='par_1_113' title="bbox 2309 5364 3807 5438">
     <span class='ocr_line' id='line_1_113' title="bbox 2309 5364 3807 5438; baseline -0.004 -16"><span class='ocrx_word' id='word_1_781' title='bbox 2309 5370 2430 5422; x_wconf 86' lang='lat' dir='ltr'><strong>aliis</strong></span> <span class='ocrx_word' id='word_1_782' title='bbox 2461 5379 2780 5437; x_wconf 81' lang='lat' dir='ltr'><strong>extergeret.</strong></span> <span class='ocrx_word' id='word_1_783' title='bbox 2809 5370 2878 5422; x_wconf 84' lang='lat' dir='ltr'><strong>Ea</strong></span> <span class='ocrx_word' id='word_1_784' title='bbox 2903 5371 3110 5438; x_wconf 88' lang='lat' dir='ltr'><strong>pictura</strong></span> <span class='ocrx_word' id='word_1_785' title='bbox 3149 5372 3322 5438; x_wconf 72' lang='lat' dir='ltr'><strong>legato</strong></span> <span class='ocrx_word' id='word_1_786' title='bbox 3351 5379 3665 5422; x_wconf 76' lang='lat' dir='ltr'><strong>monstrata.</strong></span> <span class='ocrx_word' id='word_1_787' title='bbox 3701 5364 3807 5432; x_wconf 65' lang='lat' dir='ltr'><strong>quid</strong></span> 
     </span>
    </p>
   </div>
   <div class='ocr_carea' id='block_1_114' title="bbox 2309 5456 3808 5528">
    <p class='ocr_par' dir='ltr' id='par_1_114' title="bbox 2309 5456 3808 5528">
     <span class='ocr_line' id='line_1_114' title="bbox 2309 5456 3808 5528; baseline -0.007 -15"><span class='ocrx_word' id='word_1_788' title='bbox 2309 5462 2408 5528; x_wconf 86' lang='lat' dir='ltr'><strong>ipsi</strong></span> <span class='ocrx_word' id='word_1_789' title='bbox 2443 5461 2505 5513; x_wconf 91' lang='lat' dir='ltr'><strong>dc</strong></span> <span class='ocrx_word' id='word_1_790' title='bbox 2537 5461 2632 5512; x_wconf 85' lang='lat' dir='ltr'><strong>hac</strong></span> <span class='ocrx_word' id='word_1_791' title='bbox 2661 5460 2956 5526; x_wconf 82' lang='lat' dir='ltr'><strong>videretur,</strong></span> <span class='ocrx_word' id='word_1_792' title='bbox 2992 5464 3309 5517; x_wconf 64' lang='lat' dir='ltr'><strong>interrogat.</strong></span> <span class='ocrx_word' id='word_1_793' title='bbox 3349 5459 3485 5510; x_wconf 86' lang='lat' dir='ltr'><strong>Tum</strong></span> <span class='ocrx_word' id='word_1_794' title='bbox 3514 5462 3554 5510; x_wconf 72' lang='lat' dir='ltr'><strong>is</strong></span> <span class='ocrx_word' id='word_1_795' title='bbox 3589 5459 3678 5512; x_wconf 85' lang='lat' dir='ltr'><strong>:Ut</strong></span> <span class='ocrx_word' id='word_1_796' title='bbox 3705 5456 3808 5508; x_wconf 72' lang='lat' dir='ltr'><strong>milii</strong></span> 
     </span>
    </p>
   </div>
   <div class='ocr_carea' id='block_1_115' title="bbox 2307 5549 3810 5621">
    <p class='ocr_par' dir='ltr' id='par_1_115' title="bbox 2307 5549 3810 5621">
     <span class='ocr_line' id='line_1_115' title="bbox 2307 5549 3810 5621; baseline -0.008 -17"><span class='ocrx_word' id='word_1_797' title='bbox 2307 5552 2524 5621; x_wconf 89' lang='lat' dir='ltr'><strong>quidem</strong></span> <span class='ocrx_word' id='word_1_798' title='bbox 2558 5553 2787 5615; x_wconf 88' lang='lat' dir='ltr'><strong>videtur,</strong></span> <span class='ocrx_word' id='word_1_799' title='bbox 2821 5555 3013 5621; x_wconf 91' lang='lat' dir='ltr'><strong>inquit,</strong></span> <span class='ocrx_word' id='word_1_800' title='bbox 3044 5552 3128 5604; x_wconf 87' lang='lat' dir='ltr'><strong>hic</strong></span> <span class='ocrx_word' id='word_1_801' title='bbox 3158 5549 3408 5616; x_wconf 74' lang='lat' dir='ltr'><strong>.Etliitips</strong></span> <span class='ocrx_word' id='word_1_802' title='bbox 3446 5550 3810 5613; x_wconf 69' lang='lat' dir='ltr'><strong>pulveri-mom-</strong></span> 
     </span>
    </p>
   </div>
   <div class='ocr_carea' id='block_1_116' title="bbox 2309 5640 3808 5712">
    <p class='ocr_par' dir='ltr' id='par_1_116' title="bbox 2309 5640 3808 5712">
     <span class='ocr_line' id='line_1_116' title="bbox 2309 5640 3808 5712; baseline -0.005 -16"><span class='ocrx_word' id='word_1_803' title='bbox 2309 5660 2428 5696; x_wconf 84' lang='lat' dir='ltr'><strong>nem</strong></span> <span class='ocrx_word' id='word_1_804' title='bbox 2457 5644 2583 5697; x_wconf 79' lang='lat' dir='ltr'><strong>inse.</strong></span> <span class='ocrx_word' id='word_1_805' title='bbox 2615 5646 2789 5712; x_wconf 82' lang='lat' dir='ltr'><strong>ipsum</strong></span> <span class='ocrx_word' id='word_1_806' title='bbox 2826 5645 3124 5698; x_wconf 84' lang='lat' dir='ltr'><strong>converrit.</strong></span> <span class='ocrx_word' id='word_1_807' title='bbox 3160 5643 3312 5707; x_wconf 89' lang='lat' dir='ltr'><strong>Quod</strong></span> <span class='ocrx_word' id='word_1_808' title='bbox 3347 5643 3577 5695; x_wconf 82' lang='lat' dir='ltr'><strong>h0tuiuis</strong></span> <span class='ocrx_word' id='word_1_809' title='bbox 3613 5643 3735 5694; x_wconf 87' lang='lat' dir='ltr'><strong>acuti</strong></span> <span class='ocrx_word' id='word_1_810' title='bbox 3757 5640 3808 5683; x_wconf 71' lang='grc' dir='ltr'><strong>ιίιῑ</strong></span> 
     </span>
    </p>
   </div>
   <div class='ocr_carea' id='block_1_117' title="bbox 2310 5734 3803 5802">
    <p class='ocr_par' dir='ltr' id='par_1_117' title="bbox 2310 5734 3803 5802">
     <span class='ocr_line' id='line_1_117' title="bbox 2310 5734 3803 5802; baseline -0.006 -15"><span class='ocrx_word' id='word_1_811' title='bbox 2310 5735 2580 5789; x_wconf 84' lang='lat' dir='ltr'><strong>Ludovico</strong></span> <span class='ocrx_word' id='word_1_812' title='bbox 2606 5735 2792 5790; x_wconf 83' lang='lat' dir='ltr'><strong>Mauro</strong></span> <span class='ocrx_word' id='word_1_813' title='bbox 2838 5735 3152 5789; x_wconf 81' lang='lat' dir='ltr'><strong>vaticinium</strong></span> <span class='ocrx_word' id='word_1_814' title='bbox 3195 5734 3446 5802; x_wconf 80' lang='lat' dir='ltr'><strong>deinceps</strong></span> <span class='ocrx_word' id='word_1_815' title='bbox 3495 5742 3803 5789; x_wconf 65' lang='lat' dir='ltr'><strong>eventutom-</strong></span> 
     </span>
    </p>
   </div>
   <div class='ocr_carea' id='block_1_118' title="bbox 2309 5827 2740 5895">
    <p class='ocr_par' dir='ltr' id='par_1_118' title="bbox 2309 5827 2740 5895">
     <span class='ocr_line' id='line_1_118' title="bbox 2309 5827 2740 5895; baseline -0.002 -15"><span class='ocrx_word' id='word_1_816' title='bbox 2309 5828 2585 5895; x_wconf 70' lang='lat' dir='ltr'><strong>probatum</strong></span> <span class='ocrx_word' id='word_1_817' title='bbox 2622 5827 2740 5880; x_wconf 64' lang='lat' dir='ltr'><strong>fuit.</strong></span> 
     </span>
    </p>
   </div>
  </div>
