4006 6338
183 466 292 529 853

1306 481 1701 543 PANDECTE
1732 484 1928 548 HlS’I’.
1972 455 2277 551 TUR’CIC.

3279 498 3395 560 85-14

186 586 306 643 176.
350 588 958 687 Ιζςςξιςςεξςίιέξξψιῖᾳξ-ινρ
977 596 1562 687 “jejuni-succurrere
1620 621 1734 659 cum
1762 610 1809 671 Α
1838 597 2035 678 Tangv’i
2070 610 2281 665 Vereris
2300 623 2396 678 per
2421 609 2672 666 virtutem
2701 609 2920 669 Sinanis
2950 613 3147 681 bassaa,
3167 615 3381 687 beblere
3409 666 3419 669 .7

350 657 519 712 Gallis
557 670 605 714 et
638 657 884 731 Hispanis
910 668 1274 736 confoederatis
1313 657 1573 727 nituntur.

255 771 385 836 Quae
411 774 477 830 de
500 775 706 833 infelici
764 791 961 837 conatu
1007 785 1317 841 removendi
1369 787 1621 858 Bajazitis
1667 791 1734 845 ab

182 862 472 921 obsidione
502 867 762 940 Naupacti
789 885 1011 931 narrant
1042 878 1296 945 Annales,
1329 881 1490 950 paulo
1540 881 1737 937 diluci-

180 957 309 1011 dius
343 958 429 1014 bis
463 958 573 1016 fere
608 965 789 1020 verbis
824 967 1207 1038 Spanduginus
1241 976 1492 1043 exposuit
1578 976 1735 1031 Anno

182 1046 387 1115 inquit,
443 1052 733 1109 millesimo
793 1058 1332 1128 quadringentesimo
1386 1065 1736 1134 nonagesimo

182 1153 354 1205 nono,
390 1142 762 1204 Ferdinandus
800 1165 890 1204 rex
914 1150 1185 1221 Hispanus
1209 1135 1488 1225 occupatis
1520 1157 1732 1225 Naupa-

180 1237 292 1290 ctio
319 1236 462 1291 bello
490 1238 725 1307 Venetis,
755 1258 815 1296 ex
843 1243 955 1314 lege
983 1244 1199 1302 fmdcris
1259 1251 1496 1304 subsidia
1548 1253 1731 1320 misit;

180 1329 450 1398 auspiciis
472 1331 721 1388 Consalvi
754 1337 859 1400 sui,
891 1353 1052 1406 quem
1108 1339 1356 1408 Magnum
1387 1344 1732 1410 capitaneum

180 1421 473 1476 vocabant.
504 1422 554 1479 Is
571 1425 862 1495 adjunctus
884 1430 1043 1482 classi
1070 1429 1309 1493 Venette,
1328 1432 1731 1502 Cephalleniam

179 1510 422 1567 insulam
439 1513 628 1571 Turcis
653 1530 888 1586 ereptam
922 1524 1280 1590 recuperavit,
1310 1538 1431 1578 cum
1453 1525 1507 1578 S.
1551 1525 1733 1581 Maura

179 1605 327 1674 quod
366 1608 620 1675 oppidum
661 1609 714 1664 in
744 1612 916 1664 insula
957 1616 1297 1681 cognomine,
1353 1616 1536 1687 (prisci
1592 1617 1735 1672 Leu-

180 1699 372 1771 cadem
412 1702 695 1772 vocarunt)
725 1720 833 1758 non
877 1707 1065 1774 procul
1096 1705 1419 1777 aNaupacto
1451 1710 1739 1775 Patrisque

177 1789 346 1860 467
366 1791 553 1855 situm,
585 1794 653 1847 ab
672 1798 909 1864 Augusto
943 1808 1064 1865 post
1090 1799 1366 1854 Actiacam
1426 1801 1732 1869 victoriam,

177 1882 456 1951 Nicopolis
480 1885 683 1939 dictum
707 1885 825 1941 fuit.
857 1890 1097 1945 Adaucta
1121 1906 1337 1961 quoque
1362 1901 1490 1949 tunc
1533 1893 1732 1951 Veneta

1838 699 1954 768 begi
1987 700 2109 763 mei,
2145 701 2542 772 vi'olentamque
2573 702 2949 772 genizarorum
3003 714 3243 761 meorum
3282 723 3378 762 ex-

1836 794 2238 863 pugnationem,
2272 797 2559 851 concessit.
2587 794 2793 862 Quibus
2822 796 2874 852 in
2908 798 3088 853 verbis
3128 799 3217 854 illa
3237 799 3378 854 Tur.

1836 887 1971 952 cica,
1993 886 2189 957 Taugri
2216 887 2449 951 Vereris;
2477 898 2572 944 aut
2593 886 2811 945 Verersi
2838 889 3036 959 potius,
3058 889 3224 946 Deum
3249 906 3379 961 pro-

1837 978 2026 1049 pitium
2076 980 2397 1049 signiﬁcant.
2441 978 2605 1035 Sinatt
2662 993 2790 1036 vero
2840 981 3019 1048 bassa~,
3074 981 3229 1051 cujus
3290 984 3377 1039 hic

1836 1071 2037 1125 mentio
2069 1070 2145 1133 fit,
2189 1060 2344 1126 initio
2393 1073 2682 1141 expugnati
2735 1070 2882 1126 Cairi
2915 1073 3081 1127 ductu
3135 1073 3376 1137 Selimis,

1836 1159 2083 1231 Bajazitis
2118 1162 2232 1225 lilii,
2264 1177 2434 1217 caesus
2459 1177 2487 1216 a
2537 1162 2852 1218 Mamelucis
2901 1163 3187 1229 occubuit,
3242 1174 3299 1219 ut
3326 1166 3380 1219 in

1835 1251 2130 1307 Annalibus
2169 1268 2267 1307 suo
2300 1254 2417 1307 loco
2445 1262 2723 1323 sequetur.
3068 1296 3093 1321 η
3290 1250 3293 1251 ⁷

1837 1364 1955 1419 178.
1976 1363 2279 1438 Mityliitea
2292 1365 2513 1438 Venetis,
2530 1376 2576 1419 et
2598 1367 2979 1433 confardcratis,
3000 1368 3150 1421 irrito
3166 1377 3377 1438 conatu,

1908 1444 2124 1488 tenlata.
2161 1434 2391 1504 Philippi
2426 1435 2708 1489 Raveatam'
2744 1437 2908 1505 reguli
2953 1437 3308 1507 naufragium.

1906 1526 2140 1580 Annales
2171 1525 2386 1580 Turcici
2419 1522 2679 1580 duntaxat
2707 1526 3116 1595 llispanicorum
3146 1531 3376 1586 auxilio-

1836 1633 1954 1671 rum
1990 1617 2302 1680 meminere,
2332 1631 2452 1686 quae
2485 1617 2693 1671 scilicet
2736 1632 2765 1669 a
2797 1617 3135 1673 Ferdiuando
3170 1623 3376 1690 Arago-

1838 1724 1962 1762 num
1991 1718 2045 1763 et
2073 1707 2320 1763 Castellre
2361 1723 2506 1777 rege,
2543 1709 2727 1763 Karuli
2759 1708 2797 1762 ν
2851 1709 3082 1766 Caesaris
3117 1727 3218 1765 avo
3267 1727 3380 1765 ma-

1836 1810 2008 1864 terno,
2064 1801 2399 1870 suppeditata
2437 1800 2586 1855 fuere
2619 1800 2857 1867 Venetis,
2910 1802 3045 1856 duce
3076 1803 3375 1867 Consalvo.

1836 1894 1903 1947 de
1925 1909 2032 1962 quo
2057 1882 2307 1947 diximus.
2335 1891 2437 1947 Sed
2471 1901 2689 1947 constat
2720 1893 2825 1948 hoc
2874 1894 3035 1948 etiam
3070 1895 3210 1949 bello
3247 1896 3373 1950 Gal-

177 1974 375 2029 classis
398 1974 496 2030 fuit
523 1977 875 2034 auxiliaribus
901 1980 1577 2049 navigiisaconfmderato
1606 2002 1731 2056 rege
1767 1969 1805 2021 Β
1837 1987 1936 2039 lica
1994 1983 2210 2038 Venetis
2260 2000 2287 2039 a
2346 2001 2470 2063 rege
2518 1985 2794 2041 Ludovico
2840 1988 3051 2043 venisse
3114 1989 3377 2054 subsidia,

179 2064 513 2120 Francorum
547 2068 817 2123 Ludovico
850 2070 943 2126 Xll
972 2072 1138 2128 ductu
1192 2076 1362 2145 reguli
1418 2077 1732 2141 Ravestani,

178 2159 413 2227 Philippi
442 2161 732 2227 Clivensis,
764 2166 854 2231 qui
879 2164 1118 2218 Genuam
1152 2182 1250 2234 pro
1288 2181 1413 2238 rege
1446 2179 1575 2223 tunc
1634 2171 1732 2224 ad;-

178 2252 547 2307 ministrabat.
591 2255 639 2309 ls
674 2256 857 2324 prazlio
883 2271 1005 2309 cum
1031 2256 1223 2313 Turcis
1244 2273 1731 2327 congressus,cuin

179 2342 515 2397 Venetorum
535 2344 784 2401 triremes
813 2347 1019 2401 nullum
1052 2349 1282 2418 navigiis
1299 2351 1416 2405 suis
1434 2352 1575 2408 ferre
1605 2353 1737 2409 sub-

98 2450 101 2452 ‘
176 2435 379 2489 sidium
436 2435 702 2495 vidisset:
766 2438 1099 2508 indignatus,
1130 2443 1249 2495 vela
1276 2444 1448 2498 ventis
1495 2444 1735 2509 dedit,et

177 2527 307 2582 inde
343 2526 653 2594 discedens,
672 2529 966 2586 Massiliam
996 2549 1246 2588 reversus
1268 2548 1369 2588 est.
1400 2537 1529 2589 Erat
1550 2548 1728 2590 autem

174 2614 398 2671 Venetae
426 2619 618 2674 classis
649 2621 944 2691 imperator
972 2624 1242 2679 Antonius
1264 2625 1575 2686 Grinianus,
1638 2626 1730 2694 qui

178 2717 489 2778 propterea,
521 2711 663 2778 quod
698 2714 961 2784 pugnanti
982 2714 1293 2771 Ravestano
1333 2733 1444 2771 non
1514 2731 1734 2773 succur-

178 2808 350 2863 rerat,
382 2810 433 2851 et
452 2800 689 2869 alioquin
716 2802 969 2859 etiam‘se
998 2819 1236 2875 gesserat
1260 2808 1516 2876 segniter,
1544 2807 1733 2865 ferreis

176 2892 231 2945 in
264 2891 617 2959 compedibus
647 2891 901 2950 Venetias
928 2897 1129 2952 missus
1165 2898 1285 2952 fuit.
1312 2898 1497 2953 Nihilo
1552 2910 1728 2957 tamen

175 2982 361 3035 minus
390 2979 529 3036 idem
564 2993 746 3052 postea
774 2983 928 3040 ducis
954 2988 1271 3057 dignitatem
1293 2988 1553 3044 obtinuit.

176 3095 302 3150 I77.
349 3096 583 3158 Methone
640 3097 944 3167 Coroneque
989 3098 1250 3169 Bajazitis
1312 3104 1365 3156 in

958 3112 1250 3183 ⁸Βαλτηιιῡδ
1312 3112 1365 3156 tn
1420 3112 1729 3172 potestatem

856 3180 1086 3223 veniunt.
1702 3196 1703 3199 ‘

1835 2076 1972 2129 duce
2009 2074 2259 2144 Philippo
2300 2073 2506 2144 'regulo
2564 2075 2894 2138 Ravestano,
2930 2076 3263 2133 Clivensium
3324 2080 3377 2133 in

1833 2163 2123 2217 Germania
2159 2163 2464 2233 principum
2498 2163 2705 2216 familia
2744 2173 2888 2230 nato,
2912 2167 3003 2233 qui
3034 2166 3133 2221 hae
3156 2167 3379 2235 expedio

1837 2253 1984 2307 tione
2039 2269 2224 2309 secum
2272 2255 2574 2309 adduxerat
2625 2254 2865 2309 Albania:
2906 2256 3094 2311 ducem
3138 2258 3378 2320 Scotum,

1833 2360 1990 2413 quem
2044 2344 2352 2413 Albignium
2390 2345 2470 2399 vel
2500 2345 2786 2415 Obigniuni
2815 2346 3052 2401 historiae
3078 2355 3293 2413 vocant,
3325 2357 3378 2402 et

1835 2434 2095 2490 Infantem
2130 2434 2496 2490 Navarrenum
2532 2437 2634 2506 (sic
2669 2436 2907 2507 llispano
2946 2452 3094 2493 more
3118 2439 3384 2493 secundo-

1832 2527 1992 2596 geniti
2012 2541 2195 2595 regum
2227 2526 2321 2581 lilii
2349 2530 2742 2597 nominantur),
2773 2518 2901 2584 cum
2932 2545 3125 2599 magno
3154 2531 3377 2585 aliorum

1832 2618 2095 2673 nobilium
2141 2634 2172 2674 e
2211 2618 2383 2674 Gallia
2422 2637 2668 2677 numero.
2710 2622 2844 2677 Tota
2882 2624 3074 2679 classis
3103 2624 3377 2678 hominum

1834 2710 1971 2765 bello
2004 2712 2317 2769 idoneorum
2357 2713 2421 2767 ad
2481 2714 2653 2769 10000
2706 2715 3044 2778 continebat,
3095 2727 3152 2779 ut
3204 2714 3379 2783 Span-

1831 2802 2064 2871 duginus
2097 2803 2281 2859 refert.
2309 2804 2387 2857 Ab
2441 2804 2527 2859 bis
2559 2805 2778 2860 obsessa
2809 2804 2909 2858 fuit
2940 2806 3069 2860 urbs
3098 2804 3254 2858 Lesbi
3278 2804 3378 2858 Mi.

1832 2895 2019 2962 tyline,
2057 2896 2341 2964 captisqtye
2371 2896 2648 2951 suburbiis
2671 2880 2962 2965 oppugnati
3007 2896 3302 2952 terribilem
3324 2897 3393 2949 in-

1831 2982 2048 3037 modum
2116 2986 2280 3047 muri.
2329 2986 2423 3040 sed
2472 2984 2695 3041 frustra.
2730 2987 2970 3056 Regulus
3021 2988 3377 3051 Ravcstanus,

1831 3085 2114 3145 postquam
2152 3076 2435 3131 obsidione
2492 3078 2665 3131 soluta
2723 3076 3021 3132 discessum
3053 3094 3116 3133 ex
3178 3080 3375 3145 insula,

1829 3162 2079 3233 Magnum
2107 3166 2277 3220 llhodi
2317 3156 2630 3236 Magistrum
2664 3182 2785 3222 cum
2817 3168 2885 3223 29
2918 3171 3143 3237 navigiis
3181 3186 3378 3240 exspe-

244 3256 467 3313 Nobtles
488 3258 541 3314 in
567 3259 754 3328 primis
780 3259 1132 3331 Peloponnesi
1164 3272 1290 3319 sum,
1321 3265 1482 3320 urbes
1517 3266 1574 3320 in
1594 3265 1727 3321 Mes.
1760 3288 1802 3345 ο
1832 3269 1983 3310 ctare
2014 3258 2226 3320 nolens,
2248 3257 2586 3328 naufragium
2613 3268 2828 3329 propter
2854 3260 3085 3315 insulam
3103 3260 3379 3330 Ceriguui,

171 3351 326 3406 senia
373 3352 674 3417 maritimae,
727 3353 976 3410 Methone
1030 3362 1085 3409 et
1128 3356 1359 3422 Corone,
1405 3372 1526 3427 qua:
1571 3359 1731 3429 vulgo

173 3457 323 3497 nunc
360 3442 552 3497 Medon
582 3454 637 3498 et
667 3445 844 3499 Coron
892 3448 1258 3515 appellantur.
1293 3448 1589 3520 Utramque
1620 3465 1728 3505 non

172 3528 296 3583 sine
347 3528 589 3596 periculo
626 3531 883 3588 vidimus.
936 3534 1239 3589 Methonem
1292 3537 1599 3594 Nicolaides
1635 3554 1731 3607 per

172 3634 416 3674 errorem
472 3622 693 3689 scripsit
729 3625 857 3678 oliui
915 3625 1115 3679 dictam
1174 3625 1342 3683 fuisse
1379 3628 1727 3685 Mantineam.

170 3709 388 3779 Quippe
408 3722 563 3767 vetus
598 3714 854 3770 Methonaa
888 3731 1084 3772 nomen
1114 3727 1217 3782 cst,
1249 3728 1305 3775 et
1331 3720 1450 3789 ipsa
1481 3722 1674 3779 civitas
1698 3739 1727 3777 a

168 3802 376 3869 duplici
418 3802 706 3867 Mantinea,
737 3815 845 3858 tam
884 3808 1039 3862 sinus
1086 3807 1346 3879 Argolici,
1379 3813 1547 3881 (nunc
1579 3812 1731 3869 Man-

170 3892 358 3957 digna)
380 3907 545 3960 quam
590 3892 835 3950 Arcadiae
865 3897 1031 3964 (unite
1071 3896 1271 3969 blandi)
1304 3902 1459 3971 longe
1492 3904 1727 3962 diversa.

171 3981 372 4037 Leonis
404 3982 629 4050 Augusti
666 3984 884 4040 Novella
924 3988 992 4044 de
1044 3988 1301 4055 Thronis,
1338 3992 1729 4051 Methonenret

168 4076 422 4128 Coronen
462 4076 588 4131 facit
614 4077 976 4146 episcopatus,
1008 4094 1209 4151 eosque
1242 4081 1486 4147 Patrensi
1529 4080 1729 4141 metro.

171 4167 417 4235 politauo
464 4168 516 4221 iu
548 4166 923 4237 Peloponneso
975 4171 1216 4242 subjicit.
1248 4173 1514 4231 Caeterum
1564 4179 1728 4248 paulo

164 4257 333 4311 aliter
357 4273 383 4310 a
406 4257 837 4315 levio-narratur
858 4279 888 4316 a
923 4263 1119 4319 Turcis
1149 4278 1410 4335 occupata
1445 4268 1720 4333 Methone,

170 4366 335 4419 quam
364 4353 454 4404 hic
478 4353 531 4405 in
560 4355 886 4409 Annalibus.
931 4354 1143 4425 Quippe
1176 4360 1340 4412 tradit
1372 4375 1490 4413 eam
1519 4363 1726 4417 incuria

170 4442 634 4510 przrsidiariorum
665 4446 715 4498 in
768 4446 942 4501 hos1is
975 4456 1296 4516 potestatem
1341 4450 1572 4515 venisse,
1634 4453 1726 4522 qui

169 4547 395 4587 rumore
424 4535 489 4588 de
515 4536 778 4591 subsidiis
798 4544 1034 4605 quatuor
1056 4548 1151 4591 aut
1179 4555 1272 4594 sex
1293 4542 1608 4600 triremibus
1634 4544 1728 4597 ad-

1831 3363 1991 3417 quam
2053 3358 2261 3403 veteres
2311 3348 2598 3419 Cytheram
2652 3350 2857 3417 dixere,
2914 3352 3076 3405 fecit:
3136 3354 3380 3422 adeoque

1831 3438 1985 3507 pauci
2041 3455 2104 3491 ex
2165 3439 2231 3493 iis
2270 3440 2363 3507 qui
2393 3440 2623 3495 navibus
2654 3441 2805 3496 hisce
2839 3442 3192 3507 vehebantur,
3229 3444 3379 3498 ineo.-

1834 3532 2006 3585 lumes
2044 3540 2356 3585 evaserunt.
2404 3532 2483 3585 Ad
2524 3548 2582 3586 ea
2610 3548 2727 3601 quae
2783 3533 2999 3587 tradunt
3048 3534 3284 3590 Annales
3312 3536 3378 3588 de

1829 3622 2089 3691 placatoa
2120 3619 2362 3682 Venetis.
2400 3622 2754 3690 impetrandae
2785 3623 2933 3690 pacis
2970 3638 3157 3686 causa,
3190 3640 3377 3679 mune.

1829 3713 1979 3767 ribus
1995 3709 2247 3780 Bajazitis
2268 3713 2471 3779 animo,
2522 3712 2849 3776 addendum,
2872 3729 2967 3767 eos
2996 3729 3091 3781 per
3113 3712 3376 3770 Andream

1828 3806 2089 3870 Grittuin,
2108 3814 2229 3877 post
2252 3806 2362 3859 haec
2389 3804 2627 3873 ipsorum
2651 3805 2865 3868 ducem,
2887 3804 3112 3871 Bajaziti
3138 3806 3194 3859 S.
3230 3804 3377 3857 Mau-

1831 3913 1943 3952 ram
1969 3912 2183 3968 quoque
2213 3896 2536 3961 restituisse,
2570 3896 2747 3949 locum
2781 3896 3046 3964 hodieque
3067 3895 3369 3950 Turcorum

1833 3988 1884 4041 in
1922 3996 2197 4056 potestate
2213 3985 2594 4049 constitutum,
2629 3984 2891 4052 longeque
2924 3985 3374 4045 munitissimum.

1833 4078 2141 4133 Leucadem
2177 4077 2263 4131 alii
2296 4077 2492 4147 priscis
2518 4076 2716 4130 dictam
2747 4076 2957 4140 volunt,
2988 4076 3078 4129 alii
3110 4073 3372 4131 Neritutn.

1830 4171 2163 4226 Sententiam
2193 4169 2432 4237 priorum
2459 4184 2523 4222 ex
2550 4174 2781 4239 praetore
2806 4165 3023 4222 Graecia:
3052 4178 3240 4223 nostro
3258 4185 3379 4239 pro-

1832 4263 1961 4316 bare
1992 4260 2199 4331 liquido
2236 4260 2385 4314 licet.

1837 4375 1956 4430 179.
1982 4374 2250 4429 Secundus
2274 4372 2690 4439 Sophilariornm
2717 4382 2882 4441 motus
2909 4373 3153 4425 adversus
3186 4370 3373 4425 0mm-

1932 4447 2091 4507 nicos,
2129 4444 2314 4504 Scaclt,
2345 4442 2486 4504 (Iuli,
2518 4442 2699 4496 Scitan
2733 4441 2870 4506 Culi,
2914 4441 3058 4494 Kisei
3100 4443 3273 4493 bassa.

1903 4538 1975 4591 De
2037 4536 2257 4603 regione
2307 4533 2471 4587 Tekie
2525 4534 2638 4587 sive
2668 4532 2811 4586 Tcke
2854 4534 3057 4585 dictum
3111 4533 3374 4603 superius,

171 4624 348 4678 vectis
381 4639 475 4691 per
517 4625 705 4680 urbem
741 4626 935 4687 didito.
991 4629 1199 4683 relictis
1230 4625 1562 4686 stationibus
1614 4633 1730 4686 stris

1838 4641 1957 4694 cap.
1993 4624 2081 4678 57.
2116 4626 2295 4675 Altera
2332 4621 2434 4676 fuit
2482 4624 2593 4674 haec
2646 4621 2909 4678 adversus
2941 4621 3285 4689 Osuianidas,
3329 4633 3383 4679 et

169 4714 237 4768 ad
260 4724 479 4783 portum
507 4717 904 4770 concurrerint.
928 4718 986 4771 id
1005 4732 1133 4771 vero
1156 4721 1505 4785 conspicatos
1524 4722 1730 4787 hostes,

116 4792 123 4795 ⁷
169 4820 269 4874 spe
307 4806 503 4875 praedae
531 4818 856 4873 commotos,
908 4810 1201 4866 accedente
1246 4810 1497 4879 Bajazitis
1528 4815 1727 4869 incita-

170 4903 349 4963 tione,
379 4913 500 4952 cmn
536 4899 699 4953 variis
738 4900 1081 4969 prtemiorum
1120 4904 1428 4971 promissis.
1462 4905 1515 4959 in
1545 4907 1733 4960 urbem

174 4994 538 5059 desertasque
592 4991 853 5046 stationes
894 4991 1180 5061 irrupisse,
1240 5003 1563 5064 captamque
1594 4996 1732 5050 diri-

176 5084 388 5153 puisse.
431 5082 583 5147 Quod
637 5084 835 5138 deinde
887 5084 1201 5151 subjicitur,
1251 5100 1278 5136 a
1321 5086 1512 5140 Turcis
1546 5103 1734 5149 preces

175 5180 234 5231 in
288 5174 424 5229 urbe
453 5183 607 5241 capta
640 5174 809 5227 fuisse
848 5184 1161 5244 conceptas,
1208 5191 1327 5243 qua:
1368 5178 1452 5231 dic
1511 5176 1734 5233 Veneris

175 5266 369 5322 haberi
411 5264 667 5330 soleant,
725 5263 813 5315 his
848 5276 877 5315 a
927 5262 1279 5332 Spandugiuo
1323 5266 1501 5319 verbis
1546 5265 1730 5320 itidem

175 5362 460 5419 narratur,
507 5369 625 5423 qua:
658 5351 866 5407 reddita
919 5350 1091 5403 lubuit
1150 5352 1410 5405 inserere.
1464 5349 1734 5405 lllemoria:

181 5446 460 5516 proditum
496 5453 599 5508 est,
634 5442 831 5513 inquit,
857 5439 1125 5511 postridie
1156 5456 1318 5509 quam
1364 5453 1519 5510 capta
1542 5441 1735 5497 fuisset

178 5536 457 5598 Methone,
479 5535 762 5604 Bajazitem
795 5533 1017 5587 omnino
1037 5530 1268 5585 voluisse
1310 5532 1495 5585 urbem
1530 5531 1731 5600 ingredi

180 5628 249 5683 ad
274 5628 514 5695 agendas
555 5626 666 5680 Deo
698 5626 899 5695 gratias
924 5624 977 5676 in
1007 5624 1125 5691 ipso
1141 5621 1571 5676 Christianorum
1600 5632 1735 5677 tem-

178 5720 291 5788 plo.
319 5716 691 5784 Cumquejam
718 5722 1050 5783 pertulisset
1079 5716 1129 5764 in
1157 5722 1395 5780 pontum,
1420 5726 1529 5780 quo
1556 5722 1734 5767 trans-

179 5810 378 5866 eunda:
424 5808 573 5862 urbis
608 5816 758 5862 erant
828 5806 1008 5867 fossae,
1048 5804 1422 5871 conspicatum
1465 5801 1729 5855 fossarum

183 5902 550 5965 altitudinem,
580 5900 782 5954 dixisse
815 5916 828 5954 ς
854 5896 984 5951 Tant
1011 5894 1271 5949 munitam
1300 5895 1570 5951 civitatem
1599 5895 1729 5948 mihi

1839 4724 2039 4768 sectam
2068 4712 2481 4767 Usmatticorum
2514 4711 2737 4776 seditio,
2758 4713 2825 4765 ab
2864 4713 2935 4767 iis
2963 4714 3213 4780 excitata,
3244 4730 3381 4783 quos

1839 4807 2173 4875 Sophilarios
2196 4815 2247 4859 et
2282 4805 2715 4875 Kiscleslbassas
2748 4806 3024 4859 dixerunt.
3070 4805 3276 4875 Quippe
3314 4809 3380 4860 de

1840 4898 2009 4965 prima
2036 4896 2288 4963 superius
2318 4895 2614 4948 indicatum
2637 4908 2754 4962 cap.
2784 4894 2869 4947 8i.
2895 4893 3079 4949 .luvius
3102 4907 3374 4950 auctorem

1838 4982 2120 5051 seditionis
2151 4984 2380 5049 appellat
2408 4982 2732 5046 Techcllem,
2759 4996 2787 5034 a
2811 4985 2998 5049 patria,
3029 4995 3197 5054 puto:
3219 4985 3379 5042 Dres-

1841 5075 1985 5134 lerus
2046 5089 2166 5128 Cum
2210 5075 2331 5129 aliis
2360 5072 2551 5137 Eliam,
2609 5074 2748 5127 nulla
2783 5075 2985 5128 ratione
3018 5092 3032 5128 :
3073 5076 3370 5131 Turcorum

1838 5165 2139 5219 Annalibus
2197 5165 2507 5220 Scachuli
2560 5166 2867 5219 nominatus
2920 5165 3089 5220 fuisse
3127 5167 3374 5233 refertur,

1839 5274 1967 5312 voce
1992 5257 2327 5326 signiﬁcante
2355 5258 2545 5313 Scachi
2578 5272 2815 5312 servum.
2848 5255 2910 5308 Et
2959 5255 3147 5310 Scachi
3187 5259 3371 5325 appel-

1840 5347 2037 5400 latione
2062 5346 2385 5414 intelligitur
2425 5346 2595 5400 Scach
2644 5345 3051 5410 lsmail,reccns
3083 5344 3371 5399 Persarum

1841 5451 2005 5505 regno
2036 5437 2259 5504 potitus,
2289 5437 2354 5490 de
2388 5453 2496 5505 quo
2532 5437 2688 5505 paulo
2723 5436 2885 5507 468
2915 5445 3037 5504 post
3082 5438 3376 5503 exposituti

1840 5530 2042 5600 prolixe
2074 5544 2281 5584 sumus.
2316 5529 2402 5581 Ait
2431 5527 2645 5603 Jovius,
2684 5544 2807 5582 eum
2845 5521 3015 5583 fuisse
3047 5528 3373 5597 discipulum

1837 5619 2105 5683 Arduclis,
2134 5621 2199 5673 de
2230 5636 2337 5685 quo
2374 5620 2553 5673 itidem
2589 5635 2709 5685 mox
2754 5620 3041 5674 dicendum
3080 5638 3094 5673 :
3128 5629 3250 5687 post
3283 5634 3384 5696 cu-l

1833 5713 1923 5782 jus
1958 5710 2178 5775 CiDdCIII,
2219 5709 2492 5780 Euphrate
2548 5711 2889 5773 transmisso,
2932 5710 3138 5765 venerit
3187 5710 3239 5761 in
3276 5709 3377 5762 Ar-

1839 5805 2067 5859 menium
2103 5803 2385 5868 minorem,
2420 5812 2465 5855 el
2499 5802 2549 5855 in
2594 5802 2848 5870 spelunca
2882 5802 3110 5870 quadam
3147 5803 3211 5855 ad
3237 5800 3378 5854 radi-

1837 5914 1926 5954 ces
1980 5895 2248 5951 Autituuri
2291 5895 2488 5951 montis
2540 5893 2882 5947 habitaverit.
2919 5892 2989 5946 Ea
3025 5909 3212 5963 parum
3246 5907 3374 5949 vero
