4006 6338
689 429 793 491 855

1825 435 2138 495 JOANNIS
2176 403 2631 519 LEUNCLAVII

3765 432 3855 497 856

692 544 939 621 videnlur
964 552 1341 607 consentanea.
1366 554 1475 599 tum
1501 546 1642 613 quod
1666 545 1804 600 'fcke
1822 549 1966 617 regio
2012 550 2230 604 minime
2260 558 2304 610 Α
2336 567 2450 604 sam
2477 551 2748 604 civitatem
2780 550 2972 603 habeat
3004 545 3162 613 (Iuni,
3192 522 3295 601 hoc
3331 552 3436 608 est,
3471 543 3732 599 lcOnium.
3768 548 3856 600 ιιμ

692 634 763 688 sit
787 633 1039 694 Armenia
1069 635 1266 700 minor,
1300 636 1394 691 sed
1429 633 1657 706 Phrygia
1689 638 1880 705 major,
1915 647 1969 690 ιιι
2020 649 2205 706 aper-te

690 726 859 806 lector
886 738 952 779 ex
983 725 1111 794 ipsis
1138 726 1428 805 Annalium
1453 727 1631 780 verbis
1665 743 1892 782 numero
1930 729 1998 783 57
2027 732 2225 785 notatis

691 808 985 893 perspicit;
1026 824 1139 869 tum
1168 816 1367 881 etiam,
1404 817 1545 885 quod
1570 831 1599 869 e
1642 816 1820 872 Persia
1854 820 2086 874 venienti
2124 825 2224 874 mi-

690 908 837 982 nime.
858 905 1124 976 Bajazites
1156 921 1380 965 munera
1413 910 1707 977 quotannis
1745 912 2010 975 missurus
2038 912 2220 969 fuerit.

686 994 818 1077 Utut
843 1011 963 1053 sese
984 997 1311 1064 reshabeat,
1330 998 1521 1053 Scachi
1547 1001 1761 1067 quidem
1785 1002 2009 1058 lsmailis
2043 1015 2220 1071 partes

687 1085 966 1156 amplexus
993 1086 1114 1162 fuit,
1143 1087 1371 1157 ideoque
1410 1087 1581 1142 Scach
1615 1089 1731 1143 Culi
1762 1093 2066 1147 nominatus
2096 1110 2110 1146 :
2152 1109 2217 1147 ex

684 1189 792 1246 quo
854 1175 1039 1244 Turci,
1102 1179 1347 1247 partibus
1391 1176 1802 1235 Osmanidarum
1862 1182 2217 1247 adhaerentes,

609 1290 614 1293 -
681 1266 860 1344 fecere
905 1266 1098 1321 Scitan
1143 1267 1283 1333 Culi,
1318 1260 1447 1325 voce
1474 1271 1809 1341 signiﬁcante
1862 1264 2073 1328 Satanae
2135 1276 2217 1329 vel

680 1358 877 1413 diaboli
904 1374 1115 1413 servum
1143 1362 1558 1431 mancipiumve.
1595 1357 1872 1419 Geufrteus
1901 1365 2092 1420 alicubi
2122 1381 2217 1433 pro

681 1451 803 1507 Culi
856 1451 1073 1520 scripsit
1102 1451 1331 1509 Coullet.
1369 1454 1748 1524 Spanduginus
1779 1458 1827 1509 ei
1881 1457 2215 1525 suppeditata

679 1539 848 1623 fuisse
888 1542 1052 1595 tradit
1085 1543 1152 1597 ab
1200 1542 1413 1597 lsmaile
1446 1544 1653 1623 Scacho
1696 1543 1872 1599 20000
1916 1545 2237 1615 hominum.

679 1630 823 1697 quod
846 1632 1317 1698 equidemverutn
1355 1650 1458 1687 non
1496 1626 1751 1700 arbitror,
1778 1650 1841 1689 ex
1885 1635 1953 1691 iis
1981 1652 2100 1705 qua:
2128 1637 2217 1693 hic

678 1721 734 1775 in
764 1724 1066 1779 Annalibus
1101 1736 1423 1792 sequuntur.
1455 1725 1621 1794 Magis
1648 1734 1731 1791 est
1766 1742 1902 1780 {vero
1930 1737 2214 1783 consenta-

680 1827 858 1874 neum,
890 1813 1034 1883 quod
1059 1810 1245 1868 Jovius
1273 1814 1369 1879 ait,
1402 1828 1497 1884 per
1524 1815 1889 1872 internuntios
1916 1816 1984 1872 ab
2005 1815 2212 1873 lsmaiie

676 1902 1053 1956 conﬁrmatum
1100 1904 1153 1958 in
1217 1904 1494 1974 proposito
1535 1905 1718 1961 fuisse.
1752 1906 1898 1962 Kisel
1926 1906 2083 1963 bassa
2115 1909 2209 1965 ‘si-

672 1990 893 2060 gnificat
918 1992 1139 2046 rubrum
1160 2004 1338 2062 caput.
1359 1992 1411 2047 ld
1442 2009 1635 2048 nomen
1655 1996 1925 2050 Osmanici
1945 1996 2210 2053 dederunt

676 2081 777 2147 hoc
803 2082 921 2151 ipso
950 2090 1187 2148 tempore
1214 2079 1573 2143 sectatoribus
1602 2080 1829 2138 lsmailis
1854 2084 2044 2138 Seachi
2084 2086 2209 2140 Per-

673 2188 879 2236 sarum,
904 2162 934 2226 a
964 2175 1125 2239 rubro
1160 2174 1351 2242 capitis
1381 2183 1686 2242 tegumento
1713 2189 1727 2227 :
1762 2188 1874 2243 quo
1905 2174 1969 2230 de
2001 2175 2206 2245 plenius

674 2266 937 2335 agendum
975 2264 1133 2334 paulo
1176 2274 1319 2334 post.

674 2399 792 2455 180,
832 2400 1030 2457 Αηιαιὶ.
1062 2399 1243 2451 civitas
1304 2395 1561 2451 Anatolio:
1593 2412 1611 2451 :
1641 2396 1941 2452 Gra'corum
1991 2398 2118 2450 anni
2175 2413 2210 2450 α

741 2472 933 2525 mundo
952 2468 1177 2531 condito,
1204 2483 1430 2536 quonam
1465 2467 1618 2520 modo
1641 2483 1758 2519 cum
1790 2467 1982 2520 nostris
2026 2482 2205 2519 conve-

738 2543 906 2595 niant.
953 2539 1182 2593 Nomina
1222 2538 1456 2605 qua'dam
1486 2545 1685 2589 vetusta
1704 2552 1820 2589 cum
1836 2536 2206 2589 recentioribus

738 2612 975 2699 collata-

743 2727 876 2792 Quae
907 2727 1097 2784 Turcis
1124 2729 1211 2783 hic
1254 2730 1434 2783 Antali
1475 2723 1712 2796 vocatur,
1737 2732 1933 2802 priscis
1970 2744 2087 2790 erat
2113 2738 2219 2795 Atr

673 2818 819 2881 talia,
852 2819 1116 2886 quondam
1142 2819 1210 2874 ab
1259 2818 1439 2873 Attalo
1466 2834 1612 2888 rege,
1644 2836 1751 2874 uno
1785 2822 1852 2876 de
1875 2826 2204 2878 successori-

672 2911 770 2963 bus
797 2910 1086 2963 Alexandri
1123 2909 1323 2977 Magni,
1354 2908 1602 2983 condita.
1626 2910 1822 2965 Leonis
1861 2913 2201 2981 imperatoris

668 2999 885 3054 Novella
912 3000 978 3053 de
1001 3000 1208 3053 thronis
1242 3014 1360 3053 eam
1390 3000 1618 3052 collocat
1668 2999 1720 3053 in
1772 3000 2063 3068 Pamphilia
2116 3017 2202 3056 se-

668 3090 865 3153 cunda,
896 3091 997 3145 sub
1024 3090 1301 3158 metropoli
1335 3089 1505 3158 Sylteo
1542 3089 1659 3144 sive
1681 3090 1870 3159 Perga.
1900 3091 2071 3146 Graeci
2104 3108 2201 3160 pn-

2238 1865 2285 1926 Β

2325 644 2471 697 otius
2504 641 2643 695 hanc
2697 641 2927 695 collocat
2957 642 3008 693 in
3054 624 3558 708 Lycaonia.quam
3600 635 3852 691 Laonicus

2324 732 2376 786 itt
2406 732 2562 786 Caria
2589 748 2603 797 ;
2638 736 2702 787 de
2731 747 2836 799 quo
2854 744 3024 800 supra
3060 745 3284 784 nuutero
3308 729 3393 791 η,
3420 729 3648 782 dictum.
3686 728 3848 789 Addit,

2324 827 2461 879 hanc
2489 839 2608 878 esse
2635 825 2891 893 majorem
2927 824 3091 877 totius
3140 822 3391 890 Turquize
3434 820 3612 888 regni,
3649 819 3748 872 hoc
3777 830 3847 872 est

2322 915 2682 984 metropolim.
2758 915 3029 983 Briquiam
3104 912 3425 968 Reineccius
3481 912 3849 978 interpretatur

2319 1005 2561 1076 Lyciam,
2582 1021 2704 1059 cum
2740 1004 2959 1073 Briquia
2986 1019 3078 1057 seu
3116 1001 3345 1072 Bryquia
3378 1001 3447 1056 sit
3478 999 3729 1069 Phrygia.
3760 1000 3849 1052 F.1-

2317 1098 2391 1151 cit
2430 1104 2606 1149 autem
2630 1095 2877 1165 Bryquia
2909 1093 3247 1161 metropolitn
3293 1092 3578 1161 Aythonus
3615 1089 3847 1142 Zicbiam

2317 1185 2555 1242 Graeciaa.
2588 1185 2677 1239 Sic
2704 1184 2845 1239 enim
2878 1183 3123 1252 scripsit,
3163 1184 3385 1237 nomine
3424 1182 3645 1236 Grazcice
3668 1181 3852 1235 Roma-

2316 1276 2463 1328 niam
2526 1274 2827 1343 intelligens
2884 1273 3200 1337 Asiaticam,
3239 1272 3306 1326 de
3338 1286 3442 1339 qua
3470 1270 3676 1324 dictum
3724 1284 3771 1321 c.
3802 1269 3849 1320 6.

2317 1365 2560 1420 Zichiam
2623 1365 2763 1419 hanc
2804 1363 3123 1419 Reineccius
3170 1363 3568 1430 interpretatur
3598 1344 3849 1428 Cydriam.

2314 1458 2473 1526 Atqui
2508 1456 2741 1518 Zicchiaa
2788 1456 3059 1509 Cetirinus
3090 1468 3309 1523 quoque
3362 1450 3691 1504 mentionem
3740 1449 3855 1502 fecit

2314 1550 2460 1605 velut
2483 1548 2718 1602 civitatis
2744 1549 2795 1600 in
2823 1548 2949 1601 Asia
2990 1545 3182 1600 tninori
3215 1544 3331 1601 sitae
3364 1559 3379 1597 :
3416 1558 3535 1596 cum
3585 1543 3637 1594 in
3663 1541 3848 1609 Capro-

2312 1654 2477 1708 nymo
2512 1640 2679 1708 frigus
2707 1635 3007 1690 inauditum
3040 1634 3316 1688 memoriae
3353 1631 3551 1701 prodit,
3579 1644 3687 1698 quo
3732 1645 3855 1682 con-

2313 1728 2503 1805 gelatis
2531 1726 2782 1781 amnibus
2834 1731 2888 1779 et
2913 1723 3031 1793 ipso
3068 1721 3225 1785 mari,
3254 1720 3500 1790 potuisse
3538 1728 3731 1771 narrat
3768 1718 3849 1769 iti-

2314 1834 2443 1874 nere
2500 1818 2738 1888 pedestri
2773 1814 3050 1877 aZicchia
3100 1813 3323 1868 transiri
3381 1820 3531 1865 mare
3582 1809 3648 1863 ad
3679 1812 3847 1879 ipsum

2312 1922 2481 1977 usque
2506 1906 2829 1967 Danubium.
2852 1904 2905 1959 id
2943 1912 3027 1959 est
3090 1902 3155 1957 ad
3202 1901 3339 1956 ostia
3370 1900 3624 1960 Danubii.
3662 1899 3849 1966 quauin

2311 1996 2538 2051 Thracia
2572 2007 2719 2051 sunt.
2747 1994 3011 2065 Bithynia
3040 1992 3358 2060 metropolis
3377 1989 3513 2060 apud
3547 1990 3848 2059 Aythonnm

2310 2085 2568 2142 scribitur
2611 2099 2731 2141 esse
2760 2081 2982 2146 Nichor,
3007 2097 3168 2151 quam
3199 2078 3447 2135 Nicaeam.
3478 2090 3629 2147 puto,
3667 2076 3852 2131 Turcis

2309 2178 2449 2235 lsnic
2479 2194 2493 2242 ;
2522 2193 2629 2232 non
2678 2175 3069 2235 Nicomediam.
3118 2189 3238 2242 qua:
3291 2171 3483 2225 Turcis
3516 2180 3601 2225 est
3650 2169 3847 2222 lsmid:

2307 2284 2428 2324 cum
2456 2270 2775 2335 Reineccius
2804 2283 2868 2339 ex
2892 2265 3094 2319 Nichor
3120 2263 3283 2318 faciat
3310 2261 3715 2339 Nicomediam.
3748 2258 3848 2312 Nec

2302 2362 2446 2428 apud
2493 2360 2723 2432 leonem
2765 2360 3064 2425 Augustum
3102 2355 3280 2407 minus
3310 2338 3394 2408 est
3419 2351 3737 2419 metropolis
3764 2348 3847 2402 Bi-

2308 2454 2508 2524 thynite
2546 2450 2730 2505 Nicaea
2789 2464 2950 2517 quam
2984 2444 3319 2503 Nicomedia.
3352 2438 3570 2497 Genech
3624 2441 3848 2509 Aythoni

2306 2542 2625 2597 Baineccius
2656 2542 3040 2609 interpretatur
3072 2538 3326 2600 Pontum,
3360 2532 3700 2599 cum'magis
3734 2546 3851 2597 prn-

2306 2637 2420 2705 prie
2442 2635 2519 2691 sic
2548 2635 2784 2697 dicatur,
2819 2646 2940 2700 qua:
2962 2629 3087 2685 olim
3116 2618 3335 2683 Colchis
3362 2633 3499 2686 erat.
3533 2632 3723 2692 postea
3760 2619 3849 2673 La-

2305 2743 2490 2782 znrum
2524 2726 2788 2795 appellata
2836 2706 3011 2790 rcf’ﬁ’,‘
3032 2721 3147 2774 sive
3195 2718 3407 2781 Lazice,
3438 2714 3598 2783 cuius
3658 2724 3850 2766 metro-

2303 2821 2442 2887 polis
2463 2826 2545 2873 est
2582 2815 2747 2869 Leoni
2780 2814 3023 2883 Augusto
3043 2809 3336 2877 Trapezns,
3363 2822 3523 2876 quam
3551 2806 3605 2858 in
3633 2804 3844 2857 Genech

2303 2908 2453 2977 ponit
2471 2908 2770 2978 Aythonus.
2792 2903 3169 2973 Paphlagonia:
3186 2902 3455 2956 civitatem
3476 2906 3635 2952 vocat
3656 2894 3850 2966 Aythoo

2281 3015 2406 3054 *nus
2432 2997 2757 3066 Ginapolim,
2808 3010 2873 3049 ex
2909 3009 3011 3062 qua
3039 2992 3359 3046 Reineccius
3390 2987 3516 3042 fecit
3545 2986 3845 3041 Germano-

2303 3090 2669 3160 polim.Atqui
2707 3086 2985 3163 Ginapolis
3016 3083 3267 3154 Aythoni,
3307 3080 3387 3137 vel
3425 3078 3714 3145 Ginopnlis
3747 3092 3840 3146 po-

667 3183 920 3239 steriores
947 3182 1223 3255 adnotant,
1256 3180 1449 3234 factam
1485 3181 1818 3254 tnetropolitn
1847 3197 1990 3236 anno
2017 3185 2199 3237 tnundi
2230 3182 2266 3235 C
2302 3182 2428 3241 tius,
2451 3180 2518 3234 ad
2563 3177 2794 3233 Pontum
2837 3176 3104 3229 Euxinum
3139 3175 3265 3230 sita.
3308 3171 3575 3240 hodieque
3597 3168 3848 3236 Ginopoli

665 3274 822 3339 6592,
852 3274 953 3327 sub
982 3272 1249 3326 Eustratio
1287 3270 1628 3325 sanctissimo
1658 3270 1978 3339 patriarcha,
2027 3272 2197 3338 impe-

673 3366 864 3421 ratoris
898 3363 1070 3419 Alexii
1104 3363 1365 3418 Comneni
1414 3362 1748 3415 auctoritate.
1796 3359 1950 3426 Quod
1983 3360 2198 3429 quidem

664 3456 932 3512 accidisse
982 3454 1253 3510 constabit
1310 3469 1453 3509 anno
1486 3453 1798 3507 Christiano
1853 3452 2098 3516 1084,νεί
2132 3452 2199 3506 de
2236 3480 2248 3485 π

665 3548 927 3603 sententia
976 3543 1282 3599 Graecorum
1328 3544 1454 3597 anni
1492 3558 1519 3595 a
1555 3543 1769 3599 condito
1818 3542 2015 3595 mutulo
2060 3540 2198 3595 5508

666 3646 971 3695 statuantur
995 3651 1161 3705 usque
1185 3635 1249 3690 ad
1274 3635 1549 3689 Christum
1576 3644 1757 3687 natum
1786 3631 1976 3701 elapsi.
2003 3646 2197 3685 secun-

662 3730 790 3785 dum
838 3729 1127 3784 editionem
1181 3726 1248 3779 72
1303 3725 1682 3794 interpretum.
1718 3724 1997 3795 Aythonus
2033 3714 2211 3785 Natao‘

663 3823 809 3886 liam,
843 3804 1181 3889 transpositis
1213 3832 1243 3871 a
1270 3815 1493 3870 librario
1516 3815 1704 3885 primis
1724 3816 1919 3872 litteris
1940 3818 2194 3886 appellat,

664 3927 760 3982 pro
786 3909 995 3966 Anlalia
1027 3925 1041 3963 :
1081 3924 1192 3978 quo
1240 3906 1359 3960 loco
1392 3906 1710 3961 Reineccins
1742 3915 1909 3971 notat,
1951 3910 2194 3976 scribet)-

660 4010 786 4060 dum
826 4020 921 4071 pro
956 4000 1162 4054 Natalia
1206 3997 1507 4052 Nacoliam.
1552 3998 1714 4067 Atqui
1764 3998 1983 4052 Nacolia
2038 4001 2193 4069 longe

658 4098 915 4155 distatab
940 4095 1170 4159 Antalia,
1209 4091 1451 4163 Phrygia:
1490 4091 1742 4144 nimirum
1767 4092 1987 4159 majoris
2023 4093 2192 4147 medi-

657 4200 904 4243 terrnnea
957 4186 1165 4251 civitas,
1204 4184 1269 4237 ad
1297 4182 1615 4250 Sangarium
1654 4164 1983 4236 ﬂumen'sita
2017 4199 2029 4235 :
2068 4197 2188 4234 cum

654 4282 720 4335 de
756 4279 968 4334 Antalia
996 4292 1092 4332 sua
1117 4264 1578 4341 statim’subjiciat
1604 4273 1903 4342 Aythonus,
1931 4288 2047 4325 eam
2094 4288 2188 4325 su-

604 4426 605 4429 η
656 4386 752 4443 pra
794 4372 942 4425 mare
964 4366 1431 4436 Grmcite(C,allice
1457 4365 1713 4432 loquitur,
1764 4366 1879 4430 pro,
1922 4364 1985 4417 ad
2018 4363 2185 4429 mare)

656 4465 836 4519 sitam.
890 4463 954 4519 Et
1022 4461 1187 4533 maris
1248 4458 1469 4513 Graeciaa
1540 4456 1805 4511 vocabulo
1872 4453 2191 4523 intelligitur

2303 3271 2628 3325 nominatur.
2665 3267 2819 3337 Apud
2847 3266 3073 3339 Leonem
3105 3266 3403 3332 Augustum
3440 3259 3727 3328 lnnopnlis
3761 3258 3844 3311 di-

2299 3362 2462 3427 citur,
2485 3372 2538 3416 et
2560 3360 2901 3430 episcopatus
2927 3359 3046 3426 ejus
3074 3355 3139 3411 ad
3170 3355 3439 3424 Gangram
3463 3351 3844 3421 Paphlagonis

2298 3451 2548 3506 refertur.
2585 3450 2687 3505 Sed
2724 3449 2911 3515 desino
2938 3448 3112 3517 plura.

2302 3563 2423 3618 181.
2473 3552 2705 3631 Garagos
2756 3561 2942 3631 bona.
3003 3557 3325 3631 beglefb-egus
3380 3554 3651 3608 Anatolio:
3706 3555 3845 3607 vicus

2804 3630 2924 3696 palo
2975 3626 3321 3693 (rattsﬁgilur.

2368 3721 2541 3776 Habes
2579 3721 2665 3774 hic
2697 3722 2904 3790 insigne
2923 3716 3262 3795 crudelitatis
3297 3713 3603 3782 exemplum
3637 3712 3693 3766 in
3724 3711 3844 3764 reli-

2295 3806 2827 3874 giosis-Turcornm.
2862 3804 3018 3871 cujus
3074 3801 3252 3856 obiter
3302 3801 3639 3854 mentionem
3676 3812 3838 3866 supra

2295 3900 2541 3962 fecimus,
2611 3914 2730 3969 cap.
2764 3898 2851 3953 δι.
2914 3894 3233 3949 Transiixus
3265 3908 3293 3945 a
3333 3890 3656 3945 Scachoculi
3722 3889 3839 3957 palo

2295 3991 2398 4045 fuit
2439 3989 3095 4057 Anatolimbeglerhcgus.
3136 3995 3192 4040 ut
3216 3984 3452 4037 Annales
3481 3981 3751 4036 referunt.
3784 3980 3838 4032 Ei

2295 4098 2493 4137 nomen
2526 4086 2655 4136 dant
2679 4081 2841 4152 5,69
2862 4080 3024 4134 Turci
3050 4078 3307 4145 Caragos,
3338 4083 3395 4130 ut
3416 4086 3604 4129 nostro
3629 4084 3840 4141 quoque

2295 4183 2538 4241 tempore
2568 4172 2797 4227 celebris
2830 4171 2930 4224 fuit
2955 4169 3192 4236 Caragos
3224 4164 3373 4229 Bais,
3400 4180 3562 4233 quem
3595 4165 3651 4216 in
3693 4161 3833 4229 Sup-

2291 4266 2543 4333 pletnenti
2578 4263 2885 4317 narratione
2917 4260 2985 4316 de
3021 4259 3159 4313 bello
3190 4256 3390 4327 Cyprio
3440 4263 3831 4308 commemora.

2290 4355 2506 4418 vimus;
2552 4354 2711 4423 vulgo
2756 4350 2924 4405 nostri
2994 4349 3348 4403 Caracossam
3409 4343 3616 4398 dixere.
3678 4339 3830 4393 Jovio

2290 4447 2517 4527 (largius
2550 4445 2711 4498 bassa
2746 4444 3080 4504 nominatur,
3131 4447 3184 4492 et
3224 4437 3395 4491 eidem
3447 4434 3573 4489 alibi
3605 4432 3830 4488 Caraius

653 4556 893 4625 Egaenm
920 4530 1086 4625 mare,
1114 4551 1197 4605 vel
1222 4548 1626 4618 Archipeiagus.
1656 4546 1817 4601 Addit
1848 4547 2017 4608 enim,
2043 4520 2186 4614 quod
2223 4546 2271 4602 ι),
2294 4546 2395 4591 est.
2422 4520 2686 4592 'Dissentit
2712 4533 2950 4590 etiamin
2969 4529 3307 4601 expositione
3325 4527 3567 4581 historia:
3592 4520 3835 4580 nonnihil

613 4693 619 4701 .
652 4649 765 4720 haec
780 4645 974 4699 civitas
1001 4642 1256 4723 respiciat
1300 4655 1532 4709 regnum
1563 4638 1743 4707 Cypri.
1776 4637 1985 4705 Quippe
2010 4651 2191 4689 verum

654 4737 756 4791 hoc
806 4741 912 4799 est,
942 4741 995 4787 et
1026 4731 1093 4785 ab
1125 4729 1344 4792 Attalis,
1374 4740 1535 4797 quam
1576 4725 1850 4779 Setteliam
1907 4724 2064 4777 modo
2096 4738 2190 4776 vo-

654 4834 804 4889 cant,
835 4833 982 4879 totus
1012 4823 1101 4877 ille
1150 4822 1302 4874 sinus
1336 4818 1579 4887 obiectus
1610 4815 1806 4885 Cypro.
1861 4814 2004 4868 nunc
2032 4811 2192 4866 Golfo

633 4917 707 4977 ,di
742 4916 960 4970 Settelia
988 4908 1673 4968 nominatur.Belvacensis
1705 4904 1985 4960 Satteliam
2022 4904 2195 4969 scrip.

656 5010 749 5071 sit,
799 5006 1077 5072 eidemque
1134 5004 1288 5056 sinus
1327 5002 1416 5056 ille
1448 5002 1612 5054 maris
1653 4998 1952 5067 appellatur
1990 4995 2191 5049 Ganfra

658 5097 918 5158 Satteliaa,
975 5093 1242 5150 voeabulo
1301 5091 1504 5146 Gallico
1548 5088 1765 5157 Confre,
1832 5086 1975 5156 quod
2034 5084 2193 5139 hodie

656 5191 855 5245 Graecis
902 5195 987 5244 est
1022 5186 1256 5254 Corpho,
1302 5182 1496 5251 priscis
1553 5180 1786 5240 Κόλπος,
1826 5176 1971 5230 Italis
2013 5174 2192 5239 Gallo,

655 5282 862 5336 Latinis
884 5281 1057 5335 sinus.
1086 5276 1220 5343 Quia
1244 5288 1374 5329 vero
1396 5274 1448 5327 in
1480 5274 1629 5324 hunc
1646 5268 1875 5338 Aythoni
1898 5266 2194 5345 Ιοι·ιιιιι.ἰιι-

655 5375 905 5437 cidimus,
938 5370 1267 5439 explicemus
1302 5364 1476 5419 obiter
1502 5371 1555 5420 et
1588 5359 1687 5414 alia
1713 5361 1958 5426 quaedam
1990 5356 2186 5411 ibidem

657 5465 826 5534 posita
850 5464 1117 5530 regionem
1151 5468 1204 5513 et
1234 5459 1514 5512 civitatum
1538 5453 1780 5507 nomina.
1801 5447 2035 5505 Primam
2057 5450 2191 5502 Tur-

655 5560 795 5626 quia
822 5555 1160 5610 sultanorum
1196 5548 1360 5602 lconii
1411 5561 1653 5613 regnum,
1695 5544 1773 5597 vel
1804 5545 1983 5596 Asiam
2021 5545 2194 5597 mino-

658 5667 771 5706 rem
804 5646 1073 5715 intelligit)
1099 5640 1431 5712 provinciam
1485 5627 1639 5691 initio
1686 5644 1843 5689 vocat
1877 5634 2190 5705 Lygoniant,

657 5743 850 5797 deinde
902 5740 1100 5794 rectius
1140 5731 1467 5803 Lyquoniam
1525 5728 1988 5796 (pronuntiatione
2014 5726 2193 5781 Gallo.

658 5851 778 5892 rum
812 5833 1033 5891 etiertur
1058 5828 1313 5901 Lyconia,
1342 5824 1392 5879 id
1422 5832 1503 5878 est
1565 5821 1986 5891 Lycaonia)qu.c
2026 5824 2190 5872 tanto-

2295 4630 2363 4683 ab
2390 4628 2710 4692 Annalibus,
2740 4625 2830 4694 qui
2884 4625 3210 4694 Caragosam
3242 4628 3457 4688 captum
3494 4617 3666 4671 fuisse
3712 4628 3835 4668 nar-

2294 4728 2439 4781 rant,
2470 4727 2520 4772 et
2545 4716 2803 4786 Cutaigen
2829 4714 2931 4776 adn
2950 4723 3150 4775 ictum,
3169 4721 3221 4765 et
3239 4710 3355 4763 suis
3381 4709 3435 4761 in
3461 4706 3663 4774 Oppido
3692 4717 3834 4756 com-

2294 4814 2654 4860 monstratum
2680 4823 2693 4859 :
2724 4818 2954 4873 cumque
2976 4802 3304 4857 deditionem
3345 4797 3603 4867 oppidani
3662 4794 3833 4848 facere

2294 4897 2522 4959 nollent,
2562 4897 2616 4949 in
2656 4909 2844 4951 eorum
2880 4899 3171 4960 conspectu
3214 4889 3335 4960 palo
3366 4886 3713 4941 transﬁxum.
3745 4881 3832 4934 Jo-

2293 4985 2409 5039 vius
2445 4993 2622 5038 autem
2646 4997 2808 5052 prope
2834 4979 2970 5034 dicit-
2984 4978 3248 5039 abfuisse,
3274 4981 3333 5029 ut
3363 4981 3657 5038 caperetur
3694 4990 3709 5026 :
3738 4966 3827 5024 sed

2295 5075 2659 5149 substractum
2685 5086 2713 5125 a
2760 5071 2895 5136 suis,
2922 5067 3177 5134 Cutejam
3204 5062 3445 5118 evasisse
3474 5081 3488 5117 :
3519 5078 3625 5131 qua
3683 5062 3829 5115 dein-

2295 5178 2424 5233 ceps
2445 5179 2473 5216 a
2505 5162 2772 5219 seditiosis
2801 5166 3125 5229 expugnata,
3155 5154 3314 5209 etiam
3345 5154 3461 5222 ipse
3500 5153 3736 5207 hostium
3776 5150 3824 5201 in

2296 5251 2487 5309 manus
2510 5253 2731 5309 venerit.
2768 5253 2958 5303 Postea
2979 5236 3104 5301 vero
3138 5248 3203 5299 ad
3225 5243 3540 5304 Caraéssar.
3563 5230 3827 5311 (Caraehi-

2296 5361 2384 5400 sar
2409 5346 2649 5400 scribere
2695 5340 2902 5407 debuit)
2949 5339 2999 5391 in
3055 5337 3227 5390 media
3262 5335 3369 5400 via,
3399 5351 3505 5405 qua
3548 5343 3826 5387 transenn-

2295 5436 2419 5489 dum
2452 5442 2565 5489 erat
2597 5433 2677 5486 Ali
2728 5432 2915 5493 hassre,
2949 5436 3071 5482 cum
3107 5423 3344 5482 exercit'u
3382 5427 3610 5481 rebelles
3650 5437 3823 5495 perse-

2240 5520 2263 5535 “
2295 5528 2502 5596 qucnti,
2545 5524 2726 5575 vivum
2770 5521 2836 5575 ab
2873 5520 2951 5574 eis
2978 5518 3100 5589 palo
3131 5517 3448 5571 transfixum
3480 5535 3493 5570 :
3535 5526 3591 5569 ut
3620 5533 3647 5571 τι
3679 5526 3822 5581 tergo

2295 5615 2645 5686 sequentibus
2682 5624 2786 5668 tam
2822 5612 2964 5668 foedo
2994 5611 3125 5665 tanti
3157 5610 3254 5663 viri
3291 5601 3559 5676 supplicio
3590 5605 3821 5662 fnrmi-ti-

2297 5723 2415 5778 nem
2478 5713 2530 5759 ct
2564 5706 2843 5759 horrorem
2907 5705 3231 5759 incuterent.
3269 5701 3339 5755 De
3370 5700 3633 5773 (lutahige
3666 5707 3819 5767 supra

2296 5791 2495 5853 dictum
2525 5838 2538 5861 ,
2574 5799 2744 5867 capite
2778 5797 2862 5851 40.
