4006 6338
183 426 291 487 857
361 431 365 434 ’

1294 437 1687 503 PANDEG’I‘E
1726 446 1924 509 lllS'l‘.
1966 446 2268 513 ‘I’UliCiC.

3255 457 3359 516 858

189 539 318 592 182.
350 539 542 594 ϐονιτιιι
575 559 606 595 a
638 545 1154 636 seditiosis-uincitur.
1192 550 1416 636 Diversae
1450 556 1734 611 Turcorum
1763 567 1806 621 Α
1838 565 2136 631 provincia,
2173 567 2562 636 complectante
2611 538 3064 636 Paphlagoniam,
3091 567 3361 622 Galatiam

669 617 990 670 narrationes
1023 636 1054 670 a
1090 622 1296 674 nostris.

259 699 548 755 Corcutem
586 703 637 755 in
681 703 1094 761 Osmanidarum
1130 713 1440 781 gerteaiogia
1483 717 1728 783 quintum

183 793 382 847 ordine
407 794 661 862 Bajazitis
699 799 864 853 tilium
908 799 1153 881 fecimus,
1186 811 1240 856 et
1290 820 1601 872 germanum
1629 808 1726 861 Se-

185 884 336 946 Iimis
375 887 622 955 fratrem,
678 893 768 960 qui
831 893 1099 963 deinceps,
1162 896 1466 972 imperavit.
1515 897 1723 954 Etenim

182 977 438 1032 eamdem
473 996 594 1034 cum
641 981 842 1038 Selime
876 997 1098 1040 matrem
1150 987 1358 1042 habuit.
1394 988 1543 1043 Hunc
1588 992 1724 1045 refe-

184 1081 313 1121 runt
345 1070 580 1125 Annales
609 1088 637 1126 a
678 1075 964 1130 rebellibus
999 1078 1052 1131 in
1080 1094 1256 1147 pugna
1287 1079 1451 1144 fuisse
1499 1096 1724 1149 Supera-

183 1149 542 1215 tuinJovius
603 1178 728 1216 vero
790 1177 1082 1233 pugnatum
1132 1169 1206 1222 ait
1236 1170 1287 1223 in
1345 1173 1442 1224 hos
1500 1174 1724 1227 adverso

182 1248 371 1312 pr:eiio
412 1243 622 1305 duobus
682 1267 708 1303 a
765 1257 1054 1320 nepotibus
1082 1255 1351 1322 Bajaziti's,
1394 1259 1723 1315 Huchemete

180 1335 507 1395 Sciemsciai
535 1340 723 1408 (Sinan
779 1346 989 1400 Schach
1033 1339 1232 1403 rectius
1288 1337 1636 1420 appellatur),
1669 1363 1722 1406 ct

177 1425 393 1482 Orcano
427 1430 770 1499 ‘Aiempsaci,
803 1435 927 1489 filiis
980 1438 1156 1504 (pater
1212 1440 1359 1493 Alcm
1397 1441 1476 1494 vel
1512 1443 1717 1496 Allama

177 1516 417 1581 Schach,
453 1520 594 1574 filius
629 1520 847 1577 Urchan
903 1527 1058 1581 nobis
1122 1537 1203 1582 est
1255 1532 1305 1582 in
1341 1534 1671 1604 genealogis)
1705 1553 1716 1588 :

174 1697 742 1777 Techoilecongrcdi.
795 1703 924 1769 Qure
954 1723 1082 1760 sane
1112 1724 1233 1762 vera
1296 1710 1428 1774 sint,
1471 1729 1568 1766 nec
1630 1731 1715 1777 ne,

174 1791 308 1843 mihi
335 1788 551 1860 quidem
585 1793 894 1862 disceptare
939 1813 1043 1849 non
1097 1799 1242 1852 lubet
1272 1818 1284 1852 :
1319 1802 1603 1854 indicanda
1639 1812 1715 1855 ta-

151 1887 298 1936 "men
333 1883 536 1949 putavi,
572 1898 669 1938 ceu
719 1899 970 1956 suspecta
1023 1901 1241 1958 propter
1298 1900 1504 1947 aetatem
1556 1910 1714 1964 nepo-
1748 1883 1790 1939 Β

171 1985 312 2028 tum.
345 1974 475 2040 Qua
532 1978 666 2032 ditio
702 1980 772 2032 sit
799 1982 1127 2046 Aidinensis,
1179 1991 1456 2039 ostensum
1490 2003 1715 2042 numero

171 2065 261 2119 l5.
302 2065 463 2121 Ducis
497 2067 637 2122 [ilius
667 2080 750 2122 est
784 2069 1096 2141 llerzecogli
1129 2075 1316 2138 bassa,
1355 2075 1421 2130 de
1451 2092 1558 2146 quo
1591 2078 1711 2132 dic-

167 2163 286 2207 tum
323 2157 496 2223 rapite
525 2158 612 2211 i6!
653 2168 703 2212 et
735 2161 853 2217 l6‘2.

301 2267 422 2321 185.
465 2268 577 2321 Alis
625 2270 790 2324 basste
838 2277 1019 2327 contra
1081 2276 1289 2333 rebelles
1328 2285 1580 2350 expeditio

178 2417 180 2419 g
242 2355 585 2427 Quantopere
632 2363 896 2414 creverint
929 2366 1278 2430 perduellium
1339 2370 1501 2431 vires,
1534 2373 1614 2426 vel
1643 2388 1708 2428 ex

168 2464 238 2502 eo
260 2449 438 2518 colligi
495 2459 689 2519 potest,
726 2456 867 2519 quod
902 2455 952 2506 in
989 2457 1085 2509 hos
1113 2459 1537 2524 proﬁciscentem
1571 2438 1706 2516 Alim

169 2537 388 2594 bassam
447 2543 664 2597 duxisse
692 2545 1068 2615 Fpandugiuus
1098 2550 1430 2620 aithuitum
1463 2567 1522 2606 ex
1554 2555 1707 2606 Ana-

163 2633 298 2684 tolia
333 2633 686 2704 quadraginta
724 2637 913 2709 millia,
942 2641 1137 2707 quibus
1170 2642 1541 2716 genizarorum
1571 2659 1722 2712 quae.

163 2730 295 2774 tuor
323 2725 489 2778 millia
538 2725 801 2795 Bajaz‘tes
835 2731 1163 2797 adjunxerit.
1213 2731 1495 2802 Nihiloque
1526 2736 1704 2790 minus

159 2814 479 2867 Achmetetn
507 2831 722 2884 quoque
769 2819 1027 2888 Bajazitis
1069 2823 1260 2887 lilium,
1310 2840 1372 2879 ex
1415 2827 1703 2880 Amasiana

161 2919 261 2956 sua
289 2904 567 2972 provincia
600 2906 846 2962 collectis
876 2911 1068 2978 copiis,
1100 2914 1147 2964 ci
1183 2914 1427 2968 subsidio
1466 2916 1698 2970 venisse.

159 3013 286 3095 I84:
316 3016 533 3072 C/teider
573 3021 724 3095 bassa
756 3039 869 3074 cum
893 3023 1047 3076 Zindi
1083 3026 1290 3095 KenLale
1327 3024 1698 3095 Sangiacbego,

181 3105 195 3128 α
228 3089 397 3167 victus
439 3097 488 3141 et
547 3091 744 3144 occisus
799 3109 829 3143 α
867 3095 1150 3160 seditiosis,
1185 3089 1487 3160 Ione/tium,
1525 3089 1698 3150 Nabal

228 3173 428 3210 rmum.

228 3245 465 3300 Cheider
494 3246 684 3314 Bassa,
714 3249 1044 3307 Caramaniae
1080 3255 1449 3328 begierbegus,
1469 3274 1496 3314 a
1527 3245 1699 3328 Span-

157 3335 362 3404 dugino
393 3335 582 3393 Caidir
632 3342 952 3408 appellatur,
1003 3357 1054 3398 et
1111 3347 1440 3403 domicilium
1478 3350 1530 3404 in
1572 3352 1702 3406 urbe

141 3425 364 3494 Cogito,
396 3426 479 3480 vel
531 3429 698 3483 lcouii
757 3432 1011 3489 habuisse
1043 3436 1261 3490 dicitur.
1303 3438 1456 3494 Zindi
1513 3443 1697 3496 Kemal

157 3520 259 3586 beg
289 3517 466 3571 eidem
507 3520 706 3574 Camaii
767 3524 1112 3590 nominatur,
1173 3535 1224 3580 et
1275 3530 1355 3583 vir
1411 3531 1698 3585 admodum

157 3608 417 3662 militaris
450 3610 617 3666 luisse
655 3614 994 3681 prtedicatur.
1034 3616 1223 3673 Tradit
1255 3621 1397 3672 enim
1449 3619 1698 3690 Spandu-

158 3703 344 3766 ginus,
377 3700 518 3754 hunc
564 3703 702 3755 bello
734 3702 986 3772 Bajazitis
1015 3717 1200 3773 contra
1226 3709 1457 3765 Venetos
1490 3714 1701 3782 cepisse

156 3791 442 3844 castellqu
477 3791 666 3846 Morere
688 3795 798 3848 sive
844 3795 1194 3866 Peloponnesi
1218 3781 1576 3868 maritimum,
1611 3804 1701 3857 hoc

155 3878 382 3946 dieqtle'
407 3881 858 3946 munitissimum,
892 3901 988 3938 nec
1022 3890 1202 3955 procul
1233 3905 1260 3942 a
1304 3891 1552 3946 Methone
1589 3881 1700 3947 dis-

163 3965 357 4027 situm,
408 3966 715 4034 quindecim
773 3971 1024 4026 videlicet
1103 3975 1422 4032 milliarihus
1475 3979 1697 4046 Graecis,

155 4056 305 4124 quod
340 4072 369 4110 a
400 4059 578 4121 nautis
609 4061 754 4115 italis
788 4062 1107 4128 Zonchium,
1143 4067 1490 4138 Spandugino
1532 4072 1699 4126 Giun-

155 4146 362 4210 chium,
397 4147 598 4204 Graecis
639 4155 810 4206 nostri
865 4156 1121 4224 temporis
1167 4156 1493 4215 Navarinum
1528 4178 1690 4218 voca-

156 4250 268 4302 tur,
294 4243 492 4311 priscis
525 4244 917 4314 Coryphasium
949 4249 1225 4306 Messenia:
1251 4253 1420 4308 fuisse
1440 4256 1695 4311 creditur:

153 4331 315 4386 Jovio
364 4342 540 4388 tamen
599 4333 808 4404 Pylum,
855 4337 1019 4410 regna
1066 4340 1333 4408 Nestoris,
1374 4347 1694 4414 appellante.

154 4423 347 4493 Neque
371 4425 650 4479 castellum
693 4427 805 4482 hoc
845 4428 1089 4485 Kemales
1129 4445 1222 4487 seu
1265 4434 1508 4490 Camales
1555 4436 1696 4491 dun-

1833 662 1884 706 et
1911 653 2304 721 Cappadociam
2343 673 2355 708 :
2400 655 2488 706 ubi
2553 655 2892 721 sangiacatus
2920 653 2972 707 hi
3033 654 3364 721 conjungun-

1833 753 1938 806 tur,
1974 745 2316 809 Carachisar,
2343 744 2485 812 (vide
2513 752 2673 812 caput
2708 744 2825 800 Hi.
2853 754 2902 797 et
2923 742 3110 798 eodem
3139 733 3362 796 numero

1788 891 1796 910 ,
1841 845 2047 889 textum
2084 836 2404 899 Annalium,
2465 836 2605 889 hanc
2652 851 2678 887 a
2739 834 3069 888 Murhemete
3126 836 3360 888 secundo

1828 937 2039 995 captam
2067 927 2436 991 referentium,
2465 943 2587 981 cum
2620 929 2876 982 adversus
2900 927 3354 982 Usumrhasancm

1772 1041 1774 1043 ν
1827 1021 2091 1088 pergeret)
2134 1020 2324 1074 Sasum
2363 1019 2579 1086 (priscis
2635 1019 2864 1082 Sasima,
2911 1019 2977 1072 de
3035 1017 3354 1072 Nazianzeni

1825 1108 1996 1160 nostri
2067 1108 2219 1162 libris
2278 1107 2428 1175 nota)
2461 1148 2474 1169 ,
2520 1106 2831 1159 Tarabosan
2895 1110 3008 1161 sive
3063 1106 3354 1177 Trapezus.

1821 1195 1984 1251 Addit
2033 1196 2219 1252 Jovius
2255 1196 2355 1251 hoc
2405 1199 2523 1250 loco
2558 1197 2884 1252 mentionem
2921 1198 3122 1252 montis
3144 1200 3228 1252 cui
3262 1213 3356 1251 no-

1824 1303 1943 1360 mep
1993 1287 2082 1340 dat
2106 1285 2317 1353 Olinga,
2352 1304 2447 1342 nec
2469 1304 2591 1341 eum
2618 1277 2812 1358 magno
2833 1289 2901 1343 ab
2929 1291 3130 1360 Ancyra
3155 1291 3355 1344 distare

1825 1378 1986 1430 tradit
2028 1378 2334 1432 intervallo.
2839 1394 2844 1399 ·

1820 1537 1919 1592 186
1961 1515 2512 1614 Kiltaitt,Protoqct_'_o_s,
2535 1536 2875 1614 Primikirios.
2912 1535 3162 1614 Vlofedzi,
3196 1537 3349 1606 Vlefe,

177 1606 470 1661 Corcutem
496 1625 757 1679 expresse
779 1616 971 1682 tradit,
1005 1632 1111 1672 non
1151 1635 1340 1674 ausum
1399 1620 1569 1678 fuisse
1596 1639 1716 1677 eum
1775 1610 1784 1624 ³
2093 1608 2382 1670 Timaer
2415 1606 2732 1667 Τίνηατίοίίτο
2767 1606 3058 1659 "mm-mm
3149 1606 3161 1614 ’
3373 1640 3380 1642 '

2093 1608 2382 1670 Timarion,
2415 1606 2732 1667 Timariotte,
2767 1605 3058 1659 Romamn.

1884 1738 1982 1800 Qui
2021 1737 2304 1804 praefectus
2339 1734 2707 1789 Vlofetiorum
2771 1735 2857 1789 hic
2906 1736 3129 1796 dicitur.
3190 1751 3348 1790 voca-
3442 1786 3446 1791 .

1817 1828 1944 1882 bulo
1973 1827 2205 1881 Turciro
2239 1827 2429 1879 Kihaia
2486 1824 2820 1881 nominatur.
2852 1827 2908 1880 Id
2956 1828 3172 1895 proprie
3209 1827 3350 1880 vica-

1823 1917 1961 1970 rium
2015 1933 2109 1971 seu
2161 1918 2636 1980 locumtonentem,
2703 1933 2797 1970 seu
2860 1919 3115 1984 legatum,
3187 1927 3349 1984 atque

1820 2011 1979 2061 etiam
2021 2009 2334 2078 praefectum
2366 2009 2502 2061 aulae
2535 2008 2833 2077 signiﬁcat.
2881 2007 3114 2075 Ideoque
3159 2007 3347 2061 Kihaia

1819 2083 2184 2168 Violeziorum‘
2214 2107 2296 2151 est
2349 2099 2587 2150 vicarius
2622 2112 2717 2150 seu
2755 2098 2962 2165 legatus
3001 2097 3165 2159 illius,
3190 2111 3344 2162 quem

1817 2191 2175 2244 Viofeziorum
2207 2190 2418 2243 bassam
2451 2189 2744 2257 appellant.
2782 2186 2951 2240 Gra‘éci
3007 2187 3343 2254 Protogerou

1817 2296 1961 2335 nunc
2000 2280 2205 2343 dicunt,
2236 2280 2328 2348 qui
2364 2281 2612 2345 catalogo
2665 2277 2985 2344 dignitatum
3017 2276 3097 2328 vel
3135 2275 3344 2328 ofﬁcio-

1815 2388 1934 2426 rum
1966 2373 2152 2441 palatii
2179 2371 2538 2440 πριμικήριος
2571 2371 2699 2439 ipsis
2735 2380 2838 2431 est,
2874 2369 3075 2420 nostris
3099 2369 3345 2434 primice-

1794 2449 1927 2517 rius
1987 2463 2344 2530 appellatione
2369 2455 2602 2514 vetusta.
2643 2459 2714 2511 Ex
2745 2460 3037 2526 Prutugero
3068 2456 3342 2510 Geuiraaus

1811 2540 2060 2610 Protortz
2090 2565 2405 2622 corruptum
2468 2553 2640 2620 ponit,
2697 2558 2751 2604 et
2811 2543 3339 2618 superintendentetn

1814 2621 2224 2714 interpretatbr.
2259 2621 2472 2697 Nomen
2529 2641 2892 2694 Vlofeziorum
2954 2638 3218 2706 signiﬁcat
3247 2639 3340 2690 sti-

1811 2736 2140 2807 pendiarios,
2161 2733 2322 2804 470
2345 2735 2537 2802 quibus
2561 2730 2711 2784 Vlofe
2729 2739 2807 2783 vel
2832 2728 2978 2780 Vlefe
3004 2738 3338 2782 numeratur.

1811 2827 1947 2880 Sunt
1973 2825 2113 2878 enim
2142 2823 2248 2876 duo
2276 2823 2665 2889 stipendiorum
2694 2820 2832 2888 apud
2873 2817 3078 2870 Tereos
3109 2830 3299 2886 genera
3322 2855 3336 2877 ,

1807 2929 2033 2985 quorum
2077 2929 2239 2965 unttm
2271 2923 2494 2964 vocatur
2528 2908 2692 2972 Viefc,
2717 2910 2907 2960 Timar
2945 2906 3195 2959 alterum.
3218 2904 3340 2957 Vle-

1807 3007 1875 3067 fe,
1898 3003 2216 3072 stipendium
2236 3011 2334 3065 est,
2351 2999 2490 3069 quod
2516 3013 2660 3053 more
2678 3007 2859 3052 nostro
2877 2995 3133 3048 militibus
3150 2996 3228 3046 vel
3247 3011 3342 3046 au-

1805 3101 1922 3153 licis
1955 3096 2178 3153 solvitur
2212 3109 2239 3146 a
2270 3093 2621 3148 rationalibus
2661 3087 3117 3157 velquzrstorihus
3151 3103 3162 3136 :
3197 3086 3336 3151 apud

1724 3211 1768 3269 ρ
1807 3205 1902 3244 nos
1925 3195 2254 3240 menstruum
2275 3185 2354 3238 vel
2376 3197 2633 3245 annuum,
2649 3186 2788 3249 apud
2808 3178 3012 3234 Turcos
3028 3177 3078 3230 in
3098 3175 3336 3242 singulos

1801 3281 1936 3335 dies.
1972 3277 2083 3331 Hoc
2113 3278 2199 3345 qui
2237 3276 2510 3334 fruuntur,
2564 3270 2960 3324 Viefedziorum
2995 3280 3188 3319 nomen
3241 3264 3334 3316 ha-

1800 3370 1944 3423 bent.
1974 3367 2220 3422 Geufrseo
2248 3374 2300 3419 et
2324 3363 2626 3417 Sansovino
2665 3369 2792 3413 sunt
2820 3356 3104 3426 OIOphagi.
3148 3353 3333 3406 Timar
3402 3354 3405 3358 '

1797 3468 1879 3513 est
1912 3458 2118 3526 pensio,
2143 3455 2225 3510 vel
2260 3454 2606 3525 stipendium,
2645 3452 2726 3504 vel
2789 3447 2995 3501 reditus
3029 3446 3334 3514 assignatus

1799 3549 1850 3602 in
1888 3547 2138 3617 praediis,
2175 3553 2240 3598 ‘ct
2268 3540 2704 3612 possessionibus
2759 3545 3060 3591 castrorum
3109 3534 3334 3602 oppido-

1793 3655 1936 3703 rum,
1980 3652 2260 3707 pagorum,
2319 3648 2569 3704 agrorum
2594 3670 2612 3694 ,
2647 3629 2729 3683 vel
2776 3629 2828 3682 in
2867 3626 3217 3696 percipiendis
3240 3627 3332 3678 de-

1798 3731 1994 3790 cumis,
2021 3729 2210 3780 aliisve
2235 3725 2521 3786 fructibus,
2548 3720 2720 3776 Graeci
2753 3717 3002 3772 timarion
3041 3717 3329 3785 appellant,

1798 3835 1826 3872 a
1855 3819 2052 3887 quibus
2081 3817 2144 3870 ad
2174 3815 2384 3869 Turcos
2418 3802 2666 3866 manasse
2693 3825 2880 3863 vocem
2902 3809 3039 3862 hanc
3073 3809 3325 3860 arbitror.

1797 3911 2080 3979 Reperitur
2128 3907 2269 3976 apud
2311 3907 2699 3958 Damascenum
2736 3901 3003 3955 Studitam
3041 3900 3092 3950 in
3129 3892 3329 3965 marty-

1798 4005 1876 4056 rio
1901 3997 2168 4054 Theodori
2213 3995 2415 4051 tribuni
2473 3995 2731 4064 militum,
2785 3993 2872 4046 cui
2917 3991 3132 4043 virtutis
3162 3999 3212 4042 et
3247 4005 3328 4049 re-

1800 4110 1915 4149 rum
1956 4092 2167 4146 fortiter
2213 4099 2486 4160 gestarum
2536 4086 2754 4142 nomine
2805 4091 2988 4138 narrat
3037 4097 3064 4136 a
3119 4081 3328 4135 Licinio

1764 4185 2036 4251 .Augusto
2065 4175 2249 4232 datum
2303 4179 2471 4232 fuisse
2503 4192 2597 4245 pro
2633 4175 2852 4229 tintario
2886 4183 3120 4227 casuum
3166 4171 3325 4224 llura-

1797 4274 1943 4328 ciem.
1990 4270 2324 4340 Videturque
2354 4283 2452 4322 vox
2482 4285 2511 4322 a
2573 4267 2729 4323 Greca
2755 4266 2910 4336 τιμὴ,
2936 4282 3036 4334 qua
3062 4266 3328 4332 signiﬁca-

1797 4373 1883 4417 tur
1911 4364 2102 4423 honor,
2140 4361 2382 4415 derivata
2409 4378 2422 4412 :
2451 4361 2594 4428 quod
2629 4356 2942 4429 hujusmodi
2970 4357 3198 4415 timarla,
3233 4369 3321 4405 vc-

1796 4451 1873 4504 lut
1909 4451 2223 4514 honoraria,
2269 4451 2384 4503 sive
2426 4448 2729 4512 beneﬁcia,,
2781 4446 2895 4499 sive
2945 4444 3168 4503 reditus,
3213 4442 3324 4494 sive

154 4524 306 4568 taxat
334 4520 680 4610 expugnavit,
716 4533 898 4610 verum
922 4522 1082 4575 etiam
1115 4527 1695 4597 oppressasinopinato
1725 4552 1770 4609 υ
1799 4540 2108 4610 pensiones,
2141 4540 2421 4593 ιωηοηιῑς
2459 4539 2702 4607 beneque
2731 4538 2798 4590 de
2843 4535 3114 4604 republica
3169 4533 3326 4586 meri-

152 4616 393 4674 quatuor
433 4609 680 4662 triremes
717 4609 1116 4672 Venetas,cum
1164 4615 1292 4682 ipsis
1341 4618 1603 4673 militibus
1638 4629 1692 4674 et

152 4699 326 4754 sociis
361 4698 664 4764 navalibus,
697 4699 892 4754 ibidem
934 4701 984 4754 in
1013 4714 1330 4769 potestatem
1362 4709 1585 4781 redi-git,

356 4812 479 4866 185.
516 4809 768 4867 Planities
805 4811 988 4880 Zibuc,
1019 4827 1067 4870 et
1090 4817 1259 4879 Sirae,
1288 4822 1483 4876 eadem.

222 4903 399 4968 Quam
463 4901 562 4978 hic_
601 4904 837 4958 Annales
882 4907 1160 4975 planitiem
1242 4911 1411 4966 Zibue
1458 4910 1734 4981 .vocant,’

153 4993 544 5062 Spanduginus
569 4995 805 5062 appellat
831 5011 1074 5064 campum
1110 4999 1287 5062 Sivac,
1331 5004 1547 5056 tametsi
1577 5021 1693 5058 cor-

152 5090 314 5151 rupte
357 5082 565 5150 legatur
596 5086 673 5138 -in
752 5086 916 5146 edito.
968 5088 1270 5159 Campagna
1320 5091 1466 5145 detta
1513 5092 1690 5150 Sivas.

151 5174 363 5241 Quippe
397 5172 592 5228 civitas
626 5175 845 5242 quidem
878 5185 961 5232 est
999 5178 1177 5242 Sivas,
1233 5182 1296 5234 de
1348 5198 1451 5250 qua
1488 5184 1687 5239 dictum

155 5262 343 5329 capite
377 5263 409 5315 5
453 5281 464 5316 :
537 5265 628 5318 sed
675 5264 776 5318 hoc
807 5269 1024 5322 nomine
1074 5284 1292 5340 campus
1323 5283 1412 5325 aut
1445 5276 1690 5343 planities

155 5351 356 5419 nobilis
401 5353 453 5407 in
502 5353 751 5409 Anatoiia
811 5357 952 5425 quod
1007 5360 1256 5427 equidem
1285 5365 1471 5429 sciam,
1510 5371 1685 5422 nulla.

152 5443 496 5513 Quapropter
525 5461 588 5501 ex
619 5447 922 5503 Annalibus
941 5449 1095 5502 Sivac
1122 5454 1508 5520 reponendum,
1547 5460 1687 5526 quod

153 5535 297 5588 idem
333 5545 414 5587 est
447 5535 559 5589 fere
587 5548 706 5590 cum
742 5538 928 5593 Zihue.
990 5540 1176 5594 Jovius
1234 5544 1346 5596 haec
1374 5546 1437 5596 ad
1467 5545 1688 5602 Galatiae

151 5639 376 5693 campos
435 5626 644 5690 retulit,
671 5629 759 5681 ubi
794 5630 950 5693 sitam
1008 5631 1081 5682 ait
1110 5632 1414 5687 Caraessar.
1452 5636 1522 5688 Ea
1557 5637 1689 5690 Tur-

152 5715 234 5768 cis
268 5722 354 5769 cst
383 5713 763 5778 Caraehissar,
804 5719 903 5771 hoc
956 5728 1035 5773 est
1091 5735 1183 5772 arx
1246 5725 1422 5790 nigra,
1486 5743 1600 5792 qu:e
1634 5729 1684 5780 in

156 5805 626 5876 beglerbegatibus
673 5807 978 5863 col-iocatur
1009 5811 1062 5864 in
1110 5814 1339 5867 Amasia:
1395 5813 1685 5887 Tomtique

1798 4633 1864 4686 tis
1897 4622 2366 4686 eoncedcrentur.’
2406 4629 2664 4685 Timariis
2709 4631 2895 4685 donati
2941 4636 3191 4705 vorantur
3237 4624 3324 4676 Ti-

1794 4723 2052 4782 tnariotae,
2082 4721 2166 4775 vel
2201 4720 2487 4785 Timarati,
2523 4709 2686 4775 etiam
2723 4722 2860 4789 apud
2917 4716 3320 4782 Chalcoconaly-

1794 4816 1921 4869 lem.
1954 4815 2280 4868 Caramuses
2315 4812 2581 4882 signiﬁcat
2630 4814 2841 4880 nigrum
2874 4811 3090 4865 Mosem.
3121 4806 3319 4859 [iama-

1791 4907 1938 4961 Sanis
1969 4922 2166 4960 nomen
2197 4905 2338 4959 idem
2376 4914 2459 4959 est
2489 4920 2610 4958 cum
2669 4903 2978 4957 Ramadane
3018 4919 3030 4954 :
3059 4901 3197 4954 sicut
3229 4897 3321 4951 Οιο

1791 5012 1936 5060 man,
1967 4996 2051 5050 vel
2078 4994 2281 5050 Odman
2316 4994 2457 5050 idem
2484 5009 2604 5047 cum
2638 4993 2893 5048 Osmane.

2020 5088 2140 5141 187.
2181 5079 2487 5150 Tebrisium,
2519 5086 2828 5151 Taurisiun't,‘
2851 5087 3148 5140 Caravana.

1857 5180 2183 5243 Tebrisium,
2240 5194 2382 5234 nunc
2439 5180 2652 5245 Tauris,
2709 5181 2994 5234 admodum
3050 5179 3133 5233 his
3163 5189 3318 5235 annis

1790 5272 2047 5346 innotuit,
2079 5270 2240 5325 etiam
2283 5271 2458 5340 vulgo,
2488 5269 2788 5325 Turcorum
2815 5271 3084 5339 stragibus
3116 5274 3320 5341 aliquot

1790 5366 2127 5419 nobilitatum
2165 5365 2290 5419 inde
2332 5381 2503 5434 usque
2543 5381 2570 5418 a
2611 5365 2812 5418 sultani
2866 5363 3193 5421 Soleimanis
3237 5383 3320 5421 se-

1789 5457 1949 5510 cundi
1984 5456 2336 5524 temporibus.
2388 5453 2485 5519 Qui
2541 5454 2810 5509 Ecbatana
2868 5452 3050 5508 Mediae
3101 5467 3316 5520 vocant,

1789 5561 1972 5601 errare
2038 5557 2187 5615 puto,
2230 5561 2348 5599 cum
2392 5545 2658 5599 Cedrinus
2715 5561 2832 5600 eam
2867 5543 3184 5599 Taurezium
3219 5562 3313 5614 ap-

1788 5639 2016 5707 pellans,
2049 5635 2100 5690 in
2127 5637 2498 5692 Pcrsarmenia
2525 5637 2778 5700 ‘coilocet,
2836 5653 2994 5706 quam
3051 5637 3314 5702 hodieque

1789 5729 2044 5796 majorem
2088 5728 2274 5800 dicunt
2326 5729 2656 5784 Armeniam.
2709 5728 2765 5784 ln
2808 5730 2970 5800 hujus
3011 5729 3313 5783 meditullio

1788 5821 2086 5874 Tebrisium
2120 5831 2261 5874 recte
2285 5819 2471 5872 Jovius
2502 5821 2674 5890 ponit,
2708 5830 2764 5874 ut
2815 5821 2951 5875 male
2984 5821 3312 5875 Chalcocon—
