4006 6338
624 419 728 484 85‘)

1809 419 1939 482 30A
1951 417 2055 480 NN
2062 420 2133 480 IS
2159 416 2621 482 LEUNCLAVII

3765 410 3874 475 δθο

625 540 778 610 dyles
815 535 1001 591 urbem
1056 534 1185 589 fecit
1223 534 1569 608 Assyriorum
1603 553 1617 590 :
1673 536 1838 606 cujus
1902 538 2173 606 interpres
2201 536 2247 597 Α
2275 534 2410 590 lent.
2451 532 2691 589 Docebat
2721 539 2904 586 autem
2940 529 3075 591 lucc,
3114 535 3168 584 et
3196 527 3327 594 alia,
3367 526 3614 597 quodam
3677 527 3741 580 in
3769 539 3877 594 0p-

625 631 925 693 Tabrezeu,
976 636 1033 683 ut
1084 627 1446 684 Cedrinianus
1530 628 1877 692 Tabresium,
1931 628 2175 699 scripsit.

625 721 765 775 Jovii
806 720 1133 774 sententiam
1192 719 1305 774 haec
1359 718 1595 791 Aythoni
1645 720 1805 774 verba
1825 719 2174 774 conﬁrmant.

626 810 684 863 In
727 809 981 863 Armenia
1017 809 1221 877 majore
1259 809 1455 864 civitas
1496 807 1734 864 Taurisii
1774 808 2039 864 tarnosior
2066 816 2176 874 est,

626 911 681 953 et
709 901 834 970 plus
864 899 984 954 aliis
1022 900 1304 966 ojmlenta.
1366 898 1504 955 Vide
1535 901 1782 969 quaedam
1844 900 1949 952 alia
1978 899 2046 953 de
2078 897 2177 952 hac

617 988 796 1053 intra,
830 991 1007 1060 capite
1035 990 1140 1044 204
1174 998 1380 1045 notata.
1420 989 1715 1046 Caravante
1748 989 1945 1045 Turcis
1968 998 2025 1045 et
2057 991 2179 1047 aliis

629 1083 996 1137 orientalibus
1026 1082 1240 1152 pppulis
1287 1090 1417 1137 sunt
1472 1082 1753 1137 hominum
1791 1083 2008 1150 agmina
2043 1098 2182 1137 non-

631 1190 912 1242 nunquam
967 1176 1224 1238 maxima,
1278 1184 1501 1245 propter
1532 1175 1787 1230 itinerum
1860 1175 2179 1231 discrimina

631 1280 691 1320 se
734 1266 1203 1336 conjungentium.
1263 1265 1454 1335 Neque
1505 1275 1714 1319 tantum
1756 1268 1858 1322 hoc
1892 1268 2005 1321 ﬁeri
2047 1268 2184 1339 solet

632 1357 701 1411 ab
735 1357 802 1410 iis
826 1358 918 1426 qui
951 1357 1213 1411 mercium
1251 1358 1331 1410 vel
1374 1358 1852 1414 distrahendarum
1883 1374 2071 1423 causa,
2097 1361 2181 1415 vel

633 1451 1149 1519 comparandarum,
1177 1451 1283 1504 alio
1306 1450 1765 1519 proﬁciscuntur;
1805 1468 1990 1506 verum
2014 1454 2178 1507 etiam

635 1541 706 1595 ab
741 1541 867 1607 illis,
897 1541 990 1613 qui
1010 1557 1104 1611 per
1121 1543 1445 1598 solitudines
1468 1544 1734 1610 Arabum,
1761 1544 1824 1597 ad
1856 1544 2177 1599 visitandam

634 1632 743 1685 voti
794 1633 876 1687 vel
917 1633 1192 1703 religionis
1233 1650 1361 1703 ergo
1412 1634 1692 1689 Meccham
1746 1637 2183 1703 peregrinantur.

635 1722 967 1779 Excrescunt
995 1726 1107 1780 haec
1138 1727 1373 1795 agmina,
1400 1741 1511 1796 pra:
1532 1727 1904 1796 magnitudine
1938 1726 2185 1795 periculi,

637 1829 1029 1884 nonnunquam
1081 1816 1146 1869 ad
1234 1816 1423 1886 viginti
1492 1817 1576 1873 vel
1624 1818 1847 1886 triginta
1904 1817 2183 1871 hominum

2297 622 2427 692 pido
2457 612 2775 685 Persarum,
2804 620 2890 675 cui
2933 635 3128 673 nomen
3177 618 3342 672 Reza.
3390 616 3555 672 Fama
3593 617 3729 670 novi
3775 616 3875 667 do-

2292 716 2484 783 ctoris,
2525 730 2786 783 novaeque
2836 714 3158 780 disciplinae,
3194 714 3352 782 longe
3409 714 3630 781 lateque
3664 713 3873 776 didita,

2292 809 2557 865 c0nﬂuxit
2605 808 2672 863 ad
2735 807 3060 863 Scheicltetn
3108 806 3187 861 vel
3250 806 3512 859 lmamuin
3563 806 3871 861 Haidarem

2300 902 2491 970 ingens
2541 917 2570 956 e
2624 900 2809 956 Persia
2866 898 3169 968 vieinisque
3204 898 3519 968 regionibus
3571 898 3868 974 hominum

2293 992 2604 1048 multitudo.
2637 992 2855 1047 Primus
2886 998 3064 1045 autem
3103 1005 3167 1044 ex
3195 990 3541 1060 magnatibus
3572 996 3628 1043 et
3650 989 3867 1060 regulis

2292 1083 2505 1139 Erdebil
2564 1083 2856 1138 non’hanc
2896 1082 3163 1137 duntaxat
3214 1080 3469 1135 llaidaril
3526 1080 3866 1134 sententiam

2292 1177 2707 1244 doctrinamque
2742 1175 3017 1246 probavit,
3065 1190 3253 1229 verum
3282 1174 3445 1228 etiam
3473 1187 3539 1227 cx
3584 1172 3703 1241 ejus
3732 1186 3871 1238 pra“-

2292 1267 2492 1334 scripto
2512 1282 2569 1319 se
2598 1280 2815 1336 gerens,
2845 1265 3210 1334 patrocinium
3236 1277 3417 1318 causa:
3461 1263 3733 1331 suscepit,
3774 1275 3869 1313 ea-

2295 1376 2402 1428 que
2432 1358 2590 1429 47],
2628 1374 2684 1411 re
2722 1356 3091 1410 multitudinis
3126 1355 3340 1410 animos
3375 1354 3477 1409 sibi
3509 1354 3748 1407 miriﬁce
3779 1353 3873 1404 dc-

2295 1452 2489 1506 vinxit.
2522 1449 2598 1502 Ita
2639 1449 2894 1503 nimirum
2947 1448 3081 1502 alias
3114 1436 3329 1517 quoque
3363 1454 3575 1500 constat
3609 1443 3873 1497 homines

2294 1545 2625 1613 ingeniosos,
2649 1556 2798 1596 novae
2828 1540 3106 1618 religionis
3127 1555 3254 1596 usos
3284 1548 3567 1609 praetextu,
3592 1536 3868 1604 insignem

2296 1636 2361 1691 ad
2397 1638 2689 1705 potentiam
2725 1624 3061 1703 pervenisse.
3095 1630 3399 1700 Tantopere
3435 1630 3654 1699 quidem
3692 1624 3871 1679 Erde-

2296 1729 2392 1797 bil,
2414 1730 2706 1798 catteroqui
2737 1744 2845 1782 non
2880 1724 3057 1794 magni
3092 1725 3329 1779 timninis
3356 1734 3591 1792 opumve
3620 1716 3868 1785 regulus,

2299 1825 2402 1879 hac
2438 1812 2577 1877 novi
2612 1821 2883 1891 dogmatis
2927 1819 3262 1888 professione
3285 1815 3455 1869 crevit
3484 1832 3496 1867 :
3536 1822 3593 1865 ut
3617 1812 3665 1863 ei
3698 1808 3869 1872 ﬁlia_tn

639 1907 829 1970 millia;
855 1908 1034 1975 justus
1080 1918 1137 1963 ut
1170 1909 1443 1965 exercitus
1479 1923 1622 1972 esse.
1660 1909 1959 1978 praesertim
1995 1909 2067 1964 ob
2097 1923 2191 1963 ca—
2223 1884 2266 1940 Β
2296 1929 2451 1968 suam
2490 1928 2580 1965 rex
2622 1911 2910 1965 Persarum
2945 1908 3247 1969 Chasaoes,
3278 1916 3439 1974 quem
3475 1919 3504 1956 a
3535 1900 3869 1971 proceritate

640 1999 904 2053 melorum
949 2001 1376 2068 multitudinem,
1414 2009 1469 2057 et
1513 2002 1747 2057 aliorum
1790 2002 2193 2070 iumentorum,

639 2102 759 2153 qua:
817 2089 1086 2166 sagmaria
1134 2090 1576 2161 sagmatariaque
1634 2091 1809 2146 Graeci
1860 2102 2079 2155 vocant,
2113 2091 2195 2145 vi—

640 2179 895 2237 deantur.

644 2293 763 2347 188.
787 2293 951 2347 Scach
974 2294 1077 2347 sive
1099 2310 1186 2346 rex
1215 2293 1496 2364 Persarum
1521 2294 1729 2364 lsmail,
1751 2306 2084 2364 cognomento
2101 2292 2194 2348 So-

713 2364 925 2430 phinus,
948 2364 1217 2427 Sapitilar,
1242 2362 1579 2428 Enasserlur,
1613 2363 1760 2419 Kesil
1797 2362 1970 2418 tiaran.
1995 2365 2072 2417 An
2104 2366 2197 2417 hoc

712 2434 939 2499 primum
992 2443 1221 2501 tempore
1270 2444 1411 2487 secta
1459 2435 1884 2503 Sopltilariorum
1914 2436 2195 2489 exstiterit.

716 2544 885 2625 Licet
939 2548 992 2601 in
1033 2547 1323 2603 Annalium
1356 2550 1669 2619 Appendiee
1696 2560 1904 2615 nostra,
1948 2552 2014 2605 de
2035 2550 2198 2603 disci-

646 2638 752 2695 diis
796 2650 1067 2695 sectarum
1092 2641 1619 2705 Mahumetanarum,
1650 2642 1953 2696 Osmanicze
2005 2641 2199 2711 SOphi-

650 2746 858 2799 naeque,
894 2733 1209 2787 decennalis
1240 2734 1401 2787 initio
1439 2733 1591 2797 belli,
1625 2734 1769 2801 quod
1803 2733 1947 2787 inter
1978 2748 2073 2788 eos
2110 2749 2199 2802 ge-

650 2822 807 2881 ritur,
839 2821 1084 2889 quaedam
1126 2836 1272 2886 rara,
1312 2838 1409 2877 nec
1440 2822 1508 2877 ab
1544 2823 1666 2878 aliis
1706 2833 1831 2878 ante
1862 2838 1961 2878 nos
1996 2838 2200 2880 memo-

652 2912 745 2965 riae
770 2912 981 2979 prodita
1027 2914 1291 2982 complexi
1360 2918 1555 2969 sumus
1607 2933 1622 2970 :
1665 2918 1766 2970 hoc
1820 2926 2001 2971 tamen
2056 2916 2199 2982 loco,

650 3022 758 3075 quo
787 3007 1013 3076 primam
1061 3006 1294 3062 lsmailis
1329 3007 1554 3078 Sophini
1595 3010 1924 3063 mentionem
1961 3009 2201 3063 Annales

651 3100 883 3165 faciunt,
913 3101 1102 3171 paucis
1142 3115 1205 3155 ea
1238 3103 1567 3169 consignare
1598 3101 1751 3166 libet,
1777 3116 1898 3170 qua:
1930 3101 1996 3155 ad
2025 3099 2199 3170 ipsius

2297 2015 2521 2061 staturae
2563 2003 2897 2065 nominatum
2953 1999 3102 2055 Usun
3157 1999 3375 2055 Chasan
3414 1997 3672 2067 superius
3720 1993 3869 2046 indi-

2298 2098 2568 2158 cavimus.
2608 2097 2958 2151 matrimonio
3010 2094 3252 2163 legitimo
3295 2091 3574 2161 cepularet
3601 2128 3613 2140 .
3651 2086 3865 2155 Quippe

2300 2190 2461 2243 ﬁliam
2493 2188 2753 2242 Martltatn
2773 2203 2836 2239 ex
2860 2184 3176 2241 Eraterina
3202 2181 3500 2239 Contnenia
3521 2185 3865 2248 susceperat,

2259 2319 2265 2325 -
2302 2297 2462 2351 quam
2488 2280 2658 2334 Camit
2678 2281 2743 2333 de
2777 2278 2927 2334 Cami
2957 2277 3127 2333 fuisse
3155 2277 3377 2339 dictam,
3414 2286 3521 2327 non
3556 2279 3701 2326 recte
3730 2270 3868 2322 scri—

2300 2383 2450 2444 ptum
2481 2373 2621 2439 apud
2652 2370 3071 2439 Spanduginum
3106 2368 3327 2437 legitur.
3359 2364 3571 2420 Etenim
3608 2363 3868 2434 gentibus

2302 2465 2367 2519 iis
2396 2464 2594 2519 Carum
2633 2462 2699 2518 de
2740 2462 2992 2515 Comnlni
3045 2460 3341 2514 vocabatur
3372 2499 3386 2525 ,
3421 2457 3607 2526 priore
3640 2457 3864 2509 nomine

2264 2580 2269 2583 λ
2298 2554 2558 2623 cerrupto
2613 2554 2681 2609 de
2733 2554 2922 2609 Graeco
2965 2552 3303 2616 Ecaterine,
3328 2550 3501 2605 altero
3533 2564 3667 2603 vero
3701 2547 3861 2601 fami-

2299 2648 2405 2702 liai.
2461 2645 2597 2700 Nam
2650 2645 3004 2715 Calojoannis
3061 2642 3350 2704 Comneni.
3387 2641 3674 2712 penultitni
3726 2638 3863 2693 Tra-

2301 2739 2678 2807 pezuntiorum
2711 2738 3077 2808 imperatoris,
3121 2743 3238 2790 erat
3284 2734 3393 2789 tilia
3422 2778 3438 2801 ,
3489 2747 3654 2803 quam
3694 2730 3861 2785 Calo-

2297 2832 2501 2903 joanne
2536 2843 2771 2896 mortuo,
2806 2833 2971 2885 frater
3016 2829 3368 2896 Calojoannis
3403 2826 3601 2888 David.
3633 2825 3867 2879 ultimus-

2304 2926 2597 2993 imperator
2630 2921 3047 2991 Trapezuntius,
3093 2917 3493 2975 Usumchasani
3536 2915 3686 2969 dedit
3718 2929 3859 2967 uxo-

2302 3029 2441 3077 rem,
2479 3021 2537 3068 ut
2564 3014 2685 3083 ejus
2735 3014 2987 3083 praesidio
3027 3020 3218 3067 contra
3264 3009 3495 3063 nimium
3547 3006 3757 3059 vicinas
3809 3014 3861 3057 et

2305 3107 2532 3161 infestas
2562 3105 2664 3160 sibi
2714 3106 2855 3158 vires
2928 3104 3127 3156 sultani
3171 3098 3532 3155 Muchemctis
3578 3097 3739 3167 paulo
3773 3106 3859 3149 tu-

654 3192 884 3246 lsmailis
932 3192 1225 3260 originem.
1259 3193 1596 3262 Principatus
1633 3192 1811 3255 initia,
1856 3203 2270 3267 progressus,c
2304 3199 2411 3252 tior
2464 3206 2628 3251 esset.
2697 3196 2773 3248 Ex
2832 3188 2932 3248 hac
2988 3191 3411 3250 Usumchasanis
3469 3190 3577 3245 tilia
3650 3189 3857 3243 Martha

655 3299 743 3337 res
768 3293 947 3352 gestas
982 3284 1330 3338 illustrandas
1369 3284 1641 3351 pertinere
1681 3284 2016 3352 putabimus.
2046 3281 2207 3336 Pater

656 3372 887 3427 lsmailis
915 3373 1135 3443 Sophini
1169 3372 1268 3427 fuit
1322 3367 1565 3437 Erdebil,
1618 3391 1778 3442 quem
1813 3373 1999 3431 Jovius
2026 3384 2080 3430 et
2114 3376 2205 3429 alii

659 3476 851 3520 vocant
890 3467 1176 3521 Arduelem
1203 3467 1287 3521 vel
1337 3468 1702 3522 Hardm-llcm.
1736 3467 1848 3522 lloc
1892 3469 1967 3522 illi
2000 3483 2207 3535 cngno-

657 3574 779 3610 men
840 3558 1047 3611 faciunt
1079 3572 1108 3611 a
1136 3558 1254 3611 loco
1288 3558 1524 3625 quodam
1564 3556 1785 3621 Pcrsiae,
1821 3557 1981 3623 cujus
2032 3556 2209 3610 domi-

659 3665 763 3702 nus
789 3658 881 3705 aut
923 3648 1138 3713 regulus
1197 3647 1400 3700 fuerit:
1438 3649 1614 3713 ipsum
1656 3663 1786 3702 vero
1842 3663 2036 3703 nomen
2091 3648 2209 3715 ejus

660 3739 881 3791 tradunt
916 3737 1083 3791 fuisse
1121 3736 1392 3792 Secaider.
1440 3738 1602 3791 Aiunt
1636 3747 1891 3806 praeterea
1943 3747 2210 3793 sectatum

666 3833 828 3882 vitam
862 3829 1191 3897 religiosam,
1224 3828 1397 3881 inStar
1420 3830 1764 3883 eremitarum
1798 3830 1883 3884 vel
1909 3832 2209 3885 monacho-

665 3941 779 3978 rum
816 3933 1147 3993 nostrorum.
1204 3922 1435 3991 Ideoque
1464 3921 1565 3978 Sec
1604 3924 1997 3992 interpretatur
2034 3923 2212 3993 Span-

666 4018 902 4086 duginns
934 4032 1074 4070 nunc
1097 3998 1368 4076 abbatem,
1403 4034 1549 4071 nunc
1582 4017 1872 4087 plebanum
1908 4018 2019 4073 sive
2050 4034 2213 4073 cura-

668 4092 809 4171 tum,
832 4118 887 4160 ut
919 4106 1078 4175 vulgo
1131 4106 1449 4173 loquuntur,
1488 4107 1589 4159 hoc
1616 4116 1717 4173 est,
1752 4109 2056 4161 animarum
2118 4124 2214 4161 cu—

668 4218 783 4257 ram
817 4211 1117 4269 gerentem.
1145 4198 1255 4267 Ego
1284 4214 1405 4252 vero
1438 4201 1489 4252 in
1527 4200 1785 4269 opinione
1816 4214 1932 4252 mea
1958 4199 2213 4267 persisto,

672 4309 833 4363 qnam
864 4293 1024 4358 juitio
1055 4288 1180 4345 belli
1213 4289 1417 4345 Persici
1450 4290 1706 4360 superius
1739 4290 1793 4343 in
1825 4289 2214 4357 Supplemento

671 4384 957 4437 Annalium
982 4383 1229 4450 exposui,
1262 4388 1315 4434 et
1343 4380 1506 4449 cujus
1534 4388 1813 4434 auctorem
1859 4379 2034 4433 habeo
2081 4377 2216 4432 Mat-

672 4474 838 4527 thiam
888 4475 952 4527 de
1009 4473 1165 4537 Faro,
1239 4474 1545 4529 Cmsarenm
1615 4468 2086 4538 ConstantinOpoli
2147 4470 2213 4522 ad

2312 3295 2475 3341 natus
2512 3286 2613 3340 fuit
2646 3285 2883 3338 Erdebili
2921 3284 3063 3338 ﬁlius
3099 3282 3303 3348 lsmail,
3334 3283 3401 3336 de
3431 3295 3542 3351 quo
3571 3295 3715 3334 nunc
3748 3279 3861 3349 agi-

2310 3394 2453 3432 mus.
2479 3377 2669 3430 llalmit
2701 3377 2755 3430 in
2786 3390 2949 3443 regno
2972 3390 3347 3429 successorem
3383 3384 3633 3427 mortuus
3662 3370 3859 3426 Usum-

2310 3473 2574 3526 chasanes
2627 3469 2883 3538 Jacupem
2923 3466 3090 3522 ﬁlium
3120 3510 3133 3530 ,
3166 3468 3258 3535 qui
3294 3468 3455 3537 vulgo
3491 3456 3559 3518 ab
3588 3464 3861 3519 historicis

2308 3563 2579 3631 Jacobbeg
2606 3602 2620 3624 ,
2656 3561 2723 3615 ab
2752 3560 3054 3613 Annalibus
3104 3560 3256 3611 hisce
3296 3559 3476 3611 sultan
3508 3555 3677 3625 Jacnp
3716 3557 3860 3610 dein-

2312 3672 2441 3724 ceps
2490 3655 2544 3707 in
2599 3654 2719 3709 Vita
2783 3652 2983 3706 sultani
3042 3648 3369 3703 Soleimanis
3423 3646 3758 3702 nominatur.
3813 3648 3861 3703 is

2315 3751 2675 3816 protectorem
2700 3758 2851 3797 nova:
2876 3752 3036 3797 sectae
3056 3742 3323 3795 sororium
3354 3755 3513 3795 suum
3534 3739 3857 3803 Erdebilem,

2314 3838 2543 3890 miriﬁce
2578 3834 3056 3903 sibisuspectum,
3091 3832 3236 3902 quod
3263 3840 3549 3887 vereretur
3583 3848 3650 3887 ne
3684 3833 3859 3903 regius

2313 3928 2512 3993 afﬁnis,
2543 3936 2598 3983 et
2638 3935 2804 3981 tanta:
2847 3925 3217 3981 multitudinis
3248 3916 3545 3980 devotione
3572 3924 3760 3989 fretus,
3788 3923 3858 3977 si-

2311 4022 2364 4074 bi
2414 4035 2639 4090 regnum
2680 4020 2939 4089 eriperet,
2984 4015 3213 4071 intcrﬁci
3250 4017 3490 4070 curavit.
3530 4015 3713 4069 Evasit
3740 4030 3857 4069 cru-

2314 4112 2451 4167 delis
2484 4111 2741 4165 avunculi
2772 4124 2967 4165 manus
2998 4110 3185 4164 lsmail
3208 4108 3503 4162 admodum
3529 4108 3853 4168 adolescens,

2313 4203 2615 4259 octodecim
2656 4203 2736 4272 (ut
2776 4200 3024 4271 plerique
3065 4200 3308 4267 tradunt)
3335 4200 3386 4253 id
3416 4200 3677 4269 temporis
3710 4208 3855 4251 natus

2321 4312 2514 4361 annos,
2554 4309 2739 4364 seque,
2778 4294 2990 4349 Martha
3045 4304 3217 4347 matre
3260 4292 3491 4357 comite,
3522 4293 3747 4346 contulit
3792 4293 3853 4343 ad

2316 4390 2550 4444 amicum
2607 4396 2924 4456 paternum-
2949 4385 3248 4450 Pircalem,
3282 4388 3529 4455 regulum
3560 4386 3773 4440 ditionis
3807 4396 3855 4437 et

2320 4480 2666 4535 castellorum
2715 4477 3087 4547 quorumdam
3117 4477 3183 4530 ad
3218 4491 3368 4532 mare
3418 4475 3694 4548 Caspium,
3722 4492 3856 4530 nunc

676 4564 892 4616 Portam
923 4561 1266 4616 Ostnanicatt!
1306 4562 1703 4632 Dragomanum
1735 4561 1815 4616 vel
1851 4562 2217 4629 interpretem:
2254 4542 2296 4598 D
2320 4570 2550 4624 Collum
2597 4542 2786 4622 Ueni-1i
2842 4562 3065 4628 Turcis,
3118 4563 3293 4620 Debet
3338 4542 3567 4619 culmi-1;
3602 4563 3855 4617 Arabibus

673 4658 882 4711 diversa
916 4656 1265 4715 scilicethaec
1296 4671 1415 4710 esse
1467 4657 1684 4709 nomina
1718 4655 2059 4709 diversarum
2095 4668 2221 4722 per-

678 4765 953 4811 sonarum,
987 4765 1216 4819 quorum
1247 4765 1386 4803 unus
1413 4748 1572 4800 fuerit
1605 4746 1818 4801 Erdebil
1854 4756 2006 4816 pater
2034 4746 2223 4800 lsmai-

680 4842 767 4906 lis,
809 4843 1007 4896 familia
1036 4853 1195 4898 natus
1228 4841 1369 4910 apud
1408 4839 1602 4895 Persas
1634 4838 1855 4912 illustri,
1886 4838 2223 4906 ditionisque

680 4935 960 5003 cujusdam
992 4937 1231 5007 regulus:
1258 4936 1396 4988 alter
1425 4933 1654 5011 Scheich
1693 4933 1913 4995 Ilaidar,
1945 4948 2050 4985 non
2080 4932 2226 5000 prin-

682 5046 809 5098 (‘cps
842 5038 931 5082 aut
967 5030 1204 5097 regulus,
1239 5028 1331 5083 sed
1378 5044 1566 5083 revera
1622 5027 1693 5092 id,
1756 5025 1901 5095 quod
1932 5025 2223 5089 audiebat;

680 5124 933 5177 nimirum
976 5121 1260 5181 Scheiclte,
1293 5120 1376 5171 vel
1411 5119 1581 5184 lman,
1614 5132 1845 5188 quorum
1890 5116 2021 5170 illud
2055 5115 2226 5170 homi-

684 5233 802 5267 nem
832 5214 1140 5281 religiosum
1172 5211 1423 5281 gentibus
1453 5213 1561 5265 illis
1617 5210 1909 5277 signiﬁcat,
1951 5208 2019 5264 ab
2073 5209 2230 5262 inno-

684 5307 857 5357 centia
896 5305 1367 5372 sanctimoniaque
1414 5304 1537 5357 vitae
1590 5319 1605 5355 ε
1647 5304 1749 5357 hoc
1772 5318 1898 5359 vero
1927 5303 2225 5357 doctorem.

684 5396 893 5447 Etenim
927 5412 987 5447 ex
1014 5377 1268 5462 Opinione
1294 5397 1414 5449 vitae
1444 5395 1699 5463 religiose
1743 5410 1807 5449 ac
1837 5395 2047 5449 duriter
2073 5401 2225 5455 actae,

690 5497 1019 5540 CUIbECIIlllS
1049 5486 1246 5553 aliquid
1281 5486 1419 5554 apud
1463 5488 1678 5555 vulgum
1715 5486 2093 5549 auctoritatis;
2133 5486 2228 5537 tri-

692 5581 794 5633 bus
817 5578 1133 5632 Mahumetis
1160 5580 1430 5647 propheta:
1453 5580 1641 5641 sociis,
1668 5577 1989 5643 Ebubekire,
2011 5576 2229 5638 Omere,

693 5672 1035 5739 Osmaneque
1086 5672 1320 5739 rejectis,
1384 5669 1522 5724 Alim
1548 5680 1802 5738 quartum
1841 5669 2115 5738 propheta:
2148 5680 2233 5719 so-

694 5766 861 5825 cium,
899 5764 1250 5829 ejusdemque
1283 5763 1743 5833 cmuangninemn
1772 5769 1827 5814 et
1857 5774 2113 5828 generum
2151 5772 2232 5810 sc-

654 5904 657 5907 .
696 5856 967 5926 quendum
1003 5858 1053 5912 in
1078 5859 1333 5927 omnbus
1365 5851 1690 5919 aﬁitmabat,
1722 5851 1765 5905 si
1790 5851 1923 5905 salvi
1957 5863 2077 5903 esse
2128 5848 2231 5901 vel-

2323 4662 2676 4730 appellatum,
2727 4673 2833 4729 quo
2882 4659 3132 4713 clausum
3170 4672 3323 4712 mare
3355 4656 3711 4726 signiﬁcatur.
3734 4652 3855 4705 lstie

2322 4755 2587 4805 educatus
2635 4751 2817 4805 lsmail
2854 4765 2917 4804 ex
2965 4750 3285 4821 prmscripto
3313 4747 3591 4817 religionis
3613 4754 3850 4815 paternae,

2324 4830 2557 4896 tandem
2589 4844 2854 4897 exstincto
2911 4858 3004 4910 per
3043 4855 3317 4895 venenum
3365 4855 3393 4893 a
3427 4838 3656 4915 conjuge
3685 4836 3851 4890 datum

2325 4933 2539 4988 sultano
2580 4931 2783 5003 Jacupe
2831 4935 3141 4998 avunculo,
3173 4932 3396 4987 domum
3437 4930 3657 4995 reverti,
3687 4938 3852 5000 pater-

2328 5041 2513 5095 tneque
2539 5026 2757 5081 ditionis
2792 5026 3189 5091 hereditatem,
3207 5039 3330 5079 cum
3355 5024 3575 5094 oppidis
3588 5034 3639 5079 et
3656 5018 3851 5093 praediis

2330 5128 2587 5172 materna:
2641 5118 2786 5173 dotis
2831 5116 3050 5173 nomine
3096 5115 3201 5172 sibi
3237 5115 3457 5191 deditis,
3487 5115 3636 5171 adire
3660 5110 3849 5170 statuit.

2331 5208 2581 5263 Dominio
2619 5218 2867 5279 -paterno
2919 5209 3144 5278 potitus,
3196 5224 3319 5262 mox
3377 5210 3606 5263 ulterius
3650 5216 3845 5276 progre-

2330 5300 2479 5353 ditur
2505 5318 2517 5353 :
2550 5309 2606 5356 et
2638 5303 2895 5357 trecentis
2932 5301 3310 5355 tantummodo
3332 5302 3563 5368 stipatus
3587 5296 3843 5353 militibus.

2332 5390 2637 5447 Somakiam
2682 5410 2819 5464 pene
2856 5395 3233 5463 prodigiosum
3273 5393 3327 5444 in
3367 5391 3586 5443 modum
3622 5395 3841 5455 occupat.

2318 5482 2406 5555 ‘Ea
2436 5470 2629 5539 civitas
2681 5493 2763 5540 est
2820 5485 3025 5547 Mediae,
3064 5497 3226 5551 quam
3273 5483 3432 5536 modo
3466 5480 3736 5536 Sirvanum
3764 5492 3845 5530 vo-

2332 5582 2459 5625 Caﬂl
2484 5611 2498 5636 1
2537 5590 2600 5629 ac
2629 5592 2820 5631 versus
2848 5576 3119 5631 Armeniae
3146 5573 3370 5641 majoris
3394 5572 3530 5629 ﬁnes
3561 5588 3673 5629 sese
3693 5567 3845 5639 porri-

2334 5671 2435 5740 git,
2462 5679 2515 5720 et
2548 5669 2780 5723 Laonico
2812 5665 3122 5727 Samachia,
3153 5661 3501 5733 Spandugino
3534 5657 3840 5715 Sumachics.

2334 5762 2635 5829 appellatur
2664 5777 2674 5810 :
2709 5760 2841 5812 tanti
2874 5757 3091 5826 quidem
3151 5755 3431 5816 momenti,
3460 5764 3519 5808 ut
3548 5768 3682 5808 anno
3708 5750 3841 5800 Chn-

2337 5865 2515 5906 suauo
2573 5850 2701 5903 l583
2743 5852 2789 5904 ei
2837 5859 3005 5918 capta:
3073 5846 3450 5917 heglcrbccurn
3493 5840 3837 5901 Osmanhassa
