4006 6338
133 473 251 538 861

1275 459 1678 534 PANDECTE
1732 471 1943 532 illST.
2012 473 2317 536 'nflamc.

3240 465 3353 528 862

139 588 485 661 praefecerit.
540 588 677 642 Hinc
722 587 896 656 cepiis
962 601 1069 642 non
1126 602 1317 656 parum
1385 585 1630 640 adauclis
1660 587 1717 637 cl
1746 586 1789 643 A
1820 604 1984 657 supra
2020 598 2269 642 notatum
2308 590 2483 656 capite
2525 586 2579 640 2.
2611 586 2853 641 Scachus
2875 585 3039 654 igitur
3068 581 3245 638 ismail
3282 583 3353 637 ab

137 678 1087 743 insuuctis,Tebrisium,extimatn
1144 679 1427 733 Persarum
1483 677 1709 743 regiam,

139 788 279 828 sese
322 769 568 834 confert,
595 784 845 838 eamque,
870 780 1124 836 superato
1160 786 1280 840 rege
1314 770 1538 823 Alvantc
1559 808 1572 829 ,
1603 768 1714 822 sul-

144 865 275 920 teni
318 862 541 933 Jacupis
580 863 688 918 ﬁlio
711 872 764 917 et
790 863 1340 925 successore,vietor
1381 862 1433 914 in
1483 869 1714 929 potesta-

142 964 265 1011 tem
296 955 511 1025 redigit.
548 955 748 1007 lterum
780 968 900 1006 cum
940 954 1547 1018 Alvantecongressns,
1604 964 1708 1000 non

144 1048 319 1101 modo
349 1047 596 1113 superior
630 1046 850 1109 evadit,
909 1060 1095 1097 verum
1135 1044 1300 1097 etiam
1339 1043 1536 1109 ipsum,
1588 1055 1708 1093 cutn

143 1140 433 1194 exercitus
491 1137 676 1203 majori
721 1147 906 1206 parte,
968 1137 1222 1192 trucidat.
1276 1135 1402 1188 Inde
1451 1134 1707 1187 Mnratetn

143 1226 427 1289 Chanem,
458 1225 655 1296 (Horat
685 1225 858 1287 Chau,
891 1237 944 1279 et
981 1225 1151 1278 Morat
1184 1225 1440 1292 bcg,aliis
1465 1225 1712 1278 nomina-

144 1326 287 1383 tur,
343 1320 651 1387 Augustino
693 1318 919 1372 Curioni
964 1328 1151 1369 nostro
1208 1315 1508 1385 Maraberg,
1568 1316 1709 1382 quod

147 1410 376 1480 longius
407 1408 474 1462 ab
500 1410 710 1478 origine
736 1407 962 1477 recedit)
1009 1408 1255 1462 Aluantis
1286 1406 1450 1460 occisi
1491 1405 1708 1459 fratrem

147 1512 482 1572 persecutus
506 1542 521 1565 ,
556 1503 668 1570 pari
702 1500 1062 1570 prosperitate
1095 1508 1334 1566 superat.
1358 1498 1406 1552 ls
1440 1498 1618 1551 victus
1644 1498 1711 1550 ab

148 1596 400 1658 lsmaile,
437 1594 748 1663 Bagad‘atim
783 1607 973 1646 versus
1005 1590 1236 1659 aufugit,
1260 1590 1571 1643 hodiernam
1604 1588 1709 1642 sci-

150 1678 286 1741 licet
320 1685 675 1761 Babylonem,
723 1693 946 1751 propter
977 1683 1165 1735 ruinas
1197 1682 1389 1750 priscae
1421 1678 1709 1749 Babylonis

147 1780 340 1836 sitam.
379 1774 564 1831 Victor
597 1775 784 1829 urbem
833 1774 1053 1838 Sciras,
1091 1785 1368 1825 armorum
1404 1771 1585 1825 omnis
1615 1786 1710 1839 ge—

148 1871 309 1926 neris
335 1868 625 1931 ol’ﬁcinam,
684 1881 712 1919 a
766 1864 1020 1920 vTebrisio
1065 1864 1252 1931 viginti
1277 1862 1482 1916 dierum
1516 1862 1708 1915 itinere

147 1963 455 2016 distantem
479 1999 495 2024 ,
521 1973 645 2014 eum
680 1955 996 2011 victricibus
1028 1953 1200 2023 cepiis
1240 1954 1425 2006 aditet
1453 1961 1705 2020 occupat.

152 2053 234 2107 lbi
270 2053 502 2107 demum“
557 2049 845 2119 insigniter
904 2062 1061 2101 suum
1125 2047 1355 2098 armavit
1383 2046 1706 2099 exercitum.

150 2145 350 2199 Postea
382 2144 655 2213 negotium
676 2144 723 2196 ei
750 2142 848 2195 fuit
890 2154 1013 2193 cum
1060 2136 1157 2193 Ulu
1180 2140 1363 2191 Chane
1388 2136 1707 2191 Talarorutn

151 2238 417 2303 Sicbeeo,
454 2249 614 2304 quem
657 2234 987 2288 instructum
1043 2229 1286 2285 exercitu
1340 2237 1708 2281 trecentarum

150 2329 389 2381 millium
424 2327 681 2394 equitum
705 2364 720 2388 ,
757 2320 973 2393 aggredi
1010 2320 1195 2389 pra-lio
1234 2335 1338 2372 non
1389 2318 1658 2372 dubitavit
1688 2335 1704 2373 :

150 2438 266 2491 quo
321 2421 585 2490 singulari
651 2420 854 2473 virtute
910 2418 1238 2483 fortunaque
1288 2415 1461 2466 vit-tor
1513 2412 1704 2474 evasit,

151 2515 314 2569 hoste
349 2527 513 2575 creso,
542 2511 623 2566 vel
659 2511 711 2563 in
744 2511 899 2563 turba
935 2506 1097 2576 (quod
1129 2505 1217 2558 alii
1243 2504 1501 2573 tradunt)
1532 2520 1557 2555 a
1592 2503 1707 2556 suis

150 2620 444 2676 oppresso,
511 2601 904 2670 suﬁ‘ocatoque.
974 2597 1211 2654 Tandem
1249 2596 1312 2649 ad
1359 2604 1435 2649 tot
1467 2595 1705 2649 illustres

150 2699 218 2753 de
251 2698 502 2768 pluribus
531 2705 719 2767 partas
746 2692 1022 2756 victorias,
1083 2689 1132 2744 is
1191 2687 1466 2742 felicitatis
1496 2686 1707 2740 exuuiae

149 2789 413 2844 cumulus
463 2787 711 2849 accessit,
762 2796 820 2839 ut
868 2785 1132 2837 moriente
1171 2782 1222 2835 in
1270 2780 1461 2834 exsilio
1500 2777 1706 2832 Murate

149 2881 369 2947 Chane,
399 2880 621 2949 Jacupis
652 2878 782 2943 ﬁlio,
810 2888 864 2932 et
902 2877 1090 2930 ultimo
1131 2873 1367 2939 baerede,
1403 2887 1511 2926 non
1543 2870 1705 2927 modo

151 2972 365 3029 Persici
398 2972 547 3044 regni
580 2971 964 3041 possessione,
994 2968 1217 3021 sublatis
1250 2966 1480 3029 attnttlis,
1523 2967 1704 3034 quieta

150 3067 449 3138 potiretur,
482 3080 673 3120 verum
715 3064 877 3117 etiam
910 3062 1123 3115 vicinos
1157 3062 1419 3128 quosdam
1453 3058 1699 3127 populos,

150 3174 214 3215 ac
246 3157 550 3229 praesertim
574 3155 959 3226 Bagadatinos,
977 3154 1030 3205 in
1056 3152 1382 3206 deditionem
1404 3151 1696 3219 acciperet.

1816 682 2024 736 :emnlis
2070 682 2391 745 Osmanieis,
2438 681 2671 750 aliisque
2730 679 3166 743 Mahumetanis,
3208 678 3356 730 velut

1815 780 2006 831 horum
2040 776 2447 845 antesignanus,
2468 785 2575 828 tam
2605 773 2795 842 Sopbi,
2817 788 2976 842 quam
3010 770 3163 825 Kisel
3198 772 3353 823 bassa

1820 877 2044 923 vocatus
2082 868 2229 932 fuit’;
2260 882 2324 920 ac
2346 866 2547 922 mansit
2576 867 2737 921 etiam
2763 864 2902 935 apud
2932 879 3029 917 nos
3056 864 3107 915 in
3139 861 3357 915 hodier-

1817 976 1945 1014 num
2003 975 2173 1028 usque
2235 959 2372 1012 diem
2408 973 2604 1011 nomen
2652 958 2754 1011 hoc
2799 955 3031 1025 posteris
3062 955 3257 1022 ipsius,
3298 962 3355 1006 ut

1817 1052 2044 1121 Sophini
2079 1050 2438 1120 appellentur.
2464 1048 2571 1102 Nec
2595 1055 2773 1102 tamen
2809 1048 2862 1100 in
2895 1060 2956 1099 ea
2998 1061 3115 1098 smn
3147 1045 3355 1111 opinio-

1813 1159 1879 1196 ne
1912 1159 2034 1195 eum
2068 1144 2212 1205 aliis,
2251 1153 2308 1195 ut
2362 1149 2491 1194 tunc
2524 1140 2760 1208 primum
2804 1146 2987 1191 natum
3031 1137 3133 1189 hoc
3163 1135 3358 1204 Sophi-

1815 1235 2075 1286 lariorum
2108 1231 2431 1286 vocabulum
2464 1240 2673 1298 putem.
2702 1228 2913 1296 Quippe
2939 1227 3207 1281 vetustius
3236 1241 3358 1280 esse

1813 1324 2146 1392 temporibus
2177 1323 2441 1386 lsmailis,
2470 1338 2531 1375 ex
2558 1319 2857 1376 Annalibus
2891 1318 3134 1373 Turcicis
3166 1329 3315 1386 paret
3340 1335 3355 1383 ;

1812 1418 1901 1484 qui
1935 1423 2191 1484 regnante
2212 1412 2550 1468 Muchemcte
2584 1413 2764 1481 primo
2787 1453 2802 1477 ,
2846 1400 3097 1479 Bajazitis
3134 1424 3354 1478 proavo,

1812 1507 2104 1576 nonaginta
2157 1505 2363 1560 scilicet
2418 1502 2574 1556 anuis
2651 1509 2776 1555 ante
2834 1499 3185 1555 Scaehoculis
3217 1500 3355 1554 sedi-

1811 1601 2038 1661 tionem,
2088 1605 2141 1650 et
2169 1595 2401 1649 lsmailis
2439 1593 2747 1663 imperium,
2806 1591 3142 1662 Sophilarius
3172 1592 3356 1645 itidem

1811 1689 2167 1743 tumultuatos
2193 1685 2851 1753 commemorautJtaqne
2881 1700 3008 1739 vero
3047 1694 3127 1736 est
3161 1684 3356 1743 simile,

1810 1786 2129 1841 Scheiehem
2164 1784 2454 1839 liaidarem
2483 1800 2590 1839 non
2626 1785 2748 1839 novi
2783 1782 3051 1851 dogmatis
3081 1792 3355 1834 auctorem

1813 1875 2004 1941 fuisse,
2071 1875 2164 1929 sed
2225 1875 2463 1942 reliquas
2521 1874 2703 1944 potius
2764 1889 2825 1925 ex
2890 1870 3139 1925 ineendio
3169 1867 3356 1925 veteri,

1812 1971 2077 2036 quasique
2128 1968 2335 2034 sopitas
2382 1969 2643 2020 hactenus
2704 1964 2993 2025 scintillas,
3026 1964 3204 2016 denuo
3239 1976 3359 2013 sus-

1807 2062 2006 2114 citasse
2028 2104 2042 2124 ,
2076 2073 2411 2129 prorsusque
2444 2057 2607 2112 simili
2639 2056 2848 2110 ratione
2879 2054 3145 2108 Scacbum
3173 2051 3360 2103 lsmai-

1810 2152 1910 2205 lcm
1970 2149 2134 2217 Sophi
2210 2164 2408 2203 nomen
2450 2149 2516 2201 ah
2551 2148 2789 2201 inimicis
2842 2148 3057 2210 tulisse,
3096 2142 3357 2214 frequens

1807 2254 1962 2297 antea
1998 2242 2245 2309 plebeiis,
2292 2242 2385 2296 sed
2420 2248 2542 2294 ante
2576 2240 2750 2309 ipsum
2782 2240 2913 2292 nulli
2937 2239 3118 2292 datum
3151 2239 3285 2303 regi.

1809 2358 1929 2412 189.
1956 2356 2058 2421 Qui
2092 2355 2299 2411 Corizzi
2336 2355 2412 2406 vel
2444 2352 2748 2415 Coridschi,
2774 2353 2860 2420 qui
2888 2351 3195 2406 Turcomani
3224 2351 3349 2406 Per-

2171 2426 2286 2478 sici.
2326 2423 2645 2491 Supplicium
2677 2422 3037 2477 Scacltoculis.

1876 2516 2003 2571 Tria
2062 2525 2193 2571 sunt
2247 2516 2391 2587 apud
2448 2516 2640 2570 Persas
2707 2530 2910 2583 genera
2945 2498 3346 2568 'ntilitantintn.

1808 2610 1971 2664 Prirui
2000 2617 2265 2662 vocantur
2294 2608 2363 2662 ab
2395 2608 2473 2662 eis
2499 2607 2848 2671 Tureomani,
2881 2612 3113 2675 quorum
3139 2622 3199 2660 ea
3228 2621 3355 2661 con.

1806 2703 1942 2756 ditio
2006 2710 2112 2764 est,
2164 2716 2283 2770 quae
2310 2700 2635 2754 vasallorum
2671 2699 2808 2769 apud
2842 2715 2962 2763 nos,
2992 2714 3131 2767 quos
3168 2697 3353 2752 l'euda-

1810 2794 1980 2846 tarios
2029 2792 2381 2861 appellamus.
2416 2789 2480 2843 Et
2530 2800 2654 2844 sunt
2689 2790 2828 2859 apud
2861 2804 2954 2843 eos
2983 2790 3138 2844 fetida
3172 2805 3354 2858 perpe«

1808 2894 1916 2949 tua,
1953 2899 2074 2953 qua:
2107 2897 2132 2934 a
2163 2883 2480 2951 parentibus
2508 2882 2572 2935 ad
2599 2882 2800 2936 liberos
2822 2891 2875 2937 et
2899 2893 3145 2951 posteros
3172 2882 3355 2934 devol-

1805 2987 2026 3039 vuntur,
2063 2976 2284 3043 sequius
2340 2989 2401 3026 ae
2469 2972 2659 3027 Turris
2703 2982 2783 3026 est
2833 2973 2885 3025 in
2916 2989 3072 3040 ,nsn.
3128 2973 3353 3037 Quoties

1805 3070 1966 3136 igitur
1988 3068 2208 3134 bijussu
2229 3065 2368 3133 regis
2387 3076 2703 3127 evocantur,
2727 3078 2791 3118 eo
2822 3078 2941 3116 eum
2972 3064 3216 3134 equitum
3254 3079 3354 3117 nu-

1806 3178 1956 3217 mero
2015 3176 2071 3214 se
2125 3160 2235 3228 regi
2275 3160 2494 3222 sistunt,
2553 3172 2709 3226 quem
2774 3158 3035 3210 rationem
3071 3159 3350 3210 feudorum

152 3254 280 3308 ﬂare
314 3253 382 3307 de
413 3250 646 3307 lsmailis
678 3248 906 3317 Sopbini
944 3246 1189 3316 origine,
1218 3258 1585 3311 prospereque
1615 3257 1704 3295 re-

1811 3257 2073 3310 adducere
2129 3261 2395 3305 tenentur.
2453 3250 2615 3303 Alteri
2682 3248 2929 3302 dicuntur
2991 3249 3199 3302 Corizri
3264 3248 3344 3301 vel

151 3364 272 3404 rum
306 3360 594 3410 successu,
629 3358 738 3412 quo
766 3341 870 3395 sibi
899 3342 1124 3409 suisque
1161 3353 1384 3405 regnum
1419 3336 1694 3391 Persicum

149 3436 382 3507 peperit,
414 3430 882 3494 etconstabilivit,
930 3430 1190 3483 hactenus
1243 3429 1330 3483 hic
1380 3430 1697 3496 exponenda

151 3529 431 3586 duximus.
481 3524 616 3580 Nam
667 3523 805 3578 bella
851 3521 1105 3590 deinceps
1133 3536 1252 3575 cum
1287 3520 1610 3584 Osmauidis,
1635 3534 1697 3572 ac

151 3621 356 3676 Selime
385 3614 708 3687 praesertim
761 3619 932 3683 gesta,
988 3626 1087 3666 suo
1135 3610 1254 3664 loco
1286 3609 1440 3665 nobis
1464 3608 1700 3663 Annales

151 3713 257 3785 ipsi
285 3711 513 3765 dabunt.
542 3706 623 3760 Ab
643 3704 955 3762 Osmanidis
991 3703 1036 3757 ei
1065 3700 1230 3770 Sophi
1253 3708 1699 3769 cognomentum,

151 3819 206 3865 et
232 3808 435 3863 Kiselis
492 3806 685 3869 bassae,
745 3816 840 3871 per
896 3798 1250 3869 ignominiam
1313 3797 1413 3850 l'uit
1442 3796 1698 3849 inditum.

154 3901 363 3958 Prioris
415 3882 690 3949 notionem
741 3891 1025 3960 attigimus.
1052 3904 1240 3959 supra,
1271 3891 1443 3958 capite
1471 3889 1558 3939 8|.
1585 3888 1700 3940 Non

154 4012 183 4050 a
216 3993 410 4049 Grazco
438 3985 653 4056 Sophos
687 3981 976 4037 deductum
1004 3989 1108 4046 est,
1132 3982 1273 4050 quod
1308 3989 1485 4032 tamen
1516 3979 1705 4032 existi-

155 4101 309 4142 mare
340 4080 607 4152 quosdam
634 4076 815 4141 video,
842 4073 932 4143 qui
962 4088 988 4124 a
1017 4073 1301 4127 Persarum
1338 4070 1501 4139 Magis
1532 4082 1583 4124 et
1610 4070 1706 4123 So-

156 4182 278 4251 phis
313 4172 719 4244 antiquissimis
758 4175 1033 4236 sumptum
1064 4179 1258 4218 nomen
1285 4178 1578 4232 usurpasse
1609 4161 1708 4214 So-

156 4274 356 4343 phinos
393 4267 581 4322 volunt
613 4281 629 4329 ;
681 4261 776 4317 sed
826 4275 855 4313 a
913 4257 1104 4326 Sopbi,
1140 4257 1370 4309 Arabica
1400 4271 1554 4316 voce,
1590 4268 1708 4320 qua:

159 4369 336 4420 lanam
393 4357 682 4429 signiﬁcat.
744 4352 955 4419 Quippe
1009 4364 1132 4403 cum
1185 4344 1594 4403 Mahumetani.
1651 4352 1707 4397 et

162 4455 466 4527 praesertim
492 4447 800 4509 ,Osmanici,
841 4457 990 4497 more
1028 4440 1222 4503 veteri,
1259 4438 1530 4506 tulipanto
1564 4437 1710 4489 lineo

162 4544 504 4605 subtilissimi
538 4542 721 4610 Operis
745 4544 907 4605 caput
932 4537 1231 4594 involvam,
1259 4546 1391 4583 novo
1427 4528 1574 4582 istaec
1607 4526 1712 4581 So-

1803 3346 2110 3409 Coridschi,
2164 3345 2254 3412 qui
2300 3343 2587 3411 stipendiis
2618 3341 2870 3393 militant.
2917 3340 2980 3393 Et
3011 3341 3114 3391 alia
3146 3342 3348 3406 stipen-

1804 3441 1890 3493 dia
1925 3453 2111 3502 reapse
2136 3450 2240 3488 non
2272 3444 2397 3488 sunt
2422 3435 2558 3501 apttd
2581 3433 2794 3497 Persas,
2820 3448 2978 3500 quam
3007 3446 3126 3496 qua!
3152 3430 3352 3485 Gra‘cis

1804 3528 2107 3597 σιτηρέσωι,
2150 3525 2405 3579 Romanis
2444 3540 2671 3578 annona:
2720 3524 2977 3577 militares
3001 3523 3353 3575 nominaban-

1807 3629 1934 3673 tur:
1975 3634 2059 3673 rcs
2112 3617 2368 3671 nimirum
2414 3615 2477 3669 ad
2533 3616 2788 3669 alimenta
2833 3616 3196 3682 pertinentes,
3228 3628 3354 3665 cum

1806 3713 1982 3781 cquis,
2016 3709 2254 3763 vestibus
2285 3745 2302 3765 .
2334 3708 2501 3762 armis
2523 3745 2538 3770 ,
2574 3708 2821 3760 tentoriis
2848 3749 2860 3769 ,
2904 3706 3138 3761 cameris.
3173 3704 3347 3760 Tertii

1785 3810 2061 3871 constant
2116 3816 2146 3854 e
2204 3800 2375 3868 cepiis
2434 3800 2793 3853 auxiliaribus
2852 3799 3347 3854 confoederatorum

1810 3898 2267 3963 linitimarumqne
2292 3894 2556 3962 gentium,
2586 3895 2962 3945 Armeniorum
2995 3895 3260 3951 videlictet,
3289 3908 3355 3945 ne

1809 3977 2241 4065 Qcorgﬁtnorum
2280 4003 2293 4039 :
2333 3984 2423 4051 qui
2460 3982 2772 4050 religionem
2826 3981 3190 4035 Christianam
3228 3999 3354 4050 pio-

1814 4078 2053 4141 ﬁtentur,
2087 4075 2139 4129 in
2167 4073 2359 4128 Persas
2375 4072 2653 4141 propensi,
2691 4069 2883 4125 Turcis
2913 4070 3119 4124 inl‘t-sti.
3146 4069 3354 4136 Vulgus

1814 4167 1975 4235 igitur
2000 4166 2249 4225 istorum.
2281 4165 2371 4231 qui
2396 4161 2771 4218 Scachoculim
2803 4162 2970 4216 scenti
3000 4162 3212 4227 ducem,
3244 4174 3349 4215 tam

1814 4256 2106 4310 crudeliter
2148 4257 2412 4308 hactenus
2460 4255 2686 4319 grassati
2724 4254 2925 4320 passim
2957 4253 3187 4316 fuerant,
3232 4271 3350 4307 sca-

1813 4349 1950 4399 chus
1987 4344 2162 4398 lsmail
2193 4358 2288 4397 ceu
2315 4342 2582 4409 mancipia
2614 4342 2894 4395 distribuit
2915 4343 3056 4396 inter
3106 4358 3356 4411 proceres

1816 4452 1963 4501 Suos,
2014 4453 2119 4505 quo
2168 4436 2388 4489 nomine
2458 4424 2678 4497 sultani,
2747 4434 2979 4495 Clianes,
3031 4435 3353 4488 Turcomani

1819 4528 2000 4583 Persis
2068 4528 2296 4581 veniunt
2328 4543 2341 4578 :
2393 4527 2569 4594 capite
2610 4540 2738 4578 vero
2765 4526 3154 4579 seditiosorum
3191 4530 3356 4581 truri-

163 4640 519 4713 philariorum
584 4633 772 4700 religio
833 4626 1079 4697 praecipit
1112 4626 1252 4677 inter
1284 4622 1409 4685 alia,
1445 4636 1509 4673 ne
1550 4626 1709 4687 caput
1745 4633 1787 4687 ο
1817 4621 1994 4675 danda
2069 4619 2331 4681 Corizzis,
2386 4621 2486 4671 hoc
2539 4624 2645 4678 est,
2698 4618 3064 4685 stipendiariis
3096 4619 3357 4671 militibus

166 4710 306 4790 iaetu
342 4728 580 4800 qundam
611 4724 769 4777 lineis
798 4718 1063 4788 ejusmodi
1127 4715 1292 4784 spiris
1337 4723 1582 4777 ornetur,
1614 4710 1711 4766 sed

168 4836 224 4878 ut
269 4829 577 4894 tegumenta
634 4812 874 4882 capitum
906 4825 937 4863 e
966 4809 1108 4869 lana,
1136 4820 1240 4859 non
1274 4820 1464 4873 magna
1505 4819 1563 4856 re
1598 4818 1718 4869 pre-

168 4916 249 4977 tii,
284 4910 663 4968 conﬁciantur.
704 4905 772 4959 Et
799 4901 925 4971 quia
958 4900 1169 4953 laneum
1204 4897 1303 4949 hoc
1344 4902 1714 4964 tegumentum

168 5004 379 5073 capitis,
410 5016 520 5064 quo
555 5007 749 5069 przetcr
780 4996 1009 5047 aliorum
1067 4989 1566 5042 Mahumelzmorttm
1605 5000 1716 5037 mo-

170 5112 278 5150 rem
312 5094 366 5146 hi
409 5107 551 5159 nunc
592 5098 823 5144 utuntur
854 5126 867 5151 ,
904 5086 1073 5154 pliraa
1118 5084 1275 5134 habet
1317 5079 1624 5140 duodecim,
1661 5084 1714 5130 et

173 5190 400 5241 Arabica
440 5198 538 5235 vox
602 5182 861 5242 Euasser,
889 5178 1171 5231 duodecim
1206 5172 1471 5241 Signiﬁcat
1507 5170 1711 5235 ;ctiam

173 5279 317 5333 aliud
350 5290 547 5332 nomen
598 5268 1100 5331 Enasserlariorum
1144 5265 1417 5337 consecuti
1472 5271 1620 5325 sunt,
1652 5277 1714 5317 ac

174 5374 216 5426 si
248 5372 436 5426 Graeco
472 5364 738 5419 vocabulo
768 5363 917 5416 dicas
952 5357 1412 5427 Dodecaptychos,
1446 5367 1539 5408 aut
1574 5354 1715 5408 Lati—

177 5481 243 5517 no
294 5458 780 5525 Duodeeitnplices.
829 5453 965 5507 Cum
1017 5452 1257 5519 denique
1314 5460 1527 5517 tegmen
1569 5446 1713 5516 ejus—

177 5556 314 5609 modi
382 5552 548 5604 rubro
604 5552 865 5602 duntaxat
918 5544 1096 5598 colore
1129 5544 1353 5594 tim-tum
1385 5550 1591 5610 gestare
1627 5553 1713 5593 so-

178 5647 340 5705 leant,
373 5638 798 5695 Kiselbassilarii
823 5652 1039 5705 quoque
1072 5634 1199 5687 dicti
1234 5644 1355 5687 sunt
1384 5672 1399 5695 ,
1432 5633 1593 5685 veluti
1626 5648 1714 5684 ca-

182 5736 281 5805 pita
318 5734 503 5787 rubra.
540 5730 793 5782 Solebant
828 5736 1004 5780 autem
1042 5738 1171 5779 ante
1200 5726 1312 5779 lucc
1354 5722 1530 5775 voeari
1582 5731 1713 5775 tem-

180 5843 301 5898 pora
341 5824 515 5877 Persae
542 5821 737 5875 Turcis
768 5819 995 5871 Aieutiui
1043 5820 1124 5871 vel
1168 5814 1405 5870 Alemiui
1440 5812 1599 5883 472
1642 5814 1709 5865 si-

181 5931 267 5975 cut
300 5925 349 5971 ct
375 5918 491 5986 ipsa
521 5914 666 5984 regio
694 5912 981 5967 Persarum
1025 5910 1216 5964 iisdem
1250 5918 1332 5964 cst
1362 5909 1532 5969 Aicm,
1563 5906 1702 5975 quod

1818 4715 1954 4776 suis,
1981 4711 2200 4778 ohjecit.
2232 4712 2346 4767 iloc
2374 4710 2743 4771 memorabile,
2768 4710 2909 4778 quod
2942 4711 3079 4779 apud
3113 4710 3356 4779 Spandu-

1815 4806 2001 4874 ginunt
2043 4803 2257 4872 legitur,
2294 4814 2575 4858 auctorem
2609 4811 2715 4855 tam
2750 4801 2906 4855 fmdze
2938 4803 3230 4868 tragoediae,
3264 4804 3353 4869 qui

1817 4909 1876 4947 se
1924 4884 2325 4956 Scaclioculim,
2372 4891 2523 4945 velut
2546 4890 2725 4944 scachi
2759 4889 3084 4955 mancipium
3116 4890 3356 4958 appella-

1817 4992 1987 5043 verat,
2042 4984 2108 5037 ab
2165 4983 2286 5035 aliis
2333 4997 2463 5037 vero
2514 4981 2822 5035 nominatus
2867 4980 2936 5033 ob
2967 4980 3355 5035 immanitatem

1818 5076 1995 5128 luem!
2054 5073 2235 5129 Scitan
2293 5075 2406 5129 Culi
2432 5116 2445 5137 ,
2479 5074 2594 5129 sive
2625 5073 2838 5129 Satanae
2872 5074 3217 5140 mancipium,
3245 5077 3356 5126 lau-

1816 5166 1980 5220 dabili
2012 5167 2316 5220 severitatis
2355 5166 2612 5236 exemplo
2641 5168 2841 5229 vivum,
2872 5166 2937 5217 de
2972 5169 3238 5219 sententia
3274 5181 3355 5216 re.

1815 5262 1898 5331 gis
1948 5260 2204 5325 lsmailis,
2251 5258 2314 5312 in
2385 5259 2629 5315 ﬂammas
2682 5263 2985 5327 conjectum
3020 5268 3071 5309 et
3107 5266 3352 5309 exustum

1819 5354 2008 5408 fuisse.

1818 5488 1932 5542 190.
1961 5486 2133 5539 Motus
2154 5484 2361 5539 Selimis
2384 5489 2631 5541 adversm
2664 5497 2859 5554 patrem
2898 5488 3207 5554 Bajazitcm.
3230 5490 3352 5541 Prc-

1884 5560 2017 5624 copii
2068 5555 2269 5627 Taitat'i,
2310 5555 2455 5609 Clum
2490 5559 2847 5623 Prccopiorum
2887 5559 3113 5611 Polouiw
3146 5576 3353 5627 reg/num

1883 5628 2064 5750 glubit,
2127 5626 2375 5696 Beligrud
2436 5628 2502 5679 ad
2559 5645 2763 5695 amnem
2820 5627 3112 5691 Nesterem,
3146 5632 3351 5696 Segumt

1917 5715 2053 5750 assa.

1917 5715 2053 5752 αδεα.

1886 5812 2217 5881 llejveturns‘
2259 5810 2482 5876 imperio
2539 5818 2740 5874 patrem
2793 5809 2841 5864 S.
2867 5811 3037 5870 limes,
3071 5824 3173 5860 non
3223 5808 3350 5859 'l'ta.

1813 5914 2038 5975 pczunte
2075 5921 2167 5975 pvt‘
2222 5904 2399 5957 Asiam
2449 5903 2705 5956 minorem
2751 5902 3015 5971 proiectus
3048 5901 3177 5963 fut,
3210 5901 3349 5968 quod
