  <div class='ocr_page' id='page_1' title='image "/cluster/home/n/w/nwhite01/storage/ocr_20150623/159/pst.000005714797/525.png"; bbox 0 0 4006 6338; ppageno 0'>
   <div class='ocr_carea' id='block_1_1' title="bbox 618 395 727 466">
    <p class='ocr_par' dir='ltr' id='par_1_1' title="bbox 618 395 727 466">
     <span class='ocr_line' id='line_1_1' title="bbox 618 395 727 466; baseline -0.083 -1"><span class='ocrx_word' id='word_1_1' title='bbox 618 395 727 466; x_wconf 80' lang='grc'><strong>’853</strong></span> 
     </span>
    </p>
   </div>
   <div class='ocr_carea' id='block_1_2' title="bbox 1804 336 2625 459">
    <p class='ocr_par' dir='ltr' id='par_1_2' title="bbox 1804 336 2625 459">
     <span class='ocr_line' id='line_1_2' title="bbox 1804 336 2625 459; baseline -0.002 -3"><span class='ocrx_word' id='word_1_2' title='bbox 1804 336 2123 457; x_wconf 70' lang='lat' dir='ltr'><strong>JOANle</strong></span> <span class='ocrx_word' id='word_1_3' title='bbox 2162 356 2625 459; x_wconf 76' lang='lat' dir='ltr'><strong>LEUNCLAVII</strong></span> 
     </span>
    </p>
   </div>
   <div class='ocr_carea' id='block_1_3' title="bbox 3721 386 3833 453">
    <p class='ocr_par' dir='ltr' id='par_1_3' title="bbox 3721 386 3833 453">
     <span class='ocr_line' id='line_1_3' title="bbox 3721 386 3833 453; baseline 0.018 -2"><span class='ocrx_word' id='word_1_4' title='bbox 3721 386 3833 453; x_wconf 71' lang='grc'><strong>861</strong></span> 
     </span>
    </p>
   </div>
   <div class='ocr_carea' id='block_1_4' title="bbox 627 496 3832 575">
    <p class='ocr_par' dir='ltr' id='par_1_4' title="bbox 627 496 3832 575">
     <span class='ocr_line' id='line_1_4' title="bbox 627 496 3832 575; baseline -0.005 -9"><span class='ocrx_word' id='word_1_5' title='bbox 627 514 869 567; x_wconf 89' lang='lat' dir='ltr'><strong>futurum</strong></span> <span class='ocrx_word' id='word_1_6' title='bbox 927 510 1154 575; x_wconf 83' lang='lat' dir='ltr'><strong>videret,</strong></span> <span class='ocrx_word' id='word_1_7' title='bbox 1192 520 1252 566; x_wconf 88' lang='lat' dir='ltr'><strong>ut</strong></span> <span class='ocrx_word' id='word_1_8' title='bbox 1285 526 1312 566; x_wconf 90' lang='lat' dir='ltr'><strong>a</strong></span> <span class='ocrx_word' id='word_1_9' title='bbox 1352 511 1637 574; x_wconf 71' lang='lat' dir='ltr'><strong>fratribus,</strong></span> <span class='ocrx_word' id='word_1_10' title='bbox 1669 510 1932 565; x_wconf 82' lang='lat' dir='ltr'><strong>Achmete</strong></span> <span class='ocrx_word' id='word_1_11' title='bbox 1968 510 2173 565; x_wconf 58' lang='lat' dir='ltr'><strong>Corcu.</strong></span> <span class='ocrx_word' id='word_1_12' title='bbox 2199 512 2244 570; x_wconf 70' lang='grc' dir='ltr'><strong>Α</strong></span> <span class='ocrx_word' id='word_1_13' title='bbox 2273 500 2446 563; x_wconf 82' lang='lat' dir='ltr'><strong>diare.</strong></span> <span class='ocrx_word' id='word_1_14' title='bbox 2482 510 2682 564; x_wconf 93' lang='lat' dir='ltr'><strong>Contra</strong></span> <span class='ocrx_word' id='word_1_15' title='bbox 2727 496 3070 562; x_wconf 83' lang='lat' dir='ltr'><strong>Christianos</strong></span> <span class='ocrx_word' id='word_1_16' title='bbox 3127 516 3367 574; x_wconf 83' lang='lat' dir='ltr'><strong>pugnare</strong></span> <span class='ocrx_word' id='word_1_17' title='bbox 3424 501 3557 557; x_wconf 78' lang='lat' dir='ltr'><strong>vis?</strong></span> <span class='ocrx_word' id='word_1_18' title='bbox 3603 500 3679 555; x_wconf 89' lang='lat' dir='ltr'><strong>Do</strong></span> <span class='ocrx_word' id='word_1_19' title='bbox 3730 500 3832 554; x_wconf 85' lang='lat' dir='ltr'><strong>tibi</strong></span> 
     </span>
    </p>
   </div>
   <div class='ocr_carea' id='block_1_5' title="bbox 628 599 2175 672">
    <p class='ocr_par' dir='ltr' id='par_1_5' title="bbox 628 599 2175 672">
     <span class='ocr_line' id='line_1_5' title="bbox 628 599 2175 672; baseline -0.004 -15"><span class='ocrx_word' id='word_1_20' title='bbox 628 613 810 671; x_wconf 86' lang='lat' dir='ltr'><strong>teque,</strong></span> <span class='ocrx_word' id='word_1_21' title='bbox 838 604 938 657; x_wconf 88' lang='lat' dir='ltr'><strong>hoc</strong></span> <span class='ocrx_word' id='word_1_22' title='bbox 969 606 1020 656; x_wconf 91' lang='lat' dir='ltr'><strong>iu</strong></span> <span class='ocrx_word' id='word_1_23' title='bbox 1050 603 1241 656; x_wconf 82' lang='lat' dir='ltr'><strong>itinere</strong></span> <span class='ocrx_word' id='word_1_24' title='bbox 1271 603 1627 672; x_wconf 79' lang='lat' dir='ltr'><strong>impediretur</strong></span> <span class='ocrx_word' id='word_1_25' title='bbox 1652 618 1668 667; x_wconf 86' lang='lat'><strong>;</strong></span> <span class='ocrx_word' id='word_1_26' title='bbox 1693 600 1787 655; x_wconf 89' lang='lat' dir='ltr'><strong>sed</strong></span> <span class='ocrx_word' id='word_1_27' title='bbox 1822 599 1990 655; x_wconf 88' lang='lat' dir='ltr'><strong>Cofen</strong></span> <span class='ocrx_word' id='word_1_28' title='bbox 2013 639 2029 666; x_wconf 91' lang='lat'><strong>,</strong></span> <span class='ocrx_word' id='word_1_29' title='bbox 2055 616 2175 669; x_wconf 69' lang='lat' dir='ltr'><strong>quae</strong></span> 
     </span>
    </p>
   </div>
   <div class='ocr_carea' id='block_1_6' title="bbox 628 689 2177 763">
    <p class='ocr_par' dir='ltr' id='par_1_6' title="bbox 628 689 2177 763">
     <span class='ocr_line' id='line_1_6' title="bbox 628 689 2177 763; baseline -0.003 -18"><span class='ocrx_word' id='word_1_30' title='bbox 628 695 832 747; x_wconf 87' lang='lat' dir='ltr'><strong>nostris</strong></span> <span class='ocrx_word' id='word_1_31' title='bbox 875 703 967 748; x_wconf 85' lang='lat' dir='ltr'><strong>cst</strong></span> <span class='ocrx_word' id='word_1_32' title='bbox 1012 693 1194 763; x_wconf 84' lang='lat' dir='ltr'><strong>Capita</strong></span> <span class='ocrx_word' id='word_1_33' title='bbox 1218 732 1233 756; x_wconf 91' lang='lat'><strong>,</strong></span> <span class='ocrx_word' id='word_1_34' title='bbox 1264 708 1363 747; x_wconf 89' lang='lat' dir='ltr'><strong>ceu</strong></span> <span class='ocrx_word' id='word_1_35' title='bbox 1400 694 1602 747; x_wconf 89' lang='lat' dir='ltr'><strong>dictum</strong></span> <span class='ocrx_word' id='word_1_36' title='bbox 1644 692 1819 760; x_wconf 89' lang='lat' dir='ltr'><strong>capite</strong></span> <span class='ocrx_word' id='word_1_37' title='bbox 1850 689 1987 753; x_wconf 75' lang='lat' dir='ltr'><strong>HS,</strong></span> <span class='ocrx_word' id='word_1_38' title='bbox 2028 697 2177 742; x_wconf 90' lang='lat' dir='ltr'><strong>trans</strong></span> 
     </span>
    </p>
   </div>
   <div class='ocr_carea' id='block_1_7' title="bbox 570 779 2179 860">
    <p class='ocr_par' dir='ltr' id='par_1_7' title="bbox 570 779 2179 860">
     <span class='ocr_line' id='line_1_7' title="bbox 570 779 2179 860; baseline -0.001 -25"><span class='ocrx_word' id='word_1_39' title='bbox 570 816 571 821; x_wconf 61' lang='grc' dir='ltr'><strong>η</strong></span> <span class='ocrx_word' id='word_1_40' title='bbox 628 800 775 836; x_wconf 88' lang='lat' dir='ltr'><strong>mare</strong></span> <span class='ocrx_word' id='word_1_41' title='bbox 813 782 1406 860; x_wconf 39' lang='lat' dir='ltr'><strong>Nigrum&#39;navigavit;</strong></span> <span class='ocrx_word' id='word_1_42' title='bbox 1446 798 1552 850; x_wconf 87' lang='lat' dir='ltr'><strong>quo</strong></span> <span class='ocrx_word' id='word_1_43' title='bbox 1609 782 1728 836; x_wconf 90' lang='lat' dir='ltr'><strong>loco</strong></span> <span class='ocrx_word' id='word_1_44' title='bbox 1785 791 1911 835; x_wconf 90' lang='lat' dir='ltr'><strong>tunc</strong></span> <span class='ocrx_word' id='word_1_45' title='bbox 1965 779 2179 834; x_wconf 72' lang='lat' dir='ltr'><strong>Hacine-</strong></span> 
     </span>
    </p>
   </div>
   <div class='ocr_carea' id='block_1_8' title="bbox 633 864 2176 935">
    <p class='ocr_par' dir='ltr' id='par_1_8' title="bbox 633 864 2176 935">
     <span class='ocr_line' id='line_1_8' title="bbox 633 864 2176 935; baseline -0.003 -8"><span class='ocrx_word' id='word_1_46' title='bbox 633 872 793 929; x_wconf 80' lang='lat' dir='ltr'><strong>tnetis</strong></span> <span class='ocrx_word' id='word_1_47' title='bbox 836 873 1158 928; x_wconf 91' lang='lat' dir='ltr'><strong>Tatarorum</strong></span> <span class='ocrx_word' id='word_1_48' title='bbox 1196 872 1397 927; x_wconf 90' lang='lat' dir='ltr'><strong>Chanis</strong></span> <span class='ocrx_word' id='word_1_49' title='bbox 1426 864 1586 931; x_wconf 79' lang='lat' dir='ltr'><strong>tiliam</strong></span> <span class='ocrx_word' id='word_1_50' title='bbox 1620 888 1726 927; x_wconf 90' lang='lat' dir='ltr'><strong>non</strong></span> <span class='ocrx_word' id='word_1_51' title='bbox 1753 872 1905 927; x_wconf 87' lang='lat' dir='ltr'><strong>duxit</strong></span> <span class='ocrx_word' id='word_1_52' title='bbox 1931 886 2176 935; x_wconf 89' lang='lat' dir='ltr'><strong>uxorem,</strong></span> 
     </span>
    </p>
   </div>
   <div class='ocr_carea' id='block_1_9' title="bbox 633 948 2176 1039">
    <p class='ocr_par' dir='ltr' id='par_1_9' title="bbox 633 948 2176 1039">
     <span class='ocr_line' id='line_1_9' title="bbox 633 948 2176 1039; baseline -0.001 -25"><span class='ocrx_word' id='word_1_53' title='bbox 633 963 711 1015; x_wconf 89' lang='lat' dir='ltr'><strong>uti</strong></span> <span class='ocrx_word' id='word_1_54' title='bbox 732 960 1016 1016; x_wconf 84' lang='lat' dir='ltr'><strong>Geufraeus</strong></span> <span class='ocrx_word' id='word_1_55' title='bbox 1039 961 1279 1030; x_wconf 87' lang='lat' dir='ltr'><strong>scripsit,</strong></span> <span class='ocrx_word' id='word_1_56' title='bbox 1302 948 1512 1031; x_wconf 18' lang='lat' dir='ltr'><strong>cumlex</strong></span> <span class='ocrx_word' id='word_1_57' title='bbox 1540 977 1602 1039; x_wconf 85' lang='lat' dir='ltr'><strong>ea</strong></span> <span class='ocrx_word' id='word_1_58' title='bbox 1624 960 2176 1039; x_wconf 0' lang='lat' dir='ltr'><strong>ﬁliuquoleimanem</strong></span> 
     </span>
    </p>
   </div>
   <div class='ocr_carea' id='block_1_10' title="bbox 637 1038 2181 1122">
    <p class='ocr_par' dir='ltr' id='par_1_10' title="bbox 637 1038 2181 1122">
     <span class='ocr_line' id='line_1_10' title="bbox 637 1038 2181 1122; baseline 0.001 -17"><span class='ocrx_word' id='word_1_59' title='bbox 637 1056 740 1105; x_wconf 87' lang='lat' dir='ltr'><strong>hoc</strong></span> <span class='ocrx_word' id='word_1_60' title='bbox 787 1051 907 1121; x_wconf 87' lang='lat' dir='ltr'><strong>ipso</strong></span> <span class='ocrx_word' id='word_1_61' title='bbox 961 1040 1201 1120; x_wconf 82' lang='lat' dir='ltr'><strong>tempere</strong></span> <span class='ocrx_word' id='word_1_62' title='bbox 1242 1038 1617 1113; x_wconf 78' lang='lat' dir='ltr'><strong>novemdecim</strong></span> <span class='ocrx_word' id='word_1_63' title='bbox 1649 1055 1770 1122; x_wconf 89' lang='lat' dir='ltr'><strong>plus</strong></span> <span class='ocrx_word' id='word_1_64' title='bbox 1796 1038 1981 1107; x_wconf 84' lang='lat' dir='ltr'><strong>minus</strong></span> <span class='ocrx_word' id='word_1_65' title='bbox 2010 1066 2181 1111; x_wconf 84' lang='lat' dir='ltr'><strong>annos</strong></span> 
     </span>
    </p>
   </div>
   <div class='ocr_carea' id='block_1_11' title="bbox 637 1140 2181 1211">
    <p class='ocr_par' dir='ltr' id='par_1_11' title="bbox 637 1140 2181 1211">
     <span class='ocr_line' id='line_1_11' title="bbox 637 1140 2181 1211; baseline 0.002 -18"><span class='ocrx_word' id='word_1_66' title='bbox 637 1150 843 1204; x_wconf 90' lang='lat' dir='ltr'><strong>natum,</strong></span> <span class='ocrx_word' id='word_1_67' title='bbox 891 1140 1113 1196; x_wconf 75' lang='lat' dir='ltr'><strong>haberet</strong></span> <span class='ocrx_word' id='word_1_68' title='bbox 1147 1159 1162 1206; x_wconf 87' lang='lat'><strong>;</strong></span> <span class='ocrx_word' id='word_1_69' title='bbox 1202 1142 1296 1196; x_wconf 88' lang='lat' dir='ltr'><strong>sed</strong></span> <span class='ocrx_word' id='word_1_70' title='bbox 1355 1143 1644 1196; x_wconf 72' lang='lat' dir='ltr'><strong>auxiliares</strong></span> <span class='ocrx_word' id='word_1_71' title='bbox 1678 1158 1726 1196; x_wconf 8' lang='lat' dir='ltr'><strong>ea</strong></span> <span class='ocrx_word' id='word_1_72' title='bbox 1775 1158 1964 1199; x_wconf 85' lang='lat' dir='ltr'><strong>socero</strong></span> <span class='ocrx_word' id='word_1_73' title='bbox 1997 1142 2181 1211; x_wconf 85' lang='lat' dir='ltr'><strong>copias</strong></span> 
     </span>
    </p>
   </div>
   <div class='ocr_carea' id='block_1_12' title="bbox 639 1230 2181 1301">
    <p class='ocr_par' dir='ltr' id='par_1_12' title="bbox 639 1230 2181 1301">
     <span class='ocr_line' id='line_1_12' title="bbox 639 1230 2181 1301; baseline 0.002 -20"><span class='ocrx_word' id='word_1_74' title='bbox 639 1230 972 1297; x_wconf 74' lang='lat' dir='ltr'><strong>impetravit,</strong></span> <span class='ocrx_word' id='word_1_75' title='bbox 1024 1230 1223 1298; x_wconf 80' lang='lat' dir='ltr'><strong>quibus</strong></span> <span class='ocrx_word' id='word_1_76' title='bbox 1276 1230 1572 1286; x_wconf 74' lang='lat' dir='ltr'><strong>Mecbemct</strong></span> <span class='ocrx_word' id='word_1_77' title='bbox 1626 1232 1794 1286; x_wconf 88' lang='lat' dir='ltr'><strong>Tatar</strong></span> <span class='ocrx_word' id='word_1_78' title='bbox 1826 1231 1996 1295; x_wconf 80' lang='lat' dir='ltr'><strong>Cban,</strong></span> <span class='ocrx_word' id='word_1_79' title='bbox 2028 1242 2181 1301; x_wconf 86' lang='lat' dir='ltr'><strong>pater</strong></span> 
     </span>
    </p>
   </div>
   <div class='ocr_carea' id='block_1_13' title="bbox 637 1314 2180 1393">
    <p class='ocr_par' dir='ltr' id='par_1_13' title="bbox 637 1314 2180 1393">
     <span class='ocr_line' id='line_1_13' title="bbox 637 1314 2180 1393; baseline 0.001 -20"><span class='ocrx_word' id='word_1_80' title='bbox 637 1318 827 1374; x_wconf 80' lang='lat' dir='ltr'><strong>ﬁlium</strong></span> <span class='ocrx_word' id='word_1_81' title='bbox 864 1318 1129 1387; x_wconf 74' lang='lat' dir='ltr'><strong>prtei‘ccit,</strong></span> <span class='ocrx_word' id='word_1_82' title='bbox 1172 1322 1495 1391; x_wconf 87' lang='lat' dir='ltr'><strong>Chanoglim</strong></span> <span class='ocrx_word' id='word_1_83' title='bbox 1527 1323 1595 1377; x_wconf 88' lang='lat' dir='ltr'><strong>ab</strong></span> <span class='ocrx_word' id='word_1_84' title='bbox 1632 1314 1909 1379; x_wconf 85' lang='lat' dir='ltr'><strong>historicis</strong></span> <span class='ocrx_word' id='word_1_85' title='bbox 1948 1322 2180 1393; x_wconf 87' lang='lat' dir='ltr'><strong>appella-</strong></span> 
     </span>
    </p>
   </div>
   <div class='ocr_carea' id='block_1_14' title="bbox 639 1402 2177 1482">
    <p class='ocr_par' dir='ltr' id='par_1_14' title="bbox 639 1402 2177 1482">
     <span class='ocr_line' id='line_1_14' title="bbox 639 1402 2177 1482; baseline 0.003 -19"><span class='ocrx_word' id='word_1_86' title='bbox 639 1412 776 1472; x_wconf 86' lang='lat' dir='ltr'><strong>tum,</strong></span> <span class='ocrx_word' id='word_1_87' title='bbox 824 1410 928 1463; x_wconf 88' lang='lat' dir='ltr'><strong>hoc</strong></span> <span class='ocrx_word' id='word_1_88' title='bbox 979 1419 1059 1465; x_wconf 90' lang='lat' dir='ltr'><strong>est</strong></span> <span class='ocrx_word' id='word_1_89' title='bbox 1100 1411 1302 1466; x_wconf 88' lang='lat' dir='ltr'><strong>Chanis</strong></span> <span class='ocrx_word' id='word_1_90' title='bbox 1346 1414 1465 1469; x_wconf 83' lang='lat' dir='ltr'><strong>sive</strong></span> <span class='ocrx_word' id='word_1_91' title='bbox 1494 1415 1640 1482; x_wconf 81' lang='lat' dir='ltr'><strong>regis</strong></span> <span class='ocrx_word' id='word_1_92' title='bbox 1663 1414 1849 1469; x_wconf 89' lang='lat' dir='ltr'><strong>Tatari</strong></span> <span class='ocrx_word' id='word_1_93' title='bbox 1877 1402 2072 1468; x_wconf 79' lang='lat' dir='ltr'><strong>lilium.</strong></span> <span class='ocrx_word' id='word_1_94' title='bbox 2112 1414 2177 1470; x_wconf 79' lang='lat' dir='ltr'><strong>iii</strong></span> 
     </span>
    </p>
   </div>
   <div class='ocr_carea' id='block_1_15' title="bbox 642 1500 2182 1574">
    <p class='ocr_par' dir='ltr' id='par_1_15' title="bbox 642 1500 2182 1574">
     <span class='ocr_line' id='line_1_15' title="bbox 642 1500 2182 1574; baseline 0.004 -23"><span class='ocrx_word' id='word_1_95' title='bbox 642 1515 770 1553; x_wconf 71' lang='grc' dir='ltr'><strong>ιτα-το</strong></span> <span class='ocrx_word' id='word_1_96' title='bbox 800 1500 982 1555; x_wconf 79' lang='lat' dir='ltr'><strong>Tutnt‘i</strong></span> <span class='ocrx_word' id='word_1_97' title='bbox 1016 1505 1273 1571; x_wconf 83' lang='lat' dir='ltr'><strong>peculiari</strong></span> <span class='ocrx_word' id='word_1_98' title='bbox 1331 1505 1692 1574; x_wconf 80' lang='lat' dir='ltr'><strong>appellatione</strong></span> <span class='ocrx_word' id='word_1_99' title='bbox 1739 1504 1983 1574; x_wconf 80' lang='lat' dir='ltr'><strong>Procopii</strong></span> <span class='ocrx_word' id='word_1_100' title='bbox 2010 1506 2182 1559; x_wconf 87' lang='lat' dir='ltr'><strong>nomi-</strong></span> 
     </span>
    </p>
   </div>
   <div class='ocr_carea' id='block_1_16' title="bbox 643 1593 2182 1666">
    <p class='ocr_par' dir='ltr' id='par_1_16' title="bbox 643 1593 2182 1666">
     <span class='ocr_line' id='line_1_16' title="bbox 643 1593 2182 1666; baseline 0.004 -21"><span class='ocrx_word' id='word_1_101' title='bbox 643 1601 863 1655; x_wconf 84' lang='lat' dir='ltr'><strong>nantur,</strong></span> <span class='ocrx_word' id='word_1_102' title='bbox 890 1609 916 1645; x_wconf 92' lang='lat' dir='ltr'><strong>a</strong></span> <span class='ocrx_word' id='word_1_103' title='bbox 942 1609 1073 1647; x_wconf 84' lang='lat' dir='ltr'><strong>voce</strong></span> <span class='ocrx_word' id='word_1_104' title='bbox 1102 1593 1331 1663; x_wconf 89' lang='lat' dir='ltr'><strong>Precop,</strong></span> <span class='ocrx_word' id='word_1_105' title='bbox 1359 1596 1697 1664; x_wconf 80' lang='lat' dir='ltr'><strong>significante</strong></span> <span class='ocrx_word' id='word_1_106' title='bbox 1730 1597 2182 1666; x_wconf 75' lang='lat' dir='ltr'><strong>fossam.Quippe</strong></span> 
     </span>
    </p>
   </div>
   <div class='ocr_carea' id='block_1_17' title="bbox 645 1684 2180 1747">
    <p class='ocr_par' dir='ltr' id='par_1_17' title="bbox 645 1684 2180 1747">
     <span class='ocr_line' id='line_1_17' title="bbox 645 1684 2180 1747; baseline 0.003 -12"><span class='ocrx_word' id='word_1_107' title='bbox 645 1684 825 1736; x_wconf 90' lang='lat' dir='ltr'><strong>dnctis</strong></span> <span class='ocrx_word' id='word_1_108' title='bbox 873 1684 923 1735; x_wconf 93' lang='lat' dir='ltr'><strong>in</strong></span> <span class='ocrx_word' id='word_1_109' title='bbox 985 1684 1186 1737; x_wconf 82' lang='lat' dir='ltr'><strong>isthmo</strong></span> <span class='ocrx_word' id='word_1_110' title='bbox 1218 1700 1243 1733; x_wconf 88' lang='lat' dir='ltr'><strong>a</strong></span> <span class='ocrx_word' id='word_1_111' title='bbox 1282 1684 1414 1736; x_wconf 88' lang='lat' dir='ltr'><strong>mari</strong></span> <span class='ocrx_word' id='word_1_112' title='bbox 1451 1685 1515 1737; x_wconf 85' lang='lat' dir='ltr'><strong>ad</strong></span> <span class='ocrx_word' id='word_1_113' title='bbox 1544 1700 1691 1739; x_wconf 88' lang='lat' dir='ltr'><strong>mare</strong></span> <span class='ocrx_word' id='word_1_114' title='bbox 1729 1686 1914 1747; x_wconf 90' lang='lat' dir='ltr'><strong>fossis,</strong></span> <span class='ocrx_word' id='word_1_115' title='bbox 1944 1701 1971 1738; x_wconf 91' lang='lat' dir='ltr'><strong>a</strong></span> <span class='ocrx_word' id='word_1_116' title='bbox 2010 1688 2180 1741; x_wconf 88' lang='lat' dir='ltr'><strong>conti-</strong></span> 
     </span>
    </p>
   </div>
   <div class='ocr_carea' id='block_1_18' title="bbox 646 1770 2177 1829">
    <p class='ocr_par' dir='ltr' id='par_1_18' title="bbox 646 1770 2177 1829">
     <span class='ocr_line' id='line_1_18' title="bbox 646 1770 2177 1829; baseline 0.002 -4"><span class='ocrx_word' id='word_1_117' title='bbox 646 1773 793 1825; x_wconf 88' lang='lat' dir='ltr'><strong>nenti</strong></span> <span class='ocrx_word' id='word_1_118' title='bbox 827 1770 1114 1824; x_wconf 78' lang='lat' dir='ltr'><strong>Tauricam</strong></span> <span class='ocrx_word' id='word_1_119' title='bbox 1138 1771 1537 1827; x_wconf 85' lang='lat' dir='ltr'><strong>Chersonesum</strong></span> <span class='ocrx_word' id='word_1_120' title='bbox 1574 1775 1716 1828; x_wconf 85' lang='lat' dir='ltr'><strong>velut</strong></span> <span class='ocrx_word' id='word_1_121' title='bbox 1743 1774 2060 1829; x_wconf 80' lang='lat' dir='ltr'><strong>abscindere</strong></span> <span class='ocrx_word' id='word_1_122' title='bbox 2084 1788 2177 1828; x_wconf 90' lang='lat' dir='ltr'><strong>co-</strong></span> 
     </span>
    </p>
   </div>
   <div class='ocr_carea' id='block_1_19' title="bbox 646 1849 2265 1932">
    <p class='ocr_par' dir='ltr' id='par_1_19' title="bbox 646 1849 2265 1932">
     <span class='ocr_line' id='line_1_19' title="bbox 646 1849 2265 1932; baseline 0 -17"><span class='ocrx_word' id='word_1_123' title='bbox 646 1863 757 1925; x_wconf 79' lang='lat' dir='ltr'><strong>nati</strong></span> <span class='ocrx_word' id='word_1_124' title='bbox 782 1870 929 1915; x_wconf 90' lang='lat' dir='ltr'><strong>sunt.</strong></span> <span class='ocrx_word' id='word_1_125' title='bbox 962 1859 1071 1926; x_wconf 79' lang='lat' dir='ltr'><strong>Qui</strong></span> <span class='ocrx_word' id='word_1_126' title='bbox 1103 1870 1247 1915; x_wconf 87' lang='lat' dir='ltr'><strong>nunc</strong></span> <span class='ocrx_word' id='word_1_127' title='bbox 1276 1862 1802 1931; x_wconf 87' lang='lat' dir='ltr'><strong>Prec0piisimperat</strong></span> <span class='ocrx_word' id='word_1_128' title='bbox 1822 1864 1995 1927; x_wconf 87' lang='lat' dir='ltr'><strong>Chan,</strong></span> <span class='ocrx_word' id='word_1_129' title='bbox 2021 1878 2191 1932; x_wconf 88' lang='lat' dir='ltr'><strong>nuper</strong></span> <span class='ocrx_word' id='word_1_130' title='bbox 2227 1849 2265 1900; x_wconf 73' lang='grc' dir='ltr'><strong>Β</strong></span> 
     </span>
    </p>
   </div>
   <div class='ocr_carea' id='block_1_20' title="bbox 650 1952 2193 2022">
    <p class='ocr_par' dir='ltr' id='par_1_20' title="bbox 650 1952 2193 2022">
     <span class='ocr_line' id='line_1_20' title="bbox 650 1952 2193 2022; baseline 0.002 -18"><span class='ocrx_word' id='word_1_131' title='bbox 650 1952 717 2005; x_wconf 89' lang='lat' dir='ltr'><strong>ad</strong></span> <span class='ocrx_word' id='word_1_132' title='bbox 755 1952 983 2018; x_wconf 80' lang='lat' dir='ltr'><strong>Comitia</strong></span> <span class='ocrx_word' id='word_1_133' title='bbox 1030 1952 1412 2006; x_wconf 84' lang='lat' dir='ltr'><strong>Poionicorum</strong></span> <span class='ocrx_word' id='word_1_134' title='bbox 1465 1953 1743 2016; x_wconf 84' lang='lat' dir='ltr'><strong>ordinum.</strong></span> <span class='ocrx_word' id='word_1_135' title='bbox 1804 1952 2040 2008; x_wconf 83' lang='lat' dir='ltr'><strong>creando</strong></span> <span class='ocrx_word' id='word_1_136' title='bbox 2069 1968 2193 2022; x_wconf 88' lang='lat' dir='ltr'><strong>rege</strong></span> 
     </span>
    </p>
   </div>
   <div class='ocr_carea' id='block_1_21' title="bbox 649 2041 2183 2112">
    <p class='ocr_par' dir='ltr' id='par_1_21' title="bbox 649 2041 2183 2112">
     <span class='ocr_line' id='line_1_21' title="bbox 649 2041 2183 2112; baseline 0.006 -23"><span class='ocrx_word' id='word_1_137' title='bbox 649 2049 769 2110; x_wconf 70' lang='lat' dir='ltr'><strong>post</strong></span> <span class='ocrx_word' id='word_1_138' title='bbox 807 2042 1011 2094; x_wconf 86' lang='lat' dir='ltr'><strong>obitum</strong></span> <span class='ocrx_word' id='word_1_139' title='bbox 1043 2041 1299 2111; x_wconf 77' lang='lat' dir='ltr'><strong>Stephani</strong></span> <span class='ocrx_word' id='word_1_140' title='bbox 1353 2043 1494 2112; x_wconf 88' lang='lat' dir='ltr'><strong>regis</strong></span> <span class='ocrx_word' id='word_1_141' title='bbox 1557 2044 1759 2099; x_wconf 89' lang='lat' dir='ltr'><strong>indicta</strong></span> <span class='ocrx_word' id='word_1_142' title='bbox 1785 2083 1802 2111; x_wconf 94' lang='lat'><strong>,</strong></span> <span class='ocrx_word' id='word_1_143' title='bbox 1830 2058 1957 2098; x_wconf 86' lang='lat' dir='ltr'><strong>suos</strong></span> <span class='ocrx_word' id='word_1_144' title='bbox 1987 2054 2039 2098; x_wconf 89' lang='lat' dir='ltr'><strong>et</strong></span> <span class='ocrx_word' id='word_1_145' title='bbox 2066 2044 2183 2112; x_wconf 82' lang='lat' dir='ltr'><strong>ipse</strong></span> 
     </span>
    </p>
   </div>
   <div class='ocr_carea' id='block_1_22' title="bbox 621 2117 2191 2205">
    <p class='ocr_par' dir='ltr' id='par_1_22' title="bbox 621 2117 2191 2205">
     <span class='ocr_line' id='line_1_22' title="bbox 621 2117 2191 2205; baseline 0 -21"><span class='ocrx_word' id='word_1_146' title='bbox 621 2117 854 2198; x_wconf 57' lang='lat' dir='ltr'><strong>jlegatos</strong></span> <span class='ocrx_word' id='word_1_147' title='bbox 906 2131 1067 2194; x_wconf 81' lang='lat' dir='ltr'><strong>misit,</strong></span> <span class='ocrx_word' id='word_1_148' title='bbox 1108 2133 1210 2205; x_wconf 83' lang='lat' dir='ltr'><strong>qui</strong></span> <span class='ocrx_word' id='word_1_149' title='bbox 1263 2118 1483 2200; x_wconf 86' lang='lat' dir='ltr'><strong>regnum</strong></span> <span class='ocrx_word' id='word_1_150' title='bbox 1516 2147 1616 2187; x_wconf 90' lang='lat' dir='ltr'><strong>suo</strong></span> <span class='ocrx_word' id='word_1_151' title='bbox 1665 2135 1882 2201; x_wconf 87' lang='lat' dir='ltr'><strong>nomine</strong></span> <span class='ocrx_word' id='word_1_152' title='bbox 1910 2133 2191 2186; x_wconf 83' lang='lat' dir='ltr'><strong>ambirent.</strong></span> 
     </span>
    </p>
   </div>
   <div class='ocr_carea' id='block_1_23' title="bbox 656 2220 2193 2291">
    <p class='ocr_par' dir='ltr' id='par_1_23' title="bbox 656 2220 2193 2291">
     <span class='ocr_line' id='line_1_23' title="bbox 656 2220 2193 2291; baseline 0.001 -19"><span class='ocrx_word' id='word_1_153' title='bbox 656 2220 750 2275; x_wconf 88' lang='lat' dir='ltr'><strong>llis</strong></span> <span class='ocrx_word' id='word_1_154' title='bbox 786 2222 837 2274; x_wconf 92' lang='lat' dir='ltr'><strong>in</strong></span> <span class='ocrx_word' id='word_1_155' title='bbox 874 2222 1143 2275; x_wconf 85' lang='lat' dir='ltr'><strong>mandatis</strong></span> <span class='ocrx_word' id='word_1_156' title='bbox 1200 2222 1419 2285; x_wconf 85' lang='lat' dir='ltr'><strong>dederat</strong></span> <span class='ocrx_word' id='word_1_157' title='bbox 1448 2262 1464 2285; x_wconf 87' lang='lat'><strong>,</strong></span> <span class='ocrx_word' id='word_1_158' title='bbox 1512 2224 1743 2291; x_wconf 88' lang='lat' dir='ltr'><strong>primum</strong></span> <span class='ocrx_word' id='word_1_159' title='bbox 1796 2224 1871 2276; x_wconf 92' lang='lat' dir='ltr'><strong>uti</strong></span> <span class='ocrx_word' id='word_1_160' title='bbox 1903 2222 2193 2291; x_wconf 85' lang='lat' dir='ltr'><strong>potentiam</strong></span> 
     </span>
    </p>
   </div>
   <div class='ocr_carea' id='block_1_24' title="bbox 656 2312 2198 2383">
    <p class='ocr_par' dir='ltr' id='par_1_24' title="bbox 656 2312 2198 2383">
     <span class='ocr_line' id='line_1_24' title="bbox 656 2312 2198 2383; baseline -0.001 -17"><span class='ocrx_word' id='word_1_161' title='bbox 656 2328 809 2366; x_wconf 87' lang='lat' dir='ltr'><strong>suam</strong></span> <span class='ocrx_word' id='word_1_162' title='bbox 850 2312 1063 2366; x_wconf 89' lang='lat' dir='ltr'><strong>Polonis</strong></span> <span class='ocrx_word' id='word_1_163' title='bbox 1104 2313 1495 2378; x_wconf 88' lang='lat' dir='ltr'><strong>ostenderent,</strong></span> <span class='ocrx_word' id='word_1_164' title='bbox 1536 2316 1628 2383; x_wconf 92' lang='lat' dir='ltr'><strong>qui</strong></span> <span class='ocrx_word' id='word_1_165' title='bbox 1680 2314 1949 2383; x_wconf 78' lang='lat' dir='ltr'><strong>myriatles</strong></span> <span class='ocrx_word' id='word_1_166' title='bbox 1991 2315 2198 2383; x_wconf 78' lang='lat' dir='ltr'><strong>aliquot</strong></span> 
     </span>
    </p>
   </div>
   <div class='ocr_carea' id='block_1_25' title="bbox 656 2401 2196 2474">
    <p class='ocr_par' dir='ltr' id='par_1_25' title="bbox 656 2401 2196 2474">
     <span class='ocr_line' id='line_1_25' title="bbox 656 2401 2196 2474; baseline 0.001 -21"><span class='ocrx_word' id='word_1_167' title='bbox 656 2402 899 2469; x_wconf 80' lang='lat' dir='ltr'><strong>equitum</strong></span> <span class='ocrx_word' id='word_1_168' title='bbox 949 2401 1061 2455; x_wconf 85' lang='lat' dir='ltr'><strong>Suis</strong></span> <span class='ocrx_word' id='word_1_169' title='bbox 1107 2410 1161 2456; x_wconf 88' lang='lat' dir='ltr'><strong>et</strong></span> <span class='ocrx_word' id='word_1_170' title='bbox 1210 2403 1369 2457; x_wconf 87' lang='lat' dir='ltr'><strong>terris</strong></span> <span class='ocrx_word' id='word_1_171' title='bbox 1416 2413 1604 2474; x_wconf 89' lang='lat' dir='ltr'><strong>posset</strong></span> <span class='ocrx_word' id='word_1_172' title='bbox 1637 2405 1703 2457; x_wconf 91' lang='lat' dir='ltr'><strong>ad</strong></span> <span class='ocrx_word' id='word_1_173' title='bbox 1733 2403 1976 2457; x_wconf 63' lang='lat' dir='ltr'><strong>Polo&#39;nia:</strong></span> <span class='ocrx_word' id='word_1_174' title='bbox 2010 2401 2196 2457; x_wconf 45' lang='lat' dir='ltr'><strong>defert.</strong></span> 
     </span>
    </p>
   </div>
   <div class='ocr_carea' id='block_1_26' title="bbox 661 2484 2192 2564">
    <p class='ocr_par' dir='ltr' id='par_1_26' title="bbox 661 2484 2192 2564">
     <span class='ocr_line' id='line_1_26' title="bbox 661 2484 2192 2564; baseline 0 -20"><span class='ocrx_word' id='word_1_175' title='bbox 661 2493 868 2544; x_wconf 88' lang='lat' dir='ltr'><strong>sionem</strong></span> <span class='ocrx_word' id='word_1_176' title='bbox 933 2491 1183 2546; x_wconf 84' lang='lat' dir='ltr'><strong>educere.</strong></span> <span class='ocrx_word' id='word_1_177' title='bbox 1226 2492 1427 2548; x_wconf 86' lang='lat' dir='ltr'><strong>Deinde</strong></span> <span class='ocrx_word' id='word_1_178' title='bbox 1462 2484 1689 2561; x_wconf 88' lang='lat' dir='ltr'><strong>proponi</strong></span> <span class='ocrx_word' id='word_1_179' title='bbox 1713 2493 1899 2564; x_wconf 84' lang='lat' dir='ltr'><strong>jussit,</strong></span> <span class='ocrx_word' id='word_1_180' title='bbox 1929 2491 2192 2561; x_wconf 88' lang='lat' dir='ltr'><strong>frugalem</strong></span> 
     </span>
    </p>
   </div>
   <div class='ocr_carea' id='block_1_27' title="bbox 662 2581 2199 2654">
    <p class='ocr_par' dir='ltr' id='par_1_27' title="bbox 662 2581 2199 2654">
     <span class='ocr_line' id='line_1_27' title="bbox 662 2581 2199 2654; baseline 0 -20"><span class='ocrx_word' id='word_1_181' title='bbox 662 2581 939 2635; x_wconf 89' lang='lat' dir='ltr'><strong>habituros</strong></span> <span class='ocrx_word' id='word_1_182' title='bbox 972 2596 1176 2648; x_wconf 86' lang='lat' dir='ltr'><strong>regem,</strong></span> <span class='ocrx_word' id='word_1_183' title='bbox 1206 2585 1300 2650; x_wconf 88' lang='lat' dir='ltr'><strong>qui</strong></span> <span class='ocrx_word' id='word_1_184' title='bbox 1334 2585 1532 2651; x_wconf 88' lang='lat' dir='ltr'><strong>spretis</strong></span> <span class='ocrx_word' id='word_1_185' title='bbox 1558 2583 1684 2637; x_wconf 84' lang='lat' dir='ltr'><strong>aliis</strong></span> <span class='ocrx_word' id='word_1_186' title='bbox 1716 2584 2047 2654; x_wconf 76' lang='lat' dir='ltr'><strong>sumptuosis</strong></span> <span class='ocrx_word' id='word_1_187' title='bbox 2069 2597 2199 2651; x_wconf 91' lang='lat' dir='ltr'><strong>epu-</strong></span> 
     </span>
    </p>
   </div>
   <div class='ocr_carea' id='block_1_28' title="bbox 659 2668 2198 2743">
    <p class='ocr_par' dir='ltr' id='par_1_28' title="bbox 659 2668 2198 2743">
     <span class='ocr_line' id='line_1_28' title="bbox 659 2668 2198 2743; baseline 0.001 -18"><span class='ocrx_word' id='word_1_188' title='bbox 659 2674 750 2737; x_wconf 84' lang='lat' dir='ltr'><strong>lis,</strong></span> <span class='ocrx_word' id='word_1_189' title='bbox 786 2672 851 2725; x_wconf 79' lang='lat' dir='ltr'><strong>ad</strong></span> <span class='ocrx_word' id='word_1_190' title='bbox 912 2668 969 2725; x_wconf 68' lang='lat' dir='ltr'><strong>Se</strong></span> <span class='ocrx_word' id='word_1_191' title='bbox 992 2672 1222 2739; x_wconf 77' lang='lat' dir='ltr'><strong>dandam</strong></span> <span class='ocrx_word' id='word_1_192' title='bbox 1256 2673 1451 2727; x_wconf 83' lang='lat' dir='ltr'><strong>famem</strong></span> <span class='ocrx_word' id='word_1_193' title='bbox 1481 2673 1747 2728; x_wconf 80' lang='lat' dir='ltr'><strong>duntaxat</strong></span> <span class='ocrx_word' id='word_1_194' title='bbox 1776 2674 2029 2743; x_wconf 85' lang='lat' dir='ltr'><strong>equinam</strong></span> <span class='ocrx_word' id='word_1_195' title='bbox 2058 2673 2198 2741; x_wconf 65' lang='lat' dir='ltr'><strong>atqui</strong></span> 
     </span>
    </p>
   </div>
   <div class='ocr_carea' id='block_1_29' title="bbox 663 2763 2199 2835">
    <p class='ocr_par' dir='ltr' id='par_1_29' title="bbox 663 2763 2199 2835">
     <span class='ocr_line' id='line_1_29' title="bbox 663 2763 2199 2835; baseline 0.001 -19"><span class='ocrx_word' id='word_1_196' title='bbox 663 2764 901 2830; x_wconf 85' lang='lat' dir='ltr'><strong>bonique</strong></span> <span class='ocrx_word' id='word_1_197' title='bbox 959 2763 1135 2817; x_wconf 88' lang='lat' dir='ltr'><strong>faciat.</strong></span> <span class='ocrx_word' id='word_1_198' title='bbox 1191 2763 1346 2828; x_wconf 85' lang='lat' dir='ltr'><strong>Quod</strong></span> <span class='ocrx_word' id='word_1_199' title='bbox 1388 2764 1621 2831; x_wconf 88' lang='lat' dir='ltr'><strong>denique</strong></span> <span class='ocrx_word' id='word_1_200' title='bbox 1656 2765 1970 2835; x_wconf 79' lang='lat' dir='ltr'><strong>religionem</strong></span> <span class='ocrx_word' id='word_1_201' title='bbox 2006 2765 2199 2819; x_wconf 87' lang='lat' dir='ltr'><strong>attine-</strong></span> 
     </span>
    </p>
   </div>
   <div class='ocr_carea' id='block_1_30' title="bbox 665 2848 2197 2922">
    <p class='ocr_par' dir='ltr' id='par_1_30' title="bbox 665 2848 2197 2922">
     <span class='ocr_line' id='line_1_30' title="bbox 665 2848 2197 2922; baseline 0.005 -20"><span class='ocrx_word' id='word_1_202' title='bbox 665 2858 784 2915; x_wconf 88' lang='lat' dir='ltr'><strong>ret;</strong></span> <span class='ocrx_word' id='word_1_203' title='bbox 817 2848 1065 2905; x_wconf 80' lang='lat' dir='ltr'><strong>Pontifex</strong></span> <span class='ocrx_word' id='word_1_204' title='bbox 1091 2852 1311 2922; x_wconf 74' lang='lat' dir='ltr'><strong>(inquit)</strong></span> <span class='ocrx_word' id='word_1_205' title='bbox 1335 2860 1483 2917; x_wconf 88' lang='lat' dir='ltr'><strong>tuus,</strong></span> <span class='ocrx_word' id='word_1_206' title='bbox 1507 2852 1753 2909; x_wconf 80' lang='lat' dir='ltr'><strong>Pontifex</strong></span> <span class='ocrx_word' id='word_1_207' title='bbox 1780 2869 1961 2920; x_wconf 88' lang='lat' dir='ltr'><strong>meus;</strong></span> <span class='ocrx_word' id='word_1_208' title='bbox 1997 2853 2197 2909; x_wconf 67' lang='lat' dir='ltr'><strong>inutile-&#39;-</strong></span> 
     </span>
    </p>
   </div>
   <div class='ocr_carea' id='block_1_31' title="bbox 666 2942 2199 3016">
    <p class='ocr_par' dir='ltr' id='par_1_31' title="bbox 666 2942 2199 3016">
     <span class='ocr_line' id='line_1_31' title="bbox 666 2942 2199 3016; baseline 0.005 -23"><span class='ocrx_word' id='word_1_209' title='bbox 666 2959 760 2995; x_wconf 83' lang='lat' dir='ltr'><strong>rus</strong></span> <span class='ocrx_word' id='word_1_210' title='bbox 792 2950 940 3004; x_wconf 89' lang='lat' dir='ltr'><strong>tuus,</strong></span> <span class='ocrx_word' id='word_1_211' title='bbox 966 2942 1238 2997; x_wconf 89' lang='lat' dir='ltr'><strong>Lutberus</strong></span> <span class='ocrx_word' id='word_1_212' title='bbox 1271 2959 1422 2998; x_wconf 91' lang='lat' dir='ltr'><strong>meus</strong></span> <span class='ocrx_word' id='word_1_213' title='bbox 1451 2951 1592 2999; x_wconf 89' lang='lat' dir='ltr'><strong>esto.</strong></span> <span class='ocrx_word' id='word_1_214' title='bbox 1618 2944 1748 3011; x_wconf 72' lang='lat' dir='ltr'><strong>Quae</strong></span> <span class='ocrx_word' id='word_1_215' title='bbox 1778 2946 1974 3014; x_wconf 76' lang='lat' dir='ltr'><strong>legatio</strong></span> <span class='ocrx_word' id='word_1_216' title='bbox 2003 2961 2199 3016; x_wconf 88' lang='lat' dir='ltr'><strong>magno</strong></span> 
     </span>
    </p>
   </div>
   <div class='ocr_carea' id='block_1_32' title="bbox 665 3026 2199 3103">
    <p class='ocr_par' dir='ltr' id='par_1_32' title="bbox 665 3026 2199 3103">
     <span class='ocr_line' id='line_1_32' title="bbox 665 3026 2199 3103; baseline 0.003 -16"><span class='ocrx_word' id='word_1_217' title='bbox 665 3048 787 3087; x_wconf 89' lang='lat' dir='ltr'><strong>cum</strong></span> <span class='ocrx_word' id='word_1_218' title='bbox 830 3026 940 3087; x_wconf 84' lang='lat' dir='ltr'><strong>risu</strong></span> <span class='ocrx_word' id='word_1_219' title='bbox 976 3033 1073 3088; x_wconf 89' lang='lat' dir='ltr'><strong>fuit</strong></span> <span class='ocrx_word' id='word_1_220' title='bbox 1098 3026 1487 3103; x_wconf 26' lang='lat' dir='ltr'><strong>excepta.‘Sed</strong></span> <span class='ocrx_word' id='word_1_221' title='bbox 1521 3036 1584 3088; x_wconf 89' lang='lat' dir='ltr'><strong>ad</strong></span> <span class='ocrx_word' id='word_1_222' title='bbox 1625 3034 1876 3090; x_wconf 88' lang='lat' dir='ltr'><strong>Selimem</strong></span> <span class='ocrx_word' id='word_1_223' title='bbox 1919 3044 1975 3091; x_wconf 93' lang='lat' dir='ltr'><strong>ut</strong></span> <span class='ocrx_word' id='word_1_224' title='bbox 2012 3038 2199 3092; x_wconf 86' lang='lat' dir='ltr'><strong>redea-</strong></span> 
     </span>
    </p>
   </div>
   <div class='ocr_carea' id='block_1_33' title="bbox 2285 591 3835 670">
    <p class='ocr_par' dir='ltr' id='par_1_33' title="bbox 2285 591 3835 670">
     <span class='ocr_line' id='line_1_33' title="bbox 2285 591 3835 670; baseline -0.01 -15"><span class='ocrx_word' id='word_1_225' title='bbox 2285 600 2514 655; x_wconf 89' lang='lat' dir='ltr'><strong>vicinam</strong></span> <span class='ocrx_word' id='word_1_226' title='bbox 2566 599 2795 670; x_wconf 87' lang='lat' dir='ltr'><strong>Ungaris</strong></span> <span class='ocrx_word' id='word_1_227' title='bbox 2845 596 3240 651; x_wconf 87' lang='lat' dir='ltr'><strong>Semendriam.</strong></span> <span class='ocrx_word' id='word_1_228' title='bbox 3297 591 3397 648; x_wconf 87' lang='lat' dir='ltr'><strong>Hic</strong></span> <span class='ocrx_word' id='word_1_229' title='bbox 3448 592 3712 655; x_wconf 82' lang='lat' dir='ltr'><strong>Rhodus,</strong></span> <span class='ocrx_word' id='word_1_230' title='bbox 3744 591 3835 644; x_wconf 76' lang='lat' dir='ltr'><strong>hic</strong></span> 
     </span>
    </p>
   </div>
   <div class='ocr_carea' id='block_1_34' title="bbox 2282 682 3835 755">
    <p class='ocr_par' dir='ltr' id='par_1_34' title="bbox 2282 682 3835 755">
     <span class='ocr_line' id='line_1_34' title="bbox 2282 682 3835 755; baseline -0.008 -10"><span class='ocrx_word' id='word_1_231' title='bbox 2282 690 2444 745; x_wconf 83' lang='lat' dir='ltr'><strong>salta.</strong></span> <span class='ocrx_word' id='word_1_232' title='bbox 2492 688 2702 743; x_wconf 80' lang='lat' dir='ltr'><strong>Dictum</strong></span> <span class='ocrx_word' id='word_1_233' title='bbox 2734 702 2861 742; x_wconf 89' lang='lat' dir='ltr'><strong>vero</strong></span> <span class='ocrx_word' id='word_1_234' title='bbox 2896 686 3145 755; x_wconf 84' lang='lat' dir='ltr'><strong>superius</strong></span> <span class='ocrx_word' id='word_1_235' title='bbox 3172 685 3238 740; x_wconf 90' lang='lat' dir='ltr'><strong>de</strong></span> <span class='ocrx_word' id='word_1_236' title='bbox 3269 682 3615 743; x_wconf 88' lang='lat' dir='ltr'><strong>Semendria,</strong></span> <span class='ocrx_word' id='word_1_237' title='bbox 3646 682 3835 746; x_wconf 78' lang='lat' dir='ltr'><strong>capite</strong></span> 
     </span>
    </p>
   </div>
   <div class='ocr_carea' id='block_1_35' title="bbox 2283 766 3831 847">
    <p class='ocr_par' dir='ltr' id='par_1_35' title="bbox 2283 766 3831 847">
     <span class='ocr_line' id='line_1_35' title="bbox 2283 766 3831 847; baseline -0.009 -13"><span class='ocrx_word' id='word_1_238' title='bbox 2283 766 2637 847; x_wconf 82' lang='lat' dir='ltr'><strong>nonagesimo</strong></span> <span class='ocrx_word' id='word_1_239' title='bbox 2656 792 2821 832; x_wconf 90' lang='lat' dir='ltr'><strong>nono.</strong></span> <span class='ocrx_word' id='word_1_240' title='bbox 2846 774 3091 830; x_wconf 89' lang='lat' dir='ltr'><strong>Perrexit</strong></span> <span class='ocrx_word' id='word_1_241' title='bbox 3122 774 3244 828; x_wconf 91' lang='lat' dir='ltr'><strong>inde</strong></span> <span class='ocrx_word' id='word_1_242' title='bbox 3274 771 3539 843; x_wconf 78' lang='lat' dir='ltr'><strong>Zagoram</strong></span> <span class='ocrx_word' id='word_1_243' title='bbox 3568 768 3831 830; x_wconf 83' lang='lat' dir='ltr'><strong>Selimes,</strong></span> 
     </span>
    </p>
   </div>
   <div class='ocr_carea' id='block_1_36' title="bbox 2283 863 3833 940">
    <p class='ocr_par' dir='ltr' id='par_1_36' title="bbox 2283 863 3833 940">
     <span class='ocr_line' id='line_1_36' title="bbox 2283 863 3833 940; baseline -0.007 -15"><span class='ocrx_word' id='word_1_244' title='bbox 2283 886 2443 939; x_wconf 83' lang='lat' dir='ltr'><strong>quam</strong></span> <span class='ocrx_word' id='word_1_245' title='bbox 2499 871 2680 940; x_wconf 88' lang='lat' dir='ltr'><strong>capite</strong></span> <span class='ocrx_word' id='word_1_246' title='bbox 2728 870 3002 924; x_wconf 87' lang='lat' dir='ltr'><strong>tricesimo</strong></span> <span class='ocrx_word' id='word_1_247' title='bbox 3031 869 3189 922; x_wconf 90' lang='lat' dir='ltr'><strong>tertio</strong></span> <span class='ocrx_word' id='word_1_248' title='bbox 3217 867 3452 920; x_wconf 84' lang='lat' dir='ltr'><strong>diximus</strong></span> <span class='ocrx_word' id='word_1_249' title='bbox 3484 863 3833 932; x_wconf 85' lang='lat' dir='ltr'><strong>sexagesimo</strong></span> 
     </span>
    </p>
   </div>
   <div class='ocr_carea' id='block_1_37' title="bbox 2284 953 3834 1030">
    <p class='ocr_par' dir='ltr' id='par_1_37' title="bbox 2284 953 3834 1030">
     <span class='ocr_line' id='line_1_37' title="bbox 2284 953 3834 1030; baseline -0.01 -13"><span class='ocrx_word' id='word_1_250' title='bbox 2284 964 2350 1017; x_wconf 86' lang='lat' dir='ltr'><strong>ab</strong></span> <span class='ocrx_word' id='word_1_251' title='bbox 2404 960 2793 1030; x_wconf 81' lang='lat' dir='ltr'><strong>Hadrianopoli</strong></span> <span class='ocrx_word' id='word_1_252' title='bbox 2824 960 3027 1013; x_wconf 88' lang='lat' dir='ltr'><strong>distare</strong></span> <span class='ocrx_word' id='word_1_253' title='bbox 3052 956 3307 1012; x_wconf 88' lang='lat' dir='ltr'><strong>milliario</strong></span> <span class='ocrx_word' id='word_1_254' title='bbox 3337 954 3543 1010; x_wconf 67' lang='lat' dir='ltr'><strong>Greco.</strong></span> <span class='ocrx_word' id='word_1_255' title='bbox 3571 953 3667 1008; x_wconf 81' lang='lat' dir='ltr'><strong>Hic</strong></span> <span class='ocrx_word' id='word_1_256' title='bbox 3702 967 3834 1006; x_wconf 88' lang='lat' dir='ltr'><strong>eum</strong></span> 
     </span>
    </p>
   </div>
   <div class='ocr_carea' id='block_1_38' title="bbox 2286 1045 3838 1124">
    <p class='ocr_par' dir='ltr' id='par_1_38' title="bbox 2286 1045 3838 1124">
     <span class='ocr_line' id='line_1_38' title="bbox 2286 1045 3838 1124; baseline -0.01 -14"><span class='ocrx_word' id='word_1_257' title='bbox 2286 1054 2641 1124; x_wconf 82' lang='lat' dir='ltr'><strong>Malcozoglis</strong></span> <span class='ocrx_word' id='word_1_258' title='bbox 2663 1093 2678 1117; x_wconf 88' lang='lat'><strong>,</strong></span> <span class='ocrx_word' id='word_1_259' title='bbox 2712 1060 2771 1107; x_wconf 90' lang='lat' dir='ltr'><strong>et</strong></span> <span class='ocrx_word' id='word_1_260' title='bbox 2812 1053 2898 1107; x_wconf 87' lang='lat' dir='ltr'><strong>alii</strong></span> <span class='ocrx_word' id='word_1_261' title='bbox 2927 1052 3144 1121; x_wconf 89' lang='lat' dir='ltr'><strong>quidam</strong></span> <span class='ocrx_word' id='word_1_262' title='bbox 3175 1048 3445 1115; x_wconf 69' lang='lat' dir='ltr'><strong>adierunt,</strong></span> <span class='ocrx_word' id='word_1_263' title='bbox 3474 1045 3695 1101; x_wconf 85' lang='lat' dir='ltr'><strong>excitati</strong></span> <span class='ocrx_word' id='word_1_264' title='bbox 3742 1059 3838 1095; x_wconf 87' lang='lat' dir='ltr'><strong>ru-</strong></span> 
     </span>
    </p>
   </div>
   <div class='ocr_carea' id='block_1_39' title="bbox 2288 1135 3834 1219">
    <p class='ocr_par' dir='ltr' id='par_1_39' title="bbox 2288 1135 3834 1219">
     <span class='ocr_line' id='line_1_39' title="bbox 2288 1135 3834 1219; baseline -0.01 -17"><span class='ocrx_word' id='word_1_265' title='bbox 2288 1164 2438 1202; x_wconf 89' lang='lat' dir='ltr'><strong>more</strong></span> <span class='ocrx_word' id='word_1_266' title='bbox 2468 1163 2563 1219; x_wconf 89' lang='lat' dir='ltr'><strong>per</strong></span> <span class='ocrx_word' id='word_1_267' title='bbox 2592 1145 2771 1216; x_wconf 72' lang='lat' dir='ltr'><strong>ipsum</strong></span> <span class='ocrx_word' id='word_1_268' title='bbox 2798 1159 2988 1216; x_wconf 85' lang='lat' dir='ltr'><strong>sparso</strong></span> <span class='ocrx_word' id='word_1_269' title='bbox 3009 1184 3024 1208; x_wconf 96' lang='lat'><strong>,</strong></span> <span class='ocrx_word' id='word_1_270' title='bbox 3058 1144 3124 1198; x_wconf 87' lang='lat' dir='ltr'><strong>de</strong></span> <span class='ocrx_word' id='word_1_271' title='bbox 3156 1142 3295 1198; x_wconf 88' lang='lat' dir='ltr'><strong>bello</strong></span> <span class='ocrx_word' id='word_1_272' title='bbox 3322 1139 3644 1197; x_wconf 81' lang='lat' dir='ltr'><strong>Christianis</strong></span> <span class='ocrx_word' id='word_1_273' title='bbox 3680 1135 3834 1189; x_wconf 82' lang='lat' dir='ltr'><strong>infc-</strong></span> 
     </span>
    </p>
   </div>
   <div class='ocr_carea' id='block_1_40' title="bbox 2285 1226 3833 1307">
    <p class='ocr_par' dir='ltr' id='par_1_40' title="bbox 2285 1226 3833 1307">
     <span class='ocr_line' id='line_1_40' title="bbox 2285 1226 3833 1307; baseline -0.012 -12"><span class='ocrx_word' id='word_1_274' title='bbox 2285 1240 2478 1298; x_wconf 90' lang='lat' dir='ltr'><strong>rendo.</strong></span> <span class='ocrx_word' id='word_1_275' title='bbox 2503 1251 2766 1307; x_wconf 82' lang='lat' dir='ltr'><strong>suamque</strong></span> <span class='ocrx_word' id='word_1_276' title='bbox 2783 1235 2970 1290; x_wconf 89' lang='lat' dir='ltr'><strong>Selimi</strong></span> <span class='ocrx_word' id='word_1_277' title='bbox 2991 1247 3209 1303; x_wconf 83' lang='lat' dir='ltr'><strong>operam</strong></span> <span class='ocrx_word' id='word_1_278' title='bbox 3242 1231 3575 1286; x_wconf 86' lang='lat' dir='ltr'><strong>obtulerunt.</strong></span> <span class='ocrx_word' id='word_1_279' title='bbox 3608 1226 3659 1282; x_wconf 87' lang='lat' dir='ltr'><strong>is</strong></span> <span class='ocrx_word' id='word_1_280' title='bbox 3691 1241 3833 1281; x_wconf 81' lang='lat' dir='ltr'><strong>vero</strong></span> 
     </span>
    </p>
   </div>
   <div class='ocr_carea' id='block_1_41' title="bbox 2288 1315 3838 1397">
    <p class='ocr_par' dir='ltr' id='par_1_41' title="bbox 2288 1315 3838 1397">
     <span class='ocr_line' id='line_1_41' title="bbox 2288 1315 3838 1397; baseline -0.01 -14"><span class='ocrx_word' id='word_1_281' title='bbox 2288 1334 2524 1397; x_wconf 72' lang='lat' dir='ltr'><strong>secretas</strong></span> <span class='ocrx_word' id='word_1_282' title='bbox 2582 1333 2642 1379; x_wconf 93' lang='lat' dir='ltr'><strong>ut</strong></span> <span class='ocrx_word' id='word_1_283' title='bbox 2688 1323 2855 1377; x_wconf 82' lang='lat' dir='ltr'><strong>anit‘ni</strong></span> <span class='ocrx_word' id='word_1_284' title='bbox 2914 1323 2996 1375; x_wconf 90' lang='lat' dir='ltr'><strong>sui</strong></span> <span class='ocrx_word' id='word_1_285' title='bbox 3051 1321 3411 1390; x_wconf 78' lang='lat' dir='ltr'><strong>cogitationes</strong></span> <span class='ocrx_word' id='word_1_286' title='bbox 3464 1316 3719 1373; x_wconf 90' lang='lat' dir='ltr'><strong>nonnihil</strong></span> <span class='ocrx_word' id='word_1_287' title='bbox 3753 1315 3838 1367; x_wconf 81' lang='lat' dir='ltr'><strong>eis</strong></span> 
     </span>
    </p>
   </div>
   <div class='ocr_carea' id='block_1_42' title="bbox 2288 1407 3835 1486">
    <p class='ocr_par' dir='ltr' id='par_1_42' title="bbox 2288 1407 3835 1486">
     <span class='ocr_line' id='line_1_42' title="bbox 2288 1407 3835 1486; baseline -0.008 -14"><span class='ocrx_word' id='word_1_288' title='bbox 2288 1418 2543 1486; x_wconf 87' lang='lat' dir='ltr'><strong>aperiret,</strong></span> <span class='ocrx_word' id='word_1_289' title='bbox 2576 1412 2729 1484; x_wconf 87' lang='lat' dir='ltr'><strong>grata</strong></span> <span class='ocrx_word' id='word_1_290' title='bbox 2754 1414 2854 1469; x_wconf 82' lang='lat' dir='ltr'><strong>sibi</strong></span> <span class='ocrx_word' id='word_1_291' title='bbox 2880 1411 3160 1482; x_wconf 75' lang='lat' dir='ltr'><strong>respondit</strong></span> <span class='ocrx_word' id='word_1_292' title='bbox 3190 1411 3432 1479; x_wconf 87' lang='lat' dir='ltr'><strong>ipsorum</strong></span> <span class='ocrx_word' id='word_1_293' title='bbox 3458 1422 3581 1463; x_wconf 85' lang='lat' dir='ltr'><strong>esse</strong></span> <span class='ocrx_word' id='word_1_294' title='bbox 3623 1407 3835 1461; x_wconf 82' lang='lat' dir='ltr'><strong>studia.</strong></span> 
     </span>
    </p>
   </div>
   <div class='ocr_carea' id='block_1_43' title="bbox 2289 1496 3837 1577">
    <p class='ocr_par' dir='ltr' id='par_1_43' title="bbox 2289 1496 3837 1577">
     <span class='ocr_line' id='line_1_43' title="bbox 2289 1496 3837 1577; baseline -0.008 -16"><span class='ocrx_word' id='word_1_295' title='bbox 2289 1508 2569 1577; x_wconf 85' lang='lat' dir='ltr'><strong>Siquidem</strong></span> <span class='ocrx_word' id='word_1_296' title='bbox 2595 1507 2663 1561; x_wconf 87' lang='lat' dir='ltr'><strong>ad</strong></span> <span class='ocrx_word' id='word_1_297' title='bbox 2690 1504 2975 1573; x_wconf 87' lang='lat' dir='ltr'><strong>imperium</strong></span> <span class='ocrx_word' id='word_1_298' title='bbox 3004 1501 3359 1572; x_wconf 75' lang='lat' dir='ltr'><strong>pervenisset,</strong></span> <span class='ocrx_word' id='word_1_299' title='bbox 3383 1515 3491 1554; x_wconf 91' lang='lat' dir='ltr'><strong>non</strong></span> <span class='ocrx_word' id='word_1_300' title='bbox 3518 1499 3677 1553; x_wconf 88' lang='lat' dir='ltr'><strong>modo</strong></span> <span class='ocrx_word' id='word_1_301' title='bbox 3696 1496 3837 1550; x_wconf 77' lang='lat' dir='ltr'><strong>ﬁnes</strong></span> 
     </span>
    </p>
   </div>
   <div class='ocr_carea' id='block_1_44' title="bbox 2286 1587 3836 1664">
    <p class='ocr_par' dir='ltr' id='par_1_44' title="bbox 2286 1587 3836 1664">
     <span class='ocr_line' id='line_1_44' title="bbox 2286 1587 3836 1664; baseline -0.009 -13"><span class='ocrx_word' id='word_1_302' title='bbox 2286 1595 2555 1651; x_wconf 84' lang='lat' dir='ltr'><strong>Osmanici</strong></span> <span class='ocrx_word' id='word_1_303' title='bbox 2590 1593 2736 1664; x_wconf 88' lang='lat' dir='ltr'><strong>regni</strong></span> <span class='ocrx_word' id='word_1_304' title='bbox 2792 1592 3217 1662; x_wconf 60' lang='lat' dir='ltr'><strong>prolataturum‘,</strong></span> <span class='ocrx_word' id='word_1_305' title='bbox 3256 1604 3439 1643; x_wconf 88' lang='lat' dir='ltr'><strong>verum</strong></span> <span class='ocrx_word' id='word_1_306' title='bbox 3485 1587 3631 1657; x_wconf 84' lang='lat' dir='ltr'><strong>ipsos</strong></span> <span class='ocrx_word' id='word_1_307' title='bbox 3672 1587 3836 1639; x_wconf 74' lang='lat' dir='ltr'><strong>etiam</strong></span> 
     </span>
    </p>
   </div>
   <div class='ocr_carea' id='block_1_45' title="bbox 2287 1679 3837 1750">
    <p class='ocr_par' dir='ltr' id='par_1_45' title="bbox 2287 1679 3837 1750">
     <span class='ocr_line' id='line_1_45' title="bbox 2287 1679 3837 1750; baseline -0.008 -6"><span class='ocrx_word' id='word_1_308' title='bbox 2287 1690 2568 1744; x_wconf 85' lang='lat' dir='ltr'><strong>universos</strong></span> <span class='ocrx_word' id='word_1_309' title='bbox 2600 1685 2844 1739; x_wconf 85' lang='lat' dir='ltr'><strong>maximis</strong></span> <span class='ocrx_word' id='word_1_310' title='bbox 2861 1685 3141 1738; x_wconf 77' lang='lat' dir='ltr'><strong>beatorum</strong></span> <span class='ocrx_word' id='word_1_311' title='bbox 3169 1681 3516 1750; x_wconf 85' lang='lat' dir='ltr'><strong>dignitatibus</strong></span> <span class='ocrx_word' id='word_1_312' title='bbox 3545 1689 3598 1731; x_wconf 82' lang='lat' dir='ltr'><strong>et</strong></span> <span class='ocrx_word' id='word_1_313' title='bbox 3620 1679 3837 1746; x_wconf 82' lang='lat' dir='ltr'><strong>opibus.</strong></span> 
     </span>
    </p>
   </div>
   <div class='ocr_carea' id='block_1_46' title="bbox 2292 1760 3837 1837">
    <p class='ocr_par' dir='ltr' id='par_1_46' title="bbox 2292 1760 3837 1837">
     <span class='ocr_line' id='line_1_46' title="bbox 2292 1760 3837 1837; baseline -0.008 -5"><span class='ocrx_word' id='word_1_314' title='bbox 2292 1780 2405 1833; x_wconf 83' lang='lat' dir='ltr'><strong>iiac</strong></span> <span class='ocrx_word' id='word_1_315' title='bbox 2447 1778 2659 1831; x_wconf 85' lang='lat' dir='ltr'><strong>vafritie</strong></span> <span class='ocrx_word' id='word_1_316' title='bbox 2712 1774 2816 1830; x_wconf 88' lang='lat' dir='ltr'><strong>sibi</strong></span> <span class='ocrx_word' id='word_1_317' title='bbox 2881 1775 3092 1830; x_wconf 82' lang='lat' dir='ltr'><strong>animos</strong></span> <span class='ocrx_word' id='word_1_318' title='bbox 3128 1786 3315 1825; x_wconf 89' lang='lat' dir='ltr'><strong>eorum</strong></span> <span class='ocrx_word' id='word_1_319' title='bbox 3353 1760 3702 1837; x_wconf 85' lang='lat' dir='ltr'><strong>conciliabat,</strong></span> <span class='ocrx_word' id='word_1_320' title='bbox 3745 1768 3837 1835; x_wconf 86' lang='lat' dir='ltr'><strong>qui</strong></span> 
     </span>
    </p>
   </div>
   <div class='ocr_carea' id='block_1_47' title="bbox 2295 1850 3842 1936">
    <p class='ocr_par' dir='ltr' id='par_1_47' title="bbox 2295 1850 3842 1936">
     <span class='ocr_line' id='line_1_47' title="bbox 2295 1850 3842 1936; baseline -0.007 -14"><span class='ocrx_word' id='word_1_321' title='bbox 2295 1867 2588 1936; x_wconf 66' lang='lat' dir='ltr'><strong>caeteroqui</strong></span> <span class='ocrx_word' id='word_1_322' title='bbox 2643 1879 2793 1919; x_wconf 89' lang='lat' dir='ltr'><strong>more</strong></span> <span class='ocrx_word' id='word_1_323' title='bbox 2849 1864 3131 1917; x_wconf 89' lang='lat' dir='ltr'><strong>hominum</strong></span> <span class='ocrx_word' id='word_1_324' title='bbox 3162 1860 3382 1917; x_wconf 84' lang='lat' dir='ltr'><strong>mallent</strong></span> <span class='ocrx_word' id='word_1_325' title='bbox 3412 1850 3681 1914; x_wconf 84' lang='lat' dir='ltr'><strong>orientem</strong></span> <span class='ocrx_word' id='word_1_326' title='bbox 3710 1857 3842 1912; x_wconf 66' lang='lat' dir='ltr'><strong>ideo</strong></span> 
     </span>
    </p>
   </div>
   <div class='ocr_carea' id='block_1_48' title="bbox 2296 1941 3271 2024">
    <p class='ocr_par' dir='ltr' id='par_1_48' title="bbox 2296 1941 3271 2024">
     <span class='ocr_line' id='line_1_48' title="bbox 2296 1941 3271 2024; baseline -0.009 -12"><span class='ocrx_word' id='word_1_327' title='bbox 2296 1973 2417 2013; x_wconf 88' lang='lat' dir='ltr'><strong>rare</strong></span> <span class='ocrx_word' id='word_1_328' title='bbox 2445 1959 2637 2022; x_wconf 91' lang='lat' dir='ltr'><strong>solem,</strong></span> <span class='ocrx_word' id='word_1_329' title='bbox 2670 1970 2829 2024; x_wconf 90' lang='lat' dir='ltr'><strong>quam</strong></span> <span class='ocrx_word' id='word_1_330' title='bbox 2863 1953 3219 2008; x_wconf 88' lang='lat' dir='ltr'><strong>occidentem.</strong></span> <span class='ocrx_word' id='word_1_331' title='bbox 3267 1941 3271 1944; x_wconf 64' lang='grc'><strong>’</strong></span> 
     </span>
    </p>
   </div>
   <div class='ocr_carea' id='block_1_49' title="bbox 2366 2058 3783 2135">
    <p class='ocr_par' dir='ltr' id='par_1_49' title="bbox 2366 2058 3783 2135">
     <span class='ocr_line' id='line_1_49' title="bbox 2366 2058 3783 2135; baseline -0.011 -10"><span class='ocrx_word' id='word_1_332' title='bbox 2366 2069 2490 2125; x_wconf 65' lang='grc'><strong>199.</strong></span> <span class='ocrx_word' id='word_1_333' title='bbox 2510 2067 2618 2124; x_wconf 81' lang='lat' dir='ltr'><strong>Cur</strong></span> <span class='ocrx_word' id='word_1_334' title='bbox 2650 2066 2911 2135; x_wconf 77' lang='lat' dir='ltr'><strong>Bojazites</strong></span> <span class='ocrx_word' id='word_1_335' title='bbox 2934 2060 3439 2128; x_wconf 77' lang='lat' dir='ltr'><strong>Constantinopolim</strong></span> <span class='ocrx_word' id='word_1_336' title='bbox 3468 2058 3783 2128; x_wconf 82' lang='lat' dir='ltr'><strong>properarit.</strong></span> 
     </span>
    </p>
   </div>
   <div class='ocr_carea' id='block_1_50' title="bbox 2363 2149 3840 2224">
    <p class='ocr_par' dir='ltr' id='par_1_50' title="bbox 2363 2149 3840 2224">
     <span class='ocr_line' id='line_1_50' title="bbox 2363 2149 3840 2224; baseline -0.012 -8"><span class='ocrx_word' id='word_1_337' title='bbox 2363 2161 2521 2216; x_wconf 83' lang='lat' dir='ltr'><strong>Putat</strong></span> <span class='ocrx_word' id='word_1_338' title='bbox 2575 2174 2637 2214; x_wconf 90' lang='lat' dir='ltr'><strong>ea</strong></span> <span class='ocrx_word' id='word_1_339' title='bbox 2696 2160 2762 2212; x_wconf 90' lang='lat' dir='ltr'><strong>de</strong></span> <span class='ocrx_word' id='word_1_340' title='bbox 2833 2172 2993 2210; x_wconf 89' lang='lat' dir='ltr'><strong>causa</strong></span> <span class='ocrx_word' id='word_1_341' title='bbox 3063 2154 3445 2224; x_wconf 81' lang='lat' dir='ltr'><strong>Spanduginus</strong></span> <span class='ocrx_word' id='word_1_342' title='bbox 3508 2149 3840 2219; x_wconf 77' lang='lat' dir='ltr'><strong>Bajazitem,</strong></span> 
     </span>
    </p>
   </div>
   <div class='ocr_carea' id='block_1_51' title="bbox 2297 2238 3838 2310">
    <p class='ocr_par' dir='ltr' id='par_1_51' title="bbox 2297 2238 3838 2310">
     <span class='ocr_line' id='line_1_51' title="bbox 2297 2238 3838 2310; baseline -0.009 -6"><span class='ocrx_word' id='word_1_343' title='bbox 2297 2251 2574 2304; x_wconf 81' lang='lat' dir='ltr'><strong>intellecto</strong></span> <span class='ocrx_word' id='word_1_344' title='bbox 2642 2246 2859 2301; x_wconf 84' lang='lat' dir='ltr'><strong>Selimis</strong></span> <span class='ocrx_word' id='word_1_345' title='bbox 2889 2246 3139 2308; x_wconf 83' lang='lat' dir='ltr'><strong>adventu,</strong></span> <span class='ocrx_word' id='word_1_346' title='bbox 3183 2240 3572 2310; x_wconf 84' lang='lat' dir='ltr'><strong>iiadriannpoli</strong></span> <span class='ocrx_word' id='word_1_347' title='bbox 3631 2238 3838 2298; x_wconf 87' lang='lat' dir='ltr'><strong>relicta,</strong></span> 
     </span>
    </p>
   </div>
   <div class='ocr_carea' id='block_1_52' title="bbox 2296 2329 3843 2406">
    <p class='ocr_par' dir='ltr' id='par_1_52' title="bbox 2296 2329 3843 2406">
     <span class='ocr_line' id='line_1_52' title="bbox 2296 2329 3843 2406; baseline -0.012 -9"><span class='ocrx_word' id='word_1_348' title='bbox 2296 2337 2813 2406; x_wconf 87' lang='lat' dir='ltr'><strong>Constantinopolim</strong></span> <span class='ocrx_word' id='word_1_349' title='bbox 2859 2349 3181 2405; x_wconf 86' lang='lat' dir='ltr'><strong>properasse</strong></span> <span class='ocrx_word' id='word_1_350' title='bbox 3213 2376 3227 2401; x_wconf 90' lang='lat'><strong>,</strong></span> <span class='ocrx_word' id='word_1_351' title='bbox 3264 2349 3331 2387; x_wconf 89' lang='lat' dir='ltr'><strong>ne</strong></span> <span class='ocrx_word' id='word_1_352' title='bbox 3392 2332 3530 2387; x_wconf 82' lang='lat' dir='ltr'><strong>ﬁlius</strong></span> <span class='ocrx_word' id='word_1_353' title='bbox 3580 2329 3843 2399; x_wconf 83' lang='lat' dir='ltr'><strong>perceptis</strong></span> 
     </span>
    </p>
   </div>
   <div class='ocr_carea' id='block_1_53' title="bbox 2299 2419 3842 2501">
    <p class='ocr_par' dir='ltr' id='par_1_53' title="bbox 2299 2419 3842 2501">
     <span class='ocr_line' id='line_1_53' title="bbox 2299 2419 3842 2501; baseline -0.01 -16"><span class='ocrx_word' id='word_1_354' title='bbox 2299 2433 2456 2501; x_wconf 81' lang='lat' dir='ltr'><strong>regiis</strong></span> <span class='ocrx_word' id='word_1_355' title='bbox 2489 2429 2781 2494; x_wconf 84' lang='lat' dir='ltr'><strong>thesauris,</strong></span> <span class='ocrx_word' id='word_1_356' title='bbox 2827 2442 2965 2497; x_wconf 85' lang='lat' dir='ltr'><strong>quos</strong></span> <span class='ocrx_word' id='word_1_357' title='bbox 2999 2427 3170 2493; x_wconf 90' lang='lat' dir='ltr'><strong>capite</strong></span> <span class='ocrx_word' id='word_1_358' title='bbox 3222 2424 3325 2479; x_wconf 76' lang='grc'><strong>159</strong></span> <span class='ocrx_word' id='word_1_359' title='bbox 3371 2419 3842 2487; x_wconf 79' lang='lat' dir='ltr'><strong>Constantinopoli</strong></span> 
     </span>
    </p>
   </div>
   <div class='ocr_carea' id='block_1_54' title="bbox 2298 2512 3841 2583">
    <p class='ocr_par' dir='ltr' id='par_1_54' title="bbox 2298 2512 3841 2583">
     <span class='ocr_line' id='line_1_54' title="bbox 2298 2512 3841 2583; baseline -0.01 -4"><span class='ocrx_word' id='word_1_360' title='bbox 2298 2523 2557 2579; x_wconf 83' lang='lat' dir='ltr'><strong>custodiri</strong></span> <span class='ocrx_word' id='word_1_361' title='bbox 2590 2521 2825 2577; x_wconf 85' lang='lat' dir='ltr'><strong>diximus</strong></span> <span class='ocrx_word' id='word_1_362' title='bbox 2859 2520 2913 2574; x_wconf 92' lang='lat' dir='ltr'><strong>in</strong></span> <span class='ocrx_word' id='word_1_363' title='bbox 2940 2533 3063 2574; x_wconf 89' lang='lat' dir='ltr'><strong>arce</strong></span> <span class='ocrx_word' id='word_1_364' title='bbox 3090 2516 3329 2573; x_wconf 83' lang='lat' dir='ltr'><strong>Jedicula</strong></span> <span class='ocrx_word' id='word_1_365' title='bbox 3355 2514 3435 2569; x_wconf 89' lang='lat' dir='ltr'><strong>vel</strong></span> <span class='ocrx_word' id='word_1_366' title='bbox 3462 2512 3841 2583; x_wconf 75' lang='lat' dir='ltr'><strong>Heptapyrgio,</strong></span> 
     </span>
    </p>
   </div>
   <div class='ocr_carea' id='block_1_55' title="bbox 2298 2602 3844 2678">
    <p class='ocr_par' dir='ltr' id='par_1_55' title="bbox 2298 2602 3844 2678">
     <span class='ocr_line' id='line_1_55' title="bbox 2298 2602 3844 2678; baseline -0.008 -9"><span class='ocrx_word' id='word_1_367' title='bbox 2298 2614 2479 2669; x_wconf 87' lang='lat' dir='ltr'><strong>nervis</strong></span> <span class='ocrx_word' id='word_1_368' title='bbox 2509 2613 2718 2666; x_wconf 86' lang='lat' dir='ltr'><strong>scilicet</strong></span> <span class='ocrx_word' id='word_1_369' title='bbox 2748 2610 3373 2678; x_wconf 46' lang='lat' dir='ltr'><strong>belligereudarumque</strong></span> <span class='ocrx_word' id='word_1_370' title='bbox 3420 2618 3599 2659; x_wconf 90' lang='lat' dir='ltr'><strong>rerum</strong></span> <span class='ocrx_word' id='word_1_371' title='bbox 3643 2602 3844 2671; x_wconf 82' lang='lat' dir='ltr'><strong>potitus</strong></span> 
     </span>
    </p>
   </div>
   <div class='ocr_carea' id='block_1_56' title="bbox 2300 2692 3843 2772">
    <p class='ocr_par' dir='ltr' id='par_1_56' title="bbox 2300 2692 3843 2772">
     <span class='ocr_line' id='line_1_56' title="bbox 2300 2692 3843 2772; baseline -0.01 -13"><span class='ocrx_word' id='word_1_372' title='bbox 2300 2718 2463 2772; x_wconf 82' lang='lat' dir='ltr'><strong>regno</strong></span> <span class='ocrx_word' id='word_1_373' title='bbox 2493 2714 2696 2771; x_wconf 82' lang='lat' dir='ltr'><strong>patrem</strong></span> <span class='ocrx_word' id='word_1_374' title='bbox 2736 2709 2976 2754; x_wconf 84' lang='lat' dir='ltr'><strong>exueret.</strong></span> <span class='ocrx_word' id='word_1_375' title='bbox 3008 2699 3083 2751; x_wconf 80' lang='lat' dir='ltr'><strong>Ad</strong></span> <span class='ocrx_word' id='word_1_376' title='bbox 3134 2698 3272 2751; x_wconf 90' lang='lat' dir='ltr'><strong>hanc</strong></span> <span class='ocrx_word' id='word_1_377' title='bbox 3300 2709 3513 2750; x_wconf 83' lang='lat' dir='ltr'><strong>causam</strong></span> <span class='ocrx_word' id='word_1_378' title='bbox 3562 2692 3769 2748; x_wconf 88' lang='lat' dir='ltr'><strong>accedit</strong></span> <span class='ocrx_word' id='word_1_379' title='bbox 3794 2698 3843 2744; x_wconf 87' lang='lat' dir='ltr'><strong>ct</strong></span> 
     </span>
    </p>
   </div>
   <div class='ocr_carea' id='block_1_57' title="bbox 2298 2772 3843 2860">
    <p class='ocr_par' dir='ltr' id='par_1_57' title="bbox 2298 2772 3843 2860">
     <span class='ocr_line' id='line_1_57' title="bbox 2298 2772 3843 2860; baseline -0.008 -12"><span class='ocrx_word' id='word_1_380' title='bbox 2298 2795 2415 2858; x_wconf 78' lang='lat' dir='ltr'><strong>illa,</strong></span> <span class='ocrx_word' id='word_1_381' title='bbox 2470 2795 2612 2860; x_wconf 87' lang='lat' dir='ltr'><strong>quod</strong></span> <span class='ocrx_word' id='word_1_382' title='bbox 2662 2791 2861 2845; x_wconf 80' lang='lat' dir='ltr'><strong>amissa</strong></span> <span class='ocrx_word' id='word_1_383' title='bbox 2925 2772 3133 2858; x_wconf 77' lang='lat' dir='ltr'><strong>imperii</strong></span> <span class='ocrx_word' id='word_1_384' title='bbox 3190 2788 3331 2852; x_wconf 80' lang='lat' dir='ltr'><strong>sede,</strong></span> <span class='ocrx_word' id='word_1_385' title='bbox 3395 2786 3461 2841; x_wconf 86' lang='lat' dir='ltr'><strong>de</strong></span> <span class='ocrx_word' id='word_1_386' title='bbox 3512 2786 3630 2841; x_wconf 84' lang='lat' dir='ltr'><strong>suis</strong></span> <span class='ocrx_word' id='word_1_387' title='bbox 3683 2784 3843 2838; x_wconf 83' lang='lat' dir='ltr'><strong>rebus</strong></span> 
     </span>
    </p>
   </div>
   <div class='ocr_carea' id='block_1_58' title="bbox 2300 2870 3255 2954">
    <p class='ocr_par' dir='ltr' id='par_1_58' title="bbox 2300 2870 3255 2954">
     <span class='ocr_line' id='line_1_58' title="bbox 2300 2870 3255 2954; baseline -0.005 -13"><span class='ocrx_word' id='word_1_388' title='bbox 2300 2896 2476 2941; x_wconf 73' lang='lat' dir='ltr'><strong>actum</strong></span> <span class='ocrx_word' id='word_1_389' title='bbox 2518 2883 2784 2954; x_wconf 83' lang='lat' dir='ltr'><strong>Bajazites</strong></span> <span class='ocrx_word' id='word_1_390' title='bbox 2816 2897 2940 2939; x_wconf 84' lang='lat' dir='ltr'><strong>esse</strong></span> <span class='ocrx_word' id='word_1_391' title='bbox 2972 2881 3206 2937; x_wconf 77' lang='lat' dir='ltr'><strong>videbat.</strong></span> <span class='ocrx_word' id='word_1_392' title='bbox 3252 2870 3255 2873; x_wconf 17' lang='grc' dir='ltr'><em>Α</em></span> 
     </span>
    </p>
   </div>
   <div class='ocr_carea' id='block_1_59' title="bbox 2304 2996 2781 3053">
    <p class='ocr_par' dir='ltr' id='par_1_59' title="bbox 2304 2996 2781 3053">
     <span class='ocr_line' id='line_1_59' title="bbox 2304 2996 2781 3053; baseline -0.013 0"><span class='ocrx_word' id='word_1_393' title='bbox 2304 3000 2403 3053; x_wconf 76' lang='grc'><strong>193</strong></span> <span class='ocrx_word' id='word_1_394' title='bbox 2473 2997 2638 3051; x_wconf 80' lang='lat' dir='ltr'><strong>Locus</strong></span> <span class='ocrx_word' id='word_1_395' title='bbox 2693 2996 2781 3048; x_wconf 86' lang='lat' dir='ltr'><strong>ubi</strong></span> 
     </span>
    </p>
   </div>
   <div class='ocr_carea' id='block_1_60' title="bbox 2833 2996 3844 3065">
    <p class='ocr_par' dir='ltr' id='par_1_60' title="bbox 2833 2996 3844 3065">
     <span class='ocr_line' id='line_1_60' title="bbox 2833 2996 3844 3065; baseline -0.009 -19"><span class='ocrx_word' id='word_1_396' title='bbox 2833 2996 3013 3065; x_wconf 75' lang='lat' dir='ltr'><strong>prtetio</strong></span> <span class='ocrx_word' id='word_1_397' title='bbox 3047 3006 3359 3065; x_wconf 55' lang='lat' dir='ltr'><strong>congressus</strong></span> <span class='ocrx_word' id='word_1_398' title='bbox 3403 2997 3482 3043; x_wconf 80' lang='lat' dir='ltr'><strong>est</strong></span> <span class='ocrx_word' id='word_1_399' title='bbox 3502 3003 3643 3065; x_wconf 39' lang='lat' dir='ltr'><strong>iam</strong></span> <span class='ocrx_word' id='word_1_400' title='bbox 3670 2996 3844 3065; x_wconf 31' lang='lat' dir='ltr'><strong>“putre</strong></span> 
     </span>
    </p>
   </div>
   <div class='ocr_carea' id='block_1_61' title="bbox 2370 3054 3843 3127">
    <p class='ocr_par' dir='ltr' id='par_1_61' title="bbox 2370 3054 3843 3127">
     <span class='ocr_line' id='line_1_61' title="bbox 2370 3054 3843 3127; baseline -0.01 -6"><span class='ocrx_word' id='word_1_401' title='bbox 2370 3068 2582 3122; x_wconf 84' lang='lat' dir='ltr'><strong>Selimes</strong></span> <span class='ocrx_word' id='word_1_402' title='bbox 2611 3104 2625 3127; x_wconf 91' lang='lat'><strong>,</strong></span> <span class='ocrx_word' id='word_1_403' title='bbox 2666 3054 2843 3125; x_wconf 45' lang='lat' dir='ltr'><strong>Zorli;</strong></span> <span class='ocrx_word' id='word_1_404' title='bbox 2883 3065 3112 3118; x_wconf 85' lang='lat' dir='ltr'><strong>Saranta</strong></span> <span class='ocrx_word' id='word_1_405' title='bbox 3144 3054 3437 3125; x_wconf 45' lang='lat' dir='ltr'><strong>&#39;Ecclist&#39;es,</strong></span> <span class='ocrx_word' id='word_1_406' title='bbox 3492 3056 3621 3110; x_wconf 77' lang='lat' dir='ltr'><strong>Kirc</strong></span> <span class='ocrx_word' id='word_1_407' title='bbox 3662 3054 3843 3115; x_wconf 76' lang='lat' dir='ltr'><strong>Ctisse,</strong></span> 
     </span>
    </p>
   </div>
   <div class='ocr_carea' id='block_1_62' title="bbox 670 3124 3251 3222">
    <p class='ocr_par' dir='ltr' id='par_1_62' title="bbox 670 3124 3251 3222">
     <span class='ocr_line' id='line_1_62' title="bbox 670 3124 3251 3222; baseline 0.002 -44"><span class='ocrx_word' id='word_1_408' title='bbox 670 3141 813 3191; x_wconf 76' lang='lat' dir='ltr'><strong>tuus,</strong></span> <span class='ocrx_word' id='word_1_409' title='bbox 836 3127 880 3181; x_wconf 83' lang='lat' dir='ltr'><strong>is</strong></span> <span class='ocrx_word' id='word_1_410' title='bbox 926 3125 1111 3195; x_wconf 65' lang='lat' dir='ltr'><strong>Capiti</strong></span> <span class='ocrx_word' id='word_1_411' title='bbox 1165 3125 1469 3197; x_wconf 83' lang='lat' dir='ltr'><strong>discedens,</strong></span> <span class='ocrx_word' id='word_1_412' title='bbox 1522 3124 1718 3179; x_wconf 87' lang='lat' dir='ltr'><strong>Chilim</strong></span> <span class='ocrx_word' id='word_1_413' title='bbox 1778 3126 1929 3191; x_wconf 89' lang='lat' dir='ltr'><strong>adiit,</strong></span> <span class='ocrx_word' id='word_1_414' title='bbox 1971 3128 2038 3183; x_wconf 89' lang='lat' dir='ltr'><strong>de</strong></span> <span class='ocrx_word' id='word_1_415' title='bbox 2094 3141 2198 3196; x_wconf 87' lang='lat' dir='ltr'><strong>qua</strong></span> <span class='ocrx_word' id='word_1_416' title='bbox 2229 3165 2269 3222; x_wconf 64' lang='grc' dir='ltr'>ο</span> <span class='ocrx_word' id='word_1_417' title='bbox 2371 3124 2907 3204; x_wconf 67' lang='lat' dir='ltr'><strong>Carubulgc,8etimis</strong></span> <span class='ocrx_word' id='word_1_418' title='bbox 2944 3148 3123 3201; x_wconf 79' lang='lat' dir='ltr'><strong>equus.</strong></span> 
     </span>
    </p>
   </div>
   <div class='ocr_carea' id='block_1_63' title="bbox 670 3213 2204 3301">
    <p class='ocr_par' dir='ltr' id='par_1_63' title="bbox 670 3213 2204 3301">
     <span class='ocr_line' id='line_1_63' title="bbox 670 3213 2204 3301; baseline 0.003 -32"><span class='ocrx_word' id='word_1_419' title='bbox 670 3216 872 3269; x_wconf 89' lang='lat' dir='ltr'><strong>dictum</strong></span> <span class='ocrx_word' id='word_1_420' title='bbox 919 3215 1107 3301; x_wconf 7' lang='lat' dir='ltr'><strong>capite,</strong></span> <span class='ocrx_word' id='word_1_421' title='bbox 1152 3214 1252 3269; x_wconf 82' lang='grc'><strong>159</strong></span> <span class='ocrx_word' id='word_1_422' title='bbox 1280 3231 1294 3279; x_wconf 91' lang='lat'><strong>;</strong></span> <span class='ocrx_word' id='word_1_423' title='bbox 1351 3213 1479 3269; x_wconf 92' lang='lat' dir='ltr'><strong>hinc</strong></span> <span class='ocrx_word' id='word_1_424' title='bbox 1512 3216 1849 3285; x_wconf 82' lang='lat' dir='ltr'><strong>Beiigradum</strong></span> <span class='ocrx_word' id='word_1_425' title='bbox 1880 3220 2049 3275; x_wconf 84' lang='lat' dir='ltr'><strong>venit.</strong></span> <span class='ocrx_word' id='word_1_426' title='bbox 2080 3217 2204 3273; x_wconf 65' lang='grc' dir='ltr'><strong>11κο</strong></span> 
     </span>
    </p>
   </div>
   <div class='ocr_carea' id='block_1_64' title="bbox 673 3306 2207 3381">
    <p class='ocr_par' dir='ltr' id='par_1_64' title="bbox 673 3306 2207 3381">
     <span class='ocr_line' id='line_1_64' title="bbox 673 3306 2207 3381; baseline 0.004 -22"><span class='ocrx_word' id='word_1_427' title='bbox 673 3322 803 3361; x_wconf 85' lang='lat' dir='ltr'><strong>vero</strong></span> <span class='ocrx_word' id='word_1_428' title='bbox 855 3322 959 3363; x_wconf 88' lang='lat' dir='ltr'><strong>non</strong></span> <span class='ocrx_word' id='word_1_429' title='bbox 1009 3314 1091 3361; x_wconf 88' lang='lat' dir='ltr'><strong>cst</strong></span> <span class='ocrx_word' id='word_1_430' title='bbox 1134 3306 1402 3376; x_wconf 82' lang='lat' dir='ltr'><strong>Ungarica</strong></span> <span class='ocrx_word' id='word_1_431' title='bbox 1426 3306 1650 3363; x_wconf 83' lang='lat' dir='ltr'><strong>Nandor</strong></span> <span class='ocrx_word' id='word_1_432' title='bbox 1688 3310 1831 3375; x_wconf 89' lang='lat' dir='ltr'><strong>alba,</strong></span> <span class='ocrx_word' id='word_1_433' title='bbox 1859 3311 1943 3365; x_wconf 88' lang='lat' dir='ltr'><strong>vel</strong></span> <span class='ocrx_word' id='word_1_434' title='bbox 1974 3309 2207 3381; x_wconf 86' lang='lat' dir='ltr'><strong>Beligra-</strong></span> 
     </span>
    </p>
   </div>
   <div class='ocr_carea' id='block_1_65' title="bbox 673 3396 2223 3468">
    <p class='ocr_par' dir='ltr' id='par_1_65' title="bbox 673 3396 2223 3468">
     <span class='ocr_line' id='line_1_65' title="bbox 673 3396 2223 3468; baseline 0.004 -20"><span class='ocrx_word' id='word_1_435' title='bbox 673 3396 826 3461; x_wconf 90' lang='lat' dir='ltr'><strong>dum,</strong></span> <span class='ocrx_word' id='word_1_436' title='bbox 860 3410 977 3464; x_wconf 67' lang='lat' dir='ltr'><strong>qua:</strong></span> <span class='ocrx_word' id='word_1_437' title='bbox 1026 3397 1257 3449; x_wconf 88' lang='lat' dir='ltr'><strong>necdum</strong></span> <span class='ocrx_word' id='word_1_438' title='bbox 1290 3396 1389 3449; x_wconf 90' lang='lat' dir='ltr'><strong>hoc</strong></span> <span class='ocrx_word' id='word_1_439' title='bbox 1424 3406 1669 3466; x_wconf 87' lang='lat' dir='ltr'><strong>tempore</strong></span> <span class='ocrx_word' id='word_1_440' title='bbox 1698 3397 2001 3453; x_wconf 89' lang='lat' dir='ltr'><strong>Turcorum</strong></span> <span class='ocrx_word' id='word_1_441' title='bbox 2028 3401 2081 3453; x_wconf 92' lang='lat' dir='ltr'><strong>in</strong></span> <span class='ocrx_word' id='word_1_442' title='bbox 2114 3414 2223 3468; x_wconf 15' lang='lat' dir='ltr'><strong>po-V</strong></span> 
     </span>
    </p>
   </div>
   <div class='ocr_carea' id='block_1_66' title="bbox 673 3481 2205 3556">
    <p class='ocr_par' dir='ltr' id='par_1_66' title="bbox 673 3481 2205 3556">
     <span class='ocr_line' id='line_1_66' title="bbox 673 3481 2205 3556; baseline 0.002 -18"><span class='ocrx_word' id='word_1_443' title='bbox 673 3494 924 3540; x_wconf 88' lang='lat' dir='ltr'><strong>testaletn</strong></span> <span class='ocrx_word' id='word_1_444' title='bbox 958 3481 1213 3551; x_wconf 83' lang='lat' dir='ltr'><strong>venerat,</strong></span> <span class='ocrx_word' id='word_1_445' title='bbox 1238 3487 1306 3541; x_wconf 85' lang='lat' dir='ltr'><strong>ab</strong></span> <span class='ocrx_word' id='word_1_446' title='bbox 1358 3485 1665 3542; x_wconf 89' lang='lat' dir='ltr'><strong>Soleimane</strong></span> <span class='ocrx_word' id='word_1_447' title='bbox 1713 3489 1971 3556; x_wconf 89' lang='lat' dir='ltr'><strong>primum,</strong></span> <span class='ocrx_word' id='word_1_448' title='bbox 1991 3488 2205 3543; x_wconf 88' lang='lat' dir='ltr'><strong>Selimis</strong></span> 
     </span>
    </p>
   </div>
   <div class='ocr_carea' id='block_1_67' title="bbox 673 3577 2205 3646">
    <p class='ocr_par' dir='ltr' id='par_1_67' title="bbox 673 3577 2205 3646">
     <span class='ocr_line' id='line_1_67' title="bbox 673 3577 2205 3646; baseline -0.001 -14"><span class='ocrx_word' id='word_1_449' title='bbox 673 3580 802 3643; x_wconf 84' lang='lat' dir='ltr'><strong>filio,</strong></span> <span class='ocrx_word' id='word_1_450' title='bbox 844 3592 1034 3632; x_wconf 87' lang='lat' dir='ltr'><strong>novem</strong></span> <span class='ocrx_word' id='word_1_451' title='bbox 1094 3577 1351 3632; x_wconf 88' lang='lat' dir='ltr'><strong>decemve</strong></span> <span class='ocrx_word' id='word_1_452' title='bbox 1410 3587 1534 3646; x_wconf 87' lang='lat' dir='ltr'><strong>post</strong></span> <span class='ocrx_word' id='word_1_453' title='bbox 1590 3578 1745 3630; x_wconf 90' lang='lat' dir='ltr'><strong>annis</strong></span> <span class='ocrx_word' id='word_1_454' title='bbox 1789 3587 2079 3646; x_wconf 90' lang='lat' dir='ltr'><strong>occupata;</strong></span> <span class='ocrx_word' id='word_1_455' title='bbox 2113 3580 2205 3633; x_wconf 90' lang='lat' dir='ltr'><strong>sed</strong></span> 
     </span>
    </p>
   </div>
   <div class='ocr_carea' id='block_1_68' title="bbox 674 3665 2207 3735">
    <p class='ocr_par' dir='ltr' id='par_1_68' title="bbox 674 3665 2207 3735">
     <span class='ocr_line' id='line_1_68' title="bbox 674 3665 2207 3735; baseline 0.001 -13"><span class='ocrx_word' id='word_1_456' title='bbox 674 3669 765 3722; x_wconf 89' lang='lat' dir='ltr'><strong>illa</strong></span> <span class='ocrx_word' id='word_1_457' title='bbox 796 3665 1153 3730; x_wconf 53' lang='lat' dir='ltr'><strong>&#39;Nesterallta,</strong></span> <span class='ocrx_word' id='word_1_458' title='bbox 1203 3681 1365 3735; x_wconf 87' lang='lat' dir='ltr'><strong>quam</strong></span> <span class='ocrx_word' id='word_1_459' title='bbox 1428 3667 1667 3723; x_wconf 82' lang='lat' dir='ltr'><strong>Nestoris</strong></span> <span class='ocrx_word' id='word_1_460' title='bbox 1711 3666 1776 3721; x_wconf 89' lang='lat' dir='ltr'><strong>ad</strong></span> <span class='ocrx_word' id='word_1_461' title='bbox 1817 3669 1989 3721; x_wconf 89' lang='lat' dir='ltr'><strong>amnis</strong></span> <span class='ocrx_word' id='word_1_462' title='bbox 2011 3671 2207 3723; x_wconf 89' lang='lat' dir='ltr'><strong>ostium</strong></span> 
     </span>
    </p>
   </div>
   <div class='ocr_carea' id='block_1_69' title="bbox 677 3754 2207 3827">
    <p class='ocr_par' dir='ltr' id='par_1_69' title="bbox 677 3754 2207 3827">
     <span class='ocr_line' id='line_1_69' title="bbox 677 3754 2207 3827; baseline 0.001 -16"><span class='ocrx_word' id='word_1_463' title='bbox 677 3761 838 3812; x_wconf 88' lang='lat' dir='ltr'><strong>sitam</strong></span> <span class='ocrx_word' id='word_1_464' title='bbox 869 3758 1164 3812; x_wconf 85' lang='lat' dir='ltr'><strong>Goreccius</strong></span> <span class='ocrx_word' id='word_1_465' title='bbox 1206 3757 1461 3813; x_wconf 88' lang='lat' dir='ltr'><strong>Polonice</strong></span> <span class='ocrx_word' id='word_1_466' title='bbox 1490 3754 1773 3827; x_wconf 78' lang='lat' dir='ltr'><strong>Biaiugrod</strong></span> <span class='ocrx_word' id='word_1_467' title='bbox 1806 3758 2075 3827; x_wconf 83' lang='lat' dir='ltr'><strong>indigitat,</strong></span> <span class='ocrx_word' id='word_1_468' title='bbox 2130 3760 2207 3812; x_wconf 91' lang='lat' dir='ltr'><strong>nti</strong></span> 
     </span>
    </p>
   </div>
   <div class='ocr_carea' id='block_1_70' title="bbox 682 3849 2209 3920">
    <p class='ocr_par' dir='ltr' id='par_1_70' title="bbox 682 3849 2209 3920">
     <span class='ocr_line' id='line_1_70' title="bbox 682 3849 2209 3920; baseline 0 -17"><span class='ocrx_word' id='word_1_469' title='bbox 682 3851 946 3919; x_wconf 85' lang='lat' dir='ltr'><strong>prolixius</strong></span> <span class='ocrx_word' id='word_1_470' title='bbox 996 3850 1301 3919; x_wconf 80' lang='lat' dir='ltr'><strong>expositum</strong></span> <span class='ocrx_word' id='word_1_471' title='bbox 1356 3850 1592 3905; x_wconf 90' lang='lat' dir='ltr'><strong>indicato</strong></span> <span class='ocrx_word' id='word_1_472' title='bbox 1634 3852 1811 3919; x_wconf 88' lang='lat' dir='ltr'><strong>capite</strong></span> <span class='ocrx_word' id='word_1_473' title='bbox 1837 3849 1970 3905; x_wconf 79' lang='grc'><strong>159.</strong></span> <span class='ocrx_word' id='word_1_474' title='bbox 1998 3850 2209 3920; x_wconf 86' lang='lat' dir='ltr'><strong>Seguan</strong></span> 
     </span>
    </p>
   </div>
   <div class='ocr_carea' id='block_1_71' title="bbox 680 3935 2211 4010">
    <p class='ocr_par' dir='ltr' id='par_1_71' title="bbox 680 3935 2211 4010">
     <span class='ocr_line' id='line_1_71' title="bbox 680 3935 2211 4010; baseline -0.001 -14"><span class='ocrx_word' id='word_1_475' title='bbox 680 3943 837 3997; x_wconf 81' lang='lat' dir='ltr'><strong>bassa</strong></span> <span class='ocrx_word' id='word_1_476' title='bbox 876 3942 1066 3995; x_wconf 85' lang='lat' dir='ltr'><strong>Turcis</strong></span> <span class='ocrx_word' id='word_1_477' title='bbox 1110 3950 1194 3996; x_wconf 88' lang='lat' dir='ltr'><strong>est</strong></span> <span class='ocrx_word' id='word_1_478' title='bbox 1256 3940 1543 4009; x_wconf 69' lang='lat' dir='ltr'><strong>praefectus</strong></span> <span class='ocrx_word' id='word_1_479' title='bbox 1583 3942 1953 4010; x_wconf 78' lang='lat' dir='ltr'><strong>iumentorum</strong></span> <span class='ocrx_word' id='word_1_480' title='bbox 2001 3935 2211 4010; x_wconf 85' lang='lat' dir='ltr'><strong>sagma-</strong></span> 
     </span>
    </p>
   </div>
   <div class='ocr_carea' id='block_1_72' title="bbox 681 4033 2212 4103">
    <p class='ocr_par' dir='ltr' id='par_1_72' title="bbox 681 4033 2212 4103">
     <span class='ocr_line' id='line_1_72' title="bbox 681 4033 2212 4103; baseline 0.003 -20"><span class='ocrx_word' id='word_1_481' title='bbox 681 4034 945 4086; x_wconf 88' lang='lat' dir='ltr'><strong>tariorum</strong></span> <span class='ocrx_word' id='word_1_482' title='bbox 978 4034 1031 4085; x_wconf 92' lang='lat' dir='ltr'><strong>in</strong></span> <span class='ocrx_word' id='word_1_483' title='bbox 1061 4034 1302 4085; x_wconf 88' lang='lat' dir='ltr'><strong>exercitu</strong></span> <span class='ocrx_word' id='word_1_484' title='bbox 1338 4033 1603 4088; x_wconf 85' lang='lat' dir='ltr'><strong>maximus</strong></span> <span class='ocrx_word' id='word_1_485' title='bbox 1623 4073 1636 4098; x_wconf 87' lang='lat'><strong>,</strong></span> <span class='ocrx_word' id='word_1_486' title='bbox 1666 4048 1897 4103; x_wconf 90' lang='lat' dir='ltr'><strong>quorum</strong></span> <span class='ocrx_word' id='word_1_487' title='bbox 1925 4035 2212 4103; x_wconf 84' lang='lat' dir='ltr'><strong>aliquoties</strong></span> 
     </span>
    </p>
   </div>
   <div class='ocr_carea' id='block_1_73' title="bbox 682 4122 2251 4192">
    <p class='ocr_par' dir='ltr' id='par_1_73' title="bbox 682 4122 2251 4192">
     <span class='ocr_line' id='line_1_73' title="bbox 682 4122 2251 4192; baseline 0.007 -17"><span class='ocrx_word' id='word_1_488' title='bbox 682 4122 821 4175; x_wconf 73' lang='lat' dir='ltr'><strong>facta</strong></span> <span class='ocrx_word' id='word_1_489' title='bbox 847 4124 956 4192; x_wconf 86' lang='lat' dir='ltr'><strong>jam</strong></span> <span class='ocrx_word' id='word_1_490' title='bbox 992 4124 1213 4177; x_wconf 87' lang='lat' dir='ltr'><strong>mentio.</strong></span> <span class='ocrx_word' id='word_1_491' title='bbox 2217 4138 2251 4148; x_wconf 76' lang='grc'><em>”</em></span> 
     </span>
    </p>
   </div>
   <div class='ocr_carea' id='block_1_74' title="bbox 690 4227 2218 4308">
    <p class='ocr_par' dir='ltr' id='par_1_74' title="bbox 690 4227 2218 4308">
     <span class='ocr_line' id='line_1_74' title="bbox 690 4227 2218 4308; baseline 0.002 -18"><span class='ocrx_word' id='word_1_492' title='bbox 690 4237 808 4291; x_wconf 83' lang='grc'><strong>191.</strong></span> <span class='ocrx_word' id='word_1_493' title='bbox 840 4234 1293 4308; x_wconf 70' lang='lat' dir='ltr'><strong>Cur‘Sememlriw</strong></span> <span class='ocrx_word' id='word_1_494' title='bbox 1330 4227 1717 4308; x_wconf 12' lang='lat' dir='ltr'><strong>iSangiar‘atum</strong></span> <span class='ocrx_word' id='word_1_495' title='bbox 1746 4238 1933 4295; x_wconf 84' lang='lat' dir='ltr'><strong>Selimi</strong></span> <span class='ocrx_word' id='word_1_496' title='bbox 1970 4240 2081 4308; x_wconf 76' lang='lat' dir='ltr'><strong>ﬁlio</strong></span> <span class='ocrx_word' id='word_1_497' title='bbox 2107 4238 2218 4293; x_wconf 84' lang='lat' dir='ltr'><strong>Ba-</strong></span> 
     </span>
    </p>
   </div>
   <div class='ocr_carea' id='block_1_75' title="bbox 1221 4305 1927 4372">
    <p class='ocr_par' dir='ltr' id='par_1_75' title="bbox 1221 4305 1927 4372">
     <span class='ocr_line' id='line_1_75' title="bbox 1221 4305 1927 4372; baseline 0.017 -17"><span class='ocrx_word' id='word_1_498' title='bbox 1221 4305 1415 4372; x_wconf 78' lang='lat' dir='ltr'><strong>jazites</strong></span> <span class='ocrx_word' id='word_1_499' title='bbox 1447 4305 1705 4362; x_wconf 75' lang='lat' dir='ltr'><strong>obtulerit.</strong></span> <span class='ocrx_word' id='word_1_500' title='bbox 1924 4318 1927 4321; x_wconf 75' lang='grc'><em>’</em></span> 
     </span>
    </p>
   </div>
   <div class='ocr_carea' id='block_1_76' title="bbox 749 4395 2215 4467">
    <p class='ocr_par' dir='ltr' id='par_1_76' title="bbox 749 4395 2215 4467">
     <span class='ocr_line' id='line_1_76' title="bbox 749 4395 2215 4467; baseline 0 -16"><span class='ocrx_word' id='word_1_501' title='bbox 749 4395 947 4459; x_wconf 87' lang='lat' dir='ltr'><strong>Causa,</strong></span> <span class='ocrx_word' id='word_1_502' title='bbox 980 4396 1083 4463; x_wconf 82' lang='lat' dir='ltr'><strong>cur</strong></span> <span class='ocrx_word' id='word_1_503' title='bbox 1101 4404 1252 4465; x_wconf 85' lang='lat' dir='ltr'><strong>pater</strong></span> <span class='ocrx_word' id='word_1_504' title='bbox 1283 4396 1611 4453; x_wconf 77' lang='lat' dir='ltr'><strong>Setnendrize</strong></span> <span class='ocrx_word' id='word_1_505' title='bbox 1640 4396 2008 4464; x_wconf 80' lang='lat' dir='ltr'><strong>sangiacatum</strong></span> <span class='ocrx_word' id='word_1_506' title='bbox 2057 4395 2215 4467; x_wconf 68' lang='grc'><strong>473</strong></span> 
     </span>
    </p>
   </div>
   <div class='ocr_carea' id='block_1_77' title="bbox 683 4486 2203 4569">
    <p class='ocr_par' dir='ltr' id='par_1_77' title="bbox 683 4488 2196 4559">
     <span class='ocr_line' id='line_1_77' title="bbox 683 4488 2196 4559; baseline 0.002 -19"><span class='ocrx_word' id='word_1_507' title='bbox 683 4488 1012 4541; x_wconf 84' lang='lat' dir='ltr'><strong>concesserit</strong></span> <span class='ocrx_word' id='word_1_508' title='bbox 1047 4489 1175 4554; x_wconf 83' lang='lat' dir='ltr'><strong>filio,</strong></span> <span class='ocrx_word' id='word_1_509' title='bbox 1233 4504 1337 4541; x_wconf 90' lang='lat' dir='ltr'><strong>non</strong></span> <span class='ocrx_word' id='word_1_510' title='bbox 1392 4498 1474 4543; x_wconf 89' lang='lat' dir='ltr'><strong>est</strong></span> <span class='ocrx_word' id='word_1_511' title='bbox 1518 4488 1573 4543; x_wconf 92' lang='lat' dir='ltr'><strong>in</strong></span> <span class='ocrx_word' id='word_1_512' title='bbox 1610 4490 1905 4545; x_wconf 80' lang='lat' dir='ltr'><strong>Annalibus</strong></span> <span class='ocrx_word' id='word_1_513' title='bbox 1943 4504 2196 4559; x_wconf 83' lang='lat' dir='ltr'><strong>expressa</strong></span> 
     </span>
    </p>
   </div>
   <div class='ocr_carea' id='block_1_78' title="bbox 2303 4486 3233 4569">
    <p class='ocr_par' dir='ltr' id='par_1_78' title="bbox 2324 4486 3233 4569">
     <span class='ocr_line' id='line_1_78' title="bbox 2324 4486 3233 4569; baseline -0.007 -13"><span class='ocrx_word' id='word_1_514' title='bbox 2324 4486 2541 4557; x_wconf 53' lang='lat' dir='ltr'><strong>Graeciae</strong></span> <span class='ocrx_word' id='word_1_515' title='bbox 2610 4499 2930 4569; x_wconf 87' lang='lat' dir='ltr'><strong>beglerbego</strong></span> <span class='ocrx_word' id='word_1_516' title='bbox 3011 4496 3233 4552; x_wconf 84' lang='lat' dir='ltr'><strong>subditi.</strong></span> 
     </span>
    </p>
   </div>
   <div class='ocr_carea' id='block_1_79' title="bbox 691 4572 2221 4657">
    <p class='ocr_par' dir='ltr' id='par_1_79' title="bbox 691 4572 2221 4657">
     <span class='ocr_line' id='line_1_79' title="bbox 691 4572 2221 4657; baseline 0.005 -28"><span class='ocrx_word' id='word_1_517' title='bbox 691 4578 951 4631; x_wconf 77' lang='lat' dir='ltr'><strong>Nimirum</strong></span> <span class='ocrx_word' id='word_1_518' title='bbox 990 4578 1247 4657; x_wconf 88' lang='lat' dir='ltr'><strong>impedire</strong></span> <span class='ocrx_word' id='word_1_519' title='bbox 1296 4580 1545 4634; x_wconf 87' lang='lat' dir='ltr'><strong>Selimem</strong></span> <span class='ocrx_word' id='word_1_520' title='bbox 1579 4572 1819 4643; x_wconf 85' lang='lat' dir='ltr'><strong>volebat,</strong></span> <span class='ocrx_word' id='word_1_521' title='bbox 1850 4573 1911 4635; x_wconf 82' lang='lat' dir='ltr'><strong>ne</strong></span> <span class='ocrx_word' id='word_1_522' title='bbox 1938 4582 2221 4652; x_wconf 81' lang='lat' dir='ltr'><strong>progrede-</strong></span> 
     </span>
    </p>
   </div>
   <div class='ocr_carea' id='block_1_80' title="bbox 685 4667 2217 4745">
    <p class='ocr_par' dir='ltr' id='par_1_80' title="bbox 685 4667 2217 4745">
     <span class='ocr_line' id='line_1_80' title="bbox 685 4667 2217 4745; baseline 0.002 -24"><span class='ocrx_word' id='word_1_523' title='bbox 685 4674 830 4723; x_wconf 87' lang='lat' dir='ltr'><strong>retur</strong></span> <span class='ocrx_word' id='word_1_524' title='bbox 861 4667 1108 4729; x_wconf 76' lang='lat' dir='ltr'><strong>ulterius,</strong></span> <span class='ocrx_word' id='word_1_525' title='bbox 1140 4677 1194 4720; x_wconf 90' lang='lat' dir='ltr'><strong>et</strong></span> <span class='ocrx_word' id='word_1_526' title='bbox 1231 4669 1296 4723; x_wconf 87' lang='lat' dir='ltr'><strong>ad</strong></span> <span class='ocrx_word' id='word_1_527' title='bbox 1322 4667 1535 4722; x_wconf 89' lang='lat' dir='ltr'><strong>Portam</strong></span> <span class='ocrx_word' id='word_1_528' title='bbox 1570 4672 1810 4745; x_wconf 71' lang='lat' dir='ltr'><strong>veniens,</strong></span> <span class='ocrx_word' id='word_1_529' title='bbox 1841 4673 2217 4740; x_wconf 86' lang='lat' dir='ltr'><strong>genizarorum</strong></span> 
     </span>
    </p>
   </div>
   <div class='ocr_carea' id='block_1_81' title="bbox 662 4758 2245 4846">
    <p class='ocr_par' dir='ltr' id='par_1_81' title="bbox 662 4758 2245 4846">
     <span class='ocr_line' id='line_1_81' title="bbox 662 4758 2245 4846; baseline 0.002 -34"><span class='ocrx_word' id='word_1_530' title='bbox 662 4758 894 4846; x_wconf 59' lang='lat' dir='ltr'><strong>~animos</strong></span> <span class='ocrx_word' id='word_1_531' title='bbox 929 4758 1252 4813; x_wconf 81' lang='lat' dir='ltr'><strong>ﬂuctuantes</strong></span> <span class='ocrx_word' id='word_1_532' title='bbox 1304 4767 1357 4813; x_wconf 86' lang='lat' dir='ltr'><strong>ct</strong></span> <span class='ocrx_word' id='word_1_533' title='bbox 1404 4758 1612 4814; x_wconf 89' lang='lat' dir='ltr'><strong>alienos</strong></span> <span class='ocrx_word' id='word_1_534' title='bbox 1638 4774 1669 4811; x_wconf 87' lang='lat' dir='ltr'><strong>a</strong></span> <span class='ocrx_word' id='word_1_535' title='bbox 1697 4769 1865 4827; x_wconf 85' lang='lat' dir='ltr'><strong>patre,</strong></span> <span class='ocrx_word' id='word_1_536' title='bbox 1910 4776 2031 4813; x_wconf 89' lang='lat' dir='ltr'><strong>mox</strong></span> <span class='ocrx_word' id='word_1_537' title='bbox 2058 4760 2123 4814; x_wconf 88' lang='lat' dir='ltr'><strong>ad</strong></span> <span class='ocrx_word' id='word_1_538' title='bbox 2160 4775 2245 4815; x_wconf 87' lang='lat' dir='ltr'><strong>se-</strong></span> 
     </span>
    </p>
   </div>
   <div class='ocr_carea' id='block_1_82' title="bbox 688 4848 2219 4921">
    <p class='ocr_par' dir='ltr' id='par_1_82' title="bbox 688 4848 2219 4921">
     <span class='ocr_line' id='line_1_82' title="bbox 688 4848 2219 4921; baseline 0.001 -18"><span class='ocrx_word' id='word_1_539' title='bbox 688 4848 1024 4915; x_wconf 86' lang='lat' dir='ltr'><strong>transferret.</strong></span> <span class='ocrx_word' id='word_1_540' title='bbox 1068 4849 1211 4905; x_wconf 88' lang='lat' dir='ltr'><strong>Usus</strong></span> <span class='ocrx_word' id='word_1_541' title='bbox 1239 4851 1383 4905; x_wconf 89' lang='lat' dir='ltr'><strong>enim</strong></span> <span class='ocrx_word' id='word_1_542' title='bbox 1414 4851 1593 4905; x_wconf 87' lang='lat' dir='ltr'><strong>fuerat</strong></span> <span class='ocrx_word' id='word_1_543' title='bbox 1631 4859 1809 4906; x_wconf 89' lang='lat' dir='ltr'><strong>astute</strong></span> <span class='ocrx_word' id='word_1_544' title='bbox 1851 4861 2063 4921; x_wconf 87' lang='lat' dir='ltr'><strong>captato</strong></span> <span class='ocrx_word' id='word_1_545' title='bbox 2088 4866 2219 4920; x_wconf 68' lang='lat' dir='ltr'><strong>prac-</strong></span> 
     </span>
    </p>
   </div>
   <div class='ocr_carea' id='block_1_83' title="bbox 648 4940 2219 5011">
    <p class='ocr_par' dir='ltr' id='par_1_83' title="bbox 648 4940 2219 5011">
     <span class='ocr_line' id='line_1_83' title="bbox 648 4940 2219 5011; baseline 0.001 -18"><span class='ocrx_word' id='word_1_546' title='bbox 648 4949 840 4995; x_wconf 74' lang='lat' dir='ltr'><strong>~textu</strong></span> <span class='ocrx_word' id='word_1_547' title='bbox 896 4940 1037 4994; x_wconf 83' lang='lat' dir='ltr'><strong>ﬁlius</strong></span> <span class='ocrx_word' id='word_1_548' title='bbox 1095 4943 1159 4995; x_wconf 88' lang='lat' dir='ltr'><strong>ad</strong></span> <span class='ocrx_word' id='word_1_549' title='bbox 1211 4942 1542 5010; x_wconf 88' lang='lat' dir='ltr'><strong>palliandnm</strong></span> <span class='ocrx_word' id='word_1_550' title='bbox 1592 4942 1694 4996; x_wconf 90' lang='lat' dir='ltr'><strong>hoc</strong></span> <span class='ocrx_word' id='word_1_551' title='bbox 1742 4942 1841 4995; x_wconf 87' lang='lat' dir='ltr'><strong>iter</strong></span> <span class='ocrx_word' id='word_1_552' title='bbox 1871 4941 2219 5011; x_wconf 89' lang='lat' dir='ltr'><strong>sunm,qnod</strong></span> 
     </span>
    </p>
   </div>
   <div class='ocr_carea' id='block_1_84' title="bbox 687 5014 2220 5099">
    <p class='ocr_par' dir='ltr' id='par_1_84' title="bbox 687 5014 2220 5099">
     <span class='ocr_line' id='line_1_84' title="bbox 687 5014 2220 5099; baseline 0.004 -23"><span class='ocrx_word' id='word_1_553' title='bbox 687 5026 814 5080; x_wconf 90' lang='lat' dir='ltr'><strong>hinc</strong></span> <span class='ocrx_word' id='word_1_554' title='bbox 862 5026 985 5080; x_wconf 84' lang='lat' dir='ltr'><strong>inde</strong></span> <span class='ocrx_word' id='word_1_555' title='bbox 1012 5026 1338 5095; x_wconf 85' lang='lat' dir='ltr'><strong>publicarat.</strong></span> <span class='ocrx_word' id='word_1_556' title='bbox 1374 5028 1521 5083; x_wconf 84' lang='lat' dir='ltr'><strong>adire</strong></span> <span class='ocrx_word' id='word_1_557' title='bbox 1555 5045 1613 5083; x_wconf 90' lang='lat' dir='ltr'><strong>se</strong></span> <span class='ocrx_word' id='word_1_558' title='bbox 1644 5014 1871 5099; x_wconf 84' lang='lat' dir='ltr'><strong>patrem,</strong></span> <span class='ocrx_word' id='word_1_559' title='bbox 1901 5031 2015 5099; x_wconf 88' lang='lat' dir='ltr'><strong>ejus</strong></span> <span class='ocrx_word' id='word_1_560' title='bbox 2054 5031 2220 5083; x_wconf 86' lang='lat' dir='ltr'><strong>hono-</strong></span> 
     </span>
    </p>
   </div>
   <div class='ocr_carea' id='block_1_85' title="bbox 686 5115 2221 5189">
    <p class='ocr_par' dir='ltr' id='par_1_85' title="bbox 686 5115 2221 5189">
     <span class='ocr_line' id='line_1_85' title="bbox 686 5115 2221 5189; baseline 0.004 -24"><span class='ocrx_word' id='word_1_561' title='bbox 686 5115 836 5168; x_wconf 87' lang='lat' dir='ltr'><strong>randi</strong></span> <span class='ocrx_word' id='word_1_562' title='bbox 870 5130 1077 5189; x_wconf 87' lang='lat' dir='ltr'><strong>causa,</strong></span> <span class='ocrx_word' id='word_1_563' title='bbox 1122 5118 1266 5185; x_wconf 90' lang='lat' dir='ltr'><strong>quod</strong></span> <span class='ocrx_word' id='word_1_564' title='bbox 1308 5116 1473 5171; x_wconf 90' lang='lat' dir='ltr'><strong>Turci</strong></span> <span class='ocrx_word' id='word_1_565' title='bbox 1508 5133 1724 5186; x_wconf 84' lang='lat' dir='ltr'><strong>quoque</strong></span> <span class='ocrx_word' id='word_1_566' title='bbox 1755 5128 1949 5173; x_wconf 86' lang='lat' dir='ltr'><strong>vocant</strong></span> <span class='ocrx_word' id='word_1_567' title='bbox 1985 5116 2221 5173; x_wconf 87' lang='lat' dir='ltr'><strong>osculari</strong></span> 
     </span>
    </p>
   </div>
   <div class='ocr_carea' id='block_1_86' title="bbox 690 5210 2219 5279">
    <p class='ocr_par' dir='ltr' id='par_1_86' title="bbox 690 5210 2219 5279">
     <span class='ocr_line' id='line_1_86' title="bbox 690 5210 2219 5279; baseline 0.005 -21"><span class='ocrx_word' id='word_1_568' title='bbox 690 5221 957 5271; x_wconf 82' lang='lat' dir='ltr'><strong>manum;</strong></span> <span class='ocrx_word' id='word_1_569' title='bbox 1021 5210 1250 5279; x_wconf 90' lang='lat' dir='ltr'><strong>indeque</strong></span> <span class='ocrx_word' id='word_1_570' title='bbox 1316 5228 1439 5265; x_wconf 89' lang='lat' dir='ltr'><strong>mox</strong></span> <span class='ocrx_word' id='word_1_571' title='bbox 1514 5227 1663 5264; x_wconf 87' lang='lat' dir='ltr'><strong>arma</strong></span> <span class='ocrx_word' id='word_1_572' title='bbox 1720 5227 2106 5269; x_wconf 87' lang='lat' dir='ltr'><strong>conversurum</strong></span> <span class='ocrx_word' id='word_1_573' title='bbox 2168 5212 2219 5266; x_wconf 90' lang='lat' dir='ltr'><strong>iu</strong></span> 
     </span>
    </p>
   </div>
   <div class='ocr_carea' id='block_1_87' title="bbox 684 5293 2222 5369">
    <p class='ocr_par' dir='ltr' id='par_1_87' title="bbox 684 5293 2222 5369">
     <span class='ocr_line' id='line_1_87' title="bbox 684 5293 2222 5369; baseline 0.005 -23"><span class='ocrx_word' id='word_1_574' title='bbox 684 5293 1048 5369; x_wconf 85' lang='lat' dir='ltr'><strong>Christianos,</strong></span> <span class='ocrx_word' id='word_1_575' title='bbox 1094 5299 1387 5366; x_wconf 76' lang='lat' dir='ltr'><strong>praesertim</strong></span> <span class='ocrx_word' id='word_1_576' title='bbox 1428 5300 1698 5368; x_wconf 86' lang='lat' dir='ltr'><strong>Ungaros.</strong></span> <span class='ocrx_word' id='word_1_577' title='bbox 1755 5299 1809 5352; x_wconf 93' lang='lat' dir='ltr'><strong>id</strong></span> <span class='ocrx_word' id='word_1_578' title='bbox 1860 5314 1986 5353; x_wconf 84' lang='lat' dir='ltr'><strong>vero</strong></span> <span class='ocrx_word' id='word_1_579' title='bbox 2018 5300 2222 5369; x_wconf 82' lang='lat' dir='ltr'><strong>plausi-</strong></span> 
     </span>
    </p>
   </div>
   <div class='ocr_carea' id='block_1_88' title="bbox 689 5383 2219 5456">
    <p class='ocr_par' dir='ltr' id='par_1_88' title="bbox 689 5383 2219 5456">
     <span class='ocr_line' id='line_1_88' title="bbox 689 5383 2219 5456; baseline 0.007 -23"><span class='ocrx_word' id='word_1_580' title='bbox 689 5383 794 5433; x_wconf 79' lang='lat' dir='ltr'><strong>bib-</strong></span> <span class='ocrx_word' id='word_1_581' title='bbox 840 5383 1077 5437; x_wconf 88' lang='lat' dir='ltr'><strong>futurum</strong></span> <span class='ocrx_word' id='word_1_582' title='bbox 1124 5396 1241 5439; x_wconf 89' lang='lat' dir='ltr'><strong>erat</strong></span> <span class='ocrx_word' id='word_1_583' title='bbox 1276 5389 1412 5456; x_wconf 88' lang='lat' dir='ltr'><strong>apud</strong></span> <span class='ocrx_word' id='word_1_584' title='bbox 1449 5392 1753 5456; x_wconf 84' lang='lat' dir='ltr'><strong>genizaros,</strong></span> <span class='ocrx_word' id='word_1_585' title='bbox 1788 5398 1843 5442; x_wconf 88' lang='lat' dir='ltr'><strong>et</strong></span> <span class='ocrx_word' id='word_1_586' title='bbox 1876 5391 2009 5444; x_wconf 87' lang='lat' dir='ltr'><strong>alios</strong></span> <span class='ocrx_word' id='word_1_587' title='bbox 2043 5390 2219 5444; x_wconf 71' lang='lat' dir='ltr'><strong>Porta:</strong></span> 
     </span>
    </p>
   </div>
   <div class='ocr_carea' id='block_1_89' title="bbox 692 5472 2221 5548">
    <p class='ocr_par' dir='ltr' id='par_1_89' title="bbox 692 5472 2221 5548">
     <span class='ocr_line' id='line_1_89' title="bbox 692 5472 2221 5548; baseline 0.007 -25"><span class='ocrx_word' id='word_1_588' title='bbox 692 5472 911 5537; x_wconf 73' lang='lat' dir='ltr'><strong>milites,</strong></span> <span class='ocrx_word' id='word_1_589' title='bbox 946 5474 1037 5541; x_wconf 90' lang='lat' dir='ltr'><strong>qui</strong></span> <span class='ocrx_word' id='word_1_590' title='bbox 1069 5490 1190 5528; x_wconf 85' lang='lat' dir='ltr'><strong>mox</strong></span> <span class='ocrx_word' id='word_1_591' title='bbox 1228 5476 1435 5541; x_wconf 86' lang='lat' dir='ltr'><strong>Selimi,</strong></span> <span class='ocrx_word' id='word_1_592' title='bbox 1466 5493 1559 5531; x_wconf 85' lang='lat' dir='ltr'><strong>ceu</strong></span> <span class='ocrx_word' id='word_1_593' title='bbox 1592 5481 1915 5548; x_wconf 84' lang='lat' dir='ltr'><strong>propagandi</strong></span> <span class='ocrx_word' id='word_1_594' title='bbox 1957 5482 2103 5548; x_wconf 70' lang='lat' dir='ltr'><strong>regni</strong></span> <span class='ocrx_word' id='word_1_595' title='bbox 2130 5498 2221 5534; x_wconf 85' lang='lat' dir='ltr'><strong>cu-</strong></span> 
     </span>
    </p>
   </div>
   <div class='ocr_carea' id='block_1_90' title="bbox 692 5563 2222 5639">
    <p class='ocr_par' dir='ltr' id='par_1_90' title="bbox 692 5563 2222 5639">
     <span class='ocr_line' id='line_1_90' title="bbox 692 5563 2222 5639; baseline 0.008 -26"><span class='ocrx_word' id='word_1_596' title='bbox 692 5563 836 5630; x_wconf 91' lang='lat' dir='ltr'><strong>pido,</strong></span> <span class='ocrx_word' id='word_1_597' title='bbox 890 5578 948 5616; x_wconf 88' lang='lat' dir='ltr'><strong>se</strong></span> <span class='ocrx_word' id='word_1_598' title='bbox 978 5571 1121 5618; x_wconf 90' lang='lat' dir='ltr'><strong>totos</strong></span> <span class='ocrx_word' id='word_1_599' title='bbox 1156 5566 1290 5619; x_wconf 86' lang='lat' dir='ltr'><strong>haud</strong></span> <span class='ocrx_word' id='word_1_600' title='bbox 1318 5567 1479 5623; x_wconf 86' lang='lat' dir='ltr'><strong>dubie</strong></span> <span class='ocrx_word' id='word_1_601' title='bbox 1510 5569 1683 5622; x_wconf 79' lang='lat' dir='ltr'><strong>daturi</strong></span> <span class='ocrx_word' id='word_1_602' title='bbox 1714 5580 1891 5624; x_wconf 88' lang='lat' dir='ltr'><strong>erant.</strong></span> <span class='ocrx_word' id='word_1_603' title='bbox 1920 5571 2103 5639; x_wconf 79' lang='lat' dir='ltr'><strong>itaque</strong></span> <span class='ocrx_word' id='word_1_604' title='bbox 2126 5572 2222 5626; x_wconf 89' lang='lat' dir='ltr'><strong>Se-</strong></span> 
     </span>
    </p>
   </div>
   <div class='ocr_carea' id='block_1_91' title="bbox 698 5652 2231 5729">
    <p class='ocr_par' dir='ltr' id='par_1_91' title="bbox 698 5652 2231 5729">
     <span class='ocr_line' id='line_1_91' title="bbox 698 5652 2231 5729; baseline 0.009 -28"><span class='ocrx_word' id='word_1_605' title='bbox 698 5652 992 5705; x_wconf 76' lang='lat' dir='ltr'><strong>mendriam</strong></span> <span class='ocrx_word' id='word_1_606' title='bbox 1027 5655 1076 5708; x_wconf 89' lang='lat' dir='ltr'><strong>ei</strong></span> <span class='ocrx_word' id='word_1_607' title='bbox 1114 5662 1263 5722; x_wconf 87' lang='lat' dir='ltr'><strong>pater</strong></span> <span class='ocrx_word' id='word_1_608' title='bbox 1286 5656 1464 5722; x_wconf 83' lang='lat' dir='ltr'><strong>oii&#39;ert,</strong></span> <span class='ocrx_word' id='word_1_609' title='bbox 1500 5657 1723 5729; x_wconf 86' lang='lat' dir='ltr'><strong>Ungaris</strong></span> <span class='ocrx_word' id='word_1_610' title='bbox 1750 5658 2068 5729; x_wconf 78' lang='lat' dir='ltr'><strong>proximam,</strong></span> <span class='ocrx_word' id='word_1_611' title='bbox 2099 5674 2231 5729; x_wconf 84' lang='lat' dir='ltr'><strong>qna-</strong></span> 
     </span>
    </p>
   </div>
   <div class='ocr_carea' id='block_1_92' title="bbox 700 5740 2223 5823">
    <p class='ocr_par' dir='ltr' id='par_1_92' title="bbox 700 5740 2223 5823">
     <span class='ocr_line' id='line_1_92' title="bbox 700 5740 2223 5823; baseline 0.009 -30"><span class='ocrx_word' id='word_1_612' title='bbox 700 5740 744 5793; x_wconf 88' lang='lat' dir='ltr'><strong>si</strong></span> <span class='ocrx_word' id='word_1_613' title='bbox 784 5742 827 5795; x_wconf 90' lang='lat' dir='ltr'><strong>si</strong></span> <span class='ocrx_word' id='word_1_614' title='bbox 859 5742 1063 5800; x_wconf 80' lang='lat' dir='ltr'><strong>dicet-et</strong></span> <span class='ocrx_word' id='word_1_615' title='bbox 1096 5763 1109 5807; x_wconf 83' lang='lat'><strong>;</strong></span> <span class='ocrx_word' id='word_1_616' title='bbox 1141 5745 1254 5802; x_wconf 79' lang='lat' dir='ltr'><strong>Non</strong></span> <span class='ocrx_word' id='word_1_617' title='bbox 1311 5759 1391 5804; x_wconf 85' lang='lat' dir='ltr'><strong>est</strong></span> <span class='ocrx_word' id='word_1_618' title='bbox 1420 5788 1437 5816; x_wconf 90' lang='lat'><strong>,</strong></span> <span class='ocrx_word' id='word_1_619' title='bbox 1474 5748 1620 5821; x_wconf 82' lang='lat' dir='ltr'><strong>quod</strong></span> <span class='ocrx_word' id='word_1_620' title='bbox 1659 5752 1727 5807; x_wconf 82' lang='lat' dir='ltr'><strong>ad</strong></span> <span class='ocrx_word' id='word_1_621' title='bbox 1760 5762 1971 5823; x_wconf 81' lang='lat' dir='ltr'><strong>portam</strong></span> <span class='ocrx_word' id='word_1_622' title='bbox 2004 5766 2223 5821; x_wconf 84' lang='lat' dir='ltr'><strong>ptogrc-</strong></span> 
     </span>
    </p>
   </div>
   <div class='ocr_carea' id='block_1_93' title="bbox 2373 3218 3846 3294">
    <p class='ocr_par' dir='ltr' id='par_1_93' title="bbox 2373 3218 3846 3294">
     <span class='ocr_line' id='line_1_93' title="bbox 2373 3218 3846 3294; baseline -0.009 -12"><span class='ocrx_word' id='word_1_623' title='bbox 2373 3229 2607 3284; x_wconf 77' lang='lat' dir='ltr'><strong>Narrant</strong></span> <span class='ocrx_word' id='word_1_624' title='bbox 2663 3228 2898 3294; x_wconf 83' lang='lat' dir='ltr'><strong>Annales</strong></span> <span class='ocrx_word' id='word_1_625' title='bbox 2948 3235 3002 3279; x_wconf 90' lang='lat' dir='ltr'><strong>et</strong></span> <span class='ocrx_word' id='word_1_626' title='bbox 3052 3225 3165 3287; x_wconf 86' lang='lat' dir='ltr'><strong>alii.</strong></span> <span class='ocrx_word' id='word_1_627' title='bbox 3217 3237 3326 3278; x_wconf 88' lang='lat' dir='ltr'><strong>non</strong></span> <span class='ocrx_word' id='word_1_628' title='bbox 3371 3221 3555 3291; x_wconf 90' lang='lat' dir='ltr'><strong>procul</strong></span> <span class='ocrx_word' id='word_1_629' title='bbox 3603 3235 3632 3272; x_wconf 92' lang='lat' dir='ltr'><strong>a</strong></span> <span class='ocrx_word' id='word_1_630' title='bbox 3688 3218 3846 3272; x_wconf 84' lang='lat' dir='ltr'><strong>Zorlo</strong></span> 
     </span>
    </p>
   </div>
   <div class='ocr_carea' id='block_1_94' title="bbox 2305 3312 3844 3386">
    <p class='ocr_par' dir='ltr' id='par_1_94' title="bbox 2305 3312 3844 3386">
     <span class='ocr_line' id='line_1_94' title="bbox 2305 3312 3844 3386; baseline -0.012 -12"><span class='ocrx_word' id='word_1_631' title='bbox 2305 3319 2649 3374; x_wconf 88' lang='lat' dir='ltr'><strong>concurrisse</strong></span> <span class='ocrx_word' id='word_1_632' title='bbox 2698 3317 2889 3386; x_wconf 89' lang='lat' dir='ltr'><strong>patris,</strong></span> <span class='ocrx_word' id='word_1_633' title='bbox 2947 3317 3039 3386; x_wconf 89' lang='lat' dir='ltr'><strong>qui</strong></span> <span class='ocrx_word' id='word_1_634' title='bbox 3095 3314 3325 3385; x_wconf 86' lang='lat' dir='ltr'><strong>podagra</strong></span> <span class='ocrx_word' id='word_1_635' title='bbox 3392 3312 3644 3366; x_wconf 85' lang='lat' dir='ltr'><strong>laborans</strong></span> <span class='ocrx_word' id='word_1_636' title='bbox 3687 3324 3844 3364; x_wconf 87' lang='lat' dir='ltr'><strong>curru</strong></span> 
     </span>
    </p>
   </div>
   <div class='ocr_carea' id='block_1_95' title="bbox 2306 3402 3847 3478">
    <p class='ocr_par' dir='ltr' id='par_1_95' title="bbox 2306 3402 3847 3478">
     <span class='ocr_line' id='line_1_95' title="bbox 2306 3402 3847 3478; baseline -0.008 -15"><span class='ocrx_word' id='word_1_637' title='bbox 2306 3412 2622 3475; x_wconf 86' lang='lat' dir='ltr'><strong>vehebatur,</strong></span> <span class='ocrx_word' id='word_1_638' title='bbox 2670 3417 2724 3463; x_wconf 90' lang='lat' dir='ltr'><strong>et</strong></span> <span class='ocrx_word' id='word_1_639' title='bbox 2760 3408 2854 3462; x_wconf 82' lang='lat' dir='ltr'><strong>lilii</strong></span> <span class='ocrx_word' id='word_1_640' title='bbox 2893 3409 3100 3478; x_wconf 89' lang='lat' dir='ltr'><strong>copias.</strong></span> <span class='ocrx_word' id='word_1_641' title='bbox 3150 3406 3294 3459; x_wconf 86' lang='lat' dir='ltr'><strong>Zorli</strong></span> <span class='ocrx_word' id='word_1_642' title='bbox 3346 3419 3474 3459; x_wconf 90' lang='lat' dir='ltr'><strong>vero</strong></span> <span class='ocrx_word' id='word_1_643' title='bbox 3524 3402 3720 3457; x_wconf 80' lang='lat' dir='ltr'><strong>Turcis</strong></span> <span class='ocrx_word' id='word_1_644' title='bbox 3767 3410 3847 3454; x_wconf 76' lang='lat' dir='ltr'><strong>est</strong></span> 
     </span>
    </p>
   </div>
   <div class='ocr_carea' id='block_1_96' title="bbox 2307 3491 3869 3571">
    <p class='ocr_par' dir='ltr' id='par_1_96' title="bbox 2307 3491 3869 3571">
     <span class='ocr_line' id='line_1_96' title="bbox 2307 3491 3869 3571; baseline -0.008 -17"><span class='ocrx_word' id='word_1_645' title='bbox 2307 3502 2561 3571; x_wconf 89' lang='lat' dir='ltr'><strong>oppidum</strong></span> <span class='ocrx_word' id='word_1_646' title='bbox 2616 3507 2770 3553; x_wconf 83' lang='lat' dir='ltr'><strong>vetus</strong></span> <span class='ocrx_word' id='word_1_647' title='bbox 2809 3498 3096 3551; x_wconf 81' lang='lat' dir='ltr'><strong>Tzuroiloe</strong></span> <span class='ocrx_word' id='word_1_648' title='bbox 3144 3496 3227 3549; x_wconf 83' lang='lat' dir='ltr'><strong>vel</strong></span> <span class='ocrx_word' id='word_1_649' title='bbox 3264 3493 3557 3556; x_wconf 81' lang='lat' dir='ltr'><strong>Tzurulns,</strong></span> <span class='ocrx_word' id='word_1_650' title='bbox 3617 3491 3688 3544; x_wconf 88' lang='lat' dir='ltr'><strong>de</strong></span> <span class='ocrx_word' id='word_1_651' title='bbox 3745 3503 3869 3558; x_wconf 84' lang='lat' dir='ltr'><strong>quo</strong></span> 
     </span>
    </p>
   </div>
   <div class='ocr_carea' id='block_1_97' title="bbox 2310 3582 3843 3661">
    <p class='ocr_par' dir='ltr' id='par_1_97' title="bbox 2310 3582 3843 3661">
     <span class='ocr_line' id='line_1_97' title="bbox 2310 3582 3843 3661; baseline -0.006 -19"><span class='ocrx_word' id='word_1_652' title='bbox 2310 3595 2507 3647; x_wconf 75' lang='lat' dir='ltr'><strong>dictum</strong></span> <span class='ocrx_word' id='word_1_653' title='bbox 2564 3606 2683 3661; x_wconf 88' lang='lat' dir='ltr'><strong>cap.</strong></span> <span class='ocrx_word' id='word_1_654' title='bbox 2747 3589 2838 3643; x_wconf 73' lang='lat'><strong>26.</strong></span> <span class='ocrx_word' id='word_1_655' title='bbox 2892 3588 3076 3643; x_wconf 82' lang='lat' dir='ltr'><strong>Jovius</strong></span> <span class='ocrx_word' id='word_1_656' title='bbox 3128 3588 3223 3652; x_wconf 91' lang='lat' dir='ltr'><strong>ait,</strong></span> <span class='ocrx_word' id='word_1_657' title='bbox 3251 3588 3320 3641; x_wconf 91' lang='lat' dir='ltr'><strong>ab</strong></span> <span class='ocrx_word' id='word_1_658' title='bbox 3364 3586 3466 3639; x_wconf 85' lang='lat' dir='ltr'><strong>hac</strong></span> <span class='ocrx_word' id='word_1_659' title='bbox 3515 3582 3843 3637; x_wconf 75' lang='lat' dir='ltr'><strong>memorabili</strong></span> 
     </span>
    </p>
   </div>
   <div class='ocr_carea' id='block_1_98' title="bbox 2310 3670 3840 3753">
    <p class='ocr_par' dir='ltr' id='par_1_98' title="bbox 2310 3670 3840 3753">
     <span class='ocr_line' id='line_1_98' title="bbox 2310 3670 3840 3753; baseline -0.007 -17"><span class='ocrx_word' id='word_1_660' title='bbox 2310 3699 2497 3753; x_wconf 81' lang='lat' dir='ltr'><strong>pugna</strong></span> <span class='ocrx_word' id='word_1_661' title='bbox 2518 3697 2708 3752; x_wconf 88' lang='lat' dir='ltr'><strong>pagum</strong></span> <span class='ocrx_word' id='word_1_662' title='bbox 2738 3681 2904 3745; x_wconf 92' lang='lat' dir='ltr'><strong>hunc,</strong></span> <span class='ocrx_word' id='word_1_663' title='bbox 2946 3680 3098 3747; x_wconf 89' lang='lat' dir='ltr'><strong>prius</strong></span> <span class='ocrx_word' id='word_1_664' title='bbox 3131 3670 3429 3732; x_wconf 86' lang='lat' dir='ltr'><strong>obscurum</strong></span> <span class='ocrx_word' id='word_1_665' title='bbox 3449 3681 3505 3729; x_wconf 88' lang='lat' dir='ltr'><strong>et</strong></span> <span class='ocrx_word' id='word_1_666' title='bbox 3534 3672 3840 3743; x_wconf 87' lang='lat' dir='ltr'><strong>ignobilem,</strong></span> 
     </span>
    </p>
   </div>
   <div class='ocr_carea' id='block_1_99' title="bbox 2312 3762 3844 3846">
    <p class='ocr_par' dir='ltr' id='par_1_99' title="bbox 2312 3762 3844 3846">
     <span class='ocr_line' id='line_1_99' title="bbox 2312 3762 3844 3846; baseline -0.011 -15"><span class='ocrx_word' id='word_1_667' title='bbox 2312 3776 2387 3846; x_wconf 77' lang='grc' dir='ltr'><strong>(ιιι</strong></span> <span class='ocrx_word' id='word_1_668' title='bbox 2440 3791 2603 3846; x_wconf 88' lang='lat' dir='ltr'><strong>supra</strong></span> <span class='ocrx_word' id='word_1_669' title='bbox 2669 3773 2812 3827; x_wconf 89' lang='lat' dir='ltr'><strong>dicto</strong></span> <span class='ocrx_word' id='word_1_670' title='bbox 2874 3772 3050 3840; x_wconf 81' lang='lat' dir='ltr'><strong>capite</strong></span> <span class='ocrx_word' id='word_1_671' title='bbox 3097 3766 3471 3833; x_wconf 76' lang='lat' dir='ltr'><strong>refutavimus)</strong></span> <span class='ocrx_word' id='word_1_672' title='bbox 3506 3778 3700 3819; x_wconf 90' lang='lat' dir='ltr'><strong>nomen</strong></span> <span class='ocrx_word' id='word_1_673' title='bbox 3750 3762 3844 3815; x_wconf 87' lang='lat' dir='ltr'><strong>ali-</strong></span> 
     </span>
    </p>
   </div>
   <div class='ocr_carea' id='block_1_100' title="bbox 2310 3852 3852 3936">
    <p class='ocr_par' dir='ltr' id='par_1_100' title="bbox 2310 3852 3852 3936">
     <span class='ocr_line' id='line_1_100' title="bbox 2310 3852 3852 3936; baseline -0.014 -13"><span class='ocrx_word' id='word_1_674' title='bbox 2310 3868 2474 3936; x_wconf 82' lang='lat' dir='ltr'><strong>quod,</strong></span> <span class='ocrx_word' id='word_1_675' title='bbox 2527 3874 2580 3920; x_wconf 91' lang='lat' dir='ltr'><strong>et</strong></span> <span class='ocrx_word' id='word_1_676' title='bbox 2629 3865 2965 3934; x_wconf 87' lang='lat' dir='ltr'><strong>splendorem</strong></span> <span class='ocrx_word' id='word_1_677' title='bbox 3029 3861 3205 3915; x_wconf 88' lang='lat' dir='ltr'><strong>fuisse</strong></span> <span class='ocrx_word' id='word_1_678' title='bbox 3247 3864 3619 3914; x_wconf 88' lang='lat' dir='ltr'><strong>consecutum.</strong></span> <span class='ocrx_word' id='word_1_679' title='bbox 3682 3852 3852 3921; x_wconf 41' lang='lat' dir='ltr'><strong>Spain;</strong></span> 
     </span>
    </p>
   </div>
   <div class='ocr_carea' id='block_1_101' title="bbox 2311 3949 3840 4027">
    <p class='ocr_par' dir='ltr' id='par_1_101' title="bbox 2311 3949 3840 4027">
     <span class='ocr_line' id='line_1_101' title="bbox 2311 3949 3840 4027; baseline -0.012 -14"><span class='ocrx_word' id='word_1_680' title='bbox 2311 3960 2542 4027; x_wconf 88' lang='lat' dir='ltr'><strong>duginus</strong></span> <span class='ocrx_word' id='word_1_681' title='bbox 2596 3956 2767 4020; x_wconf 88' lang='lat' dir='ltr'><strong>addit,</strong></span> <span class='ocrx_word' id='word_1_682' title='bbox 2806 3954 3049 4009; x_wconf 87' lang='lat' dir='ltr'><strong>eumdetn</strong></span> <span class='ocrx_word' id='word_1_683' title='bbox 3099 3951 3274 4005; x_wconf 89' lang='lat' dir='ltr'><strong>locum</strong></span> <span class='ocrx_word' id='word_1_684' title='bbox 3348 3949 3617 4017; x_wconf 90' lang='lat' dir='ltr'><strong>pertinere</strong></span> <span class='ocrx_word' id='word_1_685' title='bbox 3659 3955 3840 3999; x_wconf 83' lang='lat' dir='ltr'><strong>versus</strong></span> 
     </span>
    </p>
   </div>
   <div class='ocr_carea' id='block_1_102' title="bbox 2312 4039 3839 4117">
    <p class='ocr_par' dir='ltr' id='par_1_102' title="bbox 2312 4039 3839 4117">
     <span class='ocr_line' id='line_1_102' title="bbox 2312 4039 3839 4117; baseline -0.009 -15"><span class='ocrx_word' id='word_1_686' title='bbox 2312 4047 2671 4117; x_wconf 86' lang='lat' dir='ltr'><strong>Quadraginta</strong></span> <span class='ocrx_word' id='word_1_687' title='bbox 2734 4044 3009 4099; x_wconf 88' lang='lat' dir='ltr'><strong>ecclesias.</strong></span> <span class='ocrx_word' id='word_1_688' title='bbox 3085 4041 3140 4095; x_wconf 88' lang='lat' dir='ltr'><strong>id</strong></span> <span class='ocrx_word' id='word_1_689' title='bbox 3193 4042 3353 4095; x_wconf 83' lang='lat' dir='ltr'><strong>etiam</strong></span> <span class='ocrx_word' id='word_1_690' title='bbox 3429 4039 3683 4108; x_wconf 86' lang='lat' dir='ltr'><strong>oppidum</strong></span> <span class='ocrx_word' id='word_1_691' title='bbox 3762 4048 3839 4090; x_wconf 90' lang='lat' dir='ltr'><strong>est</strong></span> 
     </span>
    </p>
   </div>
   <div class='ocr_carea' id='block_1_103' title="bbox 2313 4127 3838 4199">
    <p class='ocr_par' dir='ltr' id='par_1_103' title="bbox 2313 4127 3838 4199">
     <span class='ocr_line' id='line_1_103' title="bbox 2313 4127 3838 4199; baseline -0.009 -6"><span class='ocrx_word' id='word_1_692' title='bbox 2313 4138 2593 4199; x_wconf 58' lang='lat' dir='ltr'><strong>Thraciae,</strong></span> <span class='ocrx_word' id='word_1_693' title='bbox 2641 4149 2786 4190; x_wconf 90' lang='lat' dir='ltr'><strong>nunc</strong></span> <span class='ocrx_word' id='word_1_694' title='bbox 2837 4133 3035 4188; x_wconf 64' lang='lat' dir='ltr'><strong>Graecis</strong></span> <span class='ocrx_word' id='word_1_695' title='bbox 3096 4133 3325 4186; x_wconf 89' lang='lat' dir='ltr'><strong>Saranta</strong></span> <span class='ocrx_word' id='word_1_696' title='bbox 3377 4130 3620 4187; x_wconf 75' lang='lat' dir='ltr'><strong>ecclisies</strong></span> <span class='ocrx_word' id='word_1_697' title='bbox 3670 4127 3838 4197; x_wconf 84' lang='lat' dir='ltr'><strong>appel-</strong></span> 
     </span>
    </p>
   </div>
   <div class='ocr_carea' id='block_1_104' title="bbox 2313 4217 3839 4300">
    <p class='ocr_par' dir='ltr' id='par_1_104' title="bbox 2313 4217 3839 4300">
     <span class='ocr_line' id='line_1_104' title="bbox 2313 4217 3839 4300; baseline -0.01 -14"><span class='ocrx_word' id='word_1_698' title='bbox 2313 4233 2480 4287; x_wconf 84' lang='lat' dir='ltr'><strong>latum</strong></span> <span class='ocrx_word' id='word_1_699' title='bbox 2511 4228 2695 4300; x_wconf 86' lang='lat' dir='ltr'><strong>(prisci</strong></span> <span class='ocrx_word' id='word_1_700' title='bbox 2749 4227 3149 4295; x_wconf 79' lang='grc' dir='ltr'><strong>τεσσαράκοντα</strong></span> <span class='ocrx_word' id='word_1_701' title='bbox 3203 4222 3491 4292; x_wconf 66' lang='grc' dir='ltr'><strong>ἐκκλησίας</strong></span> <span class='ocrx_word' id='word_1_702' title='bbox 3542 4217 3839 4290; x_wconf 83' lang='lat' dir='ltr'><strong>dixissent),</strong></span> 
     </span>
    </p>
   </div>
   <div class='ocr_carea' id='block_1_105' title="bbox 2314 4310 3838 4383">
    <p class='ocr_par' dir='ltr' id='par_1_105' title="bbox 2314 4310 3838 4383">
     <span class='ocr_line' id='line_1_105' title="bbox 2314 4310 3838 4383; baseline -0.009 -8"><span class='ocrx_word' id='word_1_703' title='bbox 2314 4322 2438 4375; x_wconf 81' lang='lat' dir='ltr'><strong>iiirc</strong></span> <span class='ocrx_word' id='word_1_704' title='bbox 2467 4321 2640 4375; x_wconf 85' lang='lat' dir='ltr'><strong>Clisse</strong></span> <span class='ocrx_word' id='word_1_705' title='bbox 2681 4318 2898 4381; x_wconf 87' lang='lat' dir='ltr'><strong>Turcis,</strong></span> <span class='ocrx_word' id='word_1_706' title='bbox 2951 4316 3136 4371; x_wconf 86' lang='lat' dir='ltr'><strong>eodem</strong></span> <span class='ocrx_word' id='word_1_707' title='bbox 3184 4313 3529 4383; x_wconf 84' lang='lat' dir='ltr'><strong>significato:</strong></span> <span class='ocrx_word' id='word_1_708' title='bbox 3588 4310 3677 4365; x_wconf 87' lang='lat' dir='ltr'><strong>ubi</strong></span> <span class='ocrx_word' id='word_1_709' title='bbox 3724 4323 3838 4364; x_wconf 82' lang='lat' dir='ltr'><strong>san-</strong></span> 
     </span>
    </p>
   </div>
   <div class='ocr_carea' id='block_1_106' title="bbox 2318 4400 3837 4478">
    <p class='ocr_par' dir='ltr' id='par_1_106' title="bbox 2318 4400 3837 4478">
     <span class='ocr_line' id='line_1_106' title="bbox 2318 4400 3837 4478; baseline -0.006 -17"><span class='ocrx_word' id='word_1_710' title='bbox 2318 4410 2454 4478; x_wconf 82' lang='lat' dir='ltr'><strong>giaci</strong></span> <span class='ocrx_word' id='word_1_711' title='bbox 2504 4407 3045 4463; x_wconf 80' lang='lat' dir='ltr'><strong>Kirccliensishodie</strong></span> <span class='ocrx_word' id='word_1_712' title='bbox 3097 4405 3252 4459; x_wconf 85' lang='lat' dir='ltr'><strong>sedes</strong></span> <span class='ocrx_word' id='word_1_713' title='bbox 3300 4412 3405 4470; x_wconf 87' lang='lat' dir='ltr'><strong>est,</strong></span> <span class='ocrx_word' id='word_1_714' title='bbox 3436 4402 3688 4458; x_wconf 72' lang='lat' dir='ltr'><strong>Rumeliat</strong></span> <span class='ocrx_word' id='word_1_715' title='bbox 3733 4400 3837 4455; x_wconf 75' lang='lat' dir='ltr'><strong>sive</strong></span> 
     </span>
    </p>
   </div>
   <div class='ocr_carea' id='block_1_107' title="bbox 2430 4483 3837 4561">
    <p class='ocr_par' dir='ltr' id='par_1_107' title="bbox 2430 4483 3837 4561">
     <span class='ocr_line' id='line_1_107' title="bbox 2430 4483 3837 4561; baseline -0.004 -11"><span class='ocrx_word' id='word_1_716' title='bbox 2430 4483 2541 4555; x_wconf 58' lang='lat' dir='ltr'><strong>icite</strong></span> <span class='ocrx_word' id='word_1_717' title='bbox 2610 4499 2930 4561; x_wconf 81' lang='lat' dir='ltr'><strong>beglerbego</strong></span> <span class='ocrx_word' id='word_1_718' title='bbox 3011 4496 3233 4552; x_wconf 87' lang='lat' dir='ltr'><strong>subditi.</strong></span> <span class='ocrx_word' id='word_1_719' title='bbox 3322 4494 3547 4551; x_wconf 89' lang='lat' dir='ltr'><strong>Selimes</strong></span> <span class='ocrx_word' id='word_1_720' title='bbox 3626 4493 3837 4561; x_wconf 87' lang='lat' dir='ltr'><strong>denique</strong></span> 
     </span>
    </p>
   </div>
   <div class='ocr_carea' id='block_1_108' title="bbox 2324 4582 3839 4664">
    <p class='ocr_par' dir='ltr' id='par_1_108' title="bbox 2324 4582 3839 4664">
     <span class='ocr_line' id='line_1_108' title="bbox 2324 4582 3839 4664; baseline -0.007 -18"><span class='ocrx_word' id='word_1_721' title='bbox 2324 4595 2505 4664; x_wconf 81' lang='lat' dir='ltr'><strong>praelio</strong></span> <span class='ocrx_word' id='word_1_722' title='bbox 2553 4593 2746 4655; x_wconf 91' lang='lat' dir='ltr'><strong>victus,</strong></span> <span class='ocrx_word' id='word_1_723' title='bbox 2782 4590 2903 4660; x_wconf 85' lang='lat' dir='ltr'><strong>equi</strong></span> <span class='ocrx_word' id='word_1_724' title='bbox 2952 4588 3209 4644; x_wconf 80' lang='lat' dir='ltr'><strong>beneﬁcio</strong></span> <span class='ocrx_word' id='word_1_725' title='bbox 3239 4587 3417 4642; x_wconf 86' lang='lat' dir='ltr'><strong>salvus</strong></span> <span class='ocrx_word' id='word_1_726' title='bbox 3455 4587 3624 4642; x_wconf 84' lang='lat' dir='ltr'><strong>evasit</strong></span> <span class='ocrx_word' id='word_1_727' title='bbox 3654 4603 3668 4639; x_wconf 90' lang='lat'><strong>:</strong></span> <span class='ocrx_word' id='word_1_728' title='bbox 3698 4582 3839 4651; x_wconf 83' lang='lat' dir='ltr'><strong>cujus</strong></span> 
     </span>
    </p>
   </div>
   <div class='ocr_carea' id='block_1_109' title="bbox 2324 4672 3835 4744">
    <p class='ocr_par' dir='ltr' id='par_1_109' title="bbox 2324 4672 3835 4744">
     <span class='ocr_line' id='line_1_109' title="bbox 2324 4672 3835 4744; baseline -0.009 -6"><span class='ocrx_word' id='word_1_729' title='bbox 2324 4689 2367 4738; x_wconf 91' lang='lat' dir='ltr'><strong>si</strong></span> <span class='ocrx_word' id='word_1_730' title='bbox 2419 4672 2613 4737; x_wconf 84' lang='lat' dir='ltr'><strong>nomen</strong></span> <span class='ocrx_word' id='word_1_731' title='bbox 2664 4684 2825 4737; x_wconf 90' lang='lat' dir='ltr'><strong>etiam</strong></span> <span class='ocrx_word' id='word_1_732' title='bbox 2868 4683 3009 4737; x_wconf 88' lang='lat' dir='ltr'><strong>scire</strong></span> <span class='ocrx_word' id='word_1_733' title='bbox 3054 4680 3238 4744; x_wconf 84' lang='lat' dir='ltr'><strong>refert,</strong></span> <span class='ocrx_word' id='word_1_734' title='bbox 3288 4687 3349 4733; x_wconf 90' lang='lat' dir='ltr'><strong>ut</strong></span> <span class='ocrx_word' id='word_1_735' title='bbox 3392 4679 3539 4733; x_wconf 89' lang='lat' dir='ltr'><strong>illius</strong></span> <span class='ocrx_word' id='word_1_736' title='bbox 3570 4673 3835 4732; x_wconf 80' lang='lat' dir='ltr'><strong>Alexandri</strong></span> 
     </span>
    </p>
   </div>
   <div class='ocr_carea' id='block_1_110' title="bbox 2325 4764 3839 4841">
    <p class='ocr_par' dir='ltr' id='par_1_110' title="bbox 2325 4764 3839 4841">
     <span class='ocr_line' id='line_1_110' title="bbox 2325 4764 3839 4841; baseline -0.005 -15"><span class='ocrx_word' id='word_1_737' title='bbox 2325 4774 2637 4841; x_wconf 81' lang='lat' dir='ltr'><strong>Bucephali,</strong></span> <span class='ocrx_word' id='word_1_738' title='bbox 2671 4772 2965 4825; x_wconf 85' lang='lat' dir='ltr'><strong>notandum</strong></span> <span class='ocrx_word' id='word_1_739' title='bbox 3008 4786 3038 4824; x_wconf 90' lang='lat' dir='ltr'><strong>e</strong></span> <span class='ocrx_word' id='word_1_740' title='bbox 3089 4768 3413 4837; x_wconf 89' lang='lat' dir='ltr'><strong>Busbequio,</strong></span> <span class='ocrx_word' id='word_1_741' title='bbox 3440 4768 3641 4823; x_wconf 88' lang='lat' dir='ltr'><strong>dictum</strong></span> <span class='ocrx_word' id='word_1_742' title='bbox 3684 4764 3839 4819; x_wconf 80' lang='lat' dir='ltr'><strong>fuisse</strong></span> 
     </span>
    </p>
   </div>
   <div class='ocr_carea' id='block_1_111' title="bbox 2323 4860 3648 4935">
    <p class='ocr_par' dir='ltr' id='par_1_111' title="bbox 2323 4860 3648 4935">
     <span class='ocr_line' id='line_1_111' title="bbox 2323 4860 3648 4935; baseline -0.005 -17"><span class='ocrx_word' id='word_1_743' title='bbox 2323 4865 2643 4935; x_wconf 78' lang='lat' dir='ltr'><strong>Carahnlyc,</strong></span> <span class='ocrx_word' id='word_1_744' title='bbox 2682 4878 2814 4919; x_wconf 85' lang='lat' dir='ltr'><strong>voce</strong></span> <span class='ocrx_word' id='word_1_745' title='bbox 2844 4864 3037 4919; x_wconf 89' lang='lat' dir='ltr'><strong>nubem</strong></span> <span class='ocrx_word' id='word_1_746' title='bbox 3066 4863 3269 4931; x_wconf 82' lang='lat' dir='ltr'><strong>nigram</strong></span> <span class='ocrx_word' id='word_1_747' title='bbox 3292 4860 3648 4931; x_wconf 80' lang='lat' dir='ltr'><strong>signiﬁcante.</strong></span> 
     </span>
    </p>
   </div>
   <div class='ocr_carea' id='block_1_112' title="bbox 2320 4948 3835 5023">
    <p class='ocr_par' dir='ltr' id='par_1_112' title="bbox 2320 4948 3835 5023">
     <span class='ocr_line' id='line_1_112' title="bbox 2320 4948 3835 5023; baseline -0.005 -14"><span class='ocrx_word' id='word_1_748' title='bbox 2320 4957 2441 5012; x_wconf 68' lang='grc'><strong>191.</strong></span> <span class='ocrx_word' id='word_1_749' title='bbox 2487 4956 2699 5010; x_wconf 72' lang='lat' dir='ltr'><strong>Selimes</strong></span> <span class='ocrx_word' id='word_1_750' title='bbox 2755 4958 2917 5010; x_wconf 80' lang='lat' dir='ltr'><strong>victus</strong></span> <span class='ocrx_word' id='word_1_751' title='bbox 2971 4954 3125 5023; x_wconf 81' lang='lat' dir='ltr'><strong>Cofen</strong></span> <span class='ocrx_word' id='word_1_752' title='bbox 3172 4948 3400 5022; x_wconf 77' lang='lat' dir='ltr'><strong>aufugit,</strong></span> <span class='ocrx_word' id='word_1_753' title='bbox 3454 4950 3625 5020; x_wconf 72' lang='lat' dir='ltr'><strong>Midqe</strong></span> <span class='ocrx_word' id='word_1_754' title='bbox 3670 4966 3835 5021; x_wconf 74' lang='lat' dir='ltr'><strong>pagus,</strong></span> 
     </span>
    </p>
   </div>
   <div class='ocr_carea' id='block_1_113' title="bbox 2848 5024 3332 5078">
    <p class='ocr_par' dir='ltr' id='par_1_113' title="bbox 2848 5024 3332 5078">
     <span class='ocr_line' id='line_1_113' title="bbox 2848 5024 3332 5078; baseline 0.002 -1"><span class='ocrx_word' id='word_1_755' title='bbox 2848 5024 3130 5077; x_wconf 80' lang='lat' dir='ltr'><strong>Niscltanzi</strong></span> <span class='ocrx_word' id='word_1_756' title='bbox 3160 5025 3332 5078; x_wconf 80' lang='lat' dir='ltr'><strong>bassa.</strong></span> 
     </span>
    </p>
   </div>
   <div class='ocr_carea' id='block_1_114' title="bbox 2390 5108 3835 5185">
    <p class='ocr_par' dir='ltr' id='par_1_114' title="bbox 2390 5108 3835 5185">
     <span class='ocr_line' id='line_1_114' title="bbox 2390 5108 3835 5185; baseline -0.003 -19"><span class='ocrx_word' id='word_1_757' title='bbox 2390 5113 2515 5183; x_wconf 81' lang='lat' dir='ltr'><strong>i’agi</strong></span> <span class='ocrx_word' id='word_1_758' title='bbox 2545 5113 2729 5185; x_wconf 81' lang='lat' dir='ltr'><strong>Migd:e</strong></span> <span class='ocrx_word' id='word_1_759' title='bbox 2759 5127 2955 5168; x_wconf 87' lang='lat' dir='ltr'><strong>nomen</strong></span> <span class='ocrx_word' id='word_1_760' title='bbox 2977 5112 3198 5167; x_wconf 87' lang='lat' dir='ltr'><strong>annales</strong></span> <span class='ocrx_word' id='word_1_761' title='bbox 3228 5114 3327 5166; x_wconf 91' lang='lat' dir='ltr'><strong>soli</strong></span> <span class='ocrx_word' id='word_1_762' title='bbox 3360 5112 3619 5177; x_wconf 84' lang='lat' dir='ltr'><strong>referunt,</strong></span> <span class='ocrx_word' id='word_1_763' title='bbox 3650 5108 3835 5163; x_wconf 59' lang='lat' dir='ltr'><strong>ceteris</strong></span> 
     </span>
    </p>
   </div>
   <div class='ocr_carea' id='block_1_115' title="bbox 2321 5199 3833 5274">
    <p class='ocr_par' dir='ltr' id='par_1_115' title="bbox 2321 5199 3833 5274">
     <span class='ocr_line' id='line_1_115' title="bbox 2321 5199 3833 5274; baseline -0.007 -17"><span class='ocrx_word' id='word_1_764' title='bbox 2321 5204 2385 5257; x_wconf 91' lang='lat' dir='ltr'><strong>ad</strong></span> <span class='ocrx_word' id='word_1_765' title='bbox 2417 5203 2635 5274; x_wconf 77' lang='lat' dir='ltr'><strong>Nigrum</strong></span> <span class='ocrx_word' id='word_1_766' title='bbox 2687 5220 2832 5259; x_wconf 86' lang='lat' dir='ltr'><strong>mare</strong></span> <span class='ocrx_word' id='word_1_767' title='bbox 2861 5204 3112 5259; x_wconf 88' lang='lat' dir='ltr'><strong>Selimem</strong></span> <span class='ocrx_word' id='word_1_768' title='bbox 3144 5203 3448 5274; x_wconf 86' lang='lat' dir='ltr'><strong>profugisse</strong></span> <span class='ocrx_word' id='word_1_769' title='bbox 3493 5199 3833 5257; x_wconf 83' lang='lat' dir='ltr'><strong>narrantibus.</strong></span> 
     </span>
    </p>
   </div>
   <div class='ocr_carea' id='block_1_116' title="bbox 2320 5284 3834 5363">
    <p class='ocr_par' dir='ltr' id='par_1_116' title="bbox 2320 5284 3834 5363">
     <span class='ocr_line' id='line_1_116' title="bbox 2320 5284 3834 5363; baseline 0.007 -18"><span class='ocrx_word' id='word_1_770' title='bbox 2320 5292 2509 5363; x_wconf 82' lang='lat' dir='ltr'><strong>Midgae</strong></span> <span class='ocrx_word' id='word_1_771' title='bbox 2538 5311 2665 5350; x_wconf 68' lang='lat' dir='ltr'><strong>vero</strong></span> <span class='ocrx_word' id='word_1_772' title='bbox 2696 5296 2832 5350; x_wconf 90' lang='lat' dir='ltr'><strong>situs</strong></span> <span class='ocrx_word' id='word_1_773' title='bbox 2860 5311 2922 5348; x_wconf 88' lang='lat' dir='ltr'><strong>ex</strong></span> <span class='ocrx_word' id='word_1_774' title='bbox 2957 5284 3021 5349; x_wconf 86' lang='lat' dir='ltr'><strong>eo</strong></span> <span class='ocrx_word' id='word_1_775' title='bbox 3055 5295 3355 5363; x_wconf 83' lang='lat' dir='ltr'><strong>colligitur,</strong></span> <span class='ocrx_word' id='word_1_776' title='bbox 3385 5293 3507 5362; x_wconf 79' lang='lat' dir='ltr'><strong>pagi</strong></span> <span class='ocrx_word' id='word_1_777' title='bbox 3536 5287 3834 5354; x_wconf 76' lang='lat' dir='ltr'><strong>czctcro-I&quot;in</strong></span> 
     </span>
    </p>
   </div>
   <div class='ocr_carea' id='block_1_117' title="bbox 2316 5377 3835 5455">
    <p class='ocr_par' dir='ltr' id='par_1_117' title="bbox 2316 5377 3835 5455">
     <span class='ocr_line' id='line_1_117' title="bbox 2316 5377 3835 5455; baseline -0.001 -20"><span class='ocrx_word' id='word_1_778' title='bbox 2316 5383 2505 5451; x_wconf 83' lang='lat' dir='ltr'><strong>ignoti,</strong></span> <span class='ocrx_word' id='word_1_779' title='bbox 2530 5398 2594 5439; x_wconf 73' lang='lat' dir='ltr'><strong>et</strong></span> <span class='ocrx_word' id='word_1_780' title='bbox 2620 5384 2885 5455; x_wconf 75' lang='lat' dir='ltr'><strong>nnSqnam</strong></span> <span class='ocrx_word' id='word_1_781' title='bbox 2922 5387 3139 5454; x_wconf 84' lang='lat' dir='ltr'><strong>proditi,</strong></span> <span class='ocrx_word' id='word_1_782' title='bbox 3170 5383 3310 5452; x_wconf 88' lang='lat' dir='ltr'><strong>quod</strong></span> <span class='ocrx_word' id='word_1_783' title='bbox 3342 5382 3728 5451; x_wconf 79' lang='lat' dir='ltr'><strong>Spanduginus,</strong></span> <span class='ocrx_word' id='word_1_784' title='bbox 3774 5377 3835 5431; x_wconf 72' lang='lat' dir='ltr'><strong>ait</strong></span> 
     </span>
    </p>
   </div>
   <div class='ocr_carea' id='block_1_118' title="bbox 2321 5471 3835 5546">
    <p class='ocr_par' dir='ltr' id='par_1_118' title="bbox 2321 5471 3835 5546">
     <span class='ocr_line' id='line_1_118' title="bbox 2321 5471 3835 5546; baseline -0.009 -19"><span class='ocrx_word' id='word_1_785' title='bbox 2321 5474 2569 5530; x_wconf 83' lang='lat' dir='ltr'><strong>Selimem</strong></span> <span class='ocrx_word' id='word_1_786' title='bbox 2630 5493 2726 5546; x_wconf 87' lang='lat' dir='ltr'><strong>per</strong></span> <span class='ocrx_word' id='word_1_787' title='bbox 2787 5476 3072 5530; x_wconf 82' lang='lat' dir='ltr'><strong>Thraciam</strong></span> <span class='ocrx_word' id='word_1_788' title='bbox 3147 5474 3401 5541; x_wconf 76' lang='lat' dir='ltr'><strong>fugiendo</strong></span> <span class='ocrx_word' id='word_1_789' title='bbox 3445 5471 3670 5527; x_wconf 81' lang='lat' dir='ltr'><strong>Varnatu</strong></span> <span class='ocrx_word' id='word_1_790' title='bbox 3730 5482 3835 5516; x_wconf 78' lang='lat' dir='ltr'><strong>vrr-</strong></span> 
     </span>
    </p>
   </div>
   <div class='ocr_carea' id='block_1_119' title="bbox 2325 5566 3829 5637">
    <p class='ocr_par' dir='ltr' id='par_1_119' title="bbox 2325 5566 3829 5637">
     <span class='ocr_line' id='line_1_119' title="bbox 2325 5566 3829 5637; baseline -0.001 -18"><span class='ocrx_word' id='word_1_791' title='bbox 2325 5581 2439 5632; x_wconf 91' lang='lat' dir='ltr'><strong>sus,</strong></span> <span class='ocrx_word' id='word_1_792' title='bbox 2494 5566 2755 5623; x_wconf 70' lang='lat' dir='ltr'><strong>Euxinum</strong></span> <span class='ocrx_word' id='word_1_793' title='bbox 2822 5570 3059 5637; x_wconf 34' lang='lat' dir='ltr'><strong>pn‘tiissc.</strong></span> <span class='ocrx_word' id='word_1_794' title='bbox 3117 5566 3450 5637; x_wconf 83' lang='lat' dir='ltr'><strong>Quapropter</strong></span> <span class='ocrx_word' id='word_1_795' title='bbox 3516 5567 3678 5633; x_wconf 76' lang='lat' dir='ltr'><strong>Mitlge</strong></span> <span class='ocrx_word' id='word_1_796' title='bbox 3740 5574 3829 5611; x_wconf 66' lang='lat' dir='ltr'><strong>n33</strong></span> 
     </span>
    </p>
   </div>
   <div class='ocr_carea' id='block_1_120' title="bbox 2329 5658 3829 5728">
    <p class='ocr_par' dir='ltr' id='par_1_120' title="bbox 2329 5658 3829 5728">
     <span class='ocr_line' id='line_1_120' title="bbox 2329 5658 3829 5728; baseline 0 -17"><span class='ocrx_word' id='word_1_797' title='bbox 2329 5662 2512 5722; x_wconf 82' lang='lat' dir='ltr'><strong>procul</strong></span> <span class='ocrx_word' id='word_1_798' title='bbox 2550 5663 2721 5715; x_wconf 85' lang='lat' dir='ltr'><strong>aberit</strong></span> <span class='ocrx_word' id='word_1_799' title='bbox 2763 5677 2789 5714; x_wconf 92' lang='lat' dir='ltr'><strong>a</strong></span> <span class='ocrx_word' id='word_1_800' title='bbox 2839 5662 3034 5721; x_wconf 65' lang='lat' dir='ltr'><strong>Vat-na,</strong></span> <span class='ocrx_word' id='word_1_801' title='bbox 3089 5660 3152 5714; x_wconf 84' lang='lat' dir='ltr'><strong>dc</strong></span> <span class='ocrx_word' id='word_1_802' title='bbox 3200 5675 3302 5727; x_wconf 83' lang='lat' dir='ltr'><strong>qua</strong></span> <span class='ocrx_word' id='word_1_803' title='bbox 3358 5660 3602 5728; x_wconf 73' lang='lat' dir='ltr'><strong>superius</strong></span> <span class='ocrx_word' id='word_1_804' title='bbox 3636 5658 3829 5710; x_wconf 72' lang='lat' dir='ltr'><strong>dictum.</strong></span> 
     </span>
    </p>
   </div>
   <div class='ocr_carea' id='block_1_121' title="bbox 2330 5735 3835 5823">
    <p class='ocr_par' dir='ltr' id='par_1_121' title="bbox 2330 5735 3835 5823">
     <span class='ocr_line' id='line_1_121' title="bbox 2330 5735 3835 5823; baseline -0.013 -12"><span class='ocrx_word' id='word_1_805' title='bbox 2330 5740 2502 5822; x_wconf 65' lang='lat' dir='ltr'><strong>Cubile</strong></span> <span class='ocrx_word' id='word_1_806' title='bbox 2548 5754 2661 5808; x_wconf 72' lang='lat' dir='ltr'><strong>tta.</strong></span> <span class='ocrx_word' id='word_1_807' title='bbox 2700 5753 2847 5818; x_wconf 75' lang='lat' dir='ltr'><strong>Quod</strong></span> <span class='ocrx_word' id='word_1_808' title='bbox 2882 5756 3039 5821; x_wconf 66' lang='lat' dir='ltr'><strong>paulo</strong></span> <span class='ocrx_word' id='word_1_809' title='bbox 3071 5762 3185 5823; x_wconf 78' lang='lat' dir='ltr'><strong>post</strong></span> <span class='ocrx_word' id='word_1_810' title='bbox 3228 5752 3475 5822; x_wconf 77' lang='lat' dir='ltr'><strong>sequitur</strong></span> <span class='ocrx_word' id='word_1_811' title='bbox 3505 5735 3835 5803; x_wconf 65' lang='lat' dir='ltr'><strong>(Ladticstlteti</strong></span> 
     </span>
    </p>
   </div>
  </div>
