4006 6338
151 409 271 470 8'35

1281 410 1670 470 PANDECTE
1709 410 1903 471 msr.
1937 406 2237 468 TURCIC.
2305 379 2310 381 “

3253 405 3359 466 866

153 537 389 580 nomen.
416 520 742 574 declaratum
773 536 958 589 supra,
982 535 1095 589 cap.
1130 520 1215 574 29.
1237 521 1527 575 Nischanzi
1557 524 1712 575 bassa
1744 533 1788 581 Α
1817 521 2062 575 stimulos
2092 520 2428 583 ambitionis,
2459 519 2721 574 alienosa
2754 516 3094 586 professione
3125 515 3360 585 philoso-

143 614 369 666 dicitur
439 615 577 680 apud
631 614 836 668 Turcos
892 616 936 668 is
983 615 1072 682 qui
1128 615 1340 669 litteras
1401 630 1608 672 omnes.
1668 623 1720 666 et

98 762 112 774 ,
152 703 528 758 instrumenta
565 715 832 774 quotquot
889 706 1026 775 apud
1065 706 1282 774 Portam
1333 707 1712 774 expediuntur,

163 793 469 860 obsignat:
513 780 753 864 adeoque
801 797 936 865 gerit
995 797 1253 858 cilicium,
1307 797 1540 863 supremi
1585 811 1716 848 cau-

151 881 378 934 cellarii
413 885 608 937 nostris
637 886 689 939 in
719 886 859 940 aulis
885 884 1060 938 ofﬁcio
1095 886 1291 937 simile.
1330 903 1332 906 '

149 991 284 1046 195.
324 995 580 1046 Achmetis
607 996 877 1050 ambientis
906 1008 959 1049 et
976 1000 1266 1051 incedentis
1310 999 1576 1064 imperium
1611 1000 1710 1049 du-

178 1129 186 1133 _
230 1065 382 1114 rities
411 1079 532 1140 erga
581 1067 872 1131 genizaros,
899 1067 1185 1140 crudelitas
1238 1069 1288 1121 in
1330 1069 1543 1135 legatos.
1585 1070 1714 1121 Cor"-

227 1147 374 1183 tutes
429 1137 659 1198 [rat-rum
696 1137 1021 1201 competitor.

226 1240 582 1302 Ostendimus
626 1248 679 1300 in
712 1245 1126 1302 Osmanidarum
1180 1249 1508 1317 geneaIOgia,
1557 1248 1714 1302 Siua-
1763 1284 1767 1288 -

150 1350 281 1387 nem
329 1336 605 1398 scachtun,
637 1337 982 1430 et\Allamam
1015 1339 1287 1402 scachum,
1327 1341 1713 1408 primogenitos

149 1424 416 1488 Bajazitis
477 1426 636 1491 filios,
699 1424 827 1482 ante
896 1430 1095 1496 patrem
1154 1431 1452 1490 exstinctos
1508 1430 1710 1485 fuisse:

145 1530 390 1581 quorum
471 1518 652 1581 unius,
730 1519 952 1588 majoris
1016 1523 1228 1577 scilicet
1286 1535 1437 1586 natu,
1491 1523 1713 1576 Sinanis

147 1607 365 1658 obitum
407 1610 696 1677 peracerba
741 1619 896 1679 pater
945 1627 1009 1666 ac
1071 1613 1165 1669 diu
1221 1615 1373 1666 luxit.
1415 1613 1633 1667 Tertius
1683 1628 1713 1668 θ

148 1696 281 1748 filiis
313 1708 429 1763 erat
476 1697 789 1762 Aehmeles,
839 1703 1070 1756 Amasis:
1101 1702 1429 1772 praefectus;
1479 1704 1572 1772 qui
1623 1717 1712 1756 ac-

145 1795 307 1851 cepta
341 1795 520 1839 metus
571 1786 855 1843 Selimiani
911 1773 1052 1844 fama
1105 1805 1228 1844 cum
1266 1791 1443 1844 90000
1498 1803 1702 1844 amato-

149 1891 273 1926 rum
309 1891 407 1943 per
458 1877 638 1930 Asiam
692 1883 954 1934 minorem
1017 1883 1352 1947 Scutarium,
1402 1900 1431 1938 e
1486 1887 1707 1953 regione

145 1965 664 2036 Constantinopolis
686 1972 873 2031 situm.
900 1976 1205 2037 contendit,
1270 1985 1325 2029 et
1351 1976 1530 2030 audita
1557 1979 1710 2047 geni-

150 2073 414 2112 zarorum
439 2059 725 2128 legatione,
769 2063 862 2130 qui
894 2079 952 2118 se
975 2075 1299 2134 accepturos
1332 2066 1504 2134 ipsius
1539 2067 1710 2136 impe-

147 2148 295 2202 rium
316 2151 661 2214 nuntiabant,
681 2151 725 2203 si
751 2153 974 2220 majores
996 2169 1237 2208 annonas
1257 2157 1497 2224 polliceri
1522 2158 1704 2223 vellet,

150 2240 350 2292 durius
381 2242 679 2308 respondit,
705 2243 850 2296 nolle
874 2259 956 2308 se,
978 2244 1086 2311 jam
1115 2246 1453 2315 designatum
1485 2264 1531 2311 a,
1552 2258 1707 2316 patre

152 2335 655 2396 successorem,ab
692 2334 821 2401 ipsis
852 2335 1135 2402 imperium
1193 2341 1364 2405 pretio
1419 2339 1706 2405 redimere,

153 2425 359 2491 quibus
395 2426 473 2477 vel
510 2425 692 2478 invitis
719 2441 782 2478 co
811 2427 880 2480 sit
905 2429 1200 2494 potiturus.
1228 2427 1322 2483 llis
1355 2431 1535 2484 verbis
1589 2433 1707 2486 ani-

116 2585 122 2594 .
155 2532 276 2570 mos
306 2516 697 2574 Genizarorum
730 2522 796 2574 ab
831 2537 886 2576 se
922 2537 1148 2590 prorsus
1207 2525 1486 2590 alienavit,
1512 2536 1569 2581 et
1603 2528 1709 2581 im-

154 2608 396 2675 prudens
427 2612 619 2662 aemqu
645 2612 830 2664 Solimi
887 2614 1158 2690 adjunxit.
1192 2614 1341 2680 Quod
1405 2617 1495 2670 ubi
1552 2629 1707 2686 pater

154 2701 640 2764 animadverteret,
677 2703 868 2757 iisdem
943 2706 1222 2759 Achetneti
1285 2709 1708 2763 reconciliandis

153 2789 338 2844 50000
374 2793 910 2855 sultaninorum,tilii
967 2797 1198 2860 nomine,
1262 2799 1530 2864 promisit.
1587 2798 1708 2852 "EBG

155 2881 370 2936 scilicet
405 2882 491 2934 illa
517 2882 678 2953 474
705 2886 934 2950 pecunia
970 2886 1095 2950 fuit,
1128 2901 1288 2954 quam
1316 2889 1539 2941 annales
1564 2889 1705 2941 Ach.

156 2981 362 3025 metem
389 2974 524 3039 patri
550 2976 764 3029 misisse
799 2976 1064 3031 referunt.
1097 2976 1232 3032 Hinc
1274 2977 1453 3031 Asiam
1483 2979 1530 3032 vi
1552 2981 1712 3033 suba-

159 3072 356 3117 cturus
382 3065 913 3126 Achmetes.tnurtui
973 3066 1155 3122 fratris
1211 3070 1294 3123 sui
1357 3071 1707 3137 primogeniti

1823 613 1934 678 phi,
1966 615 2136 667 sensit
2168 613 2347 680 :quod
2375 613 2496 681 jure
2517 612 2620 666 sibi
2677 621 2890 680 putaret
2913 610 3199 678 imperium
3271 609 3362 661 de-

1820 701 2070 770 beri,qui
2131 701 2324 755 fuisset
2349 710 2474 755 ante
2526 709 2737 769 patrem
2795 698 3173 765 inauguratus.
3223 695 3359 759 Quid

1818 804 1996 846 autem
2022 793 2280 856 cifeeerit,
2307 794 2374 847 ab
2413 791 2543 859 ipsis
2598 789 2905 859 expositum
2944 787 3142 857 legitur
3179 787 3362 838 Anna-

1820 887 1981 938 libus.

1822 996 1937 1051 196.
1959 995 2139 1049 Zecme
2198 993 2385 1061 minor,
2417 996 2519 1056 Rhe
2557 995 2660 1047 ium
2693 993 2797 1047 sive
2847 988 3271 1056 Ῥήγιον,ηιηῙιη
3313 998 3360 1039 et

1887 1067 2078 1118 minus.
2106 1065 2383 1118 Melantias
2405 1074 2454 1115 et
2481 1013 2731 1118 Mgelitias.
2756 1060 2983 1118 Atlniras
3010 1059 3215 1118 ﬂuvius,
3233 1056 3360 1118 Gly-

1887 1067 2078 1138 tninus,
2106 1056 2456 1138 Melantigset
2481 1056 2731 1138 Helitias,
2750 1060 2983 1138 ‘Atltgjras
3009 1059 3215 1138 ﬂuuius,
3233 1056 3361 1138 Gly-

1885 1134 2095 1204 kynero,
2119 1145 2291 1197 volunt
2317 1132 2652 1192 Soleimanis,
2673 1133 2989 1198 Athyrarum
3012 1132 3357 1194 episcopatus.

1886 1245 2086 1300 Nomen
2119 1245 2310 1302 Zecme
2341 1233 2789 1312 Signiﬁcationem
2827 1243 2883 1296 in
2916 1242 3098 1311 lingua
3126 1239 3358 1293 Turcica

1815 1340 2020 1392 nullam
2045 1339 2224 1392 habet.
2289 1339 2686 1406 Quaproptera
2757 1335 2961 1389 Grecis
3025 1333 3092 1388 ad
3149 1331 3359 1384 Turcos

1797 1428 1961 1482 velut
1985 1430 2347 1495 ususcapione
2378 1428 2606 1496 quadam
2669 1425 3007 1496 pervenisse'
3034 1423 3295 1487 arbitror,
3325 1435 3354 1473 a

1817 1506 2050 1589 Zeugma
2087 1521 2168 1574 vel
2190 1520 2450 1589 Zeugmin
2477 1521 2776 1575 derivatum
2805 1537 2818 1573 :
2863 1518 2912 1572 id
2940 1525 3045 1582 est,
3078 1525 3106 1568 α
3134 1515 3359 1582 junctu-

1817 1609 2181 1676 rispontium,
2218 1607 2413 1675 quibus
2441 1609 2716 1677 elegantes
2745 1609 2882 1661 duo-
2903 1605 3252 1674 PropOutidis
3279 1605 3358 1658 si-

1817 1714 1918 1752 nus
1948 1697 2059 1752 illic
2087 1708 2422 1760 sternuntur,
2475 1699 2526 1751 in
2554 1713 2781 1766 quorum
2805 1696 3034 1751 alterum
3099 1697 3173 1750 ad
3230 1695 3360 1748 lec-

1817 1803 1934 1841 men
1961 1791 2224 1841 minorem
2252 1803 2310 1841 se
2336 1787 2530 1841 fluvius
2553 1787 2780 1856 Athyras
2801 1786 3049 1840 effundit.
3088 1785 3187 1838 Est
3211 1785 3354 1838 enim

1809 1878 2002 1932 Zecme
2040 1879 2240 1939 minor,
2273 1877 2354 1930 vel
2408 1877 2898 1944 comepolichnion,
2930 1875 3013 1929 vel
3036 1875 3348 1944 oppidulum

1811 1970 1962 2033 illud,
1995 1969 2181 2023 multis
2215 1969 2455 2022 cinctum
2507 1968 2773 2022 mtenibus
2797 1983 2814 2031 ;
2841 1968 2928 2021 cui
2960 1972 3119 2021 'nunc
3153 1965 3350 2028 ,Ponto
3409 2030 3411 2032 η

1810 2062 2021 2132 piccolo
2046 2075 2241 2115 noaien
2263 2069 2344 2114 est
2368 2059 2634 2124 ltalicum,
2661 2075 2690 2113 a
2725 2059 2920 2113 minori
2969 2057 3354 2138 pontc._Facta

1811 2153 1913 2207 fuit
1948 2154 2065 2223 ejus
2101 2155 2310 2212 mentio
2361 2167 2550 2221 supra,
2633 2153 2811 2221 capite
2867 2152 3124 2205 vicesimo
3180 2161 3353 2202 sexto.

1810 2247 1988 2300 Minor
2027 2255 2207 2300 autem
2243 2245 2460 2308 Zecme,
2519 2247 2664 2298 sicut
2717 2254 2770 2298 et
2843 2259 2978 2312 pons
3035 2243 3234 2303 minor,
3286 2242 3351 2293 ad

1808 2338 2102 2392 discrimen
2127 2337 2348 2402 majoris
2375 2337 2598 2410 dicitur,
2646 2335 2854 2405 longius
2878 2334 2945 2390 ab
2979 2333 3112 2387 urbe
3167 2347 3356 2387 versus

1795 2415 2087 2481 ’Siliuriam
2117 2429 2391 2481 distantis.
2415 2426 2752 2482 Theodosius
2782 2426 3101 2497 Zygomalas
3137 2425 3358 2493 putabat

1781 2520 2048 2589 .antiquis
2073 2520 2407 2588 temporibus
2470 2520 2672 2574 dictum
2735 2520 2900 2573 fuisse
2948 2518 3185 2586 Ῥήγιον,
3242 2518 3357 2571 sive

1793 2611 2096 2677 Rhegium,
2130 2611 2304 2678 majus
2334 2620 2386 2661 et
2437 2612 2643 2671 minus.
2672 2619 2725 2664 et
2767 2617 3060 2678 utrumque
3094 2609 3358 2663 Constan-

1809 2700 1908 2752 tini
1945 2699 2120 2768 Magni
2160 2716 2295 2767 opus
2331 2699 2522 2754 fuisse.
2579 2700 2736 2764 Quod
2794 2704 2839 2755 si
2892 2715 3076 2755 verum
3137 2711 3241 2765 est,
3303 2711 3360 2754 ut

1809 2793 2055 2859 equidem
2092 2807 2197 2844 non
2233 2793 2440 2856 dubito,
2483 2793 2811 2867 intelligetur
2865 2793 3054 2862 Rbegii
3133 2795 3357 2849 nomine

1811 2877 1966 2935 Parvi
1995 2881 2178 2936 Pontis
2209 2883 2557 2952 oppidulum,
2597 2885 2711 2939 sive
2763 2884 2970 2939 Zecmae
2995 2885 3248 2948 minoris.
3301 2886 3354 2939 in

1813 2975 2038 3028 historia
2061 2974 2248 3029 Grteea
2283 2978 2675 3047 manuscripla,
2704 2979 2863 3032 titulo
2895 2975 3133 3040 carente,
3199 2979 3355 3046 cujus

1811 3068 1986 3122 obiter
2049 3069 2395 3137 meminimus
2439 3070 2615 3138 capite
2662 3062 3067 3142 decimoucum
3126 3069 3388 3137 'narrat,'

161 3153 384 3210 Sinauis
414 3155 549 3209 filios
573 3158 956 3211 Muchetnetrm
983 3170 1035 3213 ct
1087 3161 1389 3220 Aladinem,
1429 3161 1781 3238 Larenda‘,'c
1815 3159 2114 3226 imperante
2146 3159 2453 3214 Iustiniano
2475 3160 2670 3228 primo,
2703 3161 2853 3230 gravi
2891 3157 3048 3215 terra:
3079 3172 3224 3217 motu
3254 3162 3357 3216 non

159 3245 501 3298 Caramauia:
525 3249 740 3314 Oppido,
777 3249 843 3302 de
868 3265 974 3316 quo
1010 3250 1318 3317 rapitelti7
1353 3253 1579 3313 dictum,
1612 3254 1712 3303 οι)-

162 3337 308 3391 sedit
337 3345 390 3389 et
418 3338 578 3404 cepit.
617 3337 742 3402 Ejus
775 3340 850 3391 rei
885 3353 1048 3392 causa
1074 3354 1195 3391 cum
1230 3341 1469 3407 graviter
1499 3353 1529 3391 a
1561 3349 1712 3408 patre

163 3446 263 3500 per
287 3431 494 3497 legatos
528 3429 932 3498 objurgaretur,
968 3431 1250 3498 legationis
1283 3432 1578 3498 principem
1615 3446 1709 3483 ca-

160 3525 278 3592 pite
309 3523 553 3574 truncari
582 3521 766 3588 jussit,
802 3520 1009 3574 caeteris
1036 3537 1192 3574 nares
1240 3531 1292 3574 et
1328 3534 1488 3576 aures
1521 3523 1709 3591 pracci-

163 3615 265 3666 dit.
299 3611 352 3664 id
394 3613 602 3665 facinus
634 3613 882 3665 omnium
907 3613 1026 3665 odia
1048 3613 1269 3666 mirifice
1300 3615 1354 3665 in
1389 3614 1706 3667 Achmetcui

167 3695 443 3756 accendit.
477 3701 555 3753 Ac
615 3701 892 3754 videamus
950 3702 1198 3766 obsecro,
1248 3719 1370 3771 quas
1424 3718 1605 3756 rerum
1664 3704 1714 3754 id

168 3791 432 3860 temporis
486 3789 735 3845 confusio
794 3791 957 3843 fuerit
1013 3794 1065 3844 in
1121 3792 1414 3845 Osmanico
1467 3793 1713 3860 imperio.

168 3887 404 3951 Quintus
437 3883 627 3936 ordine
675 3886 926 3937 nascendi
966 3886 1105 3936 iiiius
1163 3886 1438 3949 Bajazitis,
1490 3899 1612 3937 raro
1663 3888 1713 3935 in

169 3978 589 4032 Osmauidarum
625 3976 828 4028 familia
869 3976 1116 4044 exemplo
1146 3975 1359 4029 Selimis
1385 3992 1444 4028 ex
1489 3989 1716 4043 utroque

170 4081 397 4141 parente
428 4069 615 4133 frater,
645 4069 906 4122 Corcutes
930 4076 1066 4120 erat.
1120 4067 1354 4130 Quartus
1396 4065 1538 4117 enim
1604 4064 1715 4116 iliu-

171 4165 468 4224 cheuietes,
503 4173 627 4213 ante
658 4159 758 4212 hoc
793 4169 1002 4226 tempus
1031 4153 1356 4225 a'suspicaci
1415 4170 1563 4225 patre
1591 4172 1713 4208 cum

173 4239 496 4318 incognitus
533 4261 586 4304 ct
621 4259 846 4318 patrem,
878 4260 928 4301 et
957 4249 1151 4300 fratres
1172 4263 1298 4301 suos
1335 4249 1575 4308 adiisset,
1607 4264 1720 4298 mc-

175 4353 229 4397 tu
265 4353 446 4395 tnotus
485 4342 711 4408 alicujus
745 4341 959 4401 secreti,
988 4355 1189 4393 veneno
1215 4340 1456 4391 sublatus
1488 4354 1514 4389 e
1544 4340 1720 4391 medio

176 4436 375 4488 fuerat.
410 4433 457 4484 is
495 4430 776 4491 Cercutes,
809 4431 1074 4484 moriente
1099 4447 1198 4482 avo
1231 4431 1570 4482 Muehemcte
1636 4446 1729 4487 sc-.

1816 3252 1998 3303 urbem
2028 3250 2191 3304 modo
2211 3252 2590 3316 deformatam,
2639 3252 2732 3306 sed
2767 3252 2880 3320 ipsa
2909 3266 3126 3323 quoque
3162 3257 3357 3309 subur-

1814 3339 1899 3392 bia
1925 3356 2046 3394 cum
2082 3340 2302 3410 'llhegio
2355 3343 2616 3398 subversa
2645 3353 2696 3397 et
2755 3345 2953 3398 abolita
3009 3345 3195 3402 fuisse.
3245 3344 3359 3401 Non

1815 3433 1957 3483 enim
1990 3433 2093 3484 alia
2131 3433 2392 3486 suburbia
2443 3434 2953 3503 Constantinopolis
3014 3437 3220 3499 habuit,
3269 3449 3362 3491 aut

1817 3518 2012 3572 habere
2060 3524 2251 3591 potuit,
2293 3536 2453 3589 quam
2497 3539 2617 3587 qua:
2643 3538 2830 3577 versus
2866 3521 3056 3592 duplex
3093 3528 3191 3580 hoc
3223 3525 3363 3580 Rhe-

1816 3612 2221 3679 gium,pontcm
2265 3615 2524 3667 mitiorem
2579 3623 2632 3668 et
2665 3616 2921 3685 majorem
2958 3607 3359 3686 pertinuerunt,

1819 3708 1875 3751 ut
1912 3701 2177 3768 hodieque
2210 3711 2472 3756 testantur
2528 3705 2886 3758 :ediiiciorum
2922 3709 3354 3760 suburbanOrum

1819 3791 2068 3844 maxima:
2098 3792 2180 3844 vel
2228 3793 2415 3855 ruinae,
2450 3794 2530 3844 vel
2563 3795 2774 3871 rudera.
2799 3796 3016 3851 Graecus
3041 3799 3198 3852 etiam
3226 3801 3360 3853 scri-

1818 3891 1939 3950 ptor
1965 3881 2202 3934 historiae
2235 3882 2486 3948 Agathias
2534 3892 2737 3947 noster,
2779 3885 2915 3938 libro
2970 3889 3162 3956 quinto
3205 3905 3357 3945 men-

1819 3973 2018 4026 tionem
2049 3973 2232 4042 Rhegii
2265 3973 2392 4026 facit
2418 4013 2431 4033 .
2459 3975 2515 4028 in
2567 3975 2932 4044 descriptione
2987 3988 3139 4035 teme
3184 3993 3360 4036 motus

1819 4066 2080 4132 ejusdem.
2109 4067 2204 4117 tibi
2244 4064 2504 4135 Rhegium
2553 4069 2703 4121 addit
2755 4070 2987 4123 ἐπίνειον
3035 4075 3178 4127 urbis
3213 4091 3360 4139 esse,

1821 4155 1984 4209 idest
2016 4157 2267 4222 oppidum
2307 4158 2700 4219 suburbanum,
2753 4160 2893 4226 quod
2934 4164 3219 4216 stationeui
3259 4183 3356 4232 pro

1824 4246 2049 4298 navibus
2083 4246 2259 4299 habet.
2301 4249 2449 4314 Apud
2475 4250 3004 4317 Cusmographorum
3064 4255 3356 4323 principem

1823 4338 2085 4390 Ortclium
2111 4352 2174 4389 ex
2214 4337 2474 4402 Procopio
2497 4336 2771 4406 Suidaque
2797 4344 3057 4409 reperitur
3083 4344 3360 4400 Mclantias

1824 4433 1877 4478 et
1908 4425 2124 4487 Melitia,
2155 4427 2272 4492 pagi
2305 4441 2496 4480 nomen
2531 4431 2584 4480 in
2628 4426 2881 4494 Thracia,
2913 4441 3126 4487 centum
3156 4436 3375 4492 duobus

175 4529 376 4588 ctmiio,
414 4527 479 4576 ah
509 4524 697 4576 amicis
737 4523 993 4590 paternis,
1035 4523 1264 4575 absente
1288 4529 1458 4588 patre,
1490 4521 1724 4572 colloca-
1751 4512 1801 4570 D
1829 4514 2020 4595 stadiis
2073 4529 2098 4567 a
2127 4514 2396 4585 Byzantio
2450 4519 2649 4579 dissiti.
2704 4540 2861 4590 quem
2906 4527 3134 4595 Athyras
3192 4533 3364 4586 amnis

178 4632 266 4674 tus
301 4620 353 4673 in
389 4619 590 4686 regium
628 4614 1036 4668 .fueratSulium
1076 4631 1086 4665 :
1120 4629 1184 4666 ne
1249 4614 1412 4666 frater
1470 4612 1724 4681 Bajazitis

179 4713 393 4774 Zemes,
433 4710 578 4777 prior
603 4709 984 4776 inauguratus,
1010 4705 1232 4772 Bajaziti
1291 4719 1511 4772 regnum
1541 4704 1725 4770 praeri-

182 4816 353 4873 peret.
383 4801 703 4856 Advenienti
758 4800 952 4853 deinde
994 4797 1529 4863 Constantinopolim
1580 4795 1721 4863 patri

180 4911 230 4951 et
262 4896 516 4949 abdicato
543 4894 672 4958 filio,
707 4893 990 4959 imperium
1023 4892 1076 4943 in
1105 4906 1162 4943 sc
1189 4887 1565 4950 transferenti,
1603 4901 1721 4940 ces-

184 5000 328 5043 serat
377 4986 563 5039 teuero
621 4985 852 5053 quodam
936 4998 1116 5050 amore
1193 4984 1493 5049 pietateque
1551 4989 1727 5031 motus

184 5089 443 5137 (lorcutes
464 5091 493 5134 ἰ
529 5094 651 5132 cum
681 5079 784 5128 hoc
816 5077 1032 5127 nomine
1054 5073 1290 5126 vicissim
1315 5079 1464 5139 pater
1492 5070 1568 5122 illi
1603 5084 1728 5137 pro-

187 5178 449 5237 misisset,
473 5186 530 5225 se
565 5171 825 5222 rationem
875 5167 1063 5233 ipsius,
1099 5164 1150 5216 in
1179 5161 1561 5216 constituendo
1610 5173 1730 5212 suc-

188 5282 426 5325 cessore,
459 5279 615 5328 supra
677 5261 815 5314 filios
877 5270 1101 5311 czeteros
1155 5254 1489 5309 habiturum.
1545 5251 1727 5304 Eidem

189 5363 568 5409 tiastamunant
595 5361 714 5416 post
745 5348 1031 5411 obtinenti,
1062 5347 1126 5398 de
1171 5358 1274 5411 qua
1323 5341 1521 5393 dictum
1556 5339 1733 5406 capite

189 5449 270 5508 iiii,
307 5461 338 5497 a
366 5453 534 5496 morte
567 5442 748 5494 fratris
772 5439 1123 5492 Muchemetis
1150 5433 1480 5503 provinciam
1520 5430 1736 5498 Magne.-

193 5542 322 5592 siant
379 5535 720 5596 attribuerat,
798 5547 904 5583 non
965 5531 1158 5596 exigua
1225 5528 1398 5595 Lycia:
1451 5523 1734 5590 (latiusque

197 5641 346 5697 parte
407 5625 714 5676 adauctam.
780 5620 874 5672 llic
922 5636 1046 5685 ergo
1097 5621 1382 5677 Curcutes,
1439 5616 1734 5680 carteroqui

200 5720 387 5772 studiis
436 5715 937 5765 Mahumctenonim
999 5709 1408 5776 philosophicis,
1466 5719 1516 5759 et
1566 5706 1733 5772 quieti

195 5813 428 5872 deditus,
453 5803 748 5860 seditiones
775 5801 1042 5854 fraternas
1089 5799 1456 5866 conspicatus,
1523 5805 1572 5850 et
1621 5797 1735 5862 ipsc

1826 4592 2016 4666 allu'at,
2050 4619 2273 4672 prorsus
2309 4607 2411 4657 hoc
2438 4606 2503 4660 de
2559 4605 2749 4662 Zecme
2805 4613 2885 4665 vel
2938 4592 3107 4668 Ponte
3166 4616 3361 4670 minori

1824 4695 2220 4763 accipiendum,
2254 4711 2281 4746 a
2312 4696 2778 4773 Conatantinopoli
2821 4702 3129 4770 quindecim
3170 4705 3364 4760 millia-

1835 4788 1990 4840 ribus
2023 4786 2225 4840 Graecis
2252 4788 2567 4854 disjuucto;
2637 4806 2755 4859 qua:
2810 4807 2835 4842 a
2901 4802 3113 4846 centum
3156 4797 3364 4849 duobus

1828 4879 2018 4932 stadiis
2041 4879 2196 4942 nihil,
2230 4891 2320 4930 aut
2351 4895 2537 4946 parum
2605 4881 2820 4936 absunt.
2856 4869 3068 4952 Athyra:
3097 4886 3238 4938 fluvii
3267 4904 3365 4942 no-

1830 4986 1946 5022 men
1982 4969 2139 5022 hicin
2193 4971 2338 5036 Aqua
2374 4970 2521 5023 dotce
2577 4987 2716 5025 nunc
2750 4973 2892 5027 Italis
2955 4987 3035 5027 est
3085 4985 3369 5040 mutatum,

1829 5059 2030 5114 Graecis
2069 5060 2120 5112 in
2157 5060 2465 5130 (ilykynero.
2498 5062 2692 5117 Fontes
2721 5068 2929 5126 ambos,
2967 5075 3066 5116 tam
3089 5065 3369 5133 majorem,

1833 5167 1993 5219 quam
2027 5153 2310 5213 minorem,
2349 5153 2674 5206 milliaribus
2711 5155 2892 5206 decem
2943 5154 3008 5206 ab
3037 5169 3095 5208 se
3143 5155 3367 5210 invii-em

1832 5243 2074 5302 dissitos.
2119 5243 2368 5295 sultanus
2403 5243 2758 5306 Solcimanes,
2800 5259 2927 5297 avus
2969 5244 3124 5310 hujus
3143 5246 3372 5300 Muratis

1835 5331 2000 5394 tertii,
2025 5332 2260 5383 maximo
2290 5342 2506 5398 sumptu
2561 5334 2748 5386 refecit
2786 5352 2794 5384 :
2835 5336 2987 5399 cujus
3018 5335 3231 5403 quidem
3266 5353 3349 5389 me
3390 5315 3400 5326 '

1837 5422 2096 5474 morabilc
2121 5432 2303 5474 votum
2335 5424 2456 5480 fuit.
2487 5440 2592 5490 quo
2629 5427 2726 5476 tria
2762 5427 2860 5478 sibi
2889 5427 3113 5479 concedi
3176 5427 3346 5478 divini

1838 5525 1922 5565 tus
1951 5515 2190 5578 optabat,
2224 5524 2278 5562 tit
2317 5523 2438 5565 ante
2486 5523 2708 5564 mortem
2777 5518 3074 5582 perficeret.
3107 5516 3370 5577 Primum,

1838 5606 2279 5659 instaurationem
2311 5608 2659 5673 aquantur-tus
2692 5609 2930 5669 maximi,
2985 5623 3140 5673 quem
3182 5607 3246 5657 ab
3279 5624 3376 5657 au-

1839 5711 1986 5752 Ctore
2018 5697 2318 5760 Valinteiu,
2361 5711 2453 5751 aut
2499 5685 2890 5757 Vulcatiianum,
2928 5694 3378 5748 nonValentinia-
3412 5755 3420 5763 ν

1841 5807 1989 5856 num,
2026 5799 2084 5843 ut
2115 5793 2272 5861 vulgo
2308 5792 2582 5860 corruptis
2617 5793 2668 5842 in
2706 5790 2856 5843 libris
2883 5790 3096 5859 legitur,
3135 5790 3379 5843 historia
