  <div class='ocr_page' id='page_1' title='image "/cluster/home/n/w/nwhite01/storage/ocr_20150623/159/pst.000005714797/527.png"; bbox 0 0 4006 6338; ppageno 0'>
   <div class='ocr_carea' id='block_1_1' title="bbox 675 354 778 417">
    <p class='ocr_par' dir='ltr' id='par_1_1' title="bbox 675 354 778 417">
     <span class='ocr_line' id='line_1_1' title="bbox 675 354 778 417; baseline 0.01 -1"><span class='ocrx_word' id='word_1_1' title='bbox 675 354 778 417; x_wconf 81' lang='grc' dir='ltr'><strong>86Ἱ</strong></span> 
     </span>
    </p>
   </div>
   <div class='ocr_carea' id='block_1_2' title="bbox 1854 347 2680 410">
    <p class='ocr_par' dir='ltr' id='par_1_2' title="bbox 1854 347 2680 410">
     <span class='ocr_line' id='line_1_2' title="bbox 1854 347 2680 410; baseline -0.004 -2"><span class='ocrx_word' id='word_1_2' title='bbox 1854 347 2177 409; x_wconf 68' lang='lat' dir='ltr'><strong>JOANNIS</strong></span> <span class='ocrx_word' id='word_1_3' title='bbox 2222 348 2680 410; x_wconf 77' lang='lat' dir='ltr'><strong>LEUNCLAVII</strong></span> 
     </span>
    </p>
   </div>
   <div class='ocr_carea' id='block_1_3' title="bbox 3767 352 3869 412">
    <p class='ocr_par' dir='ltr' id='par_1_3' title="bbox 3767 352 3869 412">
     <span class='ocr_line' id='line_1_3' title="bbox 3767 352 3869 412; baseline 0 0"><span class='ocrx_word' id='word_1_4' title='bbox 3767 352 3869 412; x_wconf 70' lang='lat'><strong>868</strong></span> 
     </span>
    </p>
   </div>
   <div class='ocr_carea' id='block_1_4' title="bbox 672 459 3872 530">
    <p class='ocr_par' dir='ltr' id='par_1_4' title="bbox 672 459 3872 530">
     <span class='ocr_line' id='line_1_4' title="bbox 672 459 3872 530; baseline -0.002 -11"><span class='ocrx_word' id='word_1_5' title='bbox 672 467 925 519; x_wconf 77' lang='lat' dir='ltr'><strong>dixerunt</strong></span> <span class='ocrx_word' id='word_1_6' title='bbox 956 477 971 515; x_wconf 90' lang='lat'><strong>:</strong></span> <span class='ocrx_word' id='word_1_7' title='bbox 1012 460 1209 516; x_wconf 88' lang='lat' dir='ltr'><strong>deinde</strong></span> <span class='ocrx_word' id='word_1_8' title='bbox 1233 461 1426 516; x_wconf 90' lang='lat' dir='ltr'><strong>horum</strong></span> <span class='ocrx_word' id='word_1_9' title='bbox 1448 462 1691 529; x_wconf 85' lang='lat' dir='ltr'><strong>pOnlitttn</strong></span> <span class='ocrx_word' id='word_1_10' title='bbox 1719 461 1770 513; x_wconf 90' lang='lat' dir='ltr'><strong>in</strong></span> <span class='ocrx_word' id='word_1_11' title='bbox 1802 471 2032 526; x_wconf 78' lang='lat' dir='ltr'><strong>utroque</strong></span> <span class='ocrx_word' id='word_1_12' title='bbox 2088 462 2210 514; x_wconf 85' lang='lat' dir='ltr'><strong>sinu</strong></span> <span class='ocrx_word' id='word_1_13' title='bbox 2243 467 2287 520; x_wconf 69' lang='grc' dir='ltr'><strong>Α</strong></span> <span class='ocrx_word' id='word_1_14' title='bbox 2316 478 2453 530; x_wconf 83' lang='lat' dir='ltr'><strong>quos</strong></span> <span class='ocrx_word' id='word_1_15' title='bbox 2493 464 2695 516; x_wconf 84' lang='lat' dir='ltr'><strong>insilire</strong></span> <span class='ocrx_word' id='word_1_16' title='bbox 2733 462 2859 514; x_wconf 78' lang='lat' dir='ltr'><strong>feles</strong></span> <span class='ocrx_word' id='word_1_17' title='bbox 2897 459 3092 519; x_wconf 86' lang='lat' dir='ltr'><strong>solent.</strong></span> <span class='ocrx_word' id='word_1_18' title='bbox 3137 459 3347 530; x_wconf 91' lang='lat' dir='ltr'><strong>quoties</strong></span> <span class='ocrx_word' id='word_1_19' title='bbox 3397 459 3659 513; x_wconf 89' lang='lat' dir='ltr'><strong>alimenta</strong></span> <span class='ocrx_word' id='word_1_20' title='bbox 3717 466 3872 516; x_wconf 72' lang='lat' dir='ltr'><strong>statis</strong></span> 
     </span>
    </p>
   </div>
   <div class='ocr_carea' id='block_1_5' title="bbox 673 552 2214 622">
    <p class='ocr_par' dir='ltr' id='par_1_5' title="bbox 673 552 2214 622">
     <span class='ocr_line' id='line_1_5' title="bbox 673 552 2214 622; baseline -0.002 -15"><span class='ocrx_word' id='word_1_21' title='bbox 673 557 867 617; x_wconf 89' lang='lat' dir='ltr'><strong>maris,</strong></span> <span class='ocrx_word' id='word_1_22' title='bbox 905 569 1035 607; x_wconf 84' lang='lat' dir='ltr'><strong>sane</strong></span> <span class='ocrx_word' id='word_1_23' title='bbox 1061 569 1222 622; x_wconf 87' lang='lat' dir='ltr'><strong>quam</strong></span> <span class='ocrx_word' id='word_1_24' title='bbox 1255 555 1382 619; x_wconf 88' lang='lat' dir='ltr'><strong>lato,</strong></span> <span class='ocrx_word' id='word_1_25' title='bbox 1417 552 1761 607; x_wconf 89' lang='lat' dir='ltr'><strong>refectionem</strong></span> <span class='ocrx_word' id='word_1_26' title='bbox 1801 569 1812 602; x_wconf 89' lang='lat'>:</span> <span class='ocrx_word' id='word_1_27' title='bbox 1843 552 1990 604; x_wconf 81' lang='lat' dir='ltr'><strong>urbis</strong></span> <span class='ocrx_word' id='word_1_28' title='bbox 2053 554 2214 610; x_wconf 79' lang='lat' dir='ltr'><strong>deui-</strong></span> 
     </span>
    </p>
   </div>
   <div class='ocr_carea' id='block_1_6' title="bbox 670 645 2210 716">
    <p class='ocr_par' dir='ltr' id='par_1_6' title="bbox 670 645 2210 716">
     <span class='ocr_line' id='line_1_6' title="bbox 670 645 2210 716; baseline -0.003 -17"><span class='ocrx_word' id='word_1_29' title='bbox 670 661 774 715; x_wconf 84' lang='lat' dir='ltr'><strong>quc</strong></span> <span class='ocrx_word' id='word_1_30' title='bbox 803 645 1124 699; x_wconf 84' lang='lat' dir='ltr'><strong>Viennensis</strong></span> <span class='ocrx_word' id='word_1_31' title='bbox 1174 645 1474 698; x_wconf 70' lang='lat' dir='ltr'><strong>Austriaeas</strong></span> <span class='ocrx_word' id='word_1_32' title='bbox 1531 645 1969 710; x_wconf 84' lang='lat' dir='ltr'><strong>occupationem,</strong></span> <span class='ocrx_word' id='word_1_33' title='bbox 2049 657 2210 716; x_wconf 86' lang='lat' dir='ltr'><strong>quam</strong></span> 
     </span>
    </p>
   </div>
   <div class='ocr_carea' id='block_1_7' title="bbox 675 733 2203 804">
    <p class='ocr_par' dir='ltr' id='par_1_7' title="bbox 675 733 2203 804">
     <span class='ocr_line' id='line_1_7' title="bbox 675 733 2203 804; baseline -0.002 -15"><span class='ocrx_word' id='word_1_34' title='bbox 675 739 923 791; x_wconf 58' lang='lat' dir='ltr'><strong>mammis</strong></span> <span class='ocrx_word' id='word_1_35' title='bbox 949 736 1159 790; x_wconf 89' lang='lat' dir='ltr'><strong>duabus</strong></span> <span class='ocrx_word' id='word_1_36' title='bbox 1198 735 1632 804; x_wconf 79' lang='lat' dir='ltr'><strong>expeditionibus</strong></span> <span class='ocrx_word' id='word_1_37' title='bbox 1656 736 1720 788; x_wconf 82' lang='lat' dir='ltr'><strong>ab</strong></span> <span class='ocrx_word' id='word_1_38' title='bbox 1767 751 1824 788; x_wconf 89' lang='lat' dir='ltr'><strong>se</strong></span> <span class='ocrx_word' id='word_1_39' title='bbox 1866 733 2063 791; x_wconf 76' lang='lat' dir='ltr'><strong>frustra</strong></span> <span class='ocrx_word' id='word_1_40' title='bbox 2099 745 2203 792; x_wconf 45' lang='lat' dir='ltr'><strong>ten.</strong></span> 
     </span>
    </p>
   </div>
   <div class='ocr_carea' id='block_1_8' title="bbox 677 825 2211 894">
    <p class='ocr_par' dir='ltr' id='par_1_8' title="bbox 677 825 2211 894">
     <span class='ocr_line' id='line_1_8' title="bbox 677 825 2211 894; baseline -0.004 -11"><span class='ocrx_word' id='word_1_41' title='bbox 677 842 860 892; x_wconf 90' lang='lat' dir='ltr'><strong>tatam,</strong></span> <span class='ocrx_word' id='word_1_42' title='bbox 885 842 1093 882; x_wconf 87' lang='lat' dir='ltr'><strong>summa</strong></span> <span class='ocrx_word' id='word_1_43' title='bbox 1122 842 1242 880; x_wconf 90' lang='lat' dir='ltr'><strong>cum</strong></span> <span class='ocrx_word' id='word_1_44' title='bbox 1270 827 1638 894; x_wconf 72' lang='lat' dir='ltr'><strong>indignatione</strong></span> <span class='ocrx_word' id='word_1_45' title='bbox 1676 828 1945 879; x_wconf 85' lang='lat' dir='ltr'><strong>recordari</strong></span> <span class='ocrx_word' id='word_1_46' title='bbox 1986 825 2211 883; x_wconf 84' lang='lat' dir='ltr'><strong>solebat.</strong></span> 
     </span>
    </p>
   </div>
   <div class='ocr_carea' id='block_1_9' title="bbox 678 918 2215 989">
    <p class='ocr_par' dir='ltr' id='par_1_9' title="bbox 678 918 2215 989">
     <span class='ocr_line' id='line_1_9' title="bbox 678 918 2215 989; baseline -0.002 -16"><span class='ocrx_word' id='word_1_47' title='bbox 678 922 879 975; x_wconf 82' lang='lat' dir='ltr'><strong>l‘rioris</strong></span> <span class='ocrx_word' id='word_1_48' title='bbox 908 921 1189 989; x_wconf 90' lang='lat' dir='ltr'><strong>utriusque</strong></span> <span class='ocrx_word' id='word_1_49' title='bbox 1232 919 1340 973; x_wconf 87' lang='lat' dir='ltr'><strong>voti</strong></span> <span class='ocrx_word' id='word_1_50' title='bbox 1406 918 1580 972; x_wconf 85' lang='lat' dir='ltr'><strong>factus</strong></span> <span class='ocrx_word' id='word_1_51' title='bbox 1625 926 1708 970; x_wconf 88' lang='lat' dir='ltr'><strong>est</strong></span> <span class='ocrx_word' id='word_1_52' title='bbox 1768 933 2011 985; x_wconf 81' lang='lat' dir='ltr'><strong>compos,</strong></span> <span class='ocrx_word' id='word_1_53' title='bbox 2069 919 2215 986; x_wconf 70' lang='lat' dir='ltr'><strong>regio</strong></span> 
     </span>
    </p>
   </div>
   <div class='ocr_carea' id='block_1_10' title="bbox 673 1009 2214 1084">
    <p class='ocr_par' dir='ltr' id='par_1_10' title="bbox 673 1009 2214 1084">
     <span class='ocr_line' id='line_1_10' title="bbox 673 1009 2214 1084; baseline -0.005 -15"><span class='ocrx_word' id='word_1_54' title='bbox 673 1031 892 1084; x_wconf 76' lang='lat' dir='ltr'><strong>prorsus</strong></span> <span class='ocrx_word' id='word_1_55' title='bbox 932 1028 1092 1082; x_wconf 91' lang='lat' dir='ltr'><strong>opere</strong></span> <span class='ocrx_word' id='word_1_56' title='bbox 1128 1027 1220 1081; x_wconf 91' lang='lat' dir='ltr'><strong>per</strong></span> <span class='ocrx_word' id='word_1_57' title='bbox 1254 1009 1448 1080; x_wconf 76' lang='lat' dir='ltr'><strong>viginti</strong></span> <span class='ocrx_word' id='word_1_58' title='bbox 1477 1011 1596 1078; x_wconf 86' lang='lat' dir='ltr'><strong>plus</strong></span> <span class='ocrx_word' id='word_1_59' title='bbox 1633 1009 1808 1060; x_wconf 90' lang='lat' dir='ltr'><strong>minus</strong></span> <span class='ocrx_word' id='word_1_60' title='bbox 1835 1009 2085 1061; x_wconf 78' lang='lat' dir='ltr'><strong>milliaria</strong></span> <span class='ocrx_word' id='word_1_61' title='bbox 2118 1011 2214 1062; x_wconf 71' lang='lat' dir='ltr'><strong>tle-</strong></span> 
     </span>
    </p>
   </div>
   <div class='ocr_carea' id='block_1_11' title="bbox 663 1101 2214 1171">
    <p class='ocr_par' dir='ltr' id='par_1_11' title="bbox 663 1101 2214 1171">
     <span class='ocr_line' id='line_1_11' title="bbox 663 1101 2214 1171; baseline -0.005 -12"><span class='ocrx_word' id='word_1_62' title='bbox 663 1109 845 1162; x_wconf 77' lang='lat' dir='ltr'><strong>ductis</strong></span> <span class='ocrx_word' id='word_1_63' title='bbox 884 1109 935 1160; x_wconf 90' lang='lat' dir='ltr'><strong>in</strong></span> <span class='ocrx_word' id='word_1_64' title='bbox 980 1106 1166 1160; x_wconf 86' lang='lat' dir='ltr'><strong>urbem</strong></span> <span class='ocrx_word' id='word_1_65' title='bbox 1195 1119 1256 1158; x_wconf 79' lang='lat' dir='ltr'><strong>ex</strong></span> <span class='ocrx_word' id='word_1_66' title='bbox 1283 1105 1403 1171; x_wconf 81' lang='lat' dir='ltr'><strong>ipso</strong></span> <span class='ocrx_word' id='word_1_67' title='bbox 1471 1101 1711 1154; x_wconf 86' lang='lat' dir='ltr'><strong>Danubio</strong></span> <span class='ocrx_word' id='word_1_68' title='bbox 1747 1101 1983 1168; x_wconf 78' lang='lat' dir='ltr'><strong>copiosis</strong></span> <span class='ocrx_word' id='word_1_69' title='bbox 2037 1101 2214 1169; x_wconf 77' lang='lat' dir='ltr'><strong>aquis,</strong></span> 
     </span>
    </p>
   </div>
   <div class='ocr_carea' id='block_1_12' title="bbox 663 1189 2212 1262">
    <p class='ocr_par' dir='ltr' id='par_1_12' title="bbox 663 1189 2212 1262">
     <span class='ocr_line' id='line_1_12' title="bbox 663 1189 2212 1262; baseline -0.003 -11"><span class='ocrx_word' id='word_1_70' title='bbox 663 1212 721 1251; x_wconf 77' lang='lat' dir='ltr'><strong>ot</strong></span> <span class='ocrx_word' id='word_1_71' title='bbox 770 1199 1031 1251; x_wconf 89' lang='lat' dir='ltr'><strong>ambobus</strong></span> <span class='ocrx_word' id='word_1_72' title='bbox 1093 1198 1385 1249; x_wconf 78' lang='lat' dir='ltr'><strong>exstructis</strong></span> <span class='ocrx_word' id='word_1_73' title='bbox 1441 1193 1697 1262; x_wconf 86' lang='lat' dir='ltr'><strong>pontibus</strong></span> <span class='ocrx_word' id='word_1_74' title='bbox 1737 1209 1751 1246; x_wconf 94' lang='lat'><strong>:</strong></span> <span class='ocrx_word' id='word_1_75' title='bbox 1785 1193 1944 1245; x_wconf 85' lang='lat' dir='ltr'><strong>tertio</strong></span> <span class='ocrx_word' id='word_1_76' title='bbox 1991 1189 2212 1246; x_wconf 85' lang='lat' dir='ltr'><strong>Numen</strong></span> 
     </span>
    </p>
   </div>
   <div class='ocr_carea' id='block_1_13' title="bbox 663 1285 2211 1357">
    <p class='ocr_par' dir='ltr' id='par_1_13' title="bbox 663 1285 2211 1357">
     <span class='ocr_line' id='line_1_13' title="bbox 663 1285 2211 1357; baseline -0.004 -14"><span class='ocrx_word' id='word_1_77' title='bbox 663 1289 997 1344; x_wconf 73' lang='lat' dir='ltr'><strong>Christianis</strong></span> <span class='ocrx_word' id='word_1_78' title='bbox 1032 1289 1340 1357; x_wconf 91' lang='lat' dir='ltr'><strong>propitium,</strong></span> <span class='ocrx_word' id='word_1_79' title='bbox 1376 1301 1441 1339; x_wconf 90' lang='lat' dir='ltr'><strong>ne</strong></span> <span class='ocrx_word' id='word_1_80' title='bbox 1491 1285 1740 1354; x_wconf 84' lang='lat' dir='ltr'><strong>tyrannis</strong></span> <span class='ocrx_word' id='word_1_81' title='bbox 1767 1285 1819 1336; x_wconf 91' lang='lat' dir='ltr'><strong>in</strong></span> <span class='ocrx_word' id='word_1_82' title='bbox 1865 1285 2053 1338; x_wconf 86' lang='lat' dir='ltr'><strong>intima</strong></span> <span class='ocrx_word' id='word_1_83' title='bbox 2077 1285 2211 1338; x_wconf 79' lang='lat' dir='ltr'><strong>Ger-</strong></span> 
     </span>
    </p>
   </div>
   <div class='ocr_carea' id='block_1_14' title="bbox 667 1375 2213 1444">
    <p class='ocr_par' dir='ltr' id='par_1_14' title="bbox 667 1375 2213 1444">
     <span class='ocr_line' id='line_1_14' title="bbox 667 1375 2213 1444; baseline -0.003 -13"><span class='ocrx_word' id='word_1_84' title='bbox 667 1380 861 1431; x_wconf 70' lang='lat' dir='ltr'><strong>mania:</strong></span> <span class='ocrx_word' id='word_1_85' title='bbox 911 1379 1116 1432; x_wconf 79' lang='lat' dir='ltr'><strong>viscera</strong></span> <span class='ocrx_word' id='word_1_86' title='bbox 1155 1385 1479 1444; x_wconf 83' lang='lat' dir='ltr'><strong>penetraret,</strong></span> <span class='ocrx_word' id='word_1_87' title='bbox 1523 1375 1701 1426; x_wconf 88' lang='lat' dir='ltr'><strong>favere</strong></span> <span class='ocrx_word' id='word_1_88' title='bbox 1731 1375 1922 1428; x_wconf 85' lang='lat' dir='ltr'><strong>noluit.</strong></span> <span class='ocrx_word' id='word_1_89' title='bbox 1978 1376 2213 1444; x_wconf 79' lang='lat' dir='ltr'><strong>Athyro-</strong></span> 
     </span>
    </p>
   </div>
   <div class='ocr_carea' id='block_1_15' title="bbox 668 1465 2210 1539">
    <p class='ocr_par' dir='ltr' id='par_1_15' title="bbox 668 1465 2210 1539">
     <span class='ocr_line' id='line_1_15' title="bbox 668 1465 2210 1539; baseline 0.001 -19"><span class='ocrx_word' id='word_1_90' title='bbox 668 1487 784 1522; x_wconf 88' lang='lat' dir='ltr'><strong>rtnn</strong></span> <span class='ocrx_word' id='word_1_91' title='bbox 811 1484 1023 1539; x_wconf 80' lang='lat' dir='ltr'><strong>quoque</strong></span> <span class='ocrx_word' id='word_1_92' title='bbox 1061 1468 1302 1520; x_wconf 85' lang='lat' dir='ltr'><strong>meminit</strong></span> <span class='ocrx_word' id='word_1_93' title='bbox 1352 1465 1593 1534; x_wconf 86' lang='lat' dir='ltr'><strong>episcopi</strong></span> <span class='ocrx_word' id='word_1_94' title='bbox 1626 1465 1735 1519; x_wconf 86' lang='lat' dir='ltr'><strong>Leo</strong></span> <span class='ocrx_word' id='word_1_95' title='bbox 1770 1465 1997 1532; x_wconf 79' lang='lat' dir='ltr'><strong>Sapiens</strong></span> <span class='ocrx_word' id='word_1_96' title='bbox 2048 1465 2210 1535; x_wconf 70' lang='grc'><strong>475</strong></span> 
     </span>
    </p>
   </div>
   <div class='ocr_carea' id='block_1_16' title="bbox 667 1557 2215 1626">
    <p class='ocr_par' dir='ltr' id='par_1_16' title="bbox 667 1557 2215 1626">
     <span class='ocr_line' id='line_1_16' title="bbox 667 1557 2215 1626; baseline 0.001 -16"><span class='ocrx_word' id='word_1_97' title='bbox 667 1565 958 1626; x_wconf 84' lang='lat' dir='ltr'><strong>imperator</strong></span> <span class='ocrx_word' id='word_1_98' title='bbox 992 1560 1043 1611; x_wconf 92' lang='lat' dir='ltr'><strong>in</strong></span> <span class='ocrx_word' id='word_1_99' title='bbox 1079 1557 1300 1612; x_wconf 87' lang='lat' dir='ltr'><strong>Novella</strong></span> <span class='ocrx_word' id='word_1_100' title='bbox 1361 1557 1427 1612; x_wconf 87' lang='lat' dir='ltr'><strong>de</strong></span> <span class='ocrx_word' id='word_1_101' title='bbox 1463 1558 1697 1620; x_wconf 90' lang='lat' dir='ltr'><strong>tbronis,</strong></span> <span class='ocrx_word' id='word_1_102' title='bbox 1736 1572 1966 1624; x_wconf 91' lang='lat' dir='ltr'><strong>eumque</strong></span> <span class='ocrx_word' id='word_1_103' title='bbox 1996 1558 2215 1624; x_wconf 89' lang='lat' dir='ltr'><strong>subjicit</strong></span> 
     </span>
    </p>
   </div>
   <div class='ocr_carea' id='block_1_17' title="bbox 667 1644 2208 1716">
    <p class='ocr_par' dir='ltr' id='par_1_17' title="bbox 667 1644 2208 1716">
     <span class='ocr_line' id='line_1_17' title="bbox 667 1644 2208 1716; baseline 0.001 -17"><span class='ocrx_word' id='word_1_104' title='bbox 667 1647 998 1703; x_wconf 87' lang='lat' dir='ltr'><strong>lleraclicnsi</strong></span> <span class='ocrx_word' id='word_1_105' title='bbox 1032 1647 1448 1716; x_wconf 85' lang='lat' dir='ltr'><strong>metropolitano</strong></span> <span class='ocrx_word' id='word_1_106' title='bbox 1469 1649 1519 1699; x_wconf 93' lang='lat' dir='ltr'><strong>in</strong></span> <span class='ocrx_word' id='word_1_107' title='bbox 1549 1646 1800 1699; x_wconf 89' lang='lat' dir='ltr'><strong>Thracia.</strong></span> <span class='ocrx_word' id='word_1_108' title='bbox 1827 1644 1957 1710; x_wconf 75' lang='lat' dir='ltr'><strong>Quae</strong></span> <span class='ocrx_word' id='word_1_109' title='bbox 1988 1647 2208 1714; x_wconf 83' lang='lat' dir='ltr'><strong>quidem</strong></span> 
     </span>
    </p>
   </div>
   <div class='ocr_carea' id='block_1_18' title="bbox 665 1734 2210 1809">
    <p class='ocr_par' dir='ltr' id='par_1_18' title="bbox 665 1734 2210 1809">
     <span class='ocr_line' id='line_1_18' title="bbox 665 1734 2210 1809; baseline -0.002 -18"><span class='ocrx_word' id='word_1_110' title='bbox 665 1740 862 1809; x_wconf 79' lang='lat' dir='ltr'><strong>Athyra</strong></span> <span class='ocrx_word' id='word_1_111' title='bbox 898 1739 1111 1792; x_wconf 86' lang='lat' dir='ltr'><strong>diversa</strong></span> <span class='ocrx_word' id='word_1_112' title='bbox 1147 1752 1251 1790; x_wconf 90' lang='lat' dir='ltr'><strong>non</strong></span> <span class='ocrx_word' id='word_1_113' title='bbox 1290 1743 1418 1790; x_wconf 90' lang='lat' dir='ltr'><strong>sunt</strong></span> <span class='ocrx_word' id='word_1_114' title='bbox 1471 1735 1537 1787; x_wconf 89' lang='lat' dir='ltr'><strong>ab</strong></span> <span class='ocrx_word' id='word_1_115' title='bbox 1564 1735 1709 1788; x_wconf 90' lang='lat' dir='ltr'><strong>hisce</strong></span> <span class='ocrx_word' id='word_1_116' title='bbox 1741 1734 1951 1787; x_wconf 86' lang='lat' dir='ltr'><strong>duobus</strong></span> <span class='ocrx_word' id='word_1_117' title='bbox 1978 1735 2210 1803; x_wconf 81' lang='lat' dir='ltr'><strong>oppidis,</strong></span> 
     </span>
    </p>
   </div>
   <div class='ocr_carea' id='block_1_19' title="bbox 667 1807 2289 1899">
    <p class='ocr_par' dir='ltr' id='par_1_19' title="bbox 667 1807 2289 1899">
     <span class='ocr_line' id='line_1_19' title="bbox 667 1807 2289 1899; baseline -0.001 -16"><span class='ocrx_word' id='word_1_118' title='bbox 667 1807 784 1896; x_wconf 68' lang='lat' dir='ltr'><strong>quae</strong></span> <span class='ocrx_word' id='word_1_119' title='bbox 816 1829 1072 1899; x_wconf 80' lang='lat' dir='ltr'><strong>diximus.</strong></span> <span class='ocrx_word' id='word_1_120' title='bbox 1105 1827 1166 1882; x_wconf 80' lang='lat' dir='ltr'><strong>Et</strong></span> <span class='ocrx_word' id='word_1_121' title='bbox 1213 1827 1531 1896; x_wconf 77' lang='lat' dir='ltr'><strong>Zygomalas</strong></span> <span class='ocrx_word' id='word_1_122' title='bbox 1588 1826 1768 1894; x_wconf 81' lang='grc' dir='ltr'><strong>ἄθυρα</strong></span> <span class='ocrx_word' id='word_1_123' title='bbox 1828 1826 1993 1887; x_wconf 82' lang='lat' dir='ltr'><strong>dicta,</strong></span> <span class='ocrx_word' id='word_1_124' title='bbox 2068 1827 2214 1882; x_wconf 78' lang='lat' dir='ltr'><strong>Vclul</strong></span> <span class='ocrx_word' id='word_1_125' title='bbox 2243 1807 2289 1867; x_wconf 71' lang='grc' dir='ltr'><strong><em>Β</em></strong></span> 
     </span>
    </p>
   </div>
   <div class='ocr_carea' id='block_1_20' title="bbox 666 1917 2212 1987">
    <p class='ocr_par' dir='ltr' id='par_1_20' title="bbox 666 1917 2212 1987">
     <span class='ocr_line' id='line_1_20' title="bbox 666 1917 2212 1987; baseline 0 -18"><span class='ocrx_word' id='word_1_126' title='bbox 666 1920 868 1987; x_wconf 74' lang='grc' dir='ltr'><strong>ήπυλα,</strong></span> <span class='ocrx_word' id='word_1_127' title='bbox 898 1919 1109 1970; x_wconf 83' lang='lat' dir='ltr'><strong>volebat</strong></span> <span class='ocrx_word' id='word_1_128' title='bbox 1139 1933 1201 1969; x_wconf 83' lang='lat' dir='ltr'><strong>ex</strong></span> <span class='ocrx_word' id='word_1_129' title='bbox 1239 1931 1304 1970; x_wconf 91' lang='lat' dir='ltr'><strong>eo</strong></span> <span class='ocrx_word' id='word_1_130' title='bbox 1329 1919 1474 1986; x_wconf 90' lang='lat' dir='ltr'><strong>quod</strong></span> <span class='ocrx_word' id='word_1_131' title='bbox 1527 1918 1603 1970; x_wconf 89' lang='lat' dir='ltr'><strong>uti</strong></span> <span class='ocrx_word' id='word_1_132' title='bbox 1636 1927 1785 1982; x_wconf 92' lang='lat' dir='ltr'><strong>tunc,</strong></span> <span class='ocrx_word' id='word_1_133' title='bbox 1815 1918 1887 1970; x_wconf 88' lang='lat' dir='ltr'><strong>ita</strong></span> <span class='ocrx_word' id='word_1_134' title='bbox 1917 1917 2212 1986; x_wconf 89' lang='lat' dir='ltr'><strong>superiori-</strong></span> 
     </span>
    </p>
   </div>
   <div class='ocr_carea' id='block_1_21' title="bbox 668 2005 2218 2074">
    <p class='ocr_par' dir='ltr' id='par_1_21' title="bbox 668 2005 2218 2074">
     <span class='ocr_line' id='line_1_21' title="bbox 668 2005 2218 2074; baseline 0.002 -14"><span class='ocrx_word' id='word_1_135' title='bbox 668 2012 768 2062; x_wconf 88' lang='lat' dir='ltr'><strong>bus</strong></span> <span class='ocrx_word' id='word_1_136' title='bbox 795 2008 954 2062; x_wconf 83' lang='lat' dir='ltr'><strong>etiam</strong></span> <span class='ocrx_word' id='word_1_137' title='bbox 1007 2007 1244 2069; x_wconf 57' lang='lat' dir='ltr'><strong>aesculis,</strong></span> <span class='ocrx_word' id='word_1_138' title='bbox 1299 2007 1521 2074; x_wconf 88' lang='lat' dir='ltr'><strong>oppida-</strong></span> <span class='ocrx_word' id='word_1_139' title='bbox 1554 2005 1760 2060; x_wconf 87' lang='lat' dir='ltr'><strong>fuerint</strong></span> <span class='ocrx_word' id='word_1_140' title='bbox 1820 2007 1987 2060; x_wconf 87' lang='lat' dir='ltr'><strong>nullis</strong></span> <span class='ocrx_word' id='word_1_141' title='bbox 2046 2009 2218 2074; x_wconf 82' lang='lat' dir='ltr'><strong>portis</strong></span> 
     </span>
    </p>
   </div>
   <div class='ocr_carea' id='block_1_22' title="bbox 669 2099 2209 2168">
    <p class='ocr_par' dir='ltr' id='par_1_22' title="bbox 669 2099 2209 2168">
     <span class='ocr_line' id='line_1_22' title="bbox 669 2099 2209 2168; baseline 0.001 -15"><span class='ocrx_word' id='word_1_142' title='bbox 669 2102 875 2164; x_wconf 87' lang='lat' dir='ltr'><strong>clausa,</strong></span> <span class='ocrx_word' id='word_1_143' title='bbox 907 2115 1004 2152; x_wconf 90' lang='lat' dir='ltr'><strong>nec</strong></span> <span class='ocrx_word' id='word_1_144' title='bbox 1037 2099 1307 2152; x_wconf 76' lang='lat' dir='ltr'><strong>mrenibus</strong></span> <span class='ocrx_word' id='word_1_145' title='bbox 1338 2099 1532 2152; x_wconf 81' lang='lat' dir='ltr'><strong>cincta.</strong></span> <span class='ocrx_word' id='word_1_146' title='bbox 1573 2099 1744 2168; x_wconf 74' lang='lat' dir='ltr'><strong>Vulgo</strong></span> <span class='ocrx_word' id='word_1_147' title='bbox 1799 2100 2031 2167; x_wconf 88' lang='lat' dir='ltr'><strong>denique</strong></span> <span class='ocrx_word' id='word_1_148' title='bbox 2057 2099 2209 2155; x_wconf 66' lang='lat' dir='ltr'><strong>Gra-</strong></span> 
     </span>
    </p>
   </div>
   <div class='ocr_carea' id='block_1_23' title="bbox 668 2189 2214 2260">
    <p class='ocr_par' dir='ltr' id='par_1_23' title="bbox 668 2189 2214 2260">
     <span class='ocr_line' id='line_1_23' title="bbox 668 2189 2214 2260; baseline 0.001 -17"><span class='ocrx_word' id='word_1_149' title='bbox 668 2206 853 2244; x_wconf 88' lang='lat' dir='ltr'><strong>corum</strong></span> <span class='ocrx_word' id='word_1_150' title='bbox 888 2191 1038 2254; x_wconf 89' lang='lat' dir='ltr'><strong>illud,</strong></span> <span class='ocrx_word' id='word_1_151' title='bbox 1075 2191 1265 2251; x_wconf 74' lang='grc' dir='ltr'><strong>πόντος</strong></span> <span class='ocrx_word' id='word_1_152' title='bbox 1302 2191 1496 2257; x_wconf 80' lang='grc' dir='ltr'><strong>μέγας,</strong></span> <span class='ocrx_word' id='word_1_153' title='bbox 1520 2189 1679 2254; x_wconf 80' lang='lat' dir='ltr'><strong>~hoc,</strong></span> <span class='ocrx_word' id='word_1_154' title='bbox 1744 2191 1938 2251; x_wconf 75' lang='grc' dir='ltr'>πόντος</span> <span class='ocrx_word' id='word_1_155' title='bbox 1998 2191 2214 2260; x_wconf 76' lang='grc' dir='ltr'><strong>μικρὸς,</strong></span> 
     </span>
    </p>
   </div>
   <div class='ocr_carea' id='block_1_24' title="bbox 668 2281 2210 2357">
    <p class='ocr_par' dir='ltr' id='par_1_24' title="bbox 668 2281 2210 2357">
     <span class='ocr_line' id='line_1_24' title="bbox 668 2281 2210 2357; baseline 0.01 -24"><span class='ocrx_word' id='word_1_156' title='bbox 668 2284 983 2351; x_wconf 73' lang='lat' dir='ltr'><strong>appellatur,</strong></span> <span class='ocrx_word' id='word_1_157' title='bbox 1022 2296 1078 2337; x_wconf 88' lang='lat' dir='ltr'><strong>ut</strong></span> <span class='ocrx_word' id='word_1_158' title='bbox 1112 2286 1269 2352; x_wconf 89' lang='lat' dir='ltr'><strong>paulo</strong></span> <span class='ocrx_word' id='word_1_159' title='bbox 1318 2281 1666 2352; x_wconf 82' lang='lat' dir='ltr'><strong>peritioribus</strong></span> <span class='ocrx_word' id='word_1_160' title='bbox 1699 2286 1918 2354; x_wconf 76' lang='grc' dir='ltr'>γέφυρα</span> <span class='ocrx_word' id='word_1_161' title='bbox 1977 2286 2210 2357; x_wconf 74' lang='grc' dir='ltr'><strong>μεγάλη.</strong></span> 
     </span>
    </p>
   </div>
   <div class='ocr_carea' id='block_1_25' title="bbox 666 2375 1178 2444">
    <p class='ocr_par' dir='ltr' id='par_1_25' title="bbox 666 2375 1178 2444">
     <span class='ocr_line' id='line_1_25' title="bbox 666 2375 1178 2444; baseline -0.002 -15"><span class='ocrx_word' id='word_1_162' title='bbox 666 2387 720 2429; x_wconf 80' lang='lat' dir='ltr'><strong>et</strong></span> <span class='ocrx_word' id='word_1_163' title='bbox 746 2376 960 2444; x_wconf 73' lang='grc' dir='ltr'><strong>γέφυρα.</strong></span> <span class='ocrx_word' id='word_1_164' title='bbox 990 2375 1178 2444; x_wconf 80' lang='grc' dir='ltr'><strong>μικρὰ.</strong></span> 
     </span>
    </p>
   </div>
   <div class='ocr_carea' id='block_1_26' title="bbox 668 2507 2216 2576">
    <p class='ocr_par' dir='ltr' id='par_1_26' title="bbox 668 2507 2216 2576">
     <span class='ocr_line' id='line_1_26' title="bbox 668 2507 2216 2576; baseline 0.002 -16"><span class='ocrx_word' id='word_1_165' title='bbox 668 2507 790 2561; x_wconf 75' lang='lat' dir='ltr'><strong>I97.</strong></span> <span class='ocrx_word' id='word_1_166' title='bbox 821 2508 1037 2560; x_wconf 82' lang='lat' dir='ltr'><strong>Pratum</strong></span> <span class='ocrx_word' id='word_1_167' title='bbox 1069 2507 1436 2567; x_wconf 75' lang='lat' dir='ltr'><strong>Ccuibareum,</strong></span> <span class='ocrx_word' id='word_1_168' title='bbox 1463 2509 1828 2575; x_wconf 82' lang='lat' dir='ltr'><strong>genizarorum</strong></span> <span class='ocrx_word' id='word_1_169' title='bbox 1870 2510 2216 2576; x_wconf 82' lang='lat' dir='ltr'><strong>domicilium,</strong></span> 
     </span>
    </p>
   </div>
   <div class='ocr_carea' id='block_1_27' title="bbox 735 2576 2217 2648">
    <p class='ocr_par' dir='ltr' id='par_1_27' title="bbox 735 2576 2217 2648">
     <span class='ocr_line' id='line_1_27' title="bbox 735 2576 2217 2648; baseline 0.002 -20"><span class='ocrx_word' id='word_1_170' title='bbox 735 2581 999 2648; x_wconf 47' lang='lat' dir='ltr'><strong>excubuit,</strong></span> <span class='ocrx_word' id='word_1_171' title='bbox 1025 2576 1368 2628; x_wconf 62' lang='lat' dir='ltr'><strong>excubitora.</strong></span> <span class='ocrx_word' id='word_1_172' title='bbox 1404 2576 1540 2630; x_wconf 83' lang='lat' dir='ltr'><strong>Loca</strong></span> <span class='ocrx_word' id='word_1_173' title='bbox 1585 2590 1724 2630; x_wconf 81' lang='lat' dir='ltr'><strong>certa</strong></span> <span class='ocrx_word' id='word_1_174' title='bbox 1773 2581 2046 2646; x_wconf 82' lang='lat' dir='ltr'><strong>pascendis</strong></span> <span class='ocrx_word' id='word_1_175' title='bbox 2093 2583 2217 2648; x_wconf 79' lang='lat' dir='ltr'><strong>feli-</strong></span> 
     </span>
    </p>
   </div>
   <div class='ocr_carea' id='block_1_28' title="bbox 741 2645 2219 2716">
    <p class='ocr_par' dir='ltr' id='par_1_28' title="bbox 741 2645 2219 2716">
     <span class='ocr_line' id='line_1_28' title="bbox 741 2645 2219 2716; baseline 0.005 -19"><span class='ocrx_word' id='word_1_176' title='bbox 741 2645 854 2707; x_wconf 82' lang='lat' dir='ltr'><strong>bus,</strong></span> <span class='ocrx_word' id='word_1_177' title='bbox 872 2662 934 2697; x_wconf 73' lang='lat' dir='ltr'><strong>ea:</strong></span> <span class='ocrx_word' id='word_1_178' title='bbox 961 2645 1240 2698; x_wconf 81' lang='lat' dir='ltr'><strong>Turcorum</strong></span> <span class='ocrx_word' id='word_1_179' title='bbox 1268 2649 1509 2700; x_wconf 80' lang='lat' dir='ltr'><strong>instituto</strong></span> <span class='ocrx_word' id='word_1_180' title='bbox 1535 2688 1548 2710; x_wconf 90' lang='lat'><strong>,</strong></span> <span class='ocrx_word' id='word_1_181' title='bbox 1573 2645 1832 2702; x_wconf 76' lang='lat' dir='ltr'><strong>Custucet</strong></span> <span class='ocrx_word' id='word_1_182' title='bbox 1855 2645 2219 2716; x_wconf 71' lang='lat' dir='ltr'><strong>1kimfi,sta1w</strong></span> 
     </span>
    </p>
   </div>
   <div class='ocr_carea' id='block_1_29' title="bbox 739 2715 1409 2780">
    <p class='ocr_par' dir='ltr' id='par_1_29' title="bbox 739 2715 1409 2780">
     <span class='ocr_line' id='line_1_29' title="bbox 739 2715 1409 2780; baseline 0.004 -15"><span class='ocrx_word' id='word_1_183' title='bbox 739 2715 1010 2780; x_wconf 63' lang='lat' dir='ltr'><strong>pascendis</strong></span> <span class='ocrx_word' id='word_1_184' title='bbox 1037 2716 1216 2767; x_wconf 79' lang='lat' dir='ltr'><strong>iisdem</strong></span> <span class='ocrx_word' id='word_1_185' title='bbox 1252 2716 1409 2768; x_wconf 75' lang='lat' dir='ltr'><strong>Itone.</strong></span> 
     </span>
    </p>
   </div>
   <div class='ocr_carea' id='block_1_30' title="bbox 654 2818 2218 2900">
    <p class='ocr_par' dir='ltr' id='par_1_30' title="bbox 654 2818 2218 2900">
     <span class='ocr_line' id='line_1_30' title="bbox 654 2818 2218 2900; baseline 0.003 -20"><span class='ocrx_word' id='word_1_186' title='bbox 654 2818 656 2820; x_wconf 63' lang='grc'><em>’</em></span> <span class='ocrx_word' id='word_1_187' title='bbox 746 2828 1041 2882; x_wconf 75' lang='lat' dir='ltr'><strong>Divortisse</strong></span> <span class='ocrx_word' id='word_1_188' title='bbox 1075 2828 1306 2880; x_wconf 87' lang='lat' dir='ltr'><strong>traditur</strong></span> <span class='ocrx_word' id='word_1_189' title='bbox 1340 2827 1587 2890; x_wconf 79' lang='lat' dir='ltr'><strong>Selimes,</strong></span> <span class='ocrx_word' id='word_1_190' title='bbox 1632 2828 1772 2890; x_wconf 83' lang='lat' dir='ltr'><strong>haud</strong></span> <span class='ocrx_word' id='word_1_191' title='bbox 1820 2829 1980 2884; x_wconf 86' lang='lat' dir='ltr'><strong>dubie</strong></span> <span class='ocrx_word' id='word_1_192' title='bbox 2026 2844 2218 2900; x_wconf 74' lang='lat' dir='ltr'><strong>magno</strong></span> 
     </span>
    </p>
   </div>
   <div class='ocr_carea' id='block_1_31' title="bbox 670 2918 2220 2984">
    <p class='ocr_par' dir='ltr' id='par_1_31' title="bbox 670 2918 2220 2984">
     <span class='ocr_line' id='line_1_31' title="bbox 670 2918 2220 2984; baseline 0 -12"><span class='ocrx_word' id='word_1_193' title='bbox 670 2933 791 2973; x_wconf 88' lang='lat' dir='ltr'><strong>cum</strong></span> <span class='ocrx_word' id='word_1_194' title='bbox 822 2919 1102 2984; x_wconf 83' lang='lat' dir='ltr'><strong>comitatu,</strong></span> <span class='ocrx_word' id='word_1_195' title='bbox 1136 2920 1188 2971; x_wconf 94' lang='lat' dir='ltr'><strong>in</strong></span> <span class='ocrx_word' id='word_1_196' title='bbox 1225 2919 1400 2972; x_wconf 86' lang='lat' dir='ltr'><strong>locum</strong></span> <span class='ocrx_word' id='word_1_197' title='bbox 1438 2918 1605 2982; x_wconf 86' lang='lat' dir='ltr'><strong>urbis,</strong></span> <span class='ocrx_word' id='word_1_198' title='bbox 1632 2920 1697 2972; x_wconf 87' lang='lat' dir='ltr'><strong>ab</strong></span> <span class='ocrx_word' id='word_1_199' title='bbox 1729 2920 2028 2973; x_wconf 76' lang='lat' dir='ltr'><strong>Annalibus</strong></span> <span class='ocrx_word' id='word_1_200' title='bbox 2052 2922 2220 2975; x_wconf 85' lang='lat' dir='ltr'><strong>Geni-</strong></span> 
     </span>
    </p>
   </div>
   <div class='ocr_carea' id='block_1_32' title="bbox 673 2995 2216 3075">
    <p class='ocr_par' dir='ltr' id='par_1_32' title="bbox 673 2995 2216 3075">
     <span class='ocr_line' id='line_1_32' title="bbox 673 2995 2216 3075; baseline 0.001 -10"><span class='ocrx_word' id='word_1_201' title='bbox 673 2995 808 3066; x_wconf 72' lang='lat' dir='ltr'><strong>base</strong></span> <span class='ocrx_word' id='word_1_202' title='bbox 838 3012 916 3064; x_wconf 89' lang='lat' dir='ltr'><strong>vel</strong></span> <span class='ocrx_word' id='word_1_203' title='bbox 949 3010 1253 3065; x_wconf 85' lang='lat' dir='ltr'><strong>Gcnibacze</strong></span> <span class='ocrx_word' id='word_1_204' title='bbox 1290 3011 1644 3075; x_wconf 85' lang='lat' dir='ltr'><strong>nominatum,</strong></span> <span class='ocrx_word' id='word_1_205' title='bbox 1689 3010 1741 3064; x_wconf 87' lang='lat' dir='ltr'><strong>id</strong></span> <span class='ocrx_word' id='word_1_206' title='bbox 1771 3017 1854 3065; x_wconf 84' lang='lat' dir='ltr'><strong>est</strong></span> <span class='ocrx_word' id='word_1_207' title='bbox 1889 3012 1940 3063; x_wconf 88' lang='lat' dir='ltr'><strong>in</strong></span> <span class='ocrx_word' id='word_1_208' title='bbox 2002 3012 2216 3066; x_wconf 85' lang='lat' dir='ltr'><strong>hortum</strong></span> 
     </span>
    </p>
   </div>
   <div class='ocr_carea' id='block_1_33' title="bbox 675 3101 2216 3171">
    <p class='ocr_par' dir='ltr' id='par_1_33' title="bbox 675 3101 2216 3171">
     <span class='ocr_line' id='line_1_33' title="bbox 675 3101 2216 3171; baseline 0.002 -18"><span class='ocrx_word' id='word_1_209' title='bbox 675 3116 905 3163; x_wconf 89' lang='lat' dir='ltr'><strong>novum;</strong></span> <span class='ocrx_word' id='word_1_210' title='bbox 932 3102 1088 3168; x_wconf 89' lang='lat' dir='ltr'><strong>cujus</strong></span> <span class='ocrx_word' id='word_1_211' title='bbox 1112 3103 1162 3154; x_wconf 91' lang='lat' dir='ltr'><strong>in</strong></span> <span class='ocrx_word' id='word_1_212' title='bbox 1185 3113 1359 3171; x_wconf 84' lang='lat' dir='ltr'><strong>prato,</strong></span> <span class='ocrx_word' id='word_1_213' title='bbox 1392 3103 1685 3155; x_wconf 85' lang='lat' dir='ltr'><strong>multorum</strong></span> <span class='ocrx_word' id='word_1_214' title='bbox 1724 3101 2078 3155; x_wconf 88' lang='lat' dir='ltr'><strong>tentoriorum</strong></span> <span class='ocrx_word' id='word_1_215' title='bbox 2122 3118 2216 3156; x_wconf 87' lang='lat' dir='ltr'><strong>ea-</strong></span> 
     </span>
    </p>
   </div>
   <div class='ocr_carea' id='block_1_34' title="bbox 675 3191 2214 3260">
    <p class='ocr_par' dir='ltr' id='par_1_34' title="bbox 675 3191 2214 3260">
     <span class='ocr_line' id='line_1_34' title="bbox 675 3191 2214 3260; baseline 0.003 -19"><span class='ocrx_word' id='word_1_216' title='bbox 675 3193 816 3258; x_wconf 77' lang='lat' dir='ltr'><strong>pari,</strong></span> <span class='ocrx_word' id='word_1_217' title='bbox 856 3191 1085 3244; x_wconf 85' lang='lat' dir='ltr'><strong>&#39;I‘urcico</strong></span> <span class='ocrx_word' id='word_1_218' title='bbox 1143 3206 1292 3244; x_wconf 90' lang='lat' dir='ltr'><strong>more</strong></span> <span class='ocrx_word' id='word_1_219' title='bbox 1331 3191 1655 3245; x_wconf 89' lang='lat' dir='ltr'><strong>commorari</strong></span> <span class='ocrx_word' id='word_1_220' title='bbox 1709 3192 1811 3246; x_wconf 88' lang='lat' dir='ltr'><strong>sub</strong></span> <span class='ocrx_word' id='word_1_221' title='bbox 1841 3192 1930 3246; x_wconf 86' lang='lat' dir='ltr'><strong>dio</strong></span> <span class='ocrx_word' id='word_1_222' title='bbox 1984 3202 2214 3260; x_wconf 76' lang='lat' dir='ltr'><strong>peierat.</strong></span> 
     </span>
    </p>
   </div>
   <div class='ocr_carea' id='block_1_35' title="bbox 676 3278 2217 3350">
    <p class='ocr_par' dir='ltr' id='par_1_35' title="bbox 676 3278 2217 3350">
     <span class='ocr_line' id='line_1_35' title="bbox 676 3278 2217 3350; baseline 0.003 -19"><span class='ocrx_word' id='word_1_223' title='bbox 676 3279 819 3332; x_wconf 86' lang='lat' dir='ltr'><strong>Idem</strong></span> <span class='ocrx_word' id='word_1_224' title='bbox 860 3295 1050 3332; x_wconf 87' lang='lat' dir='ltr'><strong>nomen</strong></span> <span class='ocrx_word' id='word_1_225' title='bbox 1105 3291 1158 3334; x_wconf 90' lang='lat' dir='ltr'><strong>et</strong></span> <span class='ocrx_word' id='word_1_226' title='bbox 1218 3278 1596 3349; x_wconf 79' lang='lat' dir='ltr'><strong>Spanduginus</strong></span> <span class='ocrx_word' id='word_1_227' title='bbox 1639 3281 1919 3341; x_wconf 75' lang='lat' dir='ltr'><strong>memoriae</strong></span> <span class='ocrx_word' id='word_1_228' title='bbox 1963 3283 2217 3350; x_wconf 82' lang='lat' dir='ltr'><strong>prodidit.</strong></span> 
     </span>
    </p>
   </div>
   <div class='ocr_carea' id='block_1_36' title="bbox 675 3369 2219 3440">
    <p class='ocr_par' dir='ltr' id='par_1_36' title="bbox 675 3369 2219 3440">
     <span class='ocr_line' id='line_1_36' title="bbox 675 3369 2219 3440; baseline 0.003 -18"><span class='ocrx_word' id='word_1_229' title='bbox 675 3369 924 3425; x_wconf 84' lang='lat' dir='ltr'><strong>Seliment</strong></span> <span class='ocrx_word' id='word_1_230' title='bbox 977 3370 1213 3424; x_wconf 80' lang='lat' dir='ltr'><strong>referens</strong></span> <span class='ocrx_word' id='word_1_231' title='bbox 1273 3372 1562 3440; x_wconf 83' lang='lat' dir='ltr'><strong>bOSpitium</strong></span> <span class='ocrx_word' id='word_1_232' title='bbox 1618 3373 1826 3437; x_wconf 89' lang='lat' dir='ltr'><strong>cepisse</strong></span> <span class='ocrx_word' id='word_1_233' title='bbox 1874 3372 2100 3435; x_wconf 88' lang='lat' dir='ltr'><strong>inloco,</strong></span> <span class='ocrx_word' id='word_1_234' title='bbox 2133 3374 2219 3427; x_wconf 88' lang='lat' dir='ltr'><strong>cui</strong></span> 
     </span>
    </p>
   </div>
   <div class='ocr_carea' id='block_1_37' title="bbox 677 3459 2218 3528">
    <p class='ocr_par' dir='ltr' id='par_1_37' title="bbox 677 3459 2218 3528">
     <span class='ocr_line' id='line_1_37' title="bbox 677 3459 2218 3528; baseline 0.006 -20"><span class='ocrx_word' id='word_1_235' title='bbox 677 3474 870 3511; x_wconf 90' lang='lat' dir='ltr'><strong>nomen</strong></span> <span class='ocrx_word' id='word_1_236' title='bbox 914 3461 982 3511; x_wconf 93' lang='lat' dir='ltr'><strong>sit</strong></span> <span class='ocrx_word' id='word_1_237' title='bbox 1017 3459 1323 3524; x_wconf 82' lang='lat' dir='ltr'><strong>Jauibaeza,</strong></span> <span class='ocrx_word' id='word_1_238' title='bbox 1375 3476 1480 3513; x_wconf 89' lang='lat' dir='ltr'><strong>non</strong></span> <span class='ocrx_word' id='word_1_239' title='bbox 1538 3463 1719 3528; x_wconf 87' lang='lat' dir='ltr'><strong>procul</strong></span> <span class='ocrx_word' id='word_1_240' title='bbox 1779 3475 1807 3512; x_wconf 90' lang='lat' dir='ltr'><strong>a</strong></span> <span class='ocrx_word' id='word_1_241' title='bbox 1848 3463 2218 3528; x_wconf 76' lang='lat' dir='ltr'><strong>genizarorum</strong></span> 
     </span>
    </p>
   </div>
   <div class='ocr_carea' id='block_1_38' title="bbox 676 3548 2222 3620">
    <p class='ocr_par' dir='ltr' id='par_1_38' title="bbox 676 3548 2222 3620">
     <span class='ocr_line' id='line_1_38' title="bbox 676 3548 2222 3620; baseline 0.007 -23"><span class='ocrx_word' id='word_1_242' title='bbox 676 3549 972 3601; x_wconf 85' lang='lat' dir='ltr'><strong>domicilio.</strong></span> <span class='ocrx_word' id='word_1_243' title='bbox 1010 3548 1222 3602; x_wconf 88' lang='lat' dir='ltr'><strong>Dictum</strong></span> <span class='ocrx_word' id='word_1_244' title='bbox 1278 3551 1434 3617; x_wconf 87' lang='lat' dir='ltr'><strong>paulo</strong></span> <span class='ocrx_word' id='word_1_245' title='bbox 1468 3559 1612 3612; x_wconf 85' lang='lat' dir='ltr'><strong>ante,</strong></span> <span class='ocrx_word' id='word_1_246' title='bbox 1678 3551 1970 3605; x_wconf 73' lang='lat' dir='ltr'><strong>(Iorcutem</strong></span> <span class='ocrx_word' id='word_1_247' title='bbox 2007 3569 2222 3620; x_wconf 86' lang='lat' dir='ltr'><strong>quoque</strong></span> 
     </span>
    </p>
   </div>
   <div class='ocr_carea' id='block_1_39' title="bbox 672 3639 2222 3709">
    <p class='ocr_par' dir='ltr' id='par_1_39' title="bbox 672 3639 2222 3709">
     <span class='ocr_line' id='line_1_39' title="bbox 672 3639 2222 3709; baseline 0.003 -19"><span class='ocrx_word' id='word_1_248' title='bbox 672 3639 1195 3706; x_wconf 72' lang='lat' dir='ltr'><strong>Constantinopolim</strong></span> <span class='ocrx_word' id='word_1_249' title='bbox 1230 3642 1556 3707; x_wconf 76' lang='lat' dir='ltr'><strong>ingressum,</strong></span> <span class='ocrx_word' id='word_1_250' title='bbox 1590 3641 1731 3693; x_wconf 88' lang='lat' dir='ltr'><strong>haud</strong></span> <span class='ocrx_word' id='word_1_251' title='bbox 1773 3643 1957 3709; x_wconf 86' lang='lat' dir='ltr'><strong>procul</strong></span> <span class='ocrx_word' id='word_1_252' title='bbox 1993 3657 2021 3694; x_wconf 88' lang='lat' dir='ltr'><strong>a</strong></span> <span class='ocrx_word' id='word_1_253' title='bbox 2048 3643 2222 3695; x_wconf 87' lang='lat' dir='ltr'><strong>domi-</strong></span> 
     </span>
    </p>
   </div>
   <div class='ocr_carea' id='block_1_40' title="bbox 672 3732 2217 3803">
    <p class='ocr_par' dir='ltr' id='par_1_40' title="bbox 672 3732 2217 3803">
     <span class='ocr_line' id='line_1_40' title="bbox 672 3732 2217 3803; baseline 0.007 -24"><span class='ocrx_word' id='word_1_254' title='bbox 672 3732 799 3783; x_wconf 74' lang='lat' dir='ltr'><strong>rdio</strong></span> <span class='ocrx_word' id='word_1_255' title='bbox 857 3732 1234 3798; x_wconf 67' lang='lat' dir='ltr'><strong>genizarorum</strong></span> <span class='ocrx_word' id='word_1_256' title='bbox 1290 3733 1554 3799; x_wconf 76' lang='lat' dir='ltr'><strong>delegisse</strong></span> <span class='ocrx_word' id='word_1_257' title='bbox 1585 3733 1687 3785; x_wconf 85' lang='lat' dir='ltr'><strong>sibi</strong></span> <span class='ocrx_word' id='word_1_258' title='bbox 1730 3733 1904 3785; x_wconf 82' lang='lat' dir='ltr'><strong>locum</strong></span> <span class='ocrx_word' id='word_1_259' title='bbox 1945 3734 2161 3803; x_wconf 81' lang='lat' dir='ltr'><strong>liOSpitii</strong></span> <span class='ocrx_word' id='word_1_260' title='bbox 2202 3751 2217 3789; x_wconf 91' lang='lat'><strong>:</strong></span> 
     </span>
    </p>
   </div>
   <div class='ocr_carea' id='block_1_41' title="bbox 671 3819 2217 3892">
    <p class='ocr_par' dir='ltr' id='par_1_41' title="bbox 671 3819 2217 3892">
     <span class='ocr_line' id='line_1_41' title="bbox 671 3819 2217 3892; baseline 0.004 -18"><span class='ocrx_word' id='word_1_261' title='bbox 671 3823 815 3890; x_wconf 84' lang='lat' dir='ltr'><strong>quoii</strong></span> <span class='ocrx_word' id='word_1_262' title='bbox 859 3839 988 3876; x_wconf 84' lang='lat' dir='ltr'><strong>sane</strong></span> <span class='ocrx_word' id='word_1_263' title='bbox 1023 3838 1129 3892; x_wconf 92' lang='lat' dir='ltr'><strong>quo</strong></span> <span class='ocrx_word' id='word_1_264' title='bbox 1167 3819 1369 3876; x_wconf 86' lang='lat' dir='ltr'><strong>factum</strong></span> <span class='ocrx_word' id='word_1_265' title='bbox 1399 3824 1625 3877; x_wconf 87' lang='lat' dir='ltr'><strong>consilio</strong></span> <span class='ocrx_word' id='word_1_266' title='bbox 1664 3824 1846 3889; x_wconf 82' lang='lat' dir='ltr'><strong>fuerit,</strong></span> <span class='ocrx_word' id='word_1_267' title='bbox 1902 3840 2060 3878; x_wconf 83' lang='lat' dir='ltr'><strong>neuio</strong></span> <span class='ocrx_word' id='word_1_268' title='bbox 2113 3843 2217 3880; x_wconf 90' lang='lat' dir='ltr'><strong>non</strong></span> 
     </span>
    </p>
   </div>
   <div class='ocr_carea' id='block_1_42' title="bbox 677 3912 2218 3982">
    <p class='ocr_par' dir='ltr' id='par_1_42' title="bbox 677 3912 2218 3982">
     <span class='ocr_line' id='line_1_42' title="bbox 677 3912 2218 3982; baseline 0.006 -20"><span class='ocrx_word' id='word_1_269' title='bbox 677 3914 1075 3966; x_wconf 77' lang='lat' dir='ltr'><strong>animadvertit.</strong></span> <span class='ocrx_word' id='word_1_270' title='bbox 1115 3912 1224 3967; x_wconf 85' lang='lat' dir='ltr'><strong>Hoc</strong></span> <span class='ocrx_word' id='word_1_271' title='bbox 1263 3915 1635 3982; x_wconf 76' lang='lat' dir='ltr'><strong>geuizarorum</strong></span> <span class='ocrx_word' id='word_1_272' title='bbox 1686 3916 2019 3972; x_wconf 89' lang='lat' dir='ltr'><strong>domicilium</strong></span> <span class='ocrx_word' id='word_1_273' title='bbox 2077 3935 2218 3972; x_wconf 61' lang='lat' dir='ltr'><strong>mese</strong></span> 
     </span>
    </p>
   </div>
   <div class='ocr_carea' id='block_1_43' title="bbox 677 4000 2218 4070">
    <p class='ocr_par' dir='ltr' id='par_1_43' title="bbox 677 4000 2218 4070">
     <span class='ocr_line' id='line_1_43' title="bbox 677 4000 2218 4070; baseline 0.007 -20"><span class='ocrx_word' id='word_1_274' title='bbox 677 4002 792 4052; x_wconf 75' lang='lat' dir='ltr'><strong>sita:</strong></span> <span class='ocrx_word' id='word_1_275' title='bbox 825 4000 1129 4068; x_wconf 82' lang='lat' dir='ltr'><strong>proximum</strong></span> <span class='ocrx_word' id='word_1_276' title='bbox 1157 4011 1261 4066; x_wconf 90' lang='lat' dir='ltr'><strong>est,</strong></span> <span class='ocrx_word' id='word_1_277' title='bbox 1285 4018 1442 4070; x_wconf 90' lang='lat' dir='ltr'><strong>quam</strong></span> <span class='ocrx_word' id='word_1_278' title='bbox 1478 4006 1749 4057; x_wconf 76' lang='lat' dir='ltr'><strong>memoria:</strong></span> <span class='ocrx_word' id='word_1_279' title='bbox 1780 4007 2085 4062; x_wconf 84' lang='lat' dir='ltr'><strong>cbarissimi</strong></span> <span class='ocrx_word' id='word_1_280' title='bbox 2117 4009 2218 4064; x_wconf 86' lang='lat' dir='ltr'><strong>sibi</strong></span> 
     </span>
    </p>
   </div>
   <div class='ocr_carea' id='block_1_44' title="bbox 679 4089 2221 4153">
    <p class='ocr_par' dir='ltr' id='par_1_44' title="bbox 679 4089 2221 4153">
     <span class='ocr_line' id='line_1_44' title="bbox 679 4089 2221 4153; baseline 0.008 -12"><span class='ocrx_word' id='word_1_281' title='bbox 679 4091 770 4142; x_wconf 90' lang='lat' dir='ltr'><strong>lilii</strong></span> <span class='ocrx_word' id='word_1_282' title='bbox 803 4089 1152 4145; x_wconf 85' lang='lat' dir='ltr'><strong>Muchemetis</strong></span> <span class='ocrx_word' id='word_1_283' title='bbox 1181 4089 1514 4146; x_wconf 85' lang='lat' dir='ltr'><strong>Soleimaues</strong></span> <span class='ocrx_word' id='word_1_284' title='bbox 1545 4097 1817 4151; x_wconf 84' lang='lat' dir='ltr'><strong>secundus</strong></span> <span class='ocrx_word' id='word_1_285' title='bbox 1841 4100 2130 4153; x_wconf 66' lang='lat' dir='ltr'><strong>exstruxit.</strong></span> <span class='ocrx_word' id='word_1_286' title='bbox 2174 4098 2221 4153; x_wconf 88' lang='lat' dir='ltr'><strong>ls</strong></span> 
     </span>
    </p>
   </div>
   <div class='ocr_carea' id='block_1_45' title="bbox 678 4183 2220 4255">
    <p class='ocr_par' dir='ltr' id='par_1_45' title="bbox 678 4183 2220 4255">
     <span class='ocr_line' id='line_1_45' title="bbox 678 4183 2220 4255; baseline 0.005 -20"><span class='ocrx_word' id='word_1_287' title='bbox 678 4194 836 4239; x_wconf 88' lang='lat' dir='ltr'><strong>natus</strong></span> <span class='ocrx_word' id='word_1_288' title='bbox 869 4201 932 4238; x_wconf 79' lang='lat' dir='ltr'><strong>cx</strong></span> <span class='ocrx_word' id='word_1_289' title='bbox 977 4183 1144 4237; x_wconf 86' lang='lat' dir='ltr'><strong>Rossa</strong></span> <span class='ocrx_word' id='word_1_290' title='bbox 1185 4185 1435 4255; x_wconf 82' lang='lat' dir='ltr'><strong>conjuge,</strong></span> <span class='ocrx_word' id='word_1_291' title='bbox 1468 4202 1564 4239; x_wconf 90' lang='lat' dir='ltr'><strong>ceu</strong></span> <span class='ocrx_word' id='word_1_292' title='bbox 1609 4189 1809 4241; x_wconf 69' lang='lat' dir='ltr'><strong>dictum</strong></span> <span class='ocrx_word' id='word_1_293' title='bbox 1850 4190 1902 4242; x_wconf 92' lang='lat' dir='ltr'><strong>in</strong></span> <span class='ocrx_word' id='word_1_294' title='bbox 1934 4192 2220 4242; x_wconf 83' lang='lat' dir='ltr'><strong>Annalium</strong></span> 
     </span>
    </p>
   </div>
   <div class='ocr_carea' id='block_1_46' title="bbox 677 4275 2220 4346">
    <p class='ocr_par' dir='ltr' id='par_1_46' title="bbox 677 4275 2220 4346">
     <span class='ocr_line' id='line_1_46' title="bbox 677 4275 2220 4346; baseline 0.003 -19"><span class='ocrx_word' id='word_1_295' title='bbox 677 4276 1084 4346; x_wconf 78' lang='lat' dir='ltr'><strong>Supplementa,</strong></span> <span class='ocrx_word' id='word_1_296' title='bbox 1115 4275 1332 4329; x_wconf 82' lang='lat' dir='ltr'><strong>Selimis</strong></span> <span class='ocrx_word' id='word_1_297' title='bbox 1387 4277 1425 4329; x_wconf 92' lang='lat' dir='ltr'><strong>Il</strong></span> <span class='ocrx_word' id='word_1_298' title='bbox 1457 4277 1625 4331; x_wconf 80' lang='lat' dir='ltr'><strong>frater</strong></span> <span class='ocrx_word' id='word_1_299' title='bbox 1680 4288 1804 4330; x_wconf 86' lang='lat' dir='ltr'><strong>natu</strong></span> <span class='ocrx_word' id='word_1_300' title='bbox 1854 4279 2046 4345; x_wconf 81' lang='lat' dir='ltr'><strong>major,</strong></span> <span class='ocrx_word' id='word_1_301' title='bbox 2083 4280 2220 4332; x_wconf 79' lang='lat' dir='ltr'><strong>haud</strong></span> 
     </span>
    </p>
   </div>
   <div class='ocr_carea' id='block_1_47' title="bbox 677 4367 2219 4438">
    <p class='ocr_par' dir='ltr' id='par_1_47' title="bbox 677 4367 2219 4438">
     <span class='ocr_line' id='line_1_47' title="bbox 677 4367 2219 4438; baseline 0.005 -22"><span class='ocrx_word' id='word_1_302' title='bbox 677 4367 836 4419; x_wconf 80' lang='lat' dir='ltr'><strong>dubie</strong></span> <span class='ocrx_word' id='word_1_303' title='bbox 861 4367 999 4434; x_wconf 86' lang='lat' dir='ltr'><strong>patri</strong></span> <span class='ocrx_word' id='word_1_304' title='bbox 1027 4381 1376 4420; x_wconf 86' lang='lat' dir='ltr'><strong>successurus</strong></span> <span class='ocrx_word' id='word_1_305' title='bbox 1399 4381 1536 4432; x_wconf 83' lang='lat' dir='ltr'><strong>erat,</strong></span> <span class='ocrx_word' id='word_1_306' title='bbox 1559 4370 1602 4422; x_wconf 86' lang='lat' dir='ltr'><strong>si</strong></span> <span class='ocrx_word' id='word_1_307' title='bbox 1631 4385 1776 4438; x_wconf 79' lang='lat' dir='ltr'><strong>siipei</strong></span> <span class='ocrx_word' id='word_1_308' title='bbox 1795 4382 1905 4424; x_wconf 82' lang='lat' dir='ltr'><strong>Sles</strong></span> <span class='ocrx_word' id='word_1_309' title='bbox 1931 4371 1978 4422; x_wconf 80' lang='lat' dir='ltr'><strong>ci</strong></span> <span class='ocrx_word' id='word_1_310' title='bbox 2012 4371 2219 4424; x_wconf 76' lang='lat' dir='ltr'><strong>fuisset.</strong></span> 
     </span>
    </p>
   </div>
   <div class='ocr_carea' id='block_1_48' title="bbox 677 4456 2300 4529">
    <p class='ocr_par' dir='ltr' id='par_1_48' title="bbox 677 4456 2300 4529">
     <span class='ocr_line' id='line_1_48' title="bbox 677 4456 2300 4529; baseline 0.002 -20"><span class='ocrx_word' id='word_1_311' title='bbox 677 4458 785 4510; x_wconf 70' lang='lat' dir='ltr'><strong>Nec</strong></span> <span class='ocrx_word' id='word_1_312' title='bbox 816 4457 942 4509; x_wconf 82' lang='lat' dir='ltr'><strong>item</strong></span> <span class='ocrx_word' id='word_1_313' title='bbox 987 4456 1173 4523; x_wconf 83' lang='lat' dir='ltr'><strong>procul</strong></span> <span class='ocrx_word' id='word_1_314' title='bbox 1209 4461 1359 4509; x_wconf 87' lang='lat' dir='ltr'><strong>abest</strong></span> <span class='ocrx_word' id='word_1_315' title='bbox 1392 4473 1420 4510; x_wconf 88' lang='lat' dir='ltr'><strong>a</strong></span> <span class='ocrx_word' id='word_1_316' title='bbox 1466 4461 1680 4512; x_wconf 78' lang='lat' dir='ltr'><strong>messim</strong></span> <span class='ocrx_word' id='word_1_317' title='bbox 1713 4461 2010 4514; x_wconf 86' lang='lat' dir='ltr'><strong>Turcorum</strong></span> <span class='ocrx_word' id='word_1_318' title='bbox 2053 4467 2219 4529; x_wconf 86' lang='lat' dir='ltr'><strong>prima</strong></span> <span class='ocrx_word' id='word_1_319' title='bbox 2251 4467 2300 4524; x_wconf 88' lang='lat' dir='ltr'><strong>D</strong></span> 
     </span>
    </p>
   </div>
   <div class='ocr_carea' id='block_1_49' title="bbox 673 4546 2217 4615">
    <p class='ocr_par' dir='ltr' id='par_1_49' title="bbox 673 4546 2217 4615">
     <span class='ocr_line' id='line_1_49' title="bbox 673 4546 2217 4615; baseline 0.003 -16"><span class='ocrx_word' id='word_1_320' title='bbox 673 4546 1160 4614; x_wconf 61' lang='lat' dir='ltr'><strong>Constantinopoli,</strong></span> <span class='ocrx_word' id='word_1_321' title='bbox 1195 4563 1356 4615; x_wconf 83' lang='lat' dir='ltr'><strong>quam</strong></span> <span class='ocrx_word' id='word_1_322' title='bbox 1408 4551 1458 4600; x_wconf 91' lang='lat' dir='ltr'><strong>in</strong></span> <span class='ocrx_word' id='word_1_323' title='bbox 1513 4551 1691 4602; x_wconf 89' lang='lat' dir='ltr'><strong>locum</strong></span> <span class='ocrx_word' id='word_1_324' title='bbox 1729 4552 1857 4604; x_wconf 81' lang='lat' dir='ltr'><strong>aedis</strong></span> <span class='ocrx_word' id='word_1_325' title='bbox 1907 4554 2217 4604; x_wconf 75' lang='lat' dir='ltr'><strong>sanctorum</strong></span> 
     </span>
    </p>
   </div>
   <div class='ocr_carea' id='block_1_50' title="bbox 678 4637 2219 4707">
    <p class='ocr_par' dir='ltr' id='par_1_50' title="bbox 678 4637 2219 4707">
     <span class='ocr_line' id='line_1_50' title="bbox 678 4637 2219 4707; baseline 0.003 -20"><span class='ocrx_word' id='word_1_326' title='bbox 678 4637 1038 4702; x_wconf 84' lang='lat' dir='ltr'><strong>apostolorum</strong></span> <span class='ocrx_word' id='word_1_327' title='bbox 1080 4638 1442 4691; x_wconf 80' lang='lat' dir='ltr'><strong>Mueliemetes</strong></span> <span class='ocrx_word' id='word_1_328' title='bbox 1479 4639 1538 4702; x_wconf 81' lang='lat' dir='ltr'><strong>li,</strong></span> <span class='ocrx_word' id='word_1_329' title='bbox 1585 4640 1716 4692; x_wconf 86' lang='lat' dir='ltr'><strong>urbe</strong></span> <span class='ocrx_word' id='word_1_330' title='bbox 1740 4651 1918 4707; x_wconf 76' lang='lat' dir='ltr'><strong>capta,</strong></span> <span class='ocrx_word' id='word_1_331' title='bbox 1959 4641 2219 4693; x_wconf 90' lang='lat' dir='ltr'><strong>condidit.</strong></span> 
     </span>
    </p>
   </div>
   <div class='ocr_carea' id='block_1_51' title="bbox 684 4729 2220 4798">
    <p class='ocr_par' dir='ltr' id='par_1_51' title="bbox 684 4729 2220 4798">
     <span class='ocr_line' id='line_1_51' title="bbox 684 4729 2220 4798; baseline 0.002 -21"><span class='ocrx_word' id='word_1_332' title='bbox 684 4729 856 4792; x_wconf 81' lang='lat' dir='ltr'><strong>Ipsum</strong></span> <span class='ocrx_word' id='word_1_333' title='bbox 923 4729 1023 4780; x_wconf 83' lang='lat' dir='ltr'><strong>hoc</strong></span> <span class='ocrx_word' id='word_1_334' title='bbox 1086 4730 1367 4784; x_wconf 78' lang='lat' dir='ltr'><strong>aedificium</strong></span> <span class='ocrx_word' id='word_1_335' title='bbox 1434 4747 1528 4798; x_wconf 89' lang='lat' dir='ltr'><strong>pro</strong></span> <span class='ocrx_word' id='word_1_336' title='bbox 1595 4731 1861 4795; x_wconf 77' lang='lat' dir='ltr'><strong>geuizaris</strong></span> <span class='ocrx_word' id='word_1_337' title='bbox 1892 4740 2220 4783; x_wconf 81' lang='lat' dir='ltr'><strong>exstructum</strong></span> 
     </span>
    </p>
   </div>
   <div class='ocr_carea' id='block_1_52' title="bbox 680 4800 2220 4885">
    <p class='ocr_par' dir='ltr' id='par_1_52' title="bbox 680 4800 2220 4885">
     <span class='ocr_line' id='line_1_52' title="bbox 680 4800 2220 4885; baseline 0.001 -20"><span class='ocrx_word' id='word_1_338' title='bbox 680 4817 916 4867; x_wconf 75' lang='lat' dir='ltr'><strong>arbitror</strong></span> <span class='ocrx_word' id='word_1_339' title='bbox 940 4818 1002 4869; x_wconf 90' lang='lat' dir='ltr'><strong>ad</strong></span> <span class='ocrx_word' id='word_1_340' title='bbox 1027 4800 1378 4872; x_wconf 87' lang='lat' dir='ltr'><strong>imitationem</strong></span> <span class='ocrx_word' id='word_1_341' title='bbox 1412 4820 1604 4872; x_wconf 77' lang='lat' dir='ltr'><strong>Veteris</strong></span> <span class='ocrx_word' id='word_1_342' title='bbox 1634 4830 1737 4869; x_wconf 86' lang='lat' dir='ltr'><strong>tam</strong></span> <span class='ocrx_word' id='word_1_343' title='bbox 1772 4820 1821 4870; x_wconf 90' lang='lat' dir='ltr'><strong>in</strong></span> <span class='ocrx_word' id='word_1_344' title='bbox 1858 4821 1988 4871; x_wconf 89' lang='lat' dir='ltr'><strong>urbe</strong></span> <span class='ocrx_word' id='word_1_345' title='bbox 2022 4819 2220 4885; x_wconf 81' lang='lat' dir='ltr'><strong>prisca,</strong></span> 
     </span>
    </p>
   </div>
   <div class='ocr_carea' id='block_1_53' title="bbox 683 4907 2220 4972">
    <p class='ocr_par' dir='ltr' id='par_1_53' title="bbox 683 4907 2220 4972">
     <span class='ocr_line' id='line_1_53' title="bbox 683 4907 2220 4972; baseline 0.003 -22"><span class='ocrx_word' id='word_1_346' title='bbox 683 4920 838 4967; x_wconf 86' lang='lat' dir='ltr'><strong>quam</strong></span> <span class='ocrx_word' id='word_1_347' title='bbox 880 4920 1035 4968; x_wconf 81' lang='lat' dir='ltr'><strong>nova,</strong></span> <span class='ocrx_word' id='word_1_348' title='bbox 1062 4909 1502 4972; x_wconf 62' lang='lat' dir='ltr'><strong>prmtorianarum</strong></span> <span class='ocrx_word' id='word_1_349' title='bbox 1544 4907 1844 4959; x_wconf 83' lang='lat' dir='ltr'><strong>cohortium</strong></span> <span class='ocrx_word' id='word_1_350' title='bbox 1876 4908 2220 4967; x_wconf 62' lang='lat' dir='ltr'><strong>excubitorii,</strong></span> 
     </span>
    </p>
   </div>
   <div class='ocr_carea' id='block_1_54' title="bbox 683 4989 2222 5061">
    <p class='ocr_par' dir='ltr' id='par_1_54' title="bbox 683 4989 2222 5061">
     <span class='ocr_line' id='line_1_54' title="bbox 683 4989 2222 5061; baseline 0.002 -19"><span class='ocrx_word' id='word_1_351' title='bbox 683 4995 822 5061; x_wconf 85' lang='lat' dir='ltr'><strong>quod</strong></span> <span class='ocrx_word' id='word_1_352' title='bbox 853 4997 1092 5050; x_wconf 83' lang='lat' dir='ltr'><strong>historici</strong></span> <span class='ocrx_word' id='word_1_353' title='bbox 1125 4989 1293 5049; x_wconf 47' lang='lat' dir='ltr'><strong>Graeci</strong></span> <span class='ocrx_word' id='word_1_354' title='bbox 1331 4996 1660 5049; x_wconf 58' lang='lat' dir='ltr'><strong>recentiores</strong></span> <span class='ocrx_word' id='word_1_355' title='bbox 1694 4997 1999 5048; x_wconf 76' lang='lat' dir='ltr'><strong>excubitum</strong></span> <span class='ocrx_word' id='word_1_356' title='bbox 2037 5005 2085 5047; x_wconf 83' lang='lat' dir='ltr'><strong>et</strong></span> <span class='ocrx_word' id='word_1_357' title='bbox 2129 5008 2222 5045; x_wconf 72' lang='lat' dir='ltr'><strong>ex-</strong></span> 
     </span>
    </p>
   </div>
   <div class='ocr_carea' id='block_1_55' title="bbox 683 5083 2226 5143">
    <p class='ocr_par' dir='ltr' id='par_1_55' title="bbox 683 5083 2226 5143">
     <span class='ocr_line' id='line_1_55' title="bbox 683 5083 2226 5143; baseline -0.002 -6"><span class='ocrx_word' id='word_1_358' title='bbox 683 5086 858 5138; x_wconf 90' lang='lat' dir='ltr'><strong>cubila</strong></span> <span class='ocrx_word' id='word_1_359' title='bbox 924 5088 1193 5139; x_wconf 82' lang='lat' dir='ltr'><strong>dixerunt.</strong></span> <span class='ocrx_word' id='word_1_360' title='bbox 1250 5087 1418 5139; x_wconf 84' lang='lat' dir='ltr'><strong>Erant</strong></span> <span class='ocrx_word' id='word_1_361' title='bbox 1448 5087 1587 5138; x_wconf 91' lang='lat' dir='ltr'><strong>enim</strong></span> <span class='ocrx_word' id='word_1_362' title='bbox 1623 5095 1678 5138; x_wconf 94' lang='lat' dir='ltr'><strong>ut</strong></span> <span class='ocrx_word' id='word_1_363' title='bbox 1704 5089 1750 5137; x_wconf 88' lang='lat' dir='ltr'><strong>iu</strong></span> <span class='ocrx_word' id='word_1_364' title='bbox 1780 5089 1908 5140; x_wconf 88' lang='lat' dir='ltr'><strong>urbe</strong></span> <span class='ocrx_word' id='word_1_365' title='bbox 1939 5087 2124 5143; x_wconf 78' lang='lat' dir='ltr'><strong>veteri,</strong></span> <span class='ocrx_word' id='word_1_366' title='bbox 2152 5083 2226 5135; x_wconf 87' lang='lat' dir='ltr'><strong>sic</strong></span> 
     </span>
    </p>
   </div>
   <div class='ocr_carea' id='block_1_56' title="bbox 682 5159 2224 5242">
    <p class='ocr_par' dir='ltr' id='par_1_56' title="bbox 682 5159 2224 5242">
     <span class='ocr_line' id='line_1_56' title="bbox 682 5159 2224 5242; baseline -0.001 -17"><span class='ocrx_word' id='word_1_367' title='bbox 682 5175 840 5225; x_wconf 80' lang='lat' dir='ltr'><strong>etiam</strong></span> <span class='ocrx_word' id='word_1_368' title='bbox 875 5175 925 5224; x_wconf 88' lang='lat' dir='ltr'><strong>in</strong></span> <span class='ocrx_word' id='word_1_369' title='bbox 961 5187 1093 5227; x_wconf 71' lang='lat' dir='ltr'><strong>nova</strong></span> <span class='ocrx_word' id='word_1_370' title='bbox 1127 5175 1592 5233; x_wconf 84' lang='lat' dir='ltr'><strong>Constantiniana.</strong></span> <span class='ocrx_word' id='word_1_371' title='bbox 1617 5176 1917 5242; x_wconf 66' lang='lat' dir='ltr'><strong>cohortium</strong></span> <span class='ocrx_word' id='word_1_372' title='bbox 1944 5159 2224 5242; x_wconf 27' lang='lat' dir='ltr'><strong>&#39;prretoria-</strong></span> 
     </span>
    </p>
   </div>
   <div class='ocr_carea' id='block_1_57' title="bbox 687 5262 2226 5331">
    <p class='ocr_par' dir='ltr' id='par_1_57' title="bbox 687 5262 2226 5331">
     <span class='ocr_line' id='line_1_57' title="bbox 687 5262 2226 5331; baseline -0.001 -16"><span class='ocrx_word' id='word_1_373' title='bbox 687 5279 896 5326; x_wconf 86' lang='lat' dir='ltr'><strong>narum,</strong></span> <span class='ocrx_word' id='word_1_374' title='bbox 963 5266 1158 5331; x_wconf 82' lang='lat' dir='ltr'><strong>quibus</strong></span> <span class='ocrx_word' id='word_1_375' title='bbox 1224 5262 1460 5330; x_wconf 72' lang='lat' dir='ltr'><strong>genizari</strong></span> <span class='ocrx_word' id='word_1_376' title='bbox 1530 5275 1932 5329; x_wconf 78' lang='lat' dir='ltr'><strong>sneccsscrunt,</strong></span> <span class='ocrx_word' id='word_1_377' title='bbox 1995 5267 2226 5328; x_wconf 85' lang='lat' dir='ltr'><strong>itemque</strong></span> 
     </span>
    </p>
   </div>
   <div class='ocr_carea' id='block_1_58' title="bbox 685 5351 2227 5422">
    <p class='ocr_par' dir='ltr' id='par_1_58' title="bbox 685 5351 2227 5422">
     <span class='ocr_line' id='line_1_58' title="bbox 685 5351 2227 5422; baseline 0.001 -20"><span class='ocrx_word' id='word_1_378' title='bbox 685 5357 983 5407; x_wconf 71' lang='lat' dir='ltr'><strong>cohortium</strong></span> <span class='ocrx_word' id='word_1_379' title='bbox 1013 5356 1360 5417; x_wconf 84' lang='lat' dir='ltr'><strong>urbanarum,</strong></span> <span class='ocrx_word' id='word_1_380' title='bbox 1397 5364 1448 5407; x_wconf 87' lang='lat' dir='ltr'><strong>et</strong></span> <span class='ocrx_word' id='word_1_381' title='bbox 1473 5356 1687 5422; x_wconf 71' lang='lat' dir='ltr'><strong>vigilum</strong></span> <span class='ocrx_word' id='word_1_382' title='bbox 1711 5355 2084 5408; x_wconf 79' lang='lat' dir='ltr'><strong>excubitoria.</strong></span> <span class='ocrx_word' id='word_1_383' title='bbox 2118 5351 2227 5405; x_wconf 79' lang='lat' dir='ltr'><strong>Nec</strong></span> 
     </span>
    </p>
   </div>
   <div class='ocr_carea' id='block_1_59' title="bbox 685 5445 2226 5514">
    <p class='ocr_par' dir='ltr' id='par_1_59' title="bbox 685 5445 2226 5514">
     <span class='ocr_line' id='line_1_59' title="bbox 685 5445 2226 5514; baseline -0.001 -16"><span class='ocrx_word' id='word_1_384' title='bbox 685 5453 857 5499; x_wconf 77' lang='lat' dir='ltr'><strong>locum</strong></span> <span class='ocrx_word' id='word_1_385' title='bbox 891 5445 1135 5513; x_wconf 86' lang='lat' dir='ltr'><strong>equidem</strong></span> <span class='ocrx_word' id='word_1_386' title='bbox 1179 5446 1499 5498; x_wconf 75' lang='lat' dir='ltr'><strong>excubitorii</strong></span> <span class='ocrx_word' id='word_1_387' title='bbox 1553 5449 1998 5514; x_wconf 60' lang='lat' dir='ltr'><strong>pratorianorum</strong></span> <span class='ocrx_word' id='word_1_388' title='bbox 2030 5454 2226 5497; x_wconf 71' lang='lat' dir='ltr'><strong>Veteris</strong></span> 
     </span>
    </p>
   </div>
   <div class='ocr_carea' id='block_1_60' title="bbox 689 5536 2224 5603">
    <p class='ocr_par' dir='ltr' id='par_1_60' title="bbox 689 5536 2224 5603">
     <span class='ocr_line' id='line_1_60' title="bbox 689 5536 2224 5603; baseline 0 -17"><span class='ocrx_word' id='word_1_389' title='bbox 689 5548 946 5588; x_wconf 88' lang='lat' dir='ltr'><strong>mutatum</strong></span> <span class='ocrx_word' id='word_1_390' title='bbox 983 5536 1236 5597; x_wconf 84' lang='lat' dir='ltr'><strong>arbitror,</strong></span> <span class='ocrx_word' id='word_1_391' title='bbox 1263 5536 1330 5588; x_wconf 91' lang='lat' dir='ltr'><strong>ob</strong></span> <span class='ocrx_word' id='word_1_392' title='bbox 1385 5540 1820 5591; x_wconf 83' lang='lat' dir='ltr'><strong>commoditatem</strong></span> <span class='ocrx_word' id='word_1_393' title='bbox 1855 5540 1993 5590; x_wconf 91' lang='lat' dir='ltr'><strong>situs</strong></span> <span class='ocrx_word' id='word_1_394' title='bbox 2022 5555 2034 5601; x_wconf 88' lang='lat'>;</span> <span class='ocrx_word' id='word_1_395' title='bbox 2071 5551 2224 5603; x_wconf 78' lang='lat' dir='ltr'><strong>quem</strong></span> 
     </span>
    </p>
   </div>
   <div class='ocr_carea' id='block_1_61' title="bbox 689 5627 2228 5696">
    <p class='ocr_par' dir='ltr' id='par_1_61' title="bbox 689 5627 2228 5696">
     <span class='ocr_line' id='line_1_61' title="bbox 689 5627 2228 5696; baseline 0.001 -20"><span class='ocrx_word' id='word_1_396' title='bbox 689 5638 905 5690; x_wconf 81' lang='lat' dir='ltr'><strong>norunt,</strong></span> <span class='ocrx_word' id='word_1_397' title='bbox 942 5629 1033 5695; x_wconf 90' lang='lat' dir='ltr'><strong>qui</strong></span> <span class='ocrx_word' id='word_1_398' title='bbox 1074 5627 1592 5696; x_wconf 85' lang='lat' dir='ltr'><strong>Constantinopolim</strong></span> <span class='ocrx_word' id='word_1_399' title='bbox 1647 5631 1916 5681; x_wconf 79' lang='lat' dir='ltr'><strong>viderunt.</strong></span> <span class='ocrx_word' id='word_1_400' title='bbox 1955 5629 2088 5679; x_wconf 88' lang='lat' dir='ltr'><strong>Sunt</strong></span> <span class='ocrx_word' id='word_1_401' title='bbox 2127 5629 2228 5678; x_wconf 90' lang='lat' dir='ltr'><strong>ibi-</strong></span> 
     </span>
    </p>
   </div>
   <div class='ocr_carea' id='block_1_62' title="bbox 688 5716 2224 5787">
    <p class='ocr_par' dir='ltr' id='par_1_62' title="bbox 688 5716 2224 5787">
     <span class='ocr_line' id='line_1_62' title="bbox 688 5716 2224 5787; baseline 0.003 -21"><span class='ocrx_word' id='word_1_402' title='bbox 688 5716 805 5766; x_wconf 76' lang='lat' dir='ltr'><strong>dem</strong></span> <span class='ocrx_word' id='word_1_403' title='bbox 842 5716 977 5769; x_wconf 86' lang='lat' dir='ltr'><strong>horti</strong></span> <span class='ocrx_word' id='word_1_404' title='bbox 1015 5718 1165 5785; x_wconf 75' lang='lat' dir='ltr'><strong>longe</strong></span> <span class='ocrx_word' id='word_1_405' title='bbox 1194 5717 1532 5787; x_wconf 70' lang='lat' dir='ltr'><strong>amplissimi,</strong></span> <span class='ocrx_word' id='word_1_406' title='bbox 1588 5721 1909 5775; x_wconf 81' lang='lat' dir='ltr'><strong>circumdati</strong></span> <span class='ocrx_word' id='word_1_407' title='bbox 1950 5719 2138 5784; x_wconf 81' lang='lat' dir='ltr'><strong>nutris,</strong></span> <span class='ocrx_word' id='word_1_408' title='bbox 2174 5720 2224 5772; x_wconf 90' lang='lat' dir='ltr'><strong>in</strong></span> 
     </span>
    </p>
   </div>
   <div class='ocr_carea' id='block_1_63' title="bbox 2315 552 3873 622">
    <p class='ocr_par' dir='ltr' id='par_1_63' title="bbox 2315 552 3873 622">
     <span class='ocr_line' id='line_1_63' title="bbox 2315 552 3873 622; baseline -0.001 -15"><span class='ocrx_word' id='word_1_409' title='bbox 2315 555 2465 608; x_wconf 77' lang='lat' dir='ltr'><strong>boris</strong></span> <span class='ocrx_word' id='word_1_410' title='bbox 2497 570 2524 607; x_wconf 92' lang='lat' dir='ltr'><strong>a</strong></span> <span class='ocrx_word' id='word_1_411' title='bbox 2566 556 3015 622; x_wconf 63' lang='lat' dir='ltr'><strong>praetereuntibus</strong></span> <span class='ocrx_word' id='word_1_412' title='bbox 3051 552 3248 606; x_wconf 82' lang='lat' dir='ltr'><strong>Turcis</strong></span> <span class='ocrx_word' id='word_1_413' title='bbox 3282 561 3626 618; x_wconf 79' lang='lat' dir='ltr'><strong>exspectant.</strong></span> <span class='ocrx_word' id='word_1_414' title='bbox 3657 554 3873 621; x_wconf 78' lang='lat' dir='ltr'><strong>Quippe</strong></span> 
     </span>
    </p>
   </div>
   <div class='ocr_carea' id='block_1_64' title="bbox 2317 631 3870 718">
    <p class='ocr_par' dir='ltr' id='par_1_64' title="bbox 2317 631 3870 718">
     <span class='ocr_line' id='line_1_64' title="bbox 2317 631 3870 718; baseline -0.006 -14"><span class='ocrx_word' id='word_1_415' title='bbox 2317 649 2418 704; x_wconf 84' lang='lat' dir='ltr'><strong>sibi</strong></span> <span class='ocrx_word' id='word_1_416' title='bbox 2459 647 2792 718; x_wconf 84' lang='lat' dir='ltr'><strong>persuadent</strong></span> <span class='ocrx_word' id='word_1_417' title='bbox 2826 649 3070 701; x_wconf 80' lang='lat' dir='ltr'><strong>homines</strong></span> <span class='ocrx_word' id='word_1_418' title='bbox 3123 631 3489 714; x_wconf 69' lang='lat' dir='ltr'><strong>snperétitiosi</strong></span> <span class='ocrx_word' id='word_1_419' title='bbox 3525 658 3587 696; x_wconf 85' lang='lat' dir='ltr'><strong>ac</strong></span> <span class='ocrx_word' id='word_1_420' title='bbox 3626 643 3870 706; x_wconf 73' lang='lat' dir='ltr'><strong>barbari,</strong></span> 
     </span>
    </p>
   </div>
   <div class='ocr_carea' id='block_1_65' title="bbox 2318 735 3870 809">
    <p class='ocr_par' dir='ltr' id='par_1_65' title="bbox 2318 735 3870 809">
     <span class='ocr_line' id='line_1_65' title="bbox 2318 735 3870 809; baseline -0.006 -15"><span class='ocrx_word' id='word_1_421' title='bbox 2318 757 2374 795; x_wconf 90' lang='lat' dir='ltr'><strong>se</strong></span> <span class='ocrx_word' id='word_1_422' title='bbox 2408 742 2591 794; x_wconf 84' lang='lat' dir='ltr'><strong>nescio</strong></span> <span class='ocrx_word' id='word_1_423' title='bbox 2641 741 2768 809; x_wconf 87' lang='lat' dir='ltr'><strong>quid</strong></span> <span class='ocrx_word' id='word_1_424' title='bbox 2827 741 2965 808; x_wconf 90' lang='lat' dir='ltr'><strong>apud</strong></span> <span class='ocrx_word' id='word_1_425' title='bbox 3023 737 3186 791; x_wconf 89' lang='lat' dir='ltr'><strong>Deum</strong></span> <span class='ocrx_word' id='word_1_426' title='bbox 3217 735 3516 805; x_wconf 86' lang='lat' dir='ltr'><strong>promereri</strong></span> <span class='ocrx_word' id='word_1_427' title='bbox 3559 735 3772 803; x_wconf 67' lang='lat' dir='ltr'><strong>gratia,</strong></span> <span class='ocrx_word' id='word_1_428' title='bbox 3824 736 3870 786; x_wconf 77' lang='lat' dir='ltr'><strong>si</strong></span> 
     </span>
    </p>
   </div>
   <div class='ocr_carea' id='block_1_66' title="bbox 2317 826 3869 896">
    <p class='ocr_par' dir='ltr' id='par_1_66' title="bbox 2317 826 3869 896">
     <span class='ocr_line' id='line_1_66' title="bbox 2317 826 3869 896; baseline -0.001 -11"><span class='ocrx_word' id='word_1_429' title='bbox 2317 833 2504 886; x_wconf 90' lang='lat' dir='ltr'><strong>brutas</strong></span> <span class='ocrx_word' id='word_1_430' title='bbox 2559 833 2719 886; x_wconf 88' lang='lat' dir='ltr'><strong>etiam</strong></span> <span class='ocrx_word' id='word_1_431' title='bbox 2773 831 2826 885; x_wconf 91' lang='lat' dir='ltr'><strong>in</strong></span> <span class='ocrx_word' id='word_1_432' title='bbox 2858 832 3185 892; x_wconf 90' lang='lat' dir='ltr'><strong>animantes,</strong></span> <span class='ocrx_word' id='word_1_433' title='bbox 3221 828 3372 896; x_wconf 87' lang='lat' dir='ltr'><strong>feles,</strong></span> <span class='ocrx_word' id='word_1_434' title='bbox 3430 840 3616 888; x_wconf 88' lang='lat' dir='ltr'><strong>canes.</strong></span> <span class='ocrx_word' id='word_1_435' title='bbox 3666 826 3869 895; x_wconf 63' lang='lat' dir='ltr'><strong>pisces,</strong></span> 
     </span>
    </p>
   </div>
   <div class='ocr_carea' id='block_1_67' title="bbox 2317 919 3868 992">
    <p class='ocr_par' dir='ltr' id='par_1_67' title="bbox 2317 919 3868 992">
     <span class='ocr_line' id='line_1_67' title="bbox 2317 919 3868 992; baseline -0.007 -15"><span class='ocrx_word' id='word_1_436' title='bbox 2317 925 2578 987; x_wconf 86' lang='lat' dir='ltr'><strong>aviculas,</strong></span> <span class='ocrx_word' id='word_1_437' title='bbox 2611 923 3004 992; x_wconf 83' lang='lat' dir='ltr'><strong>elcemosynam</strong></span> <span class='ocrx_word' id='word_1_438' title='bbox 3044 921 3344 976; x_wconf 79' lang='lat' dir='ltr'><strong>conferant.</strong></span> <span class='ocrx_word' id='word_1_439' title='bbox 3383 919 3568 987; x_wconf 86' lang='lat' dir='ltr'><strong>Itaque</strong></span> <span class='ocrx_word' id='word_1_440' title='bbox 3611 919 3868 968; x_wconf 81' lang='lat' dir='ltr'><strong>volucres</strong></span> 
     </span>
    </p>
   </div>
   <div class='ocr_carea' id='block_1_68' title="bbox 2316 1009 3870 1082">
    <p class='ocr_par' dir='ltr' id='par_1_68' title="bbox 2316 1009 3870 1082">
     <span class='ocr_line' id='line_1_68' title="bbox 2316 1009 3870 1082; baseline -0.006 -16"><span class='ocrx_word' id='word_1_441' title='bbox 2316 1016 2394 1069; x_wconf 83' lang='lat' dir='ltr'><strong>eis</strong></span> <span class='ocrx_word' id='word_1_442' title='bbox 2428 1029 2621 1069; x_wconf 83' lang='lat' dir='ltr'><strong>necare</strong></span> <span class='ocrx_word' id='word_1_443' title='bbox 2674 1023 2860 1082; x_wconf 88' lang='lat' dir='ltr'><strong>captas</strong></span> <span class='ocrx_word' id='word_1_444' title='bbox 2910 1016 2974 1065; x_wconf 85' lang='lat' dir='ltr'><strong>ad</strong></span> <span class='ocrx_word' id='word_1_445' title='bbox 3029 1013 3227 1066; x_wconf 88' lang='lat' dir='ltr'><strong>victum</strong></span> <span class='ocrx_word' id='word_1_446' title='bbox 3268 1009 3455 1073; x_wconf 74' lang='lat' dir='ltr'><strong>religio</strong></span> <span class='ocrx_word' id='word_1_447' title='bbox 3508 1017 3612 1072; x_wconf 89' lang='lat' dir='ltr'><strong>est,</strong></span> <span class='ocrx_word' id='word_1_448' title='bbox 3663 1022 3870 1072; x_wconf 78' lang='lat' dir='ltr'><strong>easque</strong></span> 
     </span>
    </p>
   </div>
   <div class='ocr_carea' id='block_1_69' title="bbox 2318 1095 3868 1173">
    <p class='ocr_par' dir='ltr' id='par_1_69' title="bbox 2318 1095 3868 1173">
     <span class='ocr_line' id='line_1_69' title="bbox 2318 1095 3868 1173; baseline -0.008 -20"><span class='ocrx_word' id='word_1_449' title='bbox 2318 1106 2491 1173; x_wconf 82' lang='lat' dir='ltr'><strong>pretio</strong></span> <span class='ocrx_word' id='word_1_450' title='bbox 2560 1104 2740 1171; x_wconf 87' lang='lat' dir='ltr'><strong>potius</strong></span> <span class='ocrx_word' id='word_1_451' title='bbox 2816 1116 2914 1155; x_wconf 92' lang='lat' dir='ltr'><strong>suo</strong></span> <span class='ocrx_word' id='word_1_452' title='bbox 2969 1101 3273 1166; x_wconf 77' lang='lat' dir='ltr'><strong>redemptos</strong></span> <span class='ocrx_word' id='word_1_453' title='bbox 3339 1097 3571 1154; x_wconf 79' lang='lat' dir='ltr'><strong>libertati</strong></span> <span class='ocrx_word' id='word_1_454' title='bbox 3633 1095 3868 1146; x_wconf 75' lang='lat' dir='ltr'><strong>naturali</strong></span> 
     </span>
    </p>
   </div>
   <div class='ocr_carea' id='block_1_70' title="bbox 2318 1185 3870 1260">
    <p class='ocr_par' dir='ltr' id='par_1_70' title="bbox 2318 1185 3870 1260">
     <span class='ocr_line' id='line_1_70' title="bbox 2318 1185 3870 1260; baseline -0.008 -14"><span class='ocrx_word' id='word_1_455' title='bbox 2318 1196 2614 1249; x_wconf 79' lang='lat' dir='ltr'><strong>restituunt</strong></span> <span class='ocrx_word' id='word_1_456' title='bbox 2669 1209 2684 1246; x_wconf 89' lang='lat'><strong>:</strong></span> <span class='ocrx_word' id='word_1_457' title='bbox 2740 1191 2987 1260; x_wconf 86' lang='lat' dir='ltr'><strong>piscibus</strong></span> <span class='ocrx_word' id='word_1_458' title='bbox 3048 1187 3354 1243; x_wconf 80' lang='lat' dir='ltr'><strong>devoranda</strong></span> <span class='ocrx_word' id='word_1_459' title='bbox 3418 1185 3651 1238; x_wconf 79' lang='lat' dir='ltr'><strong>frustula</strong></span> <span class='ocrx_word' id='word_1_460' title='bbox 3717 1185 3870 1249; x_wconf 62' lang='lat' dir='ltr'><strong>panis</strong></span> 
     </span>
    </p>
   </div>
   <div class='ocr_carea' id='block_1_71' title="bbox 2315 1273 3869 1351">
    <p class='ocr_par' dir='ltr' id='par_1_71' title="bbox 2315 1273 3869 1351">
     <span class='ocr_line' id='line_1_71' title="bbox 2315 1273 3869 1351; baseline -0.01 -13"><span class='ocrx_word' id='word_1_461' title='bbox 2315 1286 2623 1351; x_wconf 85' lang='lat' dir='ltr'><strong>objiciunt:</strong></span> <span class='ocrx_word' id='word_1_462' title='bbox 2656 1297 2821 1337; x_wconf 85' lang='lat' dir='ltr'><strong>canes</strong></span> <span class='ocrx_word' id='word_1_463' title='bbox 2867 1289 2922 1336; x_wconf 91' lang='lat' dir='ltr'><strong>et</strong></span> <span class='ocrx_word' id='word_1_464' title='bbox 2973 1279 3104 1335; x_wconf 87' lang='lat' dir='ltr'><strong>feles</strong></span> <span class='ocrx_word' id='word_1_465' title='bbox 3153 1279 3209 1332; x_wconf 90' lang='lat' dir='ltr'><strong>in</strong></span> <span class='ocrx_word' id='word_1_466' title='bbox 3258 1277 3448 1346; x_wconf 68' lang='lat' dir='ltr'><strong>plateis</strong></span> <span class='ocrx_word' id='word_1_467' title='bbox 3501 1273 3758 1342; x_wconf 81' lang='lat' dir='ltr'><strong>publiris,</strong></span> <span class='ocrx_word' id='word_1_468' title='bbox 3812 1274 3869 1323; x_wconf 59' lang='lat' dir='ltr'><strong>ait</strong></span> 
     </span>
    </p>
   </div>
   <div class='ocr_carea' id='block_1_72' title="bbox 2315 1353 3870 1442">
    <p class='ocr_par' dir='ltr' id='par_1_72' title="bbox 2315 1353 3870 1442">
     <span class='ocr_line' id='line_1_72' title="bbox 2315 1353 3870 1442; baseline -0.009 -15"><span class='ocrx_word' id='word_1_469' title='bbox 2315 1386 2458 1428; x_wconf 90' lang='lat' dir='ltr'><strong>certa</strong></span> <span class='ocrx_word' id='word_1_470' title='bbox 2483 1375 2599 1427; x_wconf 88' lang='lat' dir='ltr'><strong>loca</strong></span> <span class='ocrx_word' id='word_1_471' title='bbox 2621 1373 2884 1442; x_wconf 85' lang='lat' dir='ltr'><strong>quotidie,</strong></span> <span class='ocrx_word' id='word_1_472' title='bbox 2912 1371 3070 1426; x_wconf 89' lang='lat' dir='ltr'><strong>statis</strong></span> <span class='ocrx_word' id='word_1_473' title='bbox 3085 1353 3231 1424; x_wconf 83' lang='lat' dir='ltr'><strong>horis</strong></span> <span class='ocrx_word' id='word_1_474' title='bbox 3259 1367 3518 1437; x_wconf 76' lang='lat' dir='ltr'><strong>gregatim</strong></span> <span class='ocrx_word' id='word_1_475' title='bbox 3545 1366 3870 1420; x_wconf 73' lang='grc' dir='ltr'><strong>οοηγοηίιιιι-</strong></span> 
     </span>
    </p>
   </div>
   <div class='ocr_carea' id='block_1_73' title="bbox 2317 1459 3868 1535">
    <p class='ocr_par' dir='ltr' id='par_1_73' title="bbox 2317 1459 3868 1535">
     <span class='ocr_line' id='line_1_73' title="bbox 2317 1459 3868 1535; baseline -0.007 -16"><span class='ocrx_word' id='word_1_476' title='bbox 2317 1475 2418 1531; x_wconf 87' lang='lat' dir='ltr'><strong>tes,</strong></span> <span class='ocrx_word' id='word_1_477' title='bbox 2443 1481 2603 1535; x_wconf 79' lang='lat' dir='ltr'><strong>pane,</strong></span> <span class='ocrx_word' id='word_1_478' title='bbox 2633 1465 2905 1524; x_wconf 81' lang='lat' dir='ltr'><strong>carnibus.</strong></span> <span class='ocrx_word' id='word_1_479' title='bbox 2925 1464 3060 1517; x_wconf 87' lang='lat' dir='ltr'><strong>cibis</strong></span> <span class='ocrx_word' id='word_1_480' title='bbox 3083 1462 3292 1518; x_wconf 63' lang='lat' dir='ltr'><strong>ceteris</strong></span> <span class='ocrx_word' id='word_1_481' title='bbox 3321 1472 3568 1528; x_wconf 87' lang='lat' dir='ltr'><strong>pascunt.</strong></span> <span class='ocrx_word' id='word_1_482' title='bbox 3593 1459 3661 1512; x_wconf 83' lang='lat' dir='ltr'><strong>Et</strong></span> <span class='ocrx_word' id='word_1_483' title='bbox 3680 1459 3868 1510; x_wconf 60' lang='lat' dir='ltr'><strong>obsrr-</strong></span> 
     </span>
    </p>
   </div>
   <div class='ocr_carea' id='block_1_74' title="bbox 2315 1549 3870 1619">
    <p class='ocr_par' dir='ltr' id='par_1_74' title="bbox 2315 1549 3870 1619">
     <span class='ocr_line' id='line_1_74' title="bbox 2315 1549 3870 1619; baseline -0.006 -13"><span class='ocrx_word' id='word_1_484' title='bbox 2315 1557 2427 1610; x_wconf 90' lang='lat' dir='ltr'><strong>vari</strong></span> <span class='ocrx_word' id='word_1_485' title='bbox 2460 1571 2489 1609; x_wconf 89' lang='lat' dir='ltr'><strong>a</strong></span> <span class='ocrx_word' id='word_1_486' title='bbox 2521 1554 2715 1609; x_wconf 84' lang='lat' dir='ltr'><strong>felibus</strong></span> <span class='ocrx_word' id='word_1_487' title='bbox 2747 1556 2799 1607; x_wconf 87' lang='lat' dir='ltr'><strong>in</strong></span> <span class='ocrx_word' id='word_1_488' title='bbox 2825 1554 2904 1605; x_wconf 82' lang='lat' dir='ltr'><strong>liis</strong></span> <span class='ocrx_word' id='word_1_489' title='bbox 2935 1554 3064 1619; x_wconf 89' lang='lat' dir='ltr'><strong>ipsis</strong></span> <span class='ocrx_word' id='word_1_490' title='bbox 3099 1554 3268 1606; x_wconf 82' lang='lat' dir='ltr'><strong>muris</strong></span> <span class='ocrx_word' id='word_1_491' title='bbox 3297 1552 3575 1602; x_wconf 88' lang='lat' dir='ltr'><strong>hortorum</strong></span> <span class='ocrx_word' id='word_1_492' title='bbox 3602 1588 3617 1610; x_wconf 92' lang='lat'><strong>,</strong></span> <span class='ocrx_word' id='word_1_493' title='bbox 3660 1549 3726 1600; x_wconf 83' lang='lat' dir='ltr'><strong>de</strong></span> <span class='ocrx_word' id='word_1_494' title='bbox 3761 1549 3870 1614; x_wconf 85' lang='lat' dir='ltr'><strong>qui-</strong></span> 
     </span>
    </p>
   </div>
   <div class='ocr_carea' id='block_1_75' title="bbox 2314 1640 3867 1718">
    <p class='ocr_par' dir='ltr' id='par_1_75' title="bbox 2314 1640 3867 1718">
     <span class='ocr_line' id='line_1_75' title="bbox 2314 1640 3867 1718; baseline -0.01 -14"><span class='ocrx_word' id='word_1_495' title='bbox 2314 1649 2414 1704; x_wconf 85' lang='lat' dir='ltr'><strong>bus</strong></span> <span class='ocrx_word' id='word_1_496' title='bbox 2448 1648 2743 1718; x_wconf 85' lang='lat' dir='ltr'><strong>loquimur,</strong></span> <span class='ocrx_word' id='word_1_497' title='bbox 2775 1647 2936 1699; x_wconf 91' lang='lat' dir='ltr'><strong>boras</strong></span> <span class='ocrx_word' id='word_1_498' title='bbox 2967 1653 3134 1700; x_wconf 87' lang='lat' dir='ltr'><strong>statas</strong></span> <span class='ocrx_word' id='word_1_499' title='bbox 3162 1653 3271 1697; x_wconf 89' lang='lat' dir='ltr'><strong>tam</strong></span> <span class='ocrx_word' id='word_1_500' title='bbox 3304 1641 3545 1705; x_wconf 86' lang='lat' dir='ltr'><strong>Cusluci,</strong></span> <span class='ocrx_word' id='word_1_501' title='bbox 3594 1640 3738 1708; x_wconf 88' lang='lat' dir='ltr'><strong>quod</strong></span> <span class='ocrx_word' id='word_1_502' title='bbox 3769 1653 3867 1688; x_wconf 83' lang='lat' dir='ltr'><strong>me-</strong></span> 
     </span>
    </p>
   </div>
   <div class='ocr_carea' id='block_1_76' title="bbox 2316 1728 3869 1798">
    <p class='ocr_par' dir='ltr' id='par_1_76' title="bbox 2316 1728 3869 1798">
     <span class='ocr_line' id='line_1_76' title="bbox 2316 1728 3869 1798; baseline -0.012 -1"><span class='ocrx_word' id='word_1_503' title='bbox 2316 1744 2463 1797; x_wconf 90' lang='lat' dir='ltr'><strong>dium</strong></span> <span class='ocrx_word' id='word_1_504' title='bbox 2491 1749 2573 1795; x_wconf 89' lang='lat' dir='ltr'><strong>est</strong></span> <span class='ocrx_word' id='word_1_505' title='bbox 2601 1740 2743 1794; x_wconf 92' lang='lat' dir='ltr'><strong>inter</strong></span> <span class='ocrx_word' id='word_1_506' title='bbox 2769 1747 3016 1791; x_wconf 79' lang='lat' dir='ltr'><strong>exortum</strong></span> <span class='ocrx_word' id='word_1_507' title='bbox 3075 1736 3204 1789; x_wconf 87' lang='lat' dir='ltr'><strong>solis</strong></span> <span class='ocrx_word' id='word_1_508' title='bbox 3227 1742 3280 1788; x_wconf 91' lang='lat' dir='ltr'><strong>et</strong></span> <span class='ocrx_word' id='word_1_509' title='bbox 3302 1732 3580 1785; x_wconf 88' lang='lat' dir='ltr'><strong>meridiem</strong></span> <span class='ocrx_word' id='word_1_510' title='bbox 3610 1728 3869 1798; x_wconf 86' lang='lat' dir='ltr'><strong>temporis</strong></span> 
     </span>
    </p>
   </div>
   <div class='ocr_carea' id='block_1_77' title="bbox 2319 1821 3868 1900">
    <p class='ocr_par' dir='ltr' id='par_1_77' title="bbox 2319 1821 3868 1900">
     <span class='ocr_line' id='line_1_77' title="bbox 2319 1821 3868 1900; baseline -0.012 -11"><span class='ocrx_word' id='word_1_511' title='bbox 2319 1835 2688 1894; x_wconf 83' lang='lat' dir='ltr'><strong>intervallum.</strong></span> <span class='ocrx_word' id='word_1_512' title='bbox 2755 1847 2915 1900; x_wconf 90' lang='lat' dir='ltr'><strong>quam</strong></span> <span class='ocrx_word' id='word_1_513' title='bbox 2981 1827 3177 1886; x_wconf 87' lang='lat' dir='ltr'><strong>lkindi,</strong></span> <span class='ocrx_word' id='word_1_514' title='bbox 3238 1824 3381 1894; x_wconf 90' lang='lat' dir='ltr'><strong>quod</strong></span> <span class='ocrx_word' id='word_1_515' title='bbox 3442 1822 3726 1876; x_wconf 89' lang='lat' dir='ltr'><strong>meridiem</strong></span> <span class='ocrx_word' id='word_1_516' title='bbox 3809 1821 3868 1870; x_wconf 88' lang='lat' dir='ltr'><strong>ab</strong></span> 
     </span>
    </p>
   </div>
   <div class='ocr_carea' id='block_1_78' title="bbox 2318 1911 3868 1992">
    <p class='ocr_par' dir='ltr' id='par_1_78' title="bbox 2318 1911 3868 1992">
     <span class='ocr_line' id='line_1_78' title="bbox 2318 1911 3868 1992; baseline -0.014 -12"><span class='ocrx_word' id='word_1_517' title='bbox 2318 1942 2517 1980; x_wconf 89' lang='lat' dir='ltr'><strong>occasu</strong></span> <span class='ocrx_word' id='word_1_518' title='bbox 2551 1924 2687 1981; x_wconf 87' lang='lat' dir='ltr'><strong>solis</strong></span> <span class='ocrx_word' id='word_1_519' title='bbox 2713 1938 2868 1992; x_wconf 70' lang='lat' dir='ltr'><strong>aequo</strong></span> <span class='ocrx_word' id='word_1_520' title='bbox 2895 1921 3069 1990; x_wconf 86' lang='lat' dir='ltr'><strong>spatio</strong></span> <span class='ocrx_word' id='word_1_521' title='bbox 3103 1917 3312 1980; x_wconf 81' lang='lat' dir='ltr'><strong>dividit,</strong></span> <span class='ocrx_word' id='word_1_522' title='bbox 3343 1913 3594 1982; x_wconf 89' lang='lat' dir='ltr'><strong>equidem</strong></span> <span class='ocrx_word' id='word_1_523' title='bbox 3620 1911 3868 1978; x_wconf 71' lang='lat' dir='ltr'><strong>frequen-</strong></span> 
     </span>
    </p>
   </div>
   <div class='ocr_carea' id='block_1_79' title="bbox 2320 2006 3867 2086">
    <p class='ocr_par' dir='ltr' id='par_1_79' title="bbox 2320 2006 3867 2086">
     <span class='ocr_line' id='line_1_79' title="bbox 2320 2006 3867 2086; baseline -0.01 -15"><span class='ocrx_word' id='word_1_524' title='bbox 2320 2027 2401 2071; x_wconf 88' lang='lat' dir='ltr'><strong>ter</strong></span> <span class='ocrx_word' id='word_1_525' title='bbox 2435 2019 2557 2073; x_wconf 89' lang='lat' dir='ltr'><strong>illae</strong></span> <span class='ocrx_word' id='word_1_526' title='bbox 2588 2017 2658 2072; x_wconf 88' lang='lat' dir='ltr'><strong>ad</strong></span> <span class='ocrx_word' id='word_1_527' title='bbox 2687 2017 3098 2086; x_wconf 85' lang='lat' dir='ltr'><strong>patriarehium,</strong></span> <span class='ocrx_word' id='word_1_528' title='bbox 3140 2010 3394 2066; x_wconf 89' lang='lat' dir='ltr'><strong>visitandi</strong></span> <span class='ocrx_word' id='word_1_529' title='bbox 3418 2006 3731 2078; x_wconf 63' lang='lat' dir='ltr'><strong>Zygomalm</strong></span> <span class='ocrx_word' id='word_1_530' title='bbox 3778 2021 3867 2056; x_wconf 88' lang='lat' dir='ltr'><strong>no-</strong></span> 
     </span>
    </p>
   </div>
   <div class='ocr_carea' id='block_1_80' title="bbox 2320 2099 3864 2172">
    <p class='ocr_par' dir='ltr' id='par_1_80' title="bbox 2320 2099 3864 2172">
     <span class='ocr_line' id='line_1_80' title="bbox 2320 2099 3864 2172; baseline -0.012 -4"><span class='ocrx_word' id='word_1_531' title='bbox 2320 2113 2416 2168; x_wconf 76' lang='lat' dir='ltr'><strong>Stt&#39;i</strong></span> <span class='ocrx_word' id='word_1_532' title='bbox 2452 2128 2615 2166; x_wconf 85' lang='lat' dir='ltr'><strong>causa</strong></span> <span class='ocrx_word' id='word_1_533' title='bbox 2673 2112 2962 2172; x_wconf 87' lang='lat' dir='ltr'><strong>transiens,</strong></span> <span class='ocrx_word' id='word_1_534' title='bbox 2998 2106 3356 2162; x_wconf 85' lang='lat' dir='ltr'><strong>animadverti</strong></span> <span class='ocrx_word' id='word_1_535' title='bbox 3391 2121 3405 2158; x_wconf 92' lang='lat'><strong>:</strong></span> <span class='ocrx_word' id='word_1_536' title='bbox 3437 2116 3732 2169; x_wconf 90' lang='lat' dir='ltr'><strong>coramque</strong></span> <span class='ocrx_word' id='word_1_537' title='bbox 3770 2099 3864 2151; x_wconf 79' lang='lat' dir='ltr'><strong>vidi</strong></span> 
     </span>
    </p>
   </div>
   <div class='ocr_carea' id='block_1_81' title="bbox 2320 2201 3864 2263">
    <p class='ocr_par' dir='ltr' id='par_1_81' title="bbox 2320 2201 3864 2263">
     <span class='ocr_line' id='line_1_81' title="bbox 2320 2201 3864 2263; baseline -0.011 -6"><span class='ocrx_word' id='word_1_538' title='bbox 2320 2203 2671 2258; x_wconf 87' lang='lat' dir='ltr'><strong>mulierculas</strong></span> <span class='ocrx_word' id='word_1_539' title='bbox 2702 2201 3004 2256; x_wconf 86' lang='lat' dir='ltr'><strong>humilioris</strong></span> <span class='ocrx_word' id='word_1_540' title='bbox 3044 2208 3286 2263; x_wconf 66' lang='lat' dir='ltr'><strong>staturae,</strong></span> <span class='ocrx_word' id='word_1_541' title='bbox 3337 2210 3532 2250; x_wconf 85' lang='lat' dir='ltr'><strong>carnes</strong></span> <span class='ocrx_word' id='word_1_542' title='bbox 3583 2208 3759 2254; x_wconf 85' lang='lat' dir='ltr'><strong>assas,</strong></span> <span class='ocrx_word' id='word_1_543' title='bbox 3807 2206 3864 2242; x_wconf 70' lang='lat' dir='ltr'><strong>ex</strong></span> 
     </span>
    </p>
   </div>
   <div class='ocr_carea' id='block_1_82' title="bbox 2321 2281 3865 2362">
    <p class='ocr_par' dir='ltr' id='par_1_82' title="bbox 2321 2281 3865 2362">
     <span class='ocr_line' id='line_1_82' title="bbox 2321 2281 3865 2362; baseline -0.01 -16"><span class='ocrx_word' id='word_1_544' title='bbox 2321 2293 2616 2362; x_wconf 83' lang='lat' dir='ltr'><strong>opsopoliis</strong></span> <span class='ocrx_word' id='word_1_545' title='bbox 2645 2291 2910 2362; x_wconf 77' lang='lat' dir='ltr'><strong>proximis</strong></span> <span class='ocrx_word' id='word_1_546' title='bbox 2965 2299 3199 2359; x_wconf 90' lang='lat' dir='ltr'><strong>emptas,</strong></span> <span class='ocrx_word' id='word_1_547' title='bbox 3249 2296 3303 2340; x_wconf 89' lang='lat' dir='ltr'><strong>et</strong></span> <span class='ocrx_word' id='word_1_548' title='bbox 3356 2284 3585 2355; x_wconf 87' lang='lat' dir='ltr'><strong>perticis</strong></span> <span class='ocrx_word' id='word_1_549' title='bbox 3630 2281 3865 2346; x_wconf 71' lang='lat' dir='ltr'><strong>oblongis</strong></span> 
     </span>
    </p>
   </div>
   <div class='ocr_carea' id='block_1_83' title="bbox 2323 2376 3864 2450">
    <p class='ocr_par' dir='ltr' id='par_1_83' title="bbox 2323 2376 3864 2450">
     <span class='ocr_line' id='line_1_83' title="bbox 2323 2376 3864 2450; baseline -0.01 -10"><span class='ocrx_word' id='word_1_550' title='bbox 2323 2387 2527 2450; x_wconf 78' lang='lat' dir='ltr'><strong>afﬁxas,</strong></span> <span class='ocrx_word' id='word_1_551' title='bbox 2552 2386 2746 2440; x_wconf 85' lang='lat' dir='ltr'><strong>felibus</strong></span> <span class='ocrx_word' id='word_1_552' title='bbox 2778 2386 2943 2438; x_wconf 87' lang='lat' dir='ltr'><strong>hosce</strong></span> <span class='ocrx_word' id='word_1_553' title='bbox 2968 2397 3149 2436; x_wconf 90' lang='lat' dir='ltr'><strong>muros</strong></span> <span class='ocrx_word' id='word_1_554' title='bbox 3178 2379 3541 2434; x_wconf 84' lang='lat' dir='ltr'><strong>insidentibus</strong></span> <span class='ocrx_word' id='word_1_555' title='bbox 3574 2376 3864 2444; x_wconf 79' lang='lat' dir='ltr'><strong>porrigere,</strong></span> 
     </span>
    </p>
   </div>
   <div class='ocr_carea' id='block_1_84' title="bbox 2322 2463 3864 2546">
    <p class='ocr_par' dir='ltr' id='par_1_84' title="bbox 2322 2463 3864 2546">
     <span class='ocr_line' id='line_1_84' title="bbox 2322 2463 3864 2546; baseline -0.013 -13"><span class='ocrx_word' id='word_1_556' title='bbox 2322 2495 2443 2533; x_wconf 84' lang='lat' dir='ltr'><strong>eum</strong></span> <span class='ocrx_word' id='word_1_557' title='bbox 2477 2478 2657 2534; x_wconf 82' lang='lat' dir='ltr'><strong>nescio</strong></span> <span class='ocrx_word' id='word_1_558' title='bbox 2712 2477 2841 2546; x_wconf 89' lang='lat' dir='ltr'><strong>quid</strong></span> <span class='ocrx_word' id='word_1_559' title='bbox 2879 2476 3221 2544; x_wconf 87' lang='lat' dir='ltr'><strong>precularum</strong></span> <span class='ocrx_word' id='word_1_560' title='bbox 3271 2471 3774 2525; x_wconf 88' lang='lat' dir='ltr'><strong>admurmurarent.</strong></span> <span class='ocrx_word' id='word_1_561' title='bbox 3814 2463 3864 2516; x_wconf 90' lang='lat' dir='ltr'><strong>ln</strong></span> 
     </span>
    </p>
   </div>
   <div class='ocr_carea' id='block_1_85' title="bbox 2325 2557 3864 2638">
    <p class='ocr_par' dir='ltr' id='par_1_85' title="bbox 2325 2557 3864 2638">
     <span class='ocr_line' id='line_1_85' title="bbox 2325 2557 3864 2638; baseline -0.008 -16"><span class='ocrx_word' id='word_1_562' title='bbox 2325 2570 2423 2624; x_wconf 89' lang='lat' dir='ltr'><strong>hos</strong></span> <span class='ocrx_word' id='word_1_563' title='bbox 2453 2571 2616 2638; x_wconf 82' lang='lat' dir='ltr'><strong>igitur</strong></span> <span class='ocrx_word' id='word_1_564' title='bbox 2648 2569 2858 2632; x_wconf 89' lang='lat' dir='ltr'><strong>hortos,</strong></span> <span class='ocrx_word' id='word_1_565' title='bbox 2890 2567 3226 2621; x_wconf 81' lang='lat' dir='ltr'><strong>excubitorio</strong></span> <span class='ocrx_word' id='word_1_566' title='bbox 3261 2563 3656 2618; x_wconf 83' lang='lat' dir='ltr'><strong>Genizarorum</strong></span> <span class='ocrx_word' id='word_1_567' title='bbox 3690 2557 3864 2628; x_wconf 79' lang='lat' dir='ltr'><strong>prosi-</strong></span> 
     </span>
    </p>
   </div>
   <div class='ocr_carea' id='block_1_86' title="bbox 2324 2658 3272 2728">
    <p class='ocr_par' dir='ltr' id='par_1_86' title="bbox 2324 2658 3272 2728">
     <span class='ocr_line' id='line_1_86' title="bbox 2324 2658 3272 2728; baseline -0.004 -14"><span class='ocrx_word' id='word_1_568' title='bbox 2324 2677 2467 2728; x_wconf 84' lang='lat' dir='ltr'><strong>mos,</strong></span> <span class='ocrx_word' id='word_1_569' title='bbox 2501 2662 2751 2716; x_wconf 87' lang='lat' dir='ltr'><strong>sultanus</strong></span> <span class='ocrx_word' id='word_1_570' title='bbox 2781 2660 3011 2714; x_wconf 89' lang='lat' dir='ltr'><strong>Selimes</strong></span> <span class='ocrx_word' id='word_1_571' title='bbox 3034 2658 3272 2712; x_wconf 83' lang='lat' dir='ltr'><strong>divertit.</strong></span> 
     </span>
    </p>
   </div>
   <div class='ocr_carea' id='block_1_87' title="bbox 2323 2740 3860 2818">
    <p class='ocr_par' dir='ltr' id='par_1_87' title="bbox 2323 2740 3860 2818">
     <span class='ocr_line' id='line_1_87' title="bbox 2323 2740 3860 2818; baseline -0.01 -12"><span class='ocrx_word' id='word_1_572' title='bbox 2323 2754 2424 2808; x_wconf 80' lang='grc'><strong>198</strong></span> <span class='ocrx_word' id='word_1_573' title='bbox 2487 2752 2558 2805; x_wconf 88' lang='lat' dir='ltr'><strong>De</strong></span> <span class='ocrx_word' id='word_1_574' title='bbox 2591 2752 2867 2818; x_wconf 82' lang='lat' dir='ltr'><strong>Mustapha</strong></span> <span class='ocrx_word' id='word_1_575' title='bbox 2902 2752 3072 2811; x_wconf 78' lang='lat' dir='ltr'><strong>bassu,</strong></span> <span class='ocrx_word' id='word_1_576' title='bbox 3107 2749 3374 2818; x_wconf 77' lang='lat' dir='ltr'><strong>Bajazitis</strong></span> <span class='ocrx_word' id='word_1_577' title='bbox 3414 2748 3732 2798; x_wconf 78' lang='lat' dir='ltr'><strong>vezirazeme</strong></span> <span class='ocrx_word' id='word_1_578' title='bbox 3761 2740 3860 2793; x_wconf 75' lang='lat' dir='ltr'><strong>Du-</strong></span> 
     </span>
    </p>
   </div>
   <div class='ocr_carea' id='block_1_88' title="bbox 2534 2817 3654 2891">
    <p class='ocr_par' dir='ltr' id='par_1_88' title="bbox 2534 2817 3654 2891">
     <span class='ocr_line' id='line_1_88' title="bbox 2534 2817 3654 2891; baseline -0.009 -17"><span class='ocrx_word' id='word_1_579' title='bbox 2534 2825 2714 2891; x_wconf 83' lang='lat' dir='ltr'><strong>cugiuo</strong></span> <span class='ocrx_word' id='word_1_580' title='bbox 2753 2817 2826 2891; x_wconf 77' lang='lat' dir='ltr'><strong>gli</strong></span> <span class='ocrx_word' id='word_1_581' title='bbox 2853 2821 3103 2889; x_wconf 77' lang='lat' dir='ltr'><strong>Bostangi</strong></span> <span class='ocrx_word' id='word_1_582' title='bbox 3137 2822 3316 2880; x_wconf 81' lang='lat' dir='ltr'><strong>bassa,</strong></span> <span class='ocrx_word' id='word_1_583' title='bbox 3347 2817 3504 2880; x_wconf 80' lang='lat' dir='ltr'><strong>Aigas</strong></span> <span class='ocrx_word' id='word_1_584' title='bbox 3532 2831 3654 2882; x_wconf 82' lang='lat' dir='ltr'><strong>oga.</strong></span> 
     </span>
    </p>
   </div>
   <div class='ocr_carea' id='block_1_89' title="bbox 2391 2904 3860 2981">
    <p class='ocr_par' dir='ltr' id='par_1_89' title="bbox 2391 2904 3860 2981">
     <span class='ocr_line' id='line_1_89' title="bbox 2391 2904 3860 2981; baseline -0.008 -15"><span class='ocrx_word' id='word_1_585' title='bbox 2391 2914 2520 2967; x_wconf 84' lang='lat' dir='ltr'><strong>Erat</strong></span> <span class='ocrx_word' id='word_1_586' title='bbox 2552 2915 2638 2966; x_wconf 88' lang='lat' dir='ltr'><strong>hic</strong></span> <span class='ocrx_word' id='word_1_587' title='bbox 2664 2914 2974 2981; x_wconf 82' lang='lat' dir='ltr'><strong>Mustapltas</strong></span> <span class='ocrx_word' id='word_1_588' title='bbox 3006 2921 3169 2963; x_wconf 86' lang='lat' dir='ltr'><strong>natus</strong></span> <span class='ocrx_word' id='word_1_589' title='bbox 3199 2910 3250 2961; x_wconf 91' lang='lat' dir='ltr'><strong>in</strong></span> <span class='ocrx_word' id='word_1_590' title='bbox 3309 2907 3442 2959; x_wconf 87' lang='lat' dir='ltr'><strong>urbe</strong></span> <span class='ocrx_word' id='word_1_591' title='bbox 3471 2904 3715 2965; x_wconf 88' lang='lat' dir='ltr'><strong>Serensi,</strong></span> <span class='ocrx_word' id='word_1_592' title='bbox 3748 2916 3860 2969; x_wconf 80' lang='lat' dir='ltr'><strong>prt-</strong></span> 
     </span>
    </p>
   </div>
   <div class='ocr_carea' id='block_1_90' title="bbox 2321 2993 3860 3072">
    <p class='ocr_par' dir='ltr' id='par_1_90' title="bbox 2321 2993 3860 3072">
     <span class='ocr_line' id='line_1_90' title="bbox 2321 2993 3860 3072; baseline -0.01 -15"><span class='ocrx_word' id='word_1_593' title='bbox 2321 3014 2437 3072; x_wconf 90' lang='lat' dir='ltr'><strong>pter</strong></span> <span class='ocrx_word' id='word_1_594' title='bbox 2465 3002 2827 3071; x_wconf 77' lang='lat' dir='ltr'><strong>Amphipolim</strong></span> <span class='ocrx_word' id='word_1_595' title='bbox 2861 3003 2986 3064; x_wconf 82' lang='lat' dir='ltr'><strong>sita,</strong></span> <span class='ocrx_word' id='word_1_596' title='bbox 3024 3001 3090 3053; x_wconf 89' lang='lat' dir='ltr'><strong>de</strong></span> <span class='ocrx_word' id='word_1_597' title='bbox 3121 2999 3315 3067; x_wconf 88' lang='lat' dir='ltr'><strong>quibus</strong></span> <span class='ocrx_word' id='word_1_598' title='bbox 3351 2995 3613 3048; x_wconf 84' lang='lat' dir='ltr'><strong>ambabus</strong></span> <span class='ocrx_word' id='word_1_599' title='bbox 3666 2993 3860 3047; x_wconf 86' lang='lat' dir='ltr'><strong>dictum</strong></span> 
     </span>
    </p>
   </div>
   <div class='ocr_carea' id='block_1_91' title="bbox 2324 3083 3862 3164">
    <p class='ocr_par' dir='ltr' id='par_1_91' title="bbox 2324 3083 3862 3164">
     <span class='ocr_line' id='line_1_91' title="bbox 2324 3083 3862 3164; baseline -0.01 -16"><span class='ocrx_word' id='word_1_600' title='bbox 2324 3096 2500 3164; x_wconf 84' lang='lat' dir='ltr'><strong>capite</strong></span> <span class='ocrx_word' id='word_1_601' title='bbox 2523 3095 2591 3147; x_wconf 73' lang='grc'><strong>45</strong></span> <span class='ocrx_word' id='word_1_602' title='bbox 2620 3103 2670 3148; x_wconf 86' lang='lat' dir='ltr'><strong>et</strong></span> <span class='ocrx_word' id='word_1_603' title='bbox 2715 3095 2801 3147; x_wconf 77' lang='grc'><strong>55.</strong></span> <span class='ocrx_word' id='word_1_604' title='bbox 2839 3092 3050 3146; x_wconf 87' lang='lat' dir='ltr'><strong>Patrem</strong></span> <span class='ocrx_word' id='word_1_605' title='bbox 3083 3090 3278 3161; x_wconf 83' lang='lat' dir='ltr'><strong>habuit</strong></span> <span class='ocrx_word' id='word_1_606' title='bbox 3317 3090 3655 3142; x_wconf 81' lang='lat' dir='ltr'><strong>sacerdotem</strong></span> <span class='ocrx_word' id='word_1_607' title='bbox 3704 3083 3862 3137; x_wconf 84' lang='lat' dir='ltr'><strong>Clui-</strong></span> 
     </span>
    </p>
   </div>
   <div class='ocr_carea' id='block_1_92' title="bbox 2323 3176 3860 3243">
    <p class='ocr_par' dir='ltr' id='par_1_92' title="bbox 2323 3176 3860 3243">
     <span class='ocr_line' id='line_1_92' title="bbox 2323 3176 3860 3243; baseline -0.012 0"><span class='ocrx_word' id='word_1_608' title='bbox 2323 3187 2484 3243; x_wconf 87' lang='lat' dir='ltr'><strong>stiani</strong></span> <span class='ocrx_word' id='word_1_609' title='bbox 2518 3188 2652 3240; x_wconf 89' lang='lat' dir='ltr'><strong>ritus</strong></span> <span class='ocrx_word' id='word_1_610' title='bbox 2682 3185 2950 3239; x_wconf 84' lang='lat' dir='ltr'><strong>Graecum.</strong></span> <span class='ocrx_word' id='word_1_611' title='bbox 2971 3185 3033 3237; x_wconf 76' lang='lat' dir='ltr'><strong>Et</strong></span> <span class='ocrx_word' id='word_1_612' title='bbox 3066 3182 3282 3235; x_wconf 74' lang='lat' dir='ltr'><strong>Grzccos</strong></span> <span class='ocrx_word' id='word_1_613' title='bbox 3315 3178 3622 3232; x_wconf 72' lang='lat' dir='ltr'><strong>sacerdotes</strong></span> <span class='ocrx_word' id='word_1_614' title='bbox 3649 3176 3703 3227; x_wconf 92' lang='lat' dir='ltr'><strong>in</strong></span> <span class='ocrx_word' id='word_1_615' title='bbox 3744 3190 3860 3230; x_wconf 85' lang='lat' dir='ltr'><strong>eon-</strong></span> 
     </span>
    </p>
   </div>
   <div class='ocr_carea' id='block_1_93' title="bbox 2319 3269 3860 3349">
    <p class='ocr_par' dir='ltr' id='par_1_93' title="bbox 2319 3269 3860 3349">
     <span class='ocr_line' id='line_1_93' title="bbox 2319 3269 3860 3349; baseline -0.008 -17"><span class='ocrx_word' id='word_1_616' title='bbox 2319 3279 2469 3349; x_wconf 81' lang='lat' dir='ltr'><strong>jugio</strong></span> <span class='ocrx_word' id='word_1_617' title='bbox 2505 3279 2684 3332; x_wconf 82' lang='lat' dir='ltr'><strong>vivere</strong></span> <span class='ocrx_word' id='word_1_618' title='bbox 2715 3293 2872 3331; x_wconf 88' lang='lat' dir='ltr'><strong>nemo</strong></span> <span class='ocrx_word' id='word_1_619' title='bbox 2900 3292 3005 3329; x_wconf 89' lang='lat' dir='ltr'><strong>non</strong></span> <span class='ocrx_word' id='word_1_620' title='bbox 3056 3274 3224 3327; x_wconf 89' lang='lat' dir='ltr'><strong>novit.</strong></span> <span class='ocrx_word' id='word_1_621' title='bbox 3258 3269 3377 3323; x_wconf 80' lang='lat' dir='ltr'><strong>Fuit</strong></span> <span class='ocrx_word' id='word_1_622' title='bbox 3407 3271 3494 3323; x_wconf 88' lang='lat' dir='ltr'><strong>bic</strong></span> <span class='ocrx_word' id='word_1_623' title='bbox 3550 3269 3860 3336; x_wconf 85' lang='lat' dir='ltr'><strong>Mustaphas</strong></span> 
     </span>
    </p>
   </div>
   <div class='ocr_carea' id='block_1_94' title="bbox 2324 3362 3859 3431">
    <p class='ocr_par' dir='ltr' id='par_1_94' title="bbox 2324 3362 3859 3431">
     <span class='ocr_line' id='line_1_94' title="bbox 2324 3362 3859 3431; baseline -0.007 -8"><span class='ocrx_word' id='word_1_624' title='bbox 2324 3374 2405 3425; x_wconf 85' lang='lat' dir='ltr'><strong>vir</strong></span> <span class='ocrx_word' id='word_1_625' title='bbox 2426 3380 2661 3429; x_wconf 83' lang='lat' dir='ltr'><strong>astutus,</strong></span> <span class='ocrx_word' id='word_1_626' title='bbox 2695 3368 3024 3431; x_wconf 83' lang='lat' dir='ltr'><strong>malitiosus,</strong></span> <span class='ocrx_word' id='word_1_627' title='bbox 3046 3366 3296 3418; x_wconf 65' lang='lat' dir='ltr'><strong>vindicta:</strong></span> <span class='ocrx_word' id='word_1_628' title='bbox 3320 3375 3503 3416; x_wconf 78' lang='lat' dir='ltr'><strong>tenax.</strong></span> <span class='ocrx_word' id='word_1_629' title='bbox 3530 3362 3722 3416; x_wconf 84' lang='lat' dir='ltr'><strong>Statim</strong></span> <span class='ocrx_word' id='word_1_630' title='bbox 3751 3373 3859 3429; x_wconf 89' lang='lat' dir='ltr'><strong>post</strong></span> 
     </span>
    </p>
   </div>
   <div class='ocr_carea' id='block_1_95' title="bbox 2325 3454 3858 3528">
    <p class='ocr_par' dir='ltr' id='par_1_95' title="bbox 2325 3454 3858 3528">
     <span class='ocr_line' id='line_1_95' title="bbox 2325 3454 3858 3528; baseline -0.008 -12"><span class='ocrx_word' id='word_1_631' title='bbox 2325 3471 2551 3516; x_wconf 90' lang='lat' dir='ltr'><strong>mortem</strong></span> <span class='ocrx_word' id='word_1_632' title='bbox 2585 3461 2834 3528; x_wconf 85' lang='lat' dir='ltr'><strong>Bajazitis</strong></span> <span class='ocrx_word' id='word_1_633' title='bbox 2867 3474 2895 3511; x_wconf 91' lang='lat' dir='ltr'><strong>a</strong></span> <span class='ocrx_word' id='word_1_634' title='bbox 2926 3462 3141 3511; x_wconf 89' lang='lat' dir='ltr'><strong>sultano</strong></span> <span class='ocrx_word' id='word_1_635' title='bbox 3170 3455 3365 3507; x_wconf 84' lang='lat' dir='ltr'><strong>Selime</strong></span> <span class='ocrx_word' id='word_1_636' title='bbox 3395 3455 3495 3506; x_wconf 73' lang='lat' dir='ltr'><strong>fuit</strong></span> <span class='ocrx_word' id='word_1_637' title='bbox 3528 3454 3858 3515; x_wconf 83' lang='lat' dir='ltr'><strong>interfectus,</strong></span> 
     </span>
    </p>
   </div>
   <div class='ocr_carea' id='block_1_96' title="bbox 2325 3541 3858 3617">
    <p class='ocr_par' dir='ltr' id='par_1_96' title="bbox 2325 3541 3858 3617">
     <span class='ocr_line' id='line_1_96' title="bbox 2325 3541 3858 3617; baseline -0.008 -12"><span class='ocrx_word' id='word_1_638' title='bbox 2325 3554 2399 3605; x_wconf 89' lang='lat' dir='ltr'><strong>uti</strong></span> <span class='ocrx_word' id='word_1_639' title='bbox 2437 3568 2543 3605; x_wconf 91' lang='lat' dir='ltr'><strong>non</strong></span> <span class='ocrx_word' id='word_1_640' title='bbox 2578 3554 2748 3604; x_wconf 91' lang='lat' dir='ltr'><strong>multo</strong></span> <span class='ocrx_word' id='word_1_641' title='bbox 2781 3559 2902 3617; x_wconf 90' lang='lat' dir='ltr'><strong>post</strong></span> <span class='ocrx_word' id='word_1_642' title='bbox 2935 3549 2987 3599; x_wconf 90' lang='lat' dir='ltr'><strong>in</strong></span> <span class='ocrx_word' id='word_1_643' title='bbox 3025 3545 3324 3599; x_wconf 80' lang='lat' dir='ltr'><strong>Annalibus</strong></span> <span class='ocrx_word' id='word_1_644' title='bbox 3373 3543 3639 3612; x_wconf 88' lang='lat' dir='ltr'><strong>sequitur.</strong></span> <span class='ocrx_word' id='word_1_645' title='bbox 3686 3541 3858 3595; x_wconf 82' lang='lat' dir='ltr'><strong>Jovius</strong></span> 
     </span>
    </p>
   </div>
   <div class='ocr_carea' id='block_1_97' title="bbox 2327 3635 3858 3708">
    <p class='ocr_par' dir='ltr' id='par_1_97' title="bbox 2327 3635 3858 3708">
     <span class='ocr_line' id='line_1_97' title="bbox 2327 3635 3858 3708; baseline -0.009 -10"><span class='ocrx_word' id='word_1_646' title='bbox 2327 3645 2580 3698; x_wconf 82' lang='lat' dir='ltr'><strong>Selimcm</strong></span> <span class='ocrx_word' id='word_1_647' title='bbox 2619 3658 2723 3695; x_wconf 92' lang='lat' dir='ltr'><strong>non</strong></span> <span class='ocrx_word' id='word_1_648' title='bbox 2762 3641 2925 3708; x_wconf 88' lang='lat' dir='ltr'><strong>hujus</strong></span> <span class='ocrx_word' id='word_1_649' title='bbox 2956 3645 3218 3691; x_wconf 81' lang='lat' dir='ltr'><strong>duntaxat</strong></span> <span class='ocrx_word' id='word_1_650' title='bbox 3279 3651 3434 3690; x_wconf 90' lang='lat' dir='ltr'><strong>nsum</strong></span> <span class='ocrx_word' id='word_1_651' title='bbox 3486 3651 3646 3704; x_wconf 87' lang='lat' dir='ltr'><strong>opera</strong></span> <span class='ocrx_word' id='word_1_652' title='bbox 3681 3635 3858 3688; x_wconf 77' lang='lat' dir='ltr'><strong>scribit</strong></span> 
     </span>
    </p>
   </div>
   <div class='ocr_carea' id='block_1_98' title="bbox 2325 3727 3856 3803">
    <p class='ocr_par' dir='ltr' id='par_1_98' title="bbox 2325 3727 3856 3803">
     <span class='ocr_line' id='line_1_98' title="bbox 2325 3727 3856 3803; baseline -0.006 -14"><span class='ocrx_word' id='word_1_653' title='bbox 2325 3738 2376 3790; x_wconf 93' lang='lat' dir='ltr'><strong>in</strong></span> <span class='ocrx_word' id='word_1_654' title='bbox 2407 3736 2761 3803; x_wconf 84' lang='lat' dir='ltr'><strong>opprimendo</strong></span> <span class='ocrx_word' id='word_1_655' title='bbox 2821 3741 2991 3801; x_wconf 87' lang='lat' dir='ltr'><strong>patre,</strong></span> <span class='ocrx_word' id='word_1_656' title='bbox 3021 3730 3114 3784; x_wconf 83' lang='lat' dir='ltr'><strong>Sed</strong></span> <span class='ocrx_word' id='word_1_657' title='bbox 3162 3731 3321 3784; x_wconf 83' lang='lat' dir='ltr'><strong>etiam</strong></span> <span class='ocrx_word' id='word_1_658' title='bbox 3356 3728 3735 3798; x_wconf 74' lang='lat' dir='ltr'><strong>Ducagiuoglis</strong></span> <span class='ocrx_word' id='word_1_659' title='bbox 3763 3727 3856 3780; x_wconf 82' lang='lat' dir='ltr'><strong>Bo-</strong></span> 
     </span>
    </p>
   </div>
   <div class='ocr_carea' id='block_1_99' title="bbox 2323 3822 3856 3899">
    <p class='ocr_par' dir='ltr' id='par_1_99' title="bbox 2323 3822 3856 3899">
     <span class='ocr_line' id='line_1_99' title="bbox 2323 3822 3856 3899; baseline -0.01 -14"><span class='ocrx_word' id='word_1_660' title='bbox 2323 3834 2530 3899; x_wconf 69' lang='lat' dir='ltr'><strong>stangis</strong></span> <span class='ocrx_word' id='word_1_661' title='bbox 2594 3827 2931 3890; x_wconf 68' lang='lat' dir='ltr'><strong>bassaa,sire</strong></span> <span class='ocrx_word' id='word_1_662' title='bbox 2988 3825 3400 3877; x_wconf 84' lang='lat' dir='ltr'><strong>hortulanorum</strong></span> <span class='ocrx_word' id='word_1_663' title='bbox 3466 3823 3723 3892; x_wconf 74' lang='lat' dir='ltr'><strong>prtefecti,</strong></span> <span class='ocrx_word' id='word_1_664' title='bbox 3776 3822 3856 3872; x_wconf 92' lang='lat' dir='ltr'><strong>cui</strong></span> 
     </span>
    </p>
   </div>
   <div class='ocr_carea' id='block_1_100' title="bbox 2323 3913 3855 3986">
    <p class='ocr_par' dir='ltr' id='par_1_100' title="bbox 2323 3913 3855 3986">
     <span class='ocr_line' id='line_1_100' title="bbox 2323 3913 3855 3986; baseline -0.008 -10"><span class='ocrx_word' id='word_1_665' title='bbox 2323 3931 2531 3976; x_wconf 84' lang='lat' dir='ltr'><strong>secreto</strong></span> <span class='ocrx_word' id='word_1_666' title='bbox 2563 3920 2789 3974; x_wconf 76' lang='lat' dir='ltr'><strong>Selimes</strong></span> <span class='ocrx_word' id='word_1_667' title='bbox 2846 3933 2942 3986; x_wconf 88' lang='lat' dir='ltr'><strong>pro</strong></span> <span class='ocrx_word' id='word_1_668' title='bbox 2980 3917 3214 3986; x_wconf 51' lang='lat' dir='ltr'><strong>perfidia).</strong></span> <span class='ocrx_word' id='word_1_669' title='bbox 3267 3917 3484 3984; x_wconf 84' lang='lat' dir='ltr'><strong>praemio</strong></span> <span class='ocrx_word' id='word_1_670' title='bbox 3515 3916 3671 3967; x_wconf 86' lang='lat' dir='ltr'><strong>filiam</strong></span> <span class='ocrx_word' id='word_1_671' title='bbox 3711 3913 3855 3965; x_wconf 87' lang='lat' dir='ltr'><strong>nubi-</strong></span> 
     </span>
    </p>
   </div>
   <div class='ocr_carea' id='block_1_101' title="bbox 2325 4007 3853 4080">
    <p class='ocr_par' dir='ltr' id='par_1_101' title="bbox 2325 4007 3853 4080">
     <span class='ocr_line' id='line_1_101' title="bbox 2325 4007 3853 4080; baseline -0.01 -13"><span class='ocrx_word' id='word_1_672' title='bbox 2325 4016 2426 4067; x_wconf 88' lang='lat' dir='ltr'><strong>lem</strong></span> <span class='ocrx_word' id='word_1_673' title='bbox 2461 4016 2706 4080; x_wconf 91' lang='lat' dir='ltr'><strong>promisit</strong></span> <span class='ocrx_word' id='word_1_674' title='bbox 2738 4021 2788 4062; x_wconf 86' lang='lat' dir='ltr'><strong>ct</strong></span> <span class='ocrx_word' id='word_1_675' title='bbox 2810 4011 2990 4074; x_wconf 89' lang='lat' dir='ltr'><strong>dedit;</strong></span> <span class='ocrx_word' id='word_1_676' title='bbox 3026 4019 3079 4062; x_wconf 86' lang='lat' dir='ltr'><strong>et</strong></span> <span class='ocrx_word' id='word_1_677' title='bbox 3101 4009 3283 4076; x_wconf 82' lang='lat' dir='ltr'><strong>Aiacis</strong></span> <span class='ocrx_word' id='word_1_678' title='bbox 3313 4009 3687 4075; x_wconf 78' lang='lat' dir='ltr'><strong>genizarornm</strong></span> <span class='ocrx_word' id='word_1_679' title='bbox 3720 4007 3853 4070; x_wconf 73' lang='lat' dir='ltr'><strong>Aga&#39;,</strong></span> 
     </span>
    </p>
   </div>
   <div class='ocr_carea' id='block_1_102' title="bbox 2325 4098 3853 4173">
    <p class='ocr_par' dir='ltr' id='par_1_102' title="bbox 2325 4098 3853 4173">
     <span class='ocr_line' id='line_1_102' title="bbox 2325 4098 3853 4173; baseline -0.007 -17"><span class='ocrx_word' id='word_1_680' title='bbox 2325 4107 2466 4173; x_wconf 91' lang='lat' dir='ltr'><strong>quod</strong></span> <span class='ocrx_word' id='word_1_681' title='bbox 2497 4103 2657 4156; x_wconf 87' lang='lat' dir='ltr'><strong>Turci</strong></span> <span class='ocrx_word' id='word_1_682' title='bbox 2690 4117 2882 4154; x_wconf 80' lang='lat' dir='ltr'><strong>nomen</strong></span> <span class='ocrx_word' id='word_1_683' title='bbox 2915 4117 3021 4153; x_wconf 91' lang='lat' dir='ltr'><strong>non</strong></span> <span class='ocrx_word' id='word_1_684' title='bbox 3056 4103 3213 4168; x_wconf 81' lang='lat' dir='ltr'><strong>Ajax,</strong></span> <span class='ocrx_word' id='word_1_685' title='bbox 3247 4101 3338 4154; x_wconf 85' lang='lat' dir='ltr'><strong>sed</strong></span> <span class='ocrx_word' id='word_1_686' title='bbox 3381 4099 3541 4165; x_wconf 72' lang='lat' dir='ltr'><strong>Aigas</strong></span> <span class='ocrx_word' id='word_1_687' title='bbox 3567 4098 3853 4152; x_wconf 85' lang='lat' dir='ltr'><strong>enuntiant.</strong></span> 
     </span>
    </p>
   </div>
   <div class='ocr_carea' id='block_1_103' title="bbox 2327 4188 3724 4260">
    <p class='ocr_par' dir='ltr' id='par_1_103' title="bbox 2327 4188 3724 4260">
     <span class='ocr_line' id='line_1_103' title="bbox 2327 4188 3724 4260; baseline -0.003 -16"><span class='ocrx_word' id='word_1_688' title='bbox 2327 4195 2398 4245; x_wconf 89' lang='lat' dir='ltr'><strong>De</strong></span> <span class='ocrx_word' id='word_1_689' title='bbox 2430 4192 2775 4260; x_wconf 64' lang='lat' dir='ltr'><strong>Ducaginogli</strong></span> <span class='ocrx_word' id='word_1_690' title='bbox 2807 4192 2964 4257; x_wconf 83' lang='lat' dir='ltr'><strong>paulo</strong></span> <span class='ocrx_word' id='word_1_691' title='bbox 2993 4199 3112 4258; x_wconf 89' lang='lat' dir='ltr'><strong>post</strong></span> <span class='ocrx_word' id='word_1_692' title='bbox 3134 4190 3367 4254; x_wconf 88' lang='lat' dir='ltr'><strong>dicetur,</strong></span> <span class='ocrx_word' id='word_1_693' title='bbox 3401 4191 3581 4259; x_wconf 85' lang='lat' dir='ltr'><strong>capite</strong></span> <span class='ocrx_word' id='word_1_694' title='bbox 3609 4188 3724 4242; x_wconf 60' lang='lat'><strong>266.</strong></span> 
     </span>
    </p>
   </div>
   <div class='ocr_carea' id='block_1_104' title="bbox 2329 4279 3855 4348">
    <p class='ocr_par' dir='ltr' id='par_1_104' title="bbox 2329 4279 3855 4348">
     <span class='ocr_line' id='line_1_104' title="bbox 2329 4279 3855 4348; baseline -0.006 -12"><span class='ocrx_word' id='word_1_695' title='bbox 2329 4281 2444 4336; x_wconf 80' lang='grc'><strong>199.</strong></span> <span class='ocrx_word' id='word_1_696' title='bbox 2485 4283 2592 4335; x_wconf 78' lang='lat' dir='ltr'><strong>Cur</strong></span> <span class='ocrx_word' id='word_1_697' title='bbox 2628 4281 2957 4332; x_wconf 81' lang='lat' dir='ltr'><strong>Dimotucum</strong></span> <span class='ocrx_word' id='word_1_698' title='bbox 2984 4280 3212 4332; x_wconf 80' lang='lat' dir='ltr'><strong>secedere</strong></span> <span class='ocrx_word' id='word_1_699' title='bbox 3245 4279 3535 4348; x_wconf 75' lang='lat' dir='ltr'><strong>Bajazites,</strong></span> <span class='ocrx_word' id='word_1_700' title='bbox 3557 4282 3754 4347; x_wconf 68' lang='lat' dir='ltr'><strong>imperio</strong></span> <span class='ocrx_word' id='word_1_701' title='bbox 3778 4281 3855 4328; x_wconf 85' lang='lat' dir='ltr'><strong>di-</strong></span> 
     </span>
    </p>
   </div>
   <div class='ocr_carea' id='block_1_105' title="bbox 2395 4349 3848 4417">
    <p class='ocr_par' dir='ltr' id='par_1_105' title="bbox 2395 4349 3848 4417">
     <span class='ocr_line' id='line_1_105' title="bbox 2395 4349 3848 4417; baseline -0.003 -14"><span class='ocrx_word' id='word_1_702' title='bbox 2395 4354 2549 4403; x_wconf 79' lang='lat' dir='ltr'><strong>misso</strong></span> <span class='ocrx_word' id='word_1_703' title='bbox 2603 4353 2835 4403; x_wconf 77' lang='lat' dir='ltr'><strong>voluerit.</strong></span> <span class='ocrx_word' id='word_1_704' title='bbox 2890 4349 3249 4417; x_wconf 80' lang='lat' dir='ltr'><strong>lnangurandi</strong></span> <span class='ocrx_word' id='word_1_705' title='bbox 3295 4350 3492 4402; x_wconf 69' lang='grc' dir='ltr'><strong>διίησιιί</strong></span> <span class='ocrx_word' id='word_1_706' title='bbox 3546 4352 3848 4402; x_wconf 67' lang='grc' dir='ltr'><strong>εανγεηιοηίη.</strong></span> 
     </span>
    </p>
   </div>
   <div class='ocr_carea' id='block_1_106' title="bbox 2399 4420 3850 4489">
    <p class='ocr_par' dir='ltr' id='par_1_106' title="bbox 2399 4420 3850 4489">
     <span class='ocr_line' id='line_1_106' title="bbox 2399 4420 3850 4489; baseline -0.005 -15"><span class='ocrx_word' id='word_1_707' title='bbox 2399 4422 2780 4486; x_wconf 76' lang='lat' dir='ltr'><strong>Imperatorum</strong></span> <span class='ocrx_word' id='word_1_708' title='bbox 2839 4423 3066 4487; x_wconf 78' lang='lat' dir='ltr'><strong>insignia</strong></span> <span class='ocrx_word' id='word_1_709' title='bbox 3131 4424 3206 4471; x_wconf 74' lang='lat' dir='ltr'><strong>uel</strong></span> <span class='ocrx_word' id='word_1_710' title='bbox 3264 4423 3519 4489; x_wconf 69' lang='lat' dir='ltr'><strong>symbolo.</strong></span> <span class='ocrx_word' id='word_1_711' title='bbox 3578 4420 3850 4471; x_wconf 75' lang='lat' dir='ltr'><strong>Corouaudi</strong></span> 
     </span>
    </p>
   </div>
   <div class='ocr_carea' id='block_1_107' title="bbox 2397 4488 3850 4554">
    <p class='ocr_par' dir='ltr' id='par_1_107' title="bbox 2397 4488 3850 4554">
     <span class='ocr_line' id='line_1_107' title="bbox 2397 4488 3850 4554; baseline -0.005 -13"><span class='ocrx_word' id='word_1_712' title='bbox 2397 4492 2612 4542; x_wconf 81' lang='lat' dir='ltr'><strong>alterius</strong></span> <span class='ocrx_word' id='word_1_713' title='bbox 2676 4492 3002 4554; x_wconf 77' lang='lat' dir='ltr'><strong>imperatoris</strong></span> <span class='ocrx_word' id='word_1_714' title='bbox 3065 4491 3198 4540; x_wconf 82' lang='lat' dir='ltr'><strong>ritus</strong></span> <span class='ocrx_word' id='word_1_715' title='bbox 3257 4488 3391 4551; x_wconf 78' lang='lat' dir='ltr'><strong>apud</strong></span> <span class='ocrx_word' id='word_1_716' title='bbox 3447 4488 3850 4553; x_wconf 72' lang='lat' dir='ltr'><strong>Grazcas,pnori</strong></span> 
     </span>
    </p>
   </div>
   <div class='ocr_carea' id='block_1_108' title="bbox 2393 4556 3843 4625">
    <p class='ocr_par' dir='ltr' id='par_1_108' title="bbox 2393 4556 3843 4625">
     <span class='ocr_line' id='line_1_108' title="bbox 2393 4556 3843 4625; baseline -0.001 -17"><span class='ocrx_word' id='word_1_717' title='bbox 2393 4561 2679 4624; x_wconf 68' lang='lat' dir='ltr'><strong>superstite.</strong></span> <span class='ocrx_word' id='word_1_718' title='bbox 2709 4562 3234 4625; x_wconf 76' lang='grc' dir='ltr'><strong>Ηυρακοιμώμενοι.</strong></span> <span class='ocrx_word' id='word_1_719' title='bbox 3257 4561 3706 4625; x_wconf 72' lang='lat' dir='ltr'><strong>Scaramangium,</strong></span> <span class='ocrx_word' id='word_1_720' title='bbox 3734 4556 3843 4608; x_wconf 73' lang='grc' dir='ltr'><strong>Τω-</strong></span> 
     </span>
    </p>
   </div>
   <div class='ocr_carea' id='block_1_109' title="bbox 2395 4625 3554 4692">
    <p class='ocr_par' dir='ltr' id='par_1_109' title="bbox 2395 4625 3554 4692">
     <span class='ocr_line' id='line_1_109' title="bbox 2395 4625 3554 4692; baseline -0.001 -14"><span class='ocrx_word' id='word_1_721' title='bbox 2395 4627 2602 4687; x_wconf 80' lang='lat' dir='ltr'><strong>ltuduri.</strong></span> <span class='ocrx_word' id='word_1_722' title='bbox 2637 4628 2854 4691; x_wconf 73' lang='grc' dir='ltr'><strong>ιῖμϐων,</strong></span> <span class='ocrx_word' id='word_1_723' title='bbox 2898 4630 3274 4692; x_wconf 72' lang='grc' dir='ltr'><strong>Δικητήσιον.</strong></span> <span class='ocrx_word' id='word_1_724' title='bbox 3310 4625 3554 4677; x_wconf 63' lang='lat' dir='ltr'><strong>Tauri/ita.</strong></span> 
     </span>
    </p>
   </div>
   <div class='ocr_carea' id='block_1_110' title="bbox 2399 4713 3848 4784">
    <p class='ocr_par' dir='ltr' id='par_1_110' title="bbox 2399 4713 3848 4784">
     <span class='ocr_line' id='line_1_110' title="bbox 2399 4713 3848 4784; baseline -0.001 -17"><span class='ocrx_word' id='word_1_725' title='bbox 2399 4716 2739 4768; x_wconf 82' lang='lat' dir='ltr'><strong>Dimotucum</strong></span> <span class='ocrx_word' id='word_1_726' title='bbox 2773 4731 2801 4768; x_wconf 88' lang='lat' dir='ltr'><strong>a</strong></span> <span class='ocrx_word' id='word_1_727' title='bbox 2836 4715 3028 4768; x_wconf 88' lang='lat' dir='ltr'><strong>Turcis</strong></span> <span class='ocrx_word' id='word_1_728' title='bbox 3058 4716 3236 4770; x_wconf 89' lang='lat' dir='ltr'><strong>vocari</strong></span> <span class='ocrx_word' id='word_1_729' title='bbox 3263 4716 3556 4780; x_wconf 86' lang='lat' dir='ltr'><strong>civitatem,</strong></span> <span class='ocrx_word' id='word_1_730' title='bbox 3580 4733 3694 4784; x_wconf 76' lang='lat' dir='ltr'><strong>qua:</strong></span> <span class='ocrx_word' id='word_1_731' title='bbox 3722 4713 3848 4768; x_wconf 75' lang='lat' dir='ltr'><strong>Gne-</strong></span> 
     </span>
    </p>
   </div>
   <div class='ocr_carea' id='block_1_111' title="bbox 2331 4806 3845 4876">
    <p class='ocr_par' dir='ltr' id='par_1_111' title="bbox 2331 4806 3845 4876">
     <span class='ocr_line' id='line_1_111' title="bbox 2331 4806 3845 4876; baseline -0.001 -17"><span class='ocrx_word' id='word_1_732' title='bbox 2331 4807 2408 4861; x_wconf 87' lang='lat' dir='ltr'><strong>cis</strong></span> <span class='ocrx_word' id='word_1_733' title='bbox 2440 4806 2851 4874; x_wconf 84' lang='lat' dir='ltr'><strong>Didymotichon</strong></span> <span class='ocrx_word' id='word_1_734' title='bbox 2883 4808 3113 4868; x_wconf 84' lang='lat' dir='ltr'><strong>dicatur,</strong></span> <span class='ocrx_word' id='word_1_735' title='bbox 3149 4806 3444 4861; x_wconf 87' lang='lat' dir='ltr'><strong>indicatum</strong></span> <span class='ocrx_word' id='word_1_736' title='bbox 3480 4823 3662 4876; x_wconf 86' lang='lat' dir='ltr'><strong>supra,</strong></span> <span class='ocrx_word' id='word_1_737' title='bbox 3695 4808 3845 4875; x_wconf 88' lang='lat' dir='ltr'><strong>capite</strong></span> 
     </span>
    </p>
   </div>
   <div class='ocr_carea' id='block_1_112' title="bbox 2327 4897 3843 4969">
    <p class='ocr_par' dir='ltr' id='par_1_112' title="bbox 2327 4897 3843 4969">
     <span class='ocr_line' id='line_1_112' title="bbox 2327 4897 3843 4969; baseline -0.003 -18"><span class='ocrx_word' id='word_1_738' title='bbox 2327 4899 2416 4962; x_wconf 68' lang='lat'><strong>28,</strong></span> <span class='ocrx_word' id='word_1_739' title='bbox 2450 4900 2724 4953; x_wconf 84' lang='lat' dir='ltr'><strong>nonnullis</strong></span> <span class='ocrx_word' id='word_1_740' title='bbox 2761 4899 2956 4951; x_wconf 88' lang='lat' dir='ltr'><strong>ibidem</strong></span> <span class='ocrx_word' id='word_1_741' title='bbox 3001 4900 3226 4968; x_wconf 83' lang='lat' dir='ltr'><strong>adjectis</strong></span> <span class='ocrx_word' id='word_1_742' title='bbox 3256 4897 3322 4952; x_wconf 88' lang='lat' dir='ltr'><strong>ad</strong></span> <span class='ocrx_word' id='word_1_743' title='bbox 3368 4900 3506 4953; x_wconf 85' lang='lat' dir='ltr'><strong>hanc</strong></span> <span class='ocrx_word' id='word_1_744' title='bbox 3539 4916 3656 4969; x_wconf 69' lang='lat' dir='ltr'><strong>qua:</strong></span> <span class='ocrx_word' id='word_1_745' title='bbox 3703 4901 3843 4969; x_wconf 82' lang='lat' dir='ltr'><strong>perti-</strong></span> 
     </span>
    </p>
   </div>
   <div class='ocr_carea' id='block_1_113' title="bbox 2332 4991 3839 5062">
    <p class='ocr_par' dir='ltr' id='par_1_113' title="bbox 2332 4991 3839 5062">
     <span class='ocr_line' id='line_1_113' title="bbox 2332 4991 3839 5062; baseline -0.001 -16"><span class='ocrx_word' id='word_1_746' title='bbox 2332 5003 2480 5047; x_wconf 92' lang='lat' dir='ltr'><strong>nent.</strong></span> <span class='ocrx_word' id='word_1_747' title='bbox 2513 4992 2695 5046; x_wconf 77' lang='lat' dir='ltr'><strong>Voluit</strong></span> <span class='ocrx_word' id='word_1_748' title='bbox 2730 5003 2906 5047; x_wconf 89' lang='lat' dir='ltr'><strong>autem</strong></span> <span class='ocrx_word' id='word_1_749' title='bbox 2941 5011 3004 5047; x_wconf 88' lang='lat' dir='ltr'><strong>eo</strong></span> <span class='ocrx_word' id='word_1_750' title='bbox 3036 5011 3092 5050; x_wconf 90' lang='lat' dir='ltr'><strong>se</strong></span> <span class='ocrx_word' id='word_1_751' title='bbox 3123 4997 3369 5049; x_wconf 83' lang='lat' dir='ltr'><strong>conferte</strong></span> <span class='ocrx_word' id='word_1_752' title='bbox 3399 4994 3682 5062; x_wconf 81' lang='lat' dir='ltr'><strong>Bajazites,</strong></span> <span class='ocrx_word' id='word_1_753' title='bbox 3712 4991 3839 5045; x_wconf 88' lang='lat' dir='ltr'><strong>abdi-</strong></span> 
     </span>
    </p>
   </div>
   <div class='ocr_carea' id='block_1_114' title="bbox 2331 5084 3838 5153">
    <p class='ocr_par' dir='ltr' id='par_1_114' title="bbox 2331 5084 3838 5153">
     <span class='ocr_line' id='line_1_114' title="bbox 2331 5084 3838 5153; baseline -0.004 -17"><span class='ocrx_word' id='word_1_754' title='bbox 2331 5092 2451 5136; x_wconf 85' lang='lat' dir='ltr'><strong>cato</strong></span> <span class='ocrx_word' id='word_1_755' title='bbox 2485 5084 2729 5152; x_wconf 89' lang='lat' dir='ltr'><strong>imperio,</strong></span> <span class='ocrx_word' id='word_1_756' title='bbox 2765 5087 2907 5153; x_wconf 90' lang='lat' dir='ltr'><strong>quod</strong></span> <span class='ocrx_word' id='word_1_757' title='bbox 2942 5087 3058 5152; x_wconf 86' lang='lat' dir='ltr'><strong>ejus</strong></span> <span class='ocrx_word' id='word_1_758' title='bbox 3089 5095 3228 5140; x_wconf 89' lang='lat' dir='ltr'><strong>esset</strong></span> <span class='ocrx_word' id='word_1_759' title='bbox 3263 5085 3457 5153; x_wconf 85' lang='lat' dir='ltr'><strong>patria.</strong></span> <span class='ocrx_word' id='word_1_760' title='bbox 3482 5085 3683 5152; x_wconf 87' lang='lat' dir='ltr'><strong>Quippe</strong></span> <span class='ocrx_word' id='word_1_761' title='bbox 3708 5091 3838 5135; x_wconf 89' lang='lat' dir='ltr'><strong>natus</strong></span> 
     </span>
    </p>
   </div>
   <div class='ocr_carea' id='block_1_115' title="bbox 2329 5173 3834 5244">
    <p class='ocr_par' dir='ltr' id='par_1_115' title="bbox 2329 5173 3834 5244">
     <span class='ocr_line' id='line_1_115' title="bbox 2329 5173 3834 5244; baseline -0.006 -15"><span class='ocrx_word' id='word_1_762' title='bbox 2329 5175 2489 5244; x_wconf 67' lang='grc'><strong>476</strong></span> <span class='ocrx_word' id='word_1_763' title='bbox 2518 5177 2623 5232; x_wconf 86' lang='lat' dir='ltr'><strong>illic</strong></span> <span class='ocrx_word' id='word_1_764' title='bbox 2681 5177 2873 5231; x_wconf 87' lang='lat' dir='ltr'><strong>fuerat.</strong></span> <span class='ocrx_word' id='word_1_765' title='bbox 2914 5179 2976 5230; x_wconf 82' lang='lat' dir='ltr'><strong>Et</strong></span> <span class='ocrx_word' id='word_1_766' title='bbox 3038 5191 3195 5231; x_wconf 85' lang='lat' dir='ltr'><strong>nemo</strong></span> <span class='ocrx_word' id='word_1_767' title='bbox 3251 5190 3357 5229; x_wconf 91' lang='lat' dir='ltr'><strong>non</strong></span> <span class='ocrx_word' id='word_1_768' title='bbox 3393 5177 3606 5228; x_wconf 87' lang='lat' dir='ltr'><strong>occulto</strong></span> <span class='ocrx_word' id='word_1_769' title='bbox 3640 5173 3834 5242; x_wconf 83' lang='lat' dir='ltr'><strong>quodam</strong></span> 
     </span>
    </p>
   </div>
   <div class='ocr_carea' id='block_1_116' title="bbox 2332 5264 3834 5335">
    <p class='ocr_par' dir='ltr' id='par_1_116' title="bbox 2332 5264 3834 5335">
     <span class='ocr_line' id='line_1_116' title="bbox 2332 5264 3834 5335; baseline -0.003 -17"><span class='ocrx_word' id='word_1_770' title='bbox 2332 5267 2585 5321; x_wconf 80' lang='lat' dir='ltr'><strong>iustincm</strong></span> <span class='ocrx_word' id='word_1_771' title='bbox 2633 5281 2838 5323; x_wconf 62' lang='lat' dir='ltr'><strong>natura:</strong></span> <span class='ocrx_word' id='word_1_772' title='bbox 2891 5271 3187 5322; x_wconf 61' lang='lat' dir='ltr'><strong>delectatur</strong></span> <span class='ocrx_word' id='word_1_773' title='bbox 3223 5267 3289 5318; x_wconf 83' lang='lat' dir='ltr'><strong>iis</strong></span> <span class='ocrx_word' id='word_1_774' title='bbox 3330 5267 3600 5335; x_wconf 59' lang='lat' dir='ltr'><strong>praecipue</strong></span> <span class='ocrx_word' id='word_1_775' title='bbox 3631 5264 3834 5327; x_wconf 89' lang='lat' dir='ltr'><strong>locis,in</strong></span> 
     </span>
    </p>
   </div>
   <div class='ocr_carea' id='block_1_117' title="bbox 2332 5357 3834 5430">
    <p class='ocr_par' dir='ltr' id='par_1_117' title="bbox 2332 5357 3834 5430">
     <span class='ocr_line' id='line_1_117' title="bbox 2332 5357 3834 5430; baseline 0.001 -20"><span class='ocrx_word' id='word_1_776' title='bbox 2332 5361 2521 5426; x_wconf 87' lang='lat' dir='ltr'><strong>quibus</strong></span> <span class='ocrx_word' id='word_1_777' title='bbox 2549 5363 2841 5416; x_wconf 82' lang='lat' dir='ltr'><strong>exsistendi</strong></span> <span class='ocrx_word' id='word_1_778' title='bbox 2879 5360 3184 5430; x_wconf 88' lang='lat' dir='ltr'><strong>principum</strong></span> <span class='ocrx_word' id='word_1_779' title='bbox 3219 5358 3428 5412; x_wconf 90' lang='lat' dir='ltr'><strong>habuit.</strong></span> <span class='ocrx_word' id='word_1_780' title='bbox 3457 5361 3530 5412; x_wconf 84' lang='lat' dir='ltr'><strong>Ea</strong></span> <span class='ocrx_word' id='word_1_781' title='bbox 3566 5357 3834 5428; x_wconf 77' lang='lat' dir='ltr'><strong>quoqeedc</strong></span> 
     </span>
    </p>
   </div>
   <div class='ocr_carea' id='block_1_118' title="bbox 2332 5450 3834 5521">
    <p class='ocr_par' dir='ltr' id='par_1_118' title="bbox 2332 5450 3834 5521">
     <span class='ocr_line' id='line_1_118' title="bbox 2332 5450 3834 5521; baseline -0.002 -18"><span class='ocrx_word' id='word_1_782' title='bbox 2332 5468 2493 5504; x_wconf 65' lang='lat' dir='ltr'><strong>euulsa</strong></span> <span class='ocrx_word' id='word_1_783' title='bbox 2553 5453 2836 5521; x_wconf 83' lang='lat' dir='ltr'><strong>Bajazites,</strong></span> <span class='ocrx_word' id='word_1_784' title='bbox 2896 5466 3018 5503; x_wconf 83' lang='lat' dir='ltr'><strong>Clllll</strong></span> <span class='ocrx_word' id='word_1_785' title='bbox 3072 5459 3195 5503; x_wconf 86' lang='lat' dir='ltr'><strong>ante</strong></span> <span class='ocrx_word' id='word_1_786' title='bbox 3248 5452 3564 5519; x_wconf 85' lang='lat' dir='ltr'><strong>triennium,</strong></span> <span class='ocrx_word' id='word_1_787' title='bbox 3629 5450 3834 5505; x_wconf 76' lang='lat' dir='ltr'><strong>videlicet</strong></span> 
     </span>
    </p>
   </div>
   <div class='ocr_carea' id='block_1_119' title="bbox 2331 5538 3834 5603">
    <p class='ocr_par' dir='ltr' id='par_1_119' title="bbox 2331 5538 3834 5603">
     <span class='ocr_line' id='line_1_119' title="bbox 2331 5538 3834 5603; baseline 0.003 -11"><span class='ocrx_word' id='word_1_788' title='bbox 2331 5557 2470 5595; x_wconf 87' lang='lat' dir='ltr'><strong>anno</strong></span> <span class='ocrx_word' id='word_1_789' title='bbox 2517 5544 2826 5596; x_wconf 73' lang='lat' dir='ltr'><strong>Christiano</strong></span> <span class='ocrx_word' id='word_1_790' title='bbox 2884 5542 3035 5603; x_wconf 67' lang='lat'><strong>1509,</strong></span> <span class='ocrx_word' id='word_1_791' title='bbox 3067 5552 3219 5594; x_wconf 75' lang='lat' dir='ltr'><strong>terra:</strong></span> <span class='ocrx_word' id='word_1_792' title='bbox 3253 5552 3429 5598; x_wconf 91' lang='lat' dir='ltr'><strong>motus</strong></span> <span class='ocrx_word' id='word_1_793' title='bbox 3481 5544 3756 5600; x_wconf 85' lang='lat' dir='ltr'><strong>horribilis.</strong></span> <span class='ocrx_word' id='word_1_794' title='bbox 3783 5538 3834 5588; x_wconf 75' lang='lat' dir='ltr'><strong>de</strong></span> 
     </span>
    </p>
   </div>
   <div class='ocr_carea' id='block_1_120' title="bbox 2333 5631 3834 5700">
    <p class='ocr_par' dir='ltr' id='par_1_120' title="bbox 2333 5631 3834 5700">
     <span class='ocr_line' id='line_1_120' title="bbox 2333 5631 3834 5700; baseline -0.002 -18"><span class='ocrx_word' id='word_1_795' title='bbox 2333 5649 2438 5698; x_wconf 87' lang='lat' dir='ltr'><strong>quo</strong></span> <span class='ocrx_word' id='word_1_796' title='bbox 2481 5635 2635 5700; x_wconf 79' lang='lat' dir='ltr'><strong>paulo</strong></span> <span class='ocrx_word' id='word_1_797' title='bbox 2687 5644 2808 5685; x_wconf 79' lang='lat' dir='ltr'><strong>ante</strong></span> <span class='ocrx_word' id='word_1_798' title='bbox 2858 5634 3108 5700; x_wconf 76' lang='lat' dir='ltr'><strong>legimus,</strong></span> <span class='ocrx_word' id='word_1_799' title='bbox 3149 5634 3199 5685; x_wconf 90' lang='lat' dir='ltr'><strong>in</strong></span> <span class='ocrx_word' id='word_1_800' title='bbox 3242 5634 3321 5689; x_wconf 86' lang='lat' dir='ltr'><strong>his</strong></span> <span class='ocrx_word' id='word_1_801' title='bbox 3374 5637 3684 5690; x_wconf 83' lang='lat' dir='ltr'><strong>Annalibus.</strong></span> <span class='ocrx_word' id='word_1_802' title='bbox 3721 5631 3834 5683; x_wconf 83' lang='lat' dir='ltr'><strong>Con-</strong></span> 
     </span>
    </p>
   </div>
   <div class='ocr_carea' id='block_1_121' title="bbox 2335 5720 3811 5796">
    <p class='ocr_par' dir='ltr' id='par_1_121' title="bbox 2335 5720 3811 5796">
     <span class='ocr_line' id='line_1_121' title="bbox 2335 5720 3811 5796; baseline -0.001 -20"><span class='ocrx_word' id='word_1_803' title='bbox 2335 5725 2733 5790; x_wconf 73' lang='lat' dir='ltr'><strong>stantimipolim</strong></span> <span class='ocrx_word' id='word_1_804' title='bbox 2770 5733 2816 5777; x_wconf 81' lang='lat' dir='ltr'><strong>et</strong></span> <span class='ocrx_word' id='word_1_805' title='bbox 2859 5723 3288 5790; x_wconf 71' lang='lat' dir='ltr'><strong>itiilymoticbum</strong></span> <span class='ocrx_word' id='word_1_806' title='bbox 3325 5743 3457 5796; x_wconf 89' lang='lat' dir='ltr'><strong>pene</strong></span> <span class='ocrx_word' id='word_1_807' title='bbox 3501 5739 3638 5782; x_wconf 83' lang='lat' dir='ltr'><strong>totas</strong></span> <span class='ocrx_word' id='word_1_808' title='bbox 3669 5720 3811 5776; x_wconf 64' lang='lat' dir='ltr'><strong>diruit</strong></span> 
     </span>
    </p>
   </div>
  </div>
