4006 6338
154 394 263 456 869
1272 385 1662 451 PANDECTE
1705 386 1907 451 HlST.
1949 374 2237 458 TURCItL,
3259 371 3365 438 870

156 516 240 557 set
276 524 288 557 :
323 521 431 556 non
484 500 1014 569 Constantimpolim
1065 499 1226 553 modo
1275 499 1706 562 refecit,‘vertnn
1739 504 1784 560 Α
1814 500 1973 564 situs,
2043 509 2096 552 et
2161 495 2366 552 tribuni
2434 493 2648 561 plebis,
2709 505 2819 544 una
2867 501 2988 542 cttm
3053 486 3361 544 tribulibus.

157 599 325 648 etiam
363 595 548 648 decem
581 595 926 657 sarchorum,
963 593 1017 646 id
1066 602 1150 647 est
1178 593 1639 645 mercennariorum
1665 597 1718 644 et
1785 590 1975 664 -Cepit
1995 605 2122 659 ergo
2165 587 2496 643 secretarius
2530 585 2642 638 haec
2689 598 2753 636 ex
2787 581 3130 648 imperatoris
3151 581 3371 633 decreto

155 687 415 753 cpiticum
454 687 638 749 millia,
676 684 1104 754 Didymotichum
1163 685 1308 738 misit
1345 698 1360 735 :
1392 684 1483 751 qui
1532 683 1720 751 patria:

154 793 274 828 sua».
307 776 508 830 mmnia
563 776 824 846 collapsa,
854 790 976 828 cum
1026 774 1266 829 aediﬁciis
1325 774 1715 835 iustaurarent,

152 869 229 919 uti
293 868 682 936 Spandnginus
744 867 1020 921 memoria
1082 865 1340 935 prodidit.
1367 864 1484 930 Quo
1535 875 1714 919 autem

151 961 261 1013 ritu
308 961 511 1013 sultani
544 959 847 1013 Ostnanida:
880 959 1106 1012 mortuis
1136 959 1402 1026 patribus,
1429 957 1713 1025 imperium

150 1053 434 1118 auspicari
462 1052 693 1112 soleant,
753 1047 1568 1118 expositumJn'Supplemento
1601 1049 1714 1113 An-

150 1143 362 1195 nalium
392 1152 599 1204 nostro,
651 1142 715 1194 ad
756 1157 959 1196 annum
1005 1140 1370 1195 Christianum
1410 1141 1563 1193 1566.
1618 1140 1716 1193 Hic

147 1235 360 1305 quibus
409 1235 751 1288 caeremoniis
826 1241 1111 1302 superstes
1174 1242 1327 1301 pater
1384 1233 1555 1286 ﬁlium
1612 1233 1713 1286 sibi

149 1327 530 1385 substituerlt,
578 1325 872 1380 indicatur.
926 1325 1137 1394 Quippe
1201 1325 1310 1377 lilio
1361 1325 1503 1377 tradi
1550 1326 1714 1377 cistas

141 1416 334 1484 jussit.
373 1416 572 1484 quibus
607 1417 942 1484 imperatorii
984 1416 1227 1470 thesauri
1269 1417 1712 1469 continebantur.

147 1503 356 1556 Eorum
395 1518 520 1557 vero
553 1505 772 1557 nomine
805 1519 910 1557 non
940 1505 1016 1558 illi
1074 1506 1317 1564 veniunt.
1349 1520 1489 1572 quos
1522 1504 1713 1557 adrer-

145 1595 264 1649 sari
298 1595 542 1648 diximus
577 1595 631 1647 in
661 1593 904 1650 Jedicula
941 1615 954 1650 :
987 1597 1079 1651 sed
1107 1613 1223 1665 qum
1251 1596 1420 1650 Graeci
1452 1596 1716 1651 t'OCabant

143 1686 530 1755 imperatoria,
553 1687 631 1740 vel
649 1687 928 1756 κειμήλια.
949 1687 1029 1742 vel
1064 1687 1330 1755 ἐπίσημα,
1348 1689 1428 1741 vel
1449 1674 1709 1755 σύμϐολα.

144 1776 242 1832 Sic
278 1776 500 1852 Graecia:
531 1789 729 1846 praetor
761 1780 857 1842 ait,
905 1779 1118 1833 venisse
1143 1789 1296 1847 capta
1337 1780 1714 1833 Constantino-

144 1869 258 1937 poli
325 1868 636 1922 Grrecorum
707 1869 758 1924 in
829 1885 1021 1924 manus
1065 1871 1410 1938 imperatoria
1465 1870 1709 1926 Balduini

144 1965 387 2016 secundi
417 1963 677 2032 symbola,
713 1978 833 2032 quae
859 1965 1073 2032 quidem
1108 1963 1219 2016 haec
1250 1963 1449 2018 fuerint
1479 1982 1492 2017 :
1522 1964 1713 2034 Calyp-

143 2063 257 2116 tra,
288 2052 474 2106 forma:
500 2052 710 2106 Latinis
743 2055 962 2109 usitata;
986 2054 1231 2123 (Latinos
1255 2055 1425 2109 Graeci
1449 2056 1713 2109 vocabant

142 2143 388 2212 populos
421 2141 485 2194 ad
533 2143 815 2210 imperium
869 2143 1052 2196 Roma:
1104 2145 1304 2198 veteris
1356 2146 1710 2212 pertinentes,

142 2245 279 2284 cum
315 2231 422 2285 sibi
472 2231 1295 2303 Romanorum‘appellationem
1349 2237 1709 2305 arrogarent),

143 2333 202 2376 et
230 2321 530 2376 unionibus
583 2322 846 2381 distineta
893 2339 1016 2378 cum
1060 2318 1245 2394 lapillo
1308 2325 1458 2380 rubri
1515 2326 1714 2381 coloris

145 2411 204 2464 in
243 2412 454 2466 vertice
485 2412 677 2481 capitis
710 2431 722 2466 :
752 2413 1138 2479 calceameuta,
1167 2429 1328 2470 cocco
1370 2416 1533 2470 tincta
1560 2431 1573 2467 :
1605 2416 1712 2482 gla-

144 2501 280 2556 dius
303 2502 497 2572 vagina
517 2502 582 2558 de
607 2504 846 2558 coccinei
875 2504 1076 2559 coloris
1101 2505 1280 2560 serico
1321 2505 1487 2568 facta,
1543 2507 1680 2560 vesti
1697 2534 1714 2546 -

148 2603 268 2646 tus.
305 2592 440 2646 lnde
467 2603 673 2662 patrem
710 2593 939 2649 Selimes
970 2596 1122 2662 adiit,
1179 2597 1337 2665 eique
1387 2612 1626 2661 manum,
1661 2606 1717 2651 ut

144 2682 454 2736 Annalium
486 2682 654 2747 liber;
686 2683 872 2753 pedes,
897 2693 952 2737 ut
978 2683 1164 2739 Jovius
1195 2694 1400 2750 narrat,
1429 2686 1714 2741 osculatus

145 2783 254 2831 est.
292 2775 442 2830 Idem
470 2775 619 2830 addit
672 2776 777 2830 hoc
809 2777 879 2830 ab
932 2789 998 2830 eo
1053 2777 1251 2831 factum
1313 2779 1568 2840 maxima,
1623 2777 1714 2831 sed

144 2866 415 2921 simulata
446 2882 569 2921 cum
603 2866 1003 2937 submissione:
1034 2841 1155 2921 cu/m
1190 2870 1509 2924 temeritatis
1539 2869 1716 2924 obiter

144 2973 272 3012 sua:
308 2959 520 3011 veniam
559 2969 824 3028 posceret.
859 2957 980 3015 Mox
999 2961 1044 3014 ei
1076 2969 1228 3028 pater
1277 2976 1566 3031 assurgens
1601 2963 1717 3030 gla-

144 3050 246 3104 dio
280 3049 426 3103 latus
456 3048 644 3112 cinxit,
693 3059 752 3103 ut
793 3049 980 3106 Jovius
1029 3059 1291 3104 memorat
1322 3067 1337 3103 :
1369 3059 1426 3113 ut
1457 3053 1715 3119 Annales,

1821 683 1982 736 verba
2012 681 2187 750 legere
2219 697 2232 733 :
2270 678 2475 732 Bardas
2507 675 2686 730 Caesar
2720 675 3008 728 adversum
3039 688 3122 725 me
3155 674 3371 738 ctmspi-

1820 775 1977 834 rarit,
2028 779 2084 824 ut
2144 771 2308 824 vitam
2336 768 2466 820 mihi
2517 765 2776 819 adimeret
2817 776 3033 831 :eaque
3081 762 3148 814 de
3202 775 3367 814 causa

1817 873 1970 918 extra
2004 864 2192 917 urbem
2219 874 2301 913 me
2339 858 2582 912 abduxit.
2611 854 2763 921 Quod
2814 855 2915 908 nisi
2955 853 3270 920 Syrnbatius
3305 865 3367 904 ac

1818 957 2048 1011 Basilius
2141 953 2401 1006 indicium
2516 949 2635 1018 ejus
2709 945 2786 1000 rei
2876 946 3006 1000 mihi
3093 945 3369 1005 fet-issent,

1817 1048 2064 1117 equidem
2093 1061 2198 1098 non
2239 1045 2473 1112 amplius
2511 1044 2563 1096 in
2597 1055 2825 1100 numero
2855 1045 3097 1093 vivorum
3138 1038 3370 1091 exsiste-

1817 1157 1951 1194 rem.
1987 1140 2062 1192 Ac
2095 1139 2252 1206 periit
2283 1138 2373 1191 ille
2402 1150 2498 1190 sua
2563 1150 2694 1189 sane
2732 1133 2912 1201 culpa.
2949 1131 3204 1186 Basiliutn
3240 1143 3372 1184 vero

1817 1234 2321 1296 Parakimomenon,
2349 1245 2448 1284 ceu
2500 1229 2684 1298 ﬁdum
2718 1226 2874 1289 mihi,
2914 1226 3128 1294 meique
3182 1237 3371 1279 scrva-

1816 1336 1985 1381 torem
2015 1324 2253 1393 imperii,
2313 1323 2517 1391 quique
2566 1335 2650 1374 me
2687 1317 2938 1372 liberavit
2966 1317 3033 1371 ab
3063 1316 3239 1378 hoste,
3308 1329 3372 1368 ac

1817 1418 2078 1487 singulari
2136 1415 2332 1469 aEectu
2391 1413 2789 1481 complectitur,
2843 1424 2965 1464 esse
3019 1408 3141 1460 volo
3175 1417 3368 1461 custo~

1815 1511 1935 1565 dem
1973 1517 2027 1563 et
2052 1517 2362 1564 curatorem
2397 1504 2609 1573 imperii
2665 1502 2770 1556 mei
2802 1518 2817 1567 ;
2856 1499 3174 1565 faustisque,
3229 1498 3372 1550 velut

1816 1603 2220 1669 imperatorem,
2247 1596 2736 1651 acclamationibus
2788 1591 3038 1646 salutari.
3071 1589 3208 1643 Tum
3242 1600 3375 1641 vero

1815 1691 2047 1744 Basilius
2075 1689 2288 1758 oppleri
2318 1687 2590 1757 lacrymis.
2617 1683 2682 1737 Et
2714 1683 3011 1752 imperator
3036 1678 3311 1746 demptam
3339 1685 3376 1729 θ

1816 1785 1995 1854 capite
2046 1796 2147 1836 suo
2179 1794 2451 1836 coronam
2501 1771 2695 1832 Photio
2735 1774 3056 1844 patriarchae
3090 1768 3370 1840 porrexit:

1818 1877 1910 1946 qui
1941 1891 2002 1931 ea
2031 1888 2242 1929 sacram
2272 1872 2336 1926 ad
2363 1883 2607 1926 mensam
2634 1867 2938 1936 deportata,
2972 1879 3162 1935 preces
3213 1873 3374 1930 super

1818 1970 1966 2023 illam
1998 1965 2287 2032 cnncepit.‘
2312 1961 2442 2017 lude
2489 1960 2932 2030 paludamentum
2973 1955 3204 2009 attulere
3236 1967 3374 2020 pra:-

1818 2059 1998 2128 positi,
2038 2068 2090 2110 et
2113 2055 2462 2110 calceamenti
2511 2051 2768 2105 Basilium
2799 2048 3120 2103 induerunt.
3166 2045 3239 2106 is,
3271 2045 3375 2097 ab-

1814 2151 1953 2220 iecta
2017 2147 2319 2216 chlamyde,
2354 2143 2420 2198 ad
2489 2141 2836 2211 imperatoris
2876 2137 3063 2220 pedes
3119 2132 3372 2205 procidit.

1816 2217 1934 2306 lilox
1980 2253 2157 2295 autem
2189 2252 2444 2307 egressus
2465 2235 2804 2305 patriarcha,
2840 2217 3119 2299 demptam
3162 2228 3312 2298 prius
3345 2242 3379 2282 e

1819 2336 1994 2405 capite
2053 2331 2399 2401 imperatoris
2453 2341 2733 2386 coronam,
2793 2325 3013 2393 ipsimet
3062 2320 3373 2389 imperatori

1819 2424 2073 2486 reddidit.
2099 2426 2344 2494 Cumque
2405 2426 2640 2490 sceptra,
2689 2419 2755 2472 de
2793 2431 2962 2478 more,
2995 2414 3144 2467 humi
3194 2411 3375 2476 proci-

1819 2523 2045 2585 dissent,
2122 2515 2404 2572 coronavit
2471 2511 2727 2565 Basilium
2798 2503 3047 2568 Michael,
3117 2499 3374 2553 omnibus

1822 2614 1994 2667 fausta
2049 2623 2179 2664 voce
2238 2601 2714 2660 acclamantibus:
2755 2594 3002 2651 Michaeli
3055 2604 3105 2648 et
3167 2590 3373 2645 Basilio

1819 2701 2076 2770 auguriis,
2111 2696 2262 2750 multi
2293 2694 2441 2746 anili.
2477 2690 2601 2744 Haec
2633 2691 2729 2742 abs
2755 2701 2812 2741 re
2865 2684 3177 2756 putavimus
3212 2697 3378 2751 expo-

1822 2793 2018 2852 nenda,
2049 2802 2158 2857 quo
2189 2783 2452 2840 studiosis
2485 2782 2834 2849 antiquorum
2872 2780 3076 2832 rituum
3107 2786 3229 2830 rem'
3253 2788 3378 2842 gra-

1821 2890 1927 2936 tam
1969 2881 2291 2935 l'aceremus.
2324 2873 2663 2941 Adliciamus
2686 2881 2740 2926 et
2767 2869 3068 2923 dillicilium
3098 2866 3372 2920 intellectu

1821 2971 2177 3045 quorumdam
2215 2967 2681 3036 'explicationem.
2716 2958 3195 3045 'Searamanginm,
3245 2954 3376 3024 quid

1822 3042 1914 3126 sit,
1967 3060 2264 3115 indicatum
2304 3054 2480 3122 capite
2524 3051 2643 3102 172.
2702 3042 3193 3115 Παρακοιμώμενοι
3247 3046 3377 3094 sunt

148 3142 299 3194 solio
324 3140 521 3194 sedere
539 3156 636 3194 suo
659 3140 838 3206 jussit.
874 3141 1182 3210 Calyptram
1218 3143 1265 3194 ei
1313 3142 1514 3195 nullam
1544 3145 1716 3212 impo-

1823 3154 1993 3209 intimi
2020 3146 2360 3207 cubicularii,
2393 3142 2484 3210 qui
2526 3137 2903 3209 augustalibus
2933 3137 2989 3189 in
3029 3131 3296 3187 cubiculis
3323 3137 3379 3182 et

146 3232 290 3290 suit.
316 3231 462 3297 qttod
492 3245 554 3283 ea
584 3229 884 3285 Turcorum
941 3232 1171 3286 sultauis
1223 3233 1275 3284 in
1336 3248 1438 3286 usu
1475 3250 1580 3287 non
1623 3234 1716 3299 sit.

148 3321 441 3389 tulipanto
502 3321 768 3377 duntaxat
817 3329 980 3392 caput
1032 3323 1433 3378 involventihus
1466 3342 1481 3380 :
1513 3325 1588 3379 uti
1653 3340 1721 3380 ne

147 3413 397 3466 sultanae
422 3411 640 3481 quidem
697 3413 942 3482 ipsorum
976 3416 1220 3483 calyptra
1261 3429 1527 3469 coronave
1581 3417 1720 3484 regi-

146 3505 258 3558 bus
289 3505 500 3559 nostris
523 3505 745 3569 usitata,
767 3514 931 3574 caput
982 3513 1200 3572 ornant,
1233 3506 1326 3560 sed
1378 3521 1503 3560 vera
1537 3508 1715 3570 taenia,

147 3595 273 3649 sive
309 3594 508 3660 fascia,
536 3597 651 3650 sive
673 3594 1001 3660 diademate,
1029 3596 1196 3652 variis
1225 3606 1279 3652 et
1307 3598 1566 3666 exquisiti
1598 3614 1717 3667 pre-

147 3686 208 3739 tii
245 3685 486 3755 gemmis
520 3686 803 3750 distincto,
837 3688 982 3756 quod
1020 3687 1086 3742 ad
1144 3689 1382 3756 sinciput
1413 3689 1714 3758 colligatur.

147 3774 446 3845 Ejusmodi
478 3775 726 3831 diadema
749 3776 1071 3831 conﬁciebat
1101 3775 1413 3832 Germanus
1442 3778 1717 3833 aurilaber

149 3868 203 3920 in
229 3863 441 3936 Oppido
464 3862 674 3930 Galata,
710 3865 945 3920 Joannes
971 3864 1136 3932 Saxo,
1169 3875 1330 3922 natus
1352 3868 1494 3936 apud
1527 3868 1719 3923 llolsa-

146 3967 261 4022 tos,
299 3957 433 4010 huic
461 3955 724 4022 saltante,
752 3957 979 4013 Muratis
1010 3956 1077 4012 lll
1120 3958 1358 4026 coniugi,
1409 3973 1530 4012 cum
1578 3959 1716 4012 {ilius

149 4046 534 4101 Sluchemetes
585 4047 1056 4102 circum’cidendus
1109 4058 1274 4103 esset.
1328 4048 1537 4102 Addere
1591 4049 1718 4104 libet

150 4139 258 4188 hoc
290 4137 413 4189 loco
434 4137 594 4188 ritum
617 4136 915 4189 coronaudi
939 4139 1078 4205 apud
1104 4137 1321 4192 Gravcos
1350 4140 1716 4207 imperatoris,

151 4228 332 4296 priori
361 4226 546 4281 adhuc
581 4229 896 4296 superstite,
940 4244 1098 4297 quem
1135 4230 1202 4283 de
1258 4229 1446 4282 Grzeco
1480 4229 1718 4283 historiae

153 4319 305 4369 libro
348 4332 510 4368 manu
547 4326 773 4370 exarato
801 4318 1086 4387 Symeonis
1119 4320 1358 4386 magistri
1408 4320 1715 4374 Olliciorum

147 4407 558 4468 exscribemus.
592 4406 853 4475 Loquitur
877 4418 1055 4461 autem
1096 4411 1326 4478 Symcon
1353 4411 1419 4465 de
1439 4411 1713 4473 Michaele,

147 4496 453 4564 Tthphili
512 4494 582 4553 _F.
639 4497 902 4564 Augusto.
970 4513 1127 4565 quem
1191 4501 1549 4552 temulentum
1603 4501 1719 4553 sive

151 4591 402 4657 μέθυσον
467 4595 662 4640 vocant
723 4586 986 4651 historiae,
1054 4584 1173 4656 post
1244 4590 1426 4644 Bardze
1487 4592 1716 4644 Caesaris

147 4679 420 4733 avttnculi
452 4678 675 4741 eadem,
709 4679 961 4732 Basilium
1017 4678 1360 4735 Macedonem
1391 4683 1456 4736 ad
1507 4684 1718 4751 imperii

149 4775 488 4825 societatem
526 4779 834 4838 coeptante.
868 4769 1039 4826 Verba
1071 4782 1197 4827 sunt
1227 4775 1549 4844 hujusmodi.
1584 4777 1716 4828 Cum

150 4865 489 4928 izitpcralor,
521 4859 615 4923 ait,
646 4859 699 4912 in
723 4861 1074 4932 processione
1105 4864 1363 4930 prodiret,
1395 4867 1721 4934 sequebatur

152 4970 177 5003 a
213 4962 384 5018 tergo
404 4947 636 5001 Basilius
659 4961 874 5016 gestans
897 4951 1235 5018 imperatoris
1263 4961 1716 5028 scaramaugium,

150 5043 301 5110 quod
338 5055 439 5105 pro
467 5054 611 5091 more
643 5041 1121 5109 παρακοιμώμενοι
1155 5044 1380 5099 faciunt.
1408 5048 1487 5102 Ad
1522 5065 1722 5117 augus-

149 5137 333 5189 stalt-s
350 5137 534 5184 autem
570 5128 714 5184 fores
747 5129 835 5182 ubi
868 5132 1537 5204 pervenissetimperator,
1568 5155 1722 5193 coro-

152 5242 278 5278 nam
314 5236 424 5291 pro
459 5221 843 5288 imperatorum
874 5223 1266 5277 consuetudine
1300 5234 1403 5279 nou
1430 5228 1716 5296 deposuit,

154 5317 249 5369 sed
280 5316 432 5366 intra
462 5310 656 5379 januas
691 5326 875 5368 sacras
912 5328 1032 5367 cum
1063 5328 1124 5367 ca
1170 5314 1396 5370 Michael
1449 5319 1721 5388 ingressus

153 5418 260 5462 est.
318 5404 390 5457 Et
438 5416 661 5470 cmpore
713 5420 1001 5470 converso,
1058 5415 1166 5459 tres
1226 5410 1423 5474 gradus
1477 5413 1723 5469 ambonis

155 5503 469 5555 coronatus
502 5498 765 5561 ascendit,
793 5506 974 5553 stante
1009 5497 1234 5552 inferius
1267 5499 1462 5553 Basilio
1500 5502 1721 5556 l‘aralti-

158 5602 448 5645 momeno.
480 5583 622 5640 Infra
658 5588 914 5644 Basiliam
945 5590 1122 5645 stabat
1166 5589 1272 5642 Leo
1326 5591 1536 5653 Castor,
1570 5596 1658 5661 qui
1693 5609 1720 5646 a

159 5679 402 5737 secretis
437 5685 575 5741 erat,
606 5684 928 5736 sententiam
975 5684 1231 5750 scriptam
1276 5684 1503 5750 (tomum
1530 5664 1721 5740 Graeci

158 5772 386 5845 vocant)
425 5784 588 5826 manu
621 5778 834 5839 tenens,
862 5783 914 5831 et
955 5774 1176 5831 Michael
1220 5775 1457 5832 Anurius
1512 5795 1719 5849 praepo-

1825 3244 1922 3313 ipsi
1961 3248 2181 3309 propter
2212 3238 2572 3304 imperatores
2604 3229 2972 3292 dormiebant,
3002 3226 3080 3280 uti
3138 3224 3373 3294 Symeon

1822 3336 1908 3388 hic
1941 3339 2126 3386 noster
2160 3328 2304 3382 haud
2358 3327 2530 3378 multo
2579 3333 2700 3392 post
2746 3320 2989 3374 declarat
3022 3318 3074 3371 in
3127 3316 3377 3385 descrip-

1821 3427 1966 3480 tione
1998 3424 2160 3478 caedis
2194 3418 2475 3474 Michaelis
2503 3415 2755 3485 Augusti.
2785 3411 2915 3466 Tale
2949 3426 3093 3465 nunc
3140 3409 3374 3463 ollicium

1818 3532 1901 3574 est
1929 3518 2065 3586 apud
2099 3518 2398 3568 'l‘urcorum
2447 3510 2723 3563 sultanutn
2744 3505 2864 3573 ejus
2899 3501 3248 3564 cubicularii,
3283 3500 3375 3566 qui

1818 3609 2125 3666 Chiohadar
2156 3614 2250 3658 aut
2284 3602 2568 3656 Tzohadar
2632 3596 2955 3666 appellatur.
3019 3594 3068 3646 ls
3125 3592 3268 3646 enim
3319 3600 3375 3644 et

1819 3703 1957 3754 intra
2004 3695 2206 3752 sultani
2235 3691 2556 3746 cubiculum
2608 3695 2767 3740 noctu
2822 3684 3080 3738 excubias
3137 3682 3265 3748 agit,
3318 3689 3408 3732 et-

1819 3788 2052 3858 pluviam
2081 3784 2280 3840 sultani
2311 3788 2514 3834 vestem
2549 3784 2747 3845 gestat,
2778 3782 2835 3826 ut
2869 3771 3367 3832 Parakimomenos.

1819 3899 1936 3952 qua:
1965 3878 2399 3944 scaramangium
2439 3873 2525 3925 hic
2555 3877 2798 3922 vocatur.
2839 3867 2916 3921 Ac
2940 3873 3367 3928 noruntomnes,

1818 3977 1910 4046 qui
1946 3974 2162 4026 Portant
2197 3968 2452 4022 viderunt
2503 3962 2870 4022 Osmanicam,
2941 3972 3042 4010 non
3099 3956 3367 4010 sultaumn

1818 4064 1976 4118 modo
2019 4059 2266 4115 comitari
2323 4053 2744 4112 cubicularium,
2794 4051 2883 4116 qni
2930 4062 3124 4102 sereno
3153 4058 3374 4115 quoque

1818 4155 1957 4210 ccelo
1983 4151 2415 4214 scaramangium
2454 4147 2573 4215 ejus
2607 4149 2781 4212 gestat
2812 4159 2824 4193 :
2856 4140 2949 4194 sed
2977 4154 3165 4191 omnes
3207 4139 3374 4189 etiam

1818 4243 2060 4312 quotidie
2096 4243 2315 4300 .bassas
2379 4253 2439 4292 ac
2502 4239 2698 4304 hegos,
2781 4231 3215 4300 quoﬁescunque
3277 4241 3380 4294 per

1821 4333 2010 4389 urbem
2046 4330 2109 4382 ad
2149 4328 2383 4380 -Portam
2444 4325 2710 4390 equitant,
2764 4319 2963 4373 habere
3016 4317 3372 4386 pediscqmnn

1822 4439 2013 4483 unum,
2039 4423 2126 4487 qui
2171 4427 2371 4471 vestem
2403 4415 2561 4486 477
2596 4410 2904 4480 hujusmodi
2935 4415 3128 4479 portat,
3159 4408 3376 4460 caeteris

1751 4482 2334 4582 l"superinjiciendam
2404 4505 2782 4568 vestimentis,
2851 4503 2894 4557 si
2974 4516 3095 4582 aere
3166 4508 3418 4551 mutator

1822 4577 1958 4656 forte
1995 4577 2162 4669 plnat.
2207 4582 2467 4653 Anthonis
2528 4613 2724 4650 nomen
2786 4597 2835 4647 in
2883 4577 3097 4660 templis
3152 4589 3369 4643 Grzet-o-

1823 4711 1938 4748 rum
1975 4694 2041 4746 ab
2074 4690 2414 4747 ascendendo
2443 4690 2643 4742 factum
2675 4696 2775 4750 est,
2810 4687 2952 4754 quod
2989 4684 3186 4750 gradus
3221 4696 3371 4733 eom-

1824 4785 2006 4852 plures
2037 4781 2250 4834 habeat.
2289 4777 2352 4829 Et
2380 4786 2828 4831 extrasecretum
2858 4791 2885 4828 a
2923 4775 3130 4841 reliquo
3175 4772 3376 4838 temp!o

1821 4872 2123 4925 sacrarium
2153 4870 2233 4922 vel
2280 4867 2662 4934 ουσιαστήριον
2699 4875 2803 4928 cst,
2854 4880 2968 4933 quo
2995 4878 3176 4915 mensa
3219 4876 3373 4913 saera

1821 4961 2152 5022 continetur,
2216 4957 2486 5012 sacerdoti
2557 4959 2826 5007 tltttttaxat
2886 4951 3150 5005 adeunda.
3214 4951 3370 5016 Quod

1824 5053 2259 5125 paludamentum
2295 5048 2426 5110 dixi,
2467 5047 2718 5115 Symeoni
2772 5044 3087 5112 δικητήσιον
3130 5043 3367 5110 appella-

1827 5158 1931 5199 tur.
1956 5143 2082 5196 Scio
2107 5139 2550 5208 paiudamentum
2583 5153 2702 5190 esse
2733 5148 2933 5189 vestem
2979 5135 3366 5202 imperatorum

1823 5245 2174 5296 castrensem,
2216 5248 2335 5299 qua:
2367 5231 2716 5299 exprimendo
2753 5227 3000 5282 llikitisio
3058 5243 3161 5279 non
3189 5227 3370 5280 satis-

1824 5327 1984 5382 faciat
2019 5342 2031 5375 :
2069 5324 2157 5376 sed
2179 5337 2300 5374 cum
2328 5323 2471 5376 aliud
2507 5322 2746 5375 invenire
2777 5334 2970 5373 nomen
2994 5333 3098 5371 non
3128 5333 3366 5382 possem,

1825 5423 1924 5475 hoc
1951 5418 2022 5468 uti
2052 5416 2224 5468 libuit.
2255 5416 2576 5482 Δικητήσιον
2609 5429 2734 5468 vero
2755 5415 2832 5467 sic
2880 5410 3007 5464 mihi
3039 5418 3163 5464 sunt
3194 5412 3366 5460 inter-

1823 5508 2014 5580 pretati
2042 5506 2232 5567 Graeci,
2263 5517 2320 5558 ut
2343 5523 2405 5560 co
2432 5508 2724 5576 signiﬁcari
2757 5506 2999 5558 dicerent
3018 5501 3367 5569 ἐπιμάνδυον,

1824 5606 1934 5658 sive
1966 5600 2445 5667 supramanlellum
2481 5600 2853 5670 (adhibeamus
2881 5598 3021 5650 enim
3056 5609 3209 5647 voces
3240 5591 3367 5644 bar-

1826 5695 2003 5754 baras,
2038 5702 2093 5745 ut
2141 5693 2547 5761 intelligantur),
2588 5693 2743 5760 quale
2778 5686 3093 5757 superinijci
3139 5685 3370 5755 patriar-

1823 5786 1940 5840 chis
1991 5786 2042 5836 in
2099 5784 2291 5838 solium
2355 5784 2660 5852 pontiﬁcnle
2715 5781 3050 5837 collocandis
3106 5779 3263 5845 solet,
3311 5781 3369 5830 ut
