4006 6338
633 382 735 444 871

1815 360 2133 423 JOANNIS
2168 357 2623 419 LEUNCLAVH

3742 349 3850 409 8‘}!

635 482 982 562 intelligatur,
1044 490 1145 544 hoc
1183 487 1421 549 indutos,
1469 480 1579 551 jam
1615 478 1787 562 iactos
1839 492 1964 531 esse
2017 476 2189 544 ponti—

2300 473 2751 539 bat.,Lconahlus
2787 472 3035 550 liliicnsis
3067 469 3397 541 ituperialem
3428 481 3645 541 portam
3687 477 3853 521 Vocat

638 556 1083 641 t.ces.tlasiolam
1136 575 1411 633 memoria:
1464 570 1698 643 prodidit
1757 556 2019 632 Isidorus,
2062 580 2182 649 qua:

640 681 745 730 huc
768 685 900 745 puto
928 675 1176 742 quadrat.
1227 668 1343 723 Tali
1395 663 1701 721 vestimenti
1740 675 1935 729 genere
1967 664 2184 713 nostros

538 808 547 813 -
638 770 797 822 etiam
822 769 1172 834 imperatores
1205 759 1375 819 indui,
1438 771 1561 811 cum
1628 754 2045 822 inaugurantur,
2101 751 2185 816 ip-

640 859 800 911 simet
850 853 1102 907 vidimus.
1161 850 1359 916 Estque
1423 843 1677 915 notabilis
1714 841 1855 909 apud
1904 837 2181 891 Zozimum

642 940 886 999 nostrum
913 944 1086 1004 locus,
1108 940 1195 993 ubi
1221 938 1383 990 tradit
1404 936 1506 988 hoc
1522 942 1807 1003 propterea
1827 928 2022 982 factum
2042 926 2182 995 apud

639 1037 937 1099 Romanos,
972 1046 1031 1087 ut
1062 1031 1458 1099 intelligeretur
1491 1024 1841 1093 imperatores
1872 1021 2032 1075 etiam
2064 1033 2185 1073 esse

640 1128 921 1199 pontiﬁces
958 1126 1249 1185 maximos,
1310 1115 1767 1189 quemadmodum
1842 1111 1899 1164 in
1980 1109 2187 1163 numis-

642 1222 803 1273 matis
829 1232 1044 1287 quoque
1071 1230 1130 1270 se
1163 1210 1534 1267 nominabant.
1562 1206 1788 1261 Calceos
1825 1202 1938 1257 sive
1973 1201 2187 1254 calcea-

568 1355 572 1358 .
644 1316 848 1370 menta,
883 1304 1121 1360 Tzankia
1148 1302 1286 1355 dixit
1308 1300 1567 1370 Symeon,
1598 1295 1797 1364 quibus
1837 1292 2205 1373 imperatores,

576 1432 579 1435 λ
644 1402 722 1455 uti
754 1398 991 1453 coccinei
1034 1394 1236 1449 coloris
1265 1386 1547 1446 solebant.‘
1585 1378 1870 1453 Praepositi
1926 1381 2187 1451 simplici-

644 1502 727 1545 ter
760 1491 847 1544 hic
873 1494 1156 1551 vocantur,
1192 1497 1331 1553 quos
1356 1479 1497 1548 apud
1545 1475 1882 1544 antiquiores
1910 1483 2186 1526 sacrorum

643 1581 725 1634 vel
774 1577 1167 1647 augustalium
1244 1570 1616 1626 cubiculorum
1692 1562 2008 1634 prapositos
2083 1560 2189 1614 dici

646 1671 890 1724 videmus
952 1669 1005 1721 in
1061 1663 1383 1720 Justiuianei
1438 1656 1678 1718 Codicis,
1730 1663 1784 1707 et
1842 1649 2185 1707 historiarum

647 1761 820 1815 libris.
855 1759 1076 1828 Sceptra
1108 1764 1235 1810 sunt
1289 1750 1489 1815 baculi,
1542 1747 1888 1813 magistratus
1922 1740 2187 1812 symbola.

646 1847 757 1903 Nec
796 1848 1166 1915 intelliguntur
1225 1843 1314 1897 hic
1347 1841 1519 1910 ipsius
1555 1834 1898 1905 imperatoris
1957 1841 2189 1899 sceptra,

648 1942 740 1998 sed
772 1937 1073 1995 oliiciaiium
1115 1952 1142 1988 ει
1168 1948 1289 2004 quae
1320 1931 1460 2002 apud
1500 1928 1718 1984 Graecos
1751 1924 1945 1995 deponi
2011 1922 2191 1986 solita,

646 2050 769 2089 cum
798 2047 971 2088 novus
996 2032 1291 2100 imperator
1320 2027 1753 2093 inauguraretur,
1793 2019 2046 2088 superius
2069 2030 2191 2086 cap.

650 2127 751 2181 175
809 2124 1120 2188 monuimus
1153 2137 1166 2174 :
1204 2119 1453 2186 idemque
1488 2128 1606 2169 mos
1658 2112 1799 2181 apud
1845 2111 2061 2189 Turcos
2099 2107 2197 2160 ho-

648 2219 735 2271 die
792 2215 1075 2276 retinetur,
1140 2222 1372 2279 quorum
1437 2203 1696 2274 genizari,
1762 2212 1816 2257 et
1869 2200 1956 2254 alii
1997 2197 2197 2252 oliicia-

649 2308 747 2371 les,
775 2319 898 2360 cum
922 2316 1096 2357 novus
1125 2301 1379 2355 sultanus
1399 2294 1574 2350 Porta.-
1603 2292 1838 2347 saraium
1868 2287 2194 2359 ingrediens,

654 2390 875 2465 regnum
910 2388 1454 2458 s‘uum'auspicatur;
1490 2383 1715 2438 bacuios
1764 2394 1891 2434 suos
1922 2379 2199 2446 deponunt

651 2505 713 2543 ex
746 2500 928 2550 causa,
957 2498 1119 2553 quam
1156 2479 1394 2535 indicato
1420 2475 1596 2545 capite
1627 2470 2043 2527 declaravimus.
2130 2500 2132 2503 τ

652 2603 777 2658 200.
816 2600 989 2654 Porta
1009 2593 1213 2650 XXIII
1246 2593 1389 2646 urbis
1440 2585 2198 2658 Constantinopolitanm,cum

722 2652 895 2723 inuitis
930 2652 1379 2728 rmemorabiiibus,
1419 2668 1466 2715 et
1511 2658 1579 2711 ad
1614 2657 1863 2710 historias
1907 2652 2201 2721 intelligen-

726 2743 819 2793 das
870 2733 1193 2811 necessariis.
1924 2744 1927 2751 ·
2078 2804 2081 2809 ⁴

720 2853 857 2918 Quia
890 2864 995 2903 non
1044 2855 1250 2901 tantum
1291 2843 1383 2897 hic
1427 2828 1956 2909 iiadrianopolitaua:
2008 2843 2198 2905 portae,

653 2943 745 2998 sed
784 2941 1009 2995 aliarum
1060 2948 1275 3006 quoque
1316 2933 1591 2997 deinceps,
1626 2930 1681 2983 in
1716 2929 1821 2981 vita
1875 2924 2201 2987 Spieimanis

657 3030 722 3105 ll,
758 3030 813 3083 tit
847 3026 1072 3090 mentio,
1127 3024 1301 3094 placet
1334 3034 1440 3074 uno
1499 3018 1619 3072 loco
1672 3016 1833 3070 simul
1883 3028 2203 3069 enumerare

660 3131 857 3189 portas
900 3118 1051 3173 urbis
1079 3129 1289 3179 omnes,
1324 3127 1388 3167 ac
1419 3109 1661 3189 singulas
1719 3106 1861 3161 velut
1906 3107 1977 3161 ob
2018 3105 2203 3160 oculos

662 3187 854 3264 ordine
881 3207 1182 3261 collocare:
1212 3204 1353 3274 quod
1377 3187 1552 3272 operae
1595 3200 1827 3268 pretium
1860 3212 1957 3252 nos
1978 3197 2062 3250 his
2101 3211 2200 3250 ex-

664 3298 924 3358 poni-udis
964 3296 1197 3349 facturos
1245 3294 1642 3354 existimemus,
1682 3289 1773 3358 qui
1836 3280 2203 3355 saepenumero

662 3385 901 3454 Icgeltiis
953 3381 1215 3443 historiis,
1255 3381 1326 3434 ob
1369 3379 1556 3432 barum
1616 3385 1720 3430 tam
1768 3376 2205 3444 appellationum.

660 3492 820 3544 quain
853 3476 991 3528 situs
1053 3454 1755 3541 ignorationem,’mirifice
1814 3481 1908 3518 nos
1967 3467 2204 3532 torqueri

664 3564 1031 3616 meminimus.
1064 3560 1171 3613 Nec
1233 3560 1406 3627 ipsum
1436 3554 1667 3624 Gyllium
1719 3556 2064 3607 recensendis
2126 3554 2209 3605 his

662 3655 934 3717 omnibus,
966 3662 1021 3708 et
1053 3660 1196 3707 recte
1228 3647 1583 3720 appellandis,
1619 3644 1700 3699 vel
1732 3660 1795 3698 ex
1831 3646 2053 3699 semisse
2106 3646 2211 3698 lec-

666 3747 767 3797 tnri
798 3745 989 3799 fecisse
1018 3744 1185 3815 satis;
1248 3721 1562 3797 latebimtur
1596 3740 1651 3805 ii,
1706 3740 1796 3807 qui
1843 3748 2022 3794 nostra
2086 3753 2207 3791 cum

665 3837 928 3904 Gylliauis
950 3835 1197 3889 conferre
1225 3833 1514 3888 voluerint.
1547 3830 1874 3897 Incipiemus
1929 3839 2106 3883 autem
2146 3830 2211 3881 ab

669 3925 866 3994 angulo
886 3925 1036 3981 urbis
1068 3924 1338 3989 orientali,
1376 3925 1429 3977 in
1456 3937 1563 3991 quo
1595 3922 1761 3978 situm
1817 3935 1940 3994 esse
1992 3922 2212 3990 genisa-

666 4019 864 4072 t'aiutn.
893 4016 1004 4068 sive
1035 4014 1319 4083 palatium,
1351 4028 1597 4067 arcemve
1640 3990 1986 4074 sultaninam,
2049 4024 2210 4078 supe-

669 4113 782 4162 rius
814 4105 913 4160 i259
942 4119 1063 4172 cap.
1099 4103 1461 4177 ostendimus:
1492 4101 1619 4156 etin
1646 4103 1820 4154 littore
1842 4101 1993 4153 sinus
2045 4100 2211 4151 Cera-

671 4199 787 4259 ttui,
824 4194 1342 4261 Constantinopolim
1397 4207 1426 4245 a
1466 4191 1646 4245 Galala
1702 4190 2099 4248 intersocautis,
2150 4188 2215 4240 de

671 4300 778 4355 quo
809 4288 1011 4340 dictum
1046 4302 1167 4355 cap.
1196 4284 1312 4348 127,
1352 4292 1570 4354 propter
1600 4284 1747 4337 urbis
1797 4282 2071 4348 oricutale
2093 4297 2217 4350 par;

673 4378 791 4441 tim,
848 4378 1038 4443 partim
1094 4376 1511 4444 septentrionale
1587 4377 1727 4430 latus
1785 4374 2210 4443 progrediendi),

2286 562 2342 615 in
2368 561 2666 616 obsidionis
2701 541 2903 616 ultimae
2930 561 3364 635 historia,velut
3395 559 3506 612 arci
3566 560 3855 627 Augusta-

2284 651 2319 705 li
2357 653 2677 722 proximam.
2707 651 2867 706 Juxta
2905 661 3112 718 portam
3144 654 3282 705 hanc
3323 660 3401 706 est
3428 650 3574 709 scala
3608 649 3851 719 Syceua,

2286 744 2651 811 trajectusque
2690 743 2953 813 Sycenus,
3010 744 3092 797 vel
3147 742 3351 798 Galate
3390 756 3631 809 perama,
3700 739 3853 792 sicut

2284 833 2455 890 Graeci
2474 845 2687 889 vocant.
2718 833 2912 895 Intoto
2934 836 3055 890 sinu
3082 834 3244 888 multa
3273 831 3852 887 navicularummiilia

2285 927 2745 993 reperiuntur..et
2795 928 2945 995 plura
2996 926 3213 995 quidem
3269 924 3523 994 opinione
3577 936 3852 992 quorum-

2287 1016 2432 1082 dam,
2462 1031 2620 1084 quam
2645 1016 3014 1089 Guudularum
3054 1017 3295 1073 Venetiis
3344 1018 3590 1087 aquibus
3646 1019 3855 1083 ingens

2289 1107 2562 1161 hominum
2591 1109 2877 1164 multitudo
2903 1110 3130 1180 singulis
3163 1112 3451 1164 momentis
3482 1117 3631 1162 trans
3656 1108 3851 1161 sinum

2247 1229 2251 1232 ν
2287 1200 2618 1268 Ceratinum,
2672 1212 2727 1257 et
2751 1211 2901 1257 trans
2957 1200 3287 1268 Busphorum
3321 1199 3388 1254 ab
3444 1199 3577 1252 urbe
3606 1198 3850 1257 vehitur,

2290 1309 2354 1348 ac
2383 1295 2437 1346 in
2469 1294 2651 1347 urbem
2683 1294 2977 1349 revehitur.
3023 1293 3156 1361 ipse
3186 1290 3447 1345 naviculae
3474 1297 3581 1342 tam
3619 1287 3849 1347 Turcis,

2290 1398 2451 1452 quam
2489 1383 2687 1442 Grtccis
2721 1392 2774 1437 et
2802 1383 2943 1456 aliis,
2972 1384 3039 1436 ab
3060 1398 3194 1447 .usu,
3219 1396 3378 1451 quem
3414 1382 3465 1434 in
3497 1380 3851 1449 transjicien-

2292 1474 2359 1527 do
2382 1482 2663 1543 praestant,
2694 1474 2931 1529 Peranna:
2951 1475 3110 1544 vulgo
3135 1468 3509 1529 nominantur.
3538 1476 3541 1479 “

2364 1564 2610 1618 Secunda
2640 1566 2830 1621 Turcis
2878 1566 3204 1619 Balucbazar
3233 1574 3479 1629 vceatur,
3529 1578 3560 1616 a
3586 1562 3706 1619 l’oro
3745 1559 3851 1625 pis-

2291 1657 2460 1710 cario.
2489 1656 2679 1722 Graeci,
2707 1657 2834 1711 licet
2865 1658 3033 1711 altera
3063 1656 3300 1711 dictione
3331 1656 3490 1722 vulgo
3522 1663 3849 1708 nuncnun-

2293 1758 2399 1810 tur,
2425 1758 2477 1804 et
2503 1748 2759 1802 Pazarion
2791 1749 2904 1804 sive
2936 1748 3121 1802 Paz‘ari
3163 1746 3349 1801 forum
3387 1746 3680 1814 appellent,
3716 1757 3849 1797 voce

2292 1842 2624 1895 Damasceno
2653 1840 2879 1895 Studita:
2909 1839 3159 1894 familiari
3185 1857 3199 1893 :
3232 1890 3233 1893 η
3263 1848 3442 1893 tamen
3476 1837 3699 1891 nomine
3733 1850 3850 1888 rna-

2291 1935 2374 2004 gis
2405 1934 2662 2000 originem
2685 1933 2924 1987 Grzecam
2948 1935 3214 2001 sapiente,
3242 1930 3599 2001 ψαροπωλεῖα
3630 1942 3850 1997 quassae

2292 2024 2624 2091 nuncupant,
2650 2039 2677 2076 a
2706 2022 3081 2078 distractione
3119 2023 3371 2095 piscium.
3414 2016 3625 2090 Quippe
3668 2020 3844 2090 ψαρία

2297 2115 2471 2183 pisces
2505 2114 2795 2183 appellant.
2900 2136 2902 2143 >
3138 2150 3141 2153 λ

2367 2205 2546 2279 Tertia
2578 2202 2842 2259 Gcmiscle
2874 2203 3051 2271 vulgo,
3074 2203 3249 2274 Gyilio
3266 2203 3539 2271 Gemicapi
3587 2204 3842 2257 nomina-

2295 2305 2403 2360 tur,
2438 2312 2541 2350 non
2575 2304 2717 2349 recte
2749 2303 2948 2352 tamen.
2981 2297 3116 2351 Nam
3174 2295 3383 2351 Gemisi
3410 2295 3638 2366 ‘Scbele,
3688 2297 3846 2363 quasi

2296 2387 2440 2441 scala
2476 2386 2889 2450 fructuum,_dici
2923 2384 3187 2441 debebat.
3231 2388 3296 2441 Et
3348 2388 3550 2441 scalam
3607 2386 3847 2439 diximus

2296 2477 2553 2545 appellari
2582 2477 2786 2551 locum,
2818 2476 2911 2531 ubi
2943 2477 3009 2531 de
3042 2478 3272 2547 navigiis
3323 2476 3680 2549 exstenditur.
3737 2476 3850 2546 Ap-

2297 2568 2505 2635 pelluut
2538 2576 2715 2621 autem
2776 2568 2865 2622 hic
2923 2583 3087 2623 naves
3143 2577 3351 2624 onustae
3403 2567 3581 2622 omnis
3634 2566 3852 2637 generis

2298 2656 2585 2717 fructibus,
2621 2666 2779 2725 prout
2806 2657 2931 2711 anni
2967 2666 3209 2722 tempora
3235 2656 3444 2712 ferunt:
3476 2657 3596 2710 uvis
3620 2656 3850 2720 scilicet,

2298 2748 2497 2817 pomis,
2564 2750 2716 2817 piris,
2751 2750 2886 2811 (iris.
2917 2750 3086 2813 oriza,
3124 2750 3355 2804 caeteris.
3388 2748 3550 2817 Gyllii
3602 2746 3855 2802 Gemicas

2298 2842 2354 2909 pi
2382 2848 2645 2893 mutatum
2674 2842 2725 2894 in
2763 2840 3106 2907 Gemislcapi,
3164 2840 3429 2910 signiﬁcat
3459 2849 3670 2906 portam
3702 2838 3848 2891 l‘ruc-

2302 2940 2473 2984 tuum.
2503 2933 2674 2986 (ἔς-αξ(ξί
2706 2947 2918 3001 quoque
2955 2919 3306 2984 Garaviornm
3364 2938 3574 3003 portam
3631 2939 3847 2992 vocant.

2303 3012 2500 3089 quibus
2530 3021 2766 3092 καρᾶϐια
2798 3032 2921 3076 sunt
2954 3036 3135 3085 naves,
3186 3021 3448 3075 vocabulo
3497 3018 3845 3074 Basilicorum

2231 3129 2273 3187 (ς
2306 3114 2464 3166 etiam
2492 3112 2742 3181 epitomae
2768 3121 2962 3167 nostra:
2997 3114 3216 3177 usitato,
3250 3113 3547 3181 prazsertitn
3580 3111 3645 3167 ad
3675 3113 3843 3182 legem

2306 3204 2568 3258 Rhodiam
2603 3203 2668 3255 de
2689 3204 2856 3271 iactu.
2916 3240 2917 3243 η

2375 3296 2573 3360 Quarta
2616 3293 2806 3349 Turcis
2841 3303 2914 3348 est
2954 3295 3035 3349 vel
3088 3293 3497 3363 Outtmcapisi,
3555 3296 3637 3349 vel
3692 3292 3849 3365 5,78

2305 3388 2503 3440 Ontum
2561 3387 2783 3439 schele:
2844 3400 3072 3452 quorum
3128 3387 3257 3439 illud
3314 3387 3536 3439 denotat
3583 3386 3846 3453 lignorum

2311 3473 2717 3528 si-aiam.Gt-a:ei
2751 3475 2829 3528 vel
2877 3476 3045 3538 ξύλων
3100 3474 3302 3543 πόρταν
3352 3454 3708 3541 ηάἰςῇυηριῐνε,
3768 3472 3848 3525 vel

2312 3544 2970 3631 ξυλοπόρτανέθιιψοείιε
3015 3572 3226 3619 vocant.
3269 3562 3419 3615 Dieta
3460 3577 3590 3616 vero
3625 3563 3849 3615 fuithac

2310 3656 2573 3721 lignorum
2597 3652 2708 3706 sive
2736 3661 2911 3721 porta,
2958 3653 3072 3706 sive
3101 3654 3266 3717 scala,
3313 3668 3420 3706 non
3448 3654 3593 3721 quod
3621 3655 3731 3723 ipsa
3786 3654 3852 3706 sit

2310 3744 2509 3813 lignea,
2540 3760 2697 3812 quam
2733 3744 2953 3812 reliquis
2982 3745 3210 3798 similem
3245 3760 3334 3812 per
3364 3745 3543 3796 omnia
3601 3746 3851 3805 vidimus,-

2312 3836 2365 3890 id
2394 3844 2475 3890 est
2502 3835 2784 3902 lapideam,
2825 3835 2916 3888 sed
2942 3835 3084 3904 quod
3116 3836 3220 3887 huc
3246 3836 3452 3905 navigia
3486 3836 3639 3903 lignis
3664 3846 3847 3887 onusut

2314 3927 2522 3980 soleant
2557 3924 2849 3992 appellere.
2893 3924 3010 3988 Quo
3042 3924 3197 3976 nobis
3249 3923 3479 3990 ineptior
3513 3906 3675 3976 videri
3704 3922 3848 3980 debet

2317 4017 2579 4082 interpres
2610 4016 2827 4069 Laonici
2861 4015 3118 4077 Gallicus,
3151 4014 3242 4081 qui
3275 4029 3378 4066 nou
3434 4002 3598 4066 modo
3626 4025 3845 4079 portam,

2316 4106 2407 4159 sed
2438 4106 2600 4183 etiam
2636 4106 2887 4172 palatium
2929 4090 3161 4173 ligneum
3191 4108 3241 4160 in
3276 4107 3360 4159 illa
3393 4107 3662 4174 quondam
3711 4120 3844 4156 ηιθιί

2317 4209 2495 4247 morea
2523 4194 2983 4262 Constantinopoli
3010 4197 3207 4263 lingere
3238 4198 3337 4250 fuit
3359 4213 3542 4251 ausus.
3576 4197 3841 4262 Quodnam

2298 4298 2444 4338 vero
2472 4283 2726 4353 palatium
2778 4286 2903 4339 illud
2933 4275 3427 4358 Xyloportte‘fuerit
3457 4291 3520 4343 de
3572 4305 3675 4357 quo
3717 4288 3841 4341 Lao-

2318 4375 2470 4435 nicus
2502 4376 2738 4445 loquitur
2762 4416 2776 4439 ,
2809 4378 2859 4429 iu
2894 4380 3174 4433 lilldt'Cllllﬂ
3206 4388 3357 4448 porta
3382 4382 3785 4434 declarabimus.

673 4479 956 4534 purgemus
989 4465 1055 4517 ad
1085 4465 1335 4534 angulum
1364 4466 1852 4555 Pentapyrgii,‘qui
1905 4472 2050 4518 recta
2094 4479 2214 4516 ver-
2249 4448 2288 4500 υ
2387 4464 2584 4529 Quinta
2639 4467 2832 4522 Turcis
2912 4456 3107 4522 dicitur
3175 4469 3475 4533 Uukahani,
3518 4471 3655 4539 quod
3682 4470 3839 4522 (ἐτετςὶ

674 4556 1105 4623 sesaquilonetu
1146 4563 1375 4623 spectat,
1427 4565 1481 4607 et
1528 4569 1555 4605 a
1600 4548 1894 4621 quo'muri
1948 4554 2216 4620 portaeque

676 4646 1317 4714 terrestresincipientes,
1358 4644 1419 4698 ad
1455 4647 1707 4711 angulum
1750 4659 1805 4696 se
1843 4645 2056 4696 tertium
2096 4658 2215 4709 pur—

676 4738 873 4805 rigunt,
917 4736 1057 4790 arcis
1120 4736 1456 4805 lieptapyrgii
1512 4736 1590 4788 vel
1625 4732 1882 4787 lodicula:
1916 4742 2216 4786 structuras

673 4828 1047 4895 complexum:
1084 4826 1437 4880 undeversus
1491 4826 1746 4894 angulum
1791 4826 2021 4892 primum
2048 4825 2101 4877 iu
2135 4822 2218 4877 lit-

679 4928 793 4970 tore
822 4916 1167 4984 Propmitidis
1199 4917 1542 4979 reﬂectendo,
1575 4923 1746 4968 totam
1776 4914 1985 4967 scilicet
2031 4914 2212 4967 urbem

678 5007 1103 5069 t-ircumibimus,
1131 5006 1409 5073 portisque
1439 5007 1554 5058 suis
1590 5005 1947 5058 includemus.

750 5094 838 5143 Est
860 5098 1020 5160 igitur
1052 5096 1221 5162 prima
1266 5093 1562 5147 seconduni
1622 5094 1829 5146 radices
1861 5093 2214 5159 promontorii

680 5200 819 5235 :‘tt't'lS
853 5188 1132 5238 sultaniuu:
1164 5196 1338 5251 porta,
1365 5199 1481 5252 quae
1513 5182 1712 5238 Graecis
1742 5196 2003 5255 quotquot
2050 5184 2217 5237 videri

680 5274 959 5341 peritiores
990 5276 1193 5335 volunt,
1246 5283 1395 5341 porta
1430 5273 1611 5326 Henna
1648 5274 1862 5343 (ὡραῖα)
1911 5276 2068 5343 vulgo
2109 5274 2218 5327 Au-

682 5379 785 5416 r.eo
815 5364 1188 5417 diriiut‘.lllud
1245 5377 1272 5413 a
1324 5364 1720 5431 pulchritudine
1772 5365 1968 5418 factum
2027 5378 2216 5425 nomen

680 5464 777 5515 est,
814 5455 912 5506 hoc
944 5470 971 5505 a
999 5456 1129 5507 vicis
1168 5449 1473 5508 etmd‘iﬁciis
1502 5456 1871 5517 llehrzeorum,
1894 5456 2019 5508 huic
2056 5464 2219 5521 porta:

682 5544 957 5607 proximis.
990 5543 1244 5595 Neutrum
1280 5553 1454 5596 tamen
1508 5561 1687 5596 verum
1714 5544 1829 5609 ejus
1862 5550 1943 5595 est
2002 5557 2217 5602 nomen,

681 5646 801 5682 cum
828 5644 975 5699 porta
1002 5634 1174 5685 ΝεωἹί
1208 5636 1275 5685 sit
1304 5633 1647 5701 appellanda:
1680 5631 1823 5698 quod
1854 5632 1976 5685 istic
1997 5635 2219 5698 νεώριον

685 5722 796 5775 sive
825 5725 1007 5777 navale
1037 5726 1301 5791 quondam
1335 5724 1517 5783 fuerit,
1554 5726 1625 5775 uti
1657 5721 1860 5790 Gyllius
1903 5722 2059 5804 etiam
2093 5736 2215 5791 pro-

2319 4553 2564 4604 Scribttnt
2616 4554 2969 4620 Unkatnpani.
3021 4558 3209 4610 eadem
3268 4567 3444 4609 tamen
3497 4574 3617 4610 cum
3664 4556 3838 4608 Turcis

2320 4644 2772 4708 pronuntiatione.
2820 4645 3270 4710 Ἀλευροπωλεῐον
3298 4660 3512 4713 (μιρςμω
3542 4646 3733 4699 Gra‘cis
3752 4661 3836 4696 sua

2320 4731 2497 4797 lingua
2532 4742 2767 4795 vocatur,
2800 4735 2939 4801 quod
2982 4734 3053 4787 ibi
3112 4736 3297 4788 farinae
3328 4737 3645 4791 vendantur.
3678 4733 3835 4805 Gyllio

2319 4823 2570 4876 scribitur
2599 4824 2840 4892 Umeapi.

2391 4896 2550 4968 Sexta
2577 4916 2882 4970 nominatur
2908 4932 2936 4969 a
2972 4917 3162 4973 Turcis
3195 4918 3417 4977 Tzuhali
3465 4899 3660 4989 Cap-isi,
3706 4920 3831 4985 quievi

2318 5003 2521 5066 ercis
2548 5007 2805 5059 scribitur
2837 5007 3113 5075 Tzumpali
3144 5009 3333 5083 capisi,
3351 5024 3452 5063 nec
3477 5019 3651 5063 tamen
3675 5009 3827 5070 aliter,

2320 5106 2479 5156 quam
2514 5108 2539 5143 a
2569 5094 2759 5147 Turcis
2791 5096 3101 5147 enuntiatur
3122 5100 3235 5158 ,{ob
3266 5097 3535 5152 dulﬁcilem
3572 5098 3694 5165 ipsis
3722 5083 3828 5163 'pro«

2322 5181 2573 5233 lationem
2604 5182 2791 5236 litterae
2809 5183 2870 5256 Βν
2904 5191 2968 5234 de
2995 5198 3097 5251 qua
3126 5185 3325 5237 dictum
3355 5187 3532 5250 capite
3562 5186 3646 5239 9|.
3679 5184 3829 5253 Gyllie

2322 5272 2620 5338 appellatur
2643 5274 2817 5327 .iuhali
2852 5275 3002 5343 Capi,
3043 5275 3413 5329 enuntiatione
3442 5274 3661 5341 Gallica,
3724 5289 3825 5341 ιῐυτε

2320 5361 2512 5422 Italica:
2541 5362 2783 5414 (ibiubali
2815 5366 2898 5415 vel
2930 5363 3136 5418 Ziubali
3161 5366 3470 5431 respondet,
3490 5366 3644 5423 modo
3673 5367 3824 5418 tribus

2322 5452 2538 5520 syllabis
2565 5451 2837 5505 cﬂ'eratur.
2864 5454 2976 5519 ipsa
3008 5468 3109 5507 vos
3142 5456 3409 5523 signiﬁcat
3436 5468 3638 5527 portam
3665 5455 3827 5510 viti-ia-

2321 5542 2474 5593 riam.
2510 5542 2710 5610 Quippe
2734 5541 2962 5597 vidimus
2995 5543 3117 5598 istic
3146 5544 3406 5614 oﬂiciuas,
3436 5548 3513 5603 'in
3552 5546 3730 5617 quibus
3758 5542 3825 5595 vi-

2321 5640 2400 5685 tra
2432 5636 2802 5688 coniiciuntur.
2843 5635 2962 5687 Fuit
3015 5637 3233 5707 in‘urbc
3281 5639 3448 5693 lioma
3513 5640 3665 5694 veteri
3694 5638 3821 5689 vicus

2322 5722 2612 5789 vitriarius.
2642 5726 2727 5777 ubi
2759 5726 2963 5780 scilicet
2996 5728 3228 5783 taberna:
3279 5728 3635 5785 vitriariorum
3671 5730 3819 5781 erant.
