  <div class='ocr_page' id='page_1' title='image "/cluster/home/n/w/nwhite01/storage/ocr_20150623/159/pst.000005714797/530.png"; bbox 0 0 4006 6338; ppageno 0'>
   <div class='ocr_carea' id='block_1_1' title="bbox 83 499 204 561">
    <p class='ocr_par' dir='ltr' id='par_1_1' title="bbox 83 499 204 561">
     <span class='ocr_line' id='line_1_1' title="bbox 83 499 204 561; baseline -0.025 0"><span class='ocrx_word' id='word_1_1' title='bbox 83 499 204 561; x_wconf 76' lang='lat'><strong>873</strong></span> 
     </span>
    </p>
   </div>
   <div class='ocr_carea' id='block_1_2' title="bbox 1236 446 2209 540">
    <p class='ocr_par' dir='ltr' id='par_1_2' title="bbox 1236 446 2209 540">
     <span class='ocr_line' id='line_1_2' title="bbox 1236 446 2209 540; baseline -0.01 0"><span class='ocrx_word' id='word_1_2' title='bbox 1236 474 1632 540; x_wconf 63' lang='lat' dir='ltr'><strong>mansere</strong></span> <span class='ocrx_word' id='word_1_3' title='bbox 1674 472 1865 530; x_wconf 83' lang='lat' dir='ltr'><strong>ms&#39;r.</strong></span> <span class='ocrx_word' id='word_1_4' title='bbox 1901 446 2209 530; x_wconf 75' lang='lat' dir='ltr'><strong>Tunmc.</strong></span> 
     </span>
    </p>
   </div>
   <div class='ocr_carea' id='block_1_3' title="bbox 3189 447 3293 514">
    <p class='ocr_par' dir='ltr' id='par_1_3' title="bbox 3189 447 3293 514">
     <span class='ocr_line' id='line_1_3' title="bbox 3189 447 3293 514; baseline 0.019 -2"><span class='ocrx_word' id='word_1_5' title='bbox 3189 447 3293 514; x_wconf 60' lang='grc' dir='ltr'>δῖᾶ</span> 
     </span>
    </p>
   </div>
   <div class='ocr_carea' id='block_1_4' title="bbox 93 572 3293 676">
    <p class='ocr_par' dir='ltr' id='par_1_4' title="bbox 93 572 3293 676">
     <span class='ocr_line' id='line_1_4' title="bbox 93 572 3293 676; baseline -0.007 -29"><span class='ocrx_word' id='word_1_6' title='bbox 93 624 160 668; x_wconf 71' lang='grc' dir='ltr'><strong>,η</strong></span> <span class='ocrx_word' id='word_1_7' title='bbox 193 626 257 664; x_wconf 61' lang='grc' dir='ltr'><strong>,τι</strong></span> <span class='ocrx_word' id='word_1_8' title='bbox 297 606 444 663; x_wconf 59' lang='lat' dir='ltr'><strong>urbis</strong></span> <span class='ocrx_word' id='word_1_9' title='bbox 478 579 695 676; x_wconf 72' lang='lat' dir='ltr'><strong>antiqua</strong></span> <span class='ocrx_word' id='word_1_10' title='bbox 732 586 1092 670; x_wconf 76' lang='lat' dir='ltr'><strong>descriptione</strong></span> <span class='ocrx_word' id='word_1_11' title='bbox 1127 606 1293 669; x_wconf 85' lang='lat' dir='ltr'><strong>paret.</strong></span> <span class='ocrx_word' id='word_1_12' title='bbox 1325 594 1470 646; x_wconf 82' lang='lat' dir='ltr'><strong>Talis</strong></span> <span class='ocrx_word' id='word_1_13' title='bbox 1494 591 1646 644; x_wconf 85' lang='lat' dir='ltr'><strong>vicus</strong></span> <span class='ocrx_word' id='word_1_14' title='bbox 1676 597 1717 650; x_wconf 77' lang='grc' dir='ltr'>Α</span> <span class='ocrx_word' id='word_1_15' title='bbox 1750 602 1889 640; x_wconf 88' lang='lat' dir='ltr'><strong>nunc</strong></span> <span class='ocrx_word' id='word_1_16' title='bbox 1918 585 2189 641; x_wconf 79' lang='lat' dir='ltr'><strong>Maohleva</strong></span> <span class='ocrx_word' id='word_1_17' title='bbox 2216 596 2268 642; x_wconf 89' lang='lat' dir='ltr'><strong>ct</strong></span> <span class='ocrx_word' id='word_1_18' title='bbox 2290 585 2659 676; x_wconf 77' lang='lat' dir='ltr'><strong>Charlaricon.</strong></span> <span class='ocrx_word' id='word_1_19' title='bbox 2685 592 2742 635; x_wconf 92' lang='lat' dir='ltr'><strong>ut</strong></span> <span class='ocrx_word' id='word_1_20' title='bbox 2781 572 3073 676; x_wconf 63' lang='lat' dir='ltr'><strong>indicatum</strong></span> <span class='ocrx_word' id='word_1_21' title='bbox 3108 585 3293 640; x_wconf 82' lang='lat' dir='ltr'><strong>supra,</strong></span> 
     </span>
    </p>
   </div>
   <div class='ocr_carea' id='block_1_5' title="bbox 95 682 1652 770">
    <p class='ocr_par' dir='ltr' id='par_1_5' title="bbox 95 682 1652 770">
     <span class='ocr_line' id='line_1_5' title="bbox 95 682 1652 770; baseline -0.017 -13"><span class='ocrx_word' id='word_1_22' title='bbox 95 703 288 756; x_wconf 85' lang='lat' dir='ltr'><strong>adhuc</strong></span> <span class='ocrx_word' id='word_1_23' title='bbox 315 694 779 764; x_wconf 60' lang='lat' dir='ltr'><strong>Constantinopoli</strong></span> <span class='ocrx_word' id='word_1_24' title='bbox 805 706 1019 770; x_wconf 89' lang='lat' dir='ltr'><strong>quoque</strong></span> <span class='ocrx_word' id='word_1_25' title='bbox 1065 696 1330 757; x_wconf 74' lang='lat' dir='ltr'><strong>superest,</strong></span> <span class='ocrx_word' id='word_1_26' title='bbox 1383 685 1538 751; x_wconf 85' lang='lat' dir='ltr'><strong>cujus</strong></span> <span class='ocrx_word' id='word_1_27' title='bbox 1572 682 1652 732; x_wconf 90' lang='lat' dir='ltr'><strong>in-</strong></span> 
     </span>
    </p>
   </div>
   <div class='ocr_carea' id='block_1_6' title="bbox 96 770 1654 852">
    <p class='ocr_par' dir='ltr' id='par_1_6' title="bbox 96 770 1654 852">
     <span class='ocr_line' id='line_1_6' title="bbox 96 770 1654 852; baseline -0.016 -6"><span class='ocrx_word' id='word_1_28' title='bbox 96 794 184 846; x_wconf 90' lang='lat' dir='ltr'><strong>fra</strong></span> <span class='ocrx_word' id='word_1_29' title='bbox 215 797 365 844; x_wconf 79' lang='lat' dir='ltr'><strong>tnrnt</strong></span> <span class='ocrx_word' id='word_1_30' title='bbox 387 804 418 841; x_wconf 91' lang='lat'><strong>0</strong></span> <span class='ocrx_word' id='word_1_31' title='bbox 444 788 499 840; x_wconf 90' lang='lat' dir='ltr'><strong>ﬁt</strong></span> <span class='ocrx_word' id='word_1_32' title='bbox 525 787 575 840; x_wconf 88' lang='lat' dir='ltr'><strong>in</strong></span> <span class='ocrx_word' id='word_1_33' title='bbox 600 787 690 839; x_wconf 90' lang='lat' dir='ltr'><strong>illo</strong></span> <span class='ocrx_word' id='word_1_34' title='bbox 713 799 904 852; x_wconf 81' lang='lat' dir='ltr'><strong>magno</strong></span> <span class='ocrx_word' id='word_1_35' title='bbox 933 782 1031 834; x_wconf 87' lang='lat' dir='ltr'><strong>sub</strong></span> <span class='ocrx_word' id='word_1_36' title='bbox 1059 770 1361 832; x_wconf 81' lang='lat' dir='ltr'><strong>Soleimane</strong></span> <span class='ocrx_word' id='word_1_37' title='bbox 1384 772 1654 832; x_wconf 85' lang='lat' dir='ltr'><strong>incendio,</strong></span> 
     </span>
    </p>
   </div>
   <div class='ocr_carea' id='block_1_7' title="bbox 97 863 1653 954">
    <p class='ocr_par' dir='ltr' id='par_1_7' title="bbox 97 863 1653 954">
     <span class='ocr_line' id='line_1_7' title="bbox 97 863 1653 954; baseline -0.015 -17"><span class='ocrx_word' id='word_1_38' title='bbox 97 882 250 954; x_wconf 89' lang='lat' dir='ltr'><strong>quod</strong></span> <span class='ocrx_word' id='word_1_39' title='bbox 283 879 473 934; x_wconf 82' lang='lat' dir='ltr'><strong>accidit</strong></span> <span class='ocrx_word' id='word_1_40' title='bbox 500 892 642 930; x_wconf 86' lang='lat' dir='ltr'><strong>anno</strong></span> <span class='ocrx_word' id='word_1_41' title='bbox 667 875 976 931; x_wconf 85' lang='lat' dir='ltr'><strong>Christiano</strong></span> <span class='ocrx_word' id='word_1_42' title='bbox 1001 871 1153 925; x_wconf 69' lang='grc'><strong>1540.</strong></span> <span class='ocrx_word' id='word_1_43' title='bbox 1183 867 1286 922; x_wconf 85' lang='lat' dir='ltr'><strong>Sed</strong></span> <span class='ocrx_word' id='word_1_44' title='bbox 1308 879 1443 918; x_wconf 88' lang='lat' dir='ltr'><strong>.vero</strong></span> <span class='ocrx_word' id='word_1_45' title='bbox 1479 873 1561 916; x_wconf 90' lang='lat' dir='ltr'><strong>est</strong></span> <span class='ocrx_word' id='word_1_46' title='bbox 1584 863 1653 914; x_wconf 80' lang='lat' dir='ltr'><strong>si—</strong></span> 
     </span>
    </p>
   </div>
   <div class='ocr_carea' id='block_1_8' title="bbox 103 955 1659 1035">
    <p class='ocr_par' dir='ltr' id='par_1_8' title="bbox 103 955 1659 1035">
     <span class='ocr_line' id='line_1_8' title="bbox 103 955 1659 1035; baseline -0.015 -9"><span class='ocrx_word' id='word_1_47' title='bbox 103 970 549 1035; x_wconf 86' lang='lat' dir='ltr'><strong>tnile,vitriarias</strong></span> <span class='ocrx_word' id='word_1_48' title='bbox 578 965 819 1020; x_wconf 77' lang='lat' dir='ltr'><strong>ofﬁcinas</strong></span> <span class='ocrx_word' id='word_1_49' title='bbox 848 957 1313 1026; x_wconf 82' lang='lat' dir='ltr'><strong>Constantinopoli</strong></span> <span class='ocrx_word' id='word_1_50' title='bbox 1332 955 1511 1010; x_wconf 73' lang='lat' dir='ltr'><strong>fuisse</strong></span> <span class='ocrx_word' id='word_1_51' title='bbox 1532 968 1659 1005; x_wconf 87' lang='lat' dir='ltr'><strong>con-</strong></span> 
     </span>
    </p>
   </div>
   <div class='ocr_carea' id='block_1_9' title="bbox 104 1043 1660 1119">
    <p class='ocr_par' dir='ltr' id='par_1_9' title="bbox 104 1043 1660 1119">
     <span class='ocr_line' id='line_1_9' title="bbox 104 1043 1660 1119; baseline -0.016 -2"><span class='ocrx_word' id='word_1_52' title='bbox 104 1067 328 1119; x_wconf 86' lang='lat' dir='ltr'><strong>stitntas</strong></span> <span class='ocrx_word' id='word_1_53' title='bbox 375 1060 442 1113; x_wconf 93' lang='lat' dir='ltr'><strong>ob</strong></span> <span class='ocrx_word' id='word_1_54' title='bbox 487 1053 857 1111; x_wconf 84' lang='lat' dir='ltr'><strong>incendiorum</strong></span> <span class='ocrx_word' id='word_1_55' title='bbox 910 1061 1107 1105; x_wconf 81' lang='lat' dir='ltr'><strong>metum</strong></span> <span class='ocrx_word' id='word_1_56' title='bbox 1154 1056 1304 1102; x_wconf 72' lang='lat' dir='ltr'><strong>extra</strong></span> <span class='ocrx_word' id='word_1_57' title='bbox 1366 1043 1575 1101; x_wconf 88' lang='lat' dir='ltr'><strong>urbent.</strong></span> <span class='ocrx_word' id='word_1_58' title='bbox 1608 1049 1660 1094; x_wconf 86' lang='lat' dir='ltr'><strong>et</strong></span> 
     </span>
    </p>
   </div>
   <div class='ocr_carea' id='block_1_10' title="bbox 109 1133 1660 1219">
    <p class='ocr_par' dir='ltr' id='par_1_10' title="bbox 109 1133 1660 1219">
     <span class='ocr_line' id='line_1_10' title="bbox 109 1133 1660 1219; baseline -0.015 -15"><span class='ocrx_word' id='word_1_59' title='bbox 109 1155 216 1206; x_wconf 87' lang='lat' dir='ltr'><strong>hoc</strong></span> <span class='ocrx_word' id='word_1_60' title='bbox 242 1150 508 1219; x_wconf 61' lang='lat' dir='ltr'><strong>preclpue</strong></span> <span class='ocrx_word' id='word_1_61' title='bbox 525 1148 666 1209; x_wconf 90' lang='lat' dir='ltr'><strong>loco,</strong></span> <span class='ocrx_word' id='word_1_62' title='bbox 689 1145 778 1213; x_wconf 84' lang='lat' dir='ltr'><strong>qui</strong></span> <span class='ocrx_word' id='word_1_63' title='bbox 804 1144 872 1198; x_wconf 90' lang='lat' dir='ltr'><strong>ad</strong></span> <span class='ocrx_word' id='word_1_64' title='bbox 898 1143 1072 1196; x_wconf 88' lang='lat' dir='ltr'><strong>sinmn</strong></span> <span class='ocrx_word' id='word_1_65' title='bbox 1097 1139 1408 1194; x_wconf 72' lang='lat' dir='ltr'><strong>Cet-atinum</strong></span> <span class='ocrx_word' id='word_1_66' title='bbox 1432 1133 1660 1203; x_wconf 81' lang='lat' dir='ltr'><strong>positus,</strong></span> 
     </span>
    </p>
   </div>
   <div class='ocr_carea' id='block_1_11' title="bbox 108 1223 1656 1308">
    <p class='ocr_par' dir='ltr' id='par_1_11' title="bbox 108 1223 1656 1308">
     <span class='ocr_line' id='line_1_11' title="bbox 108 1223 1656 1308; baseline -0.016 -12"><span class='ocrx_word' id='word_1_67' title='bbox 108 1241 356 1296; x_wconf 79' lang='lat' dir='ltr'><strong>abundat</strong></span> <span class='ocrx_word' id='word_1_68' title='bbox 384 1239 536 1308; x_wconf 81' lang='lat' dir='ltr'><strong>aquis</strong></span> <span class='ocrx_word' id='word_1_69' title='bbox 560 1237 626 1290; x_wconf 86' lang='lat' dir='ltr'><strong>ad</strong></span> <span class='ocrx_word' id='word_1_70' title='bbox 647 1233 1058 1304; x_wconf 73' lang='lat' dir='ltr'><strong>exstinguenda,</strong></span> <span class='ocrx_word' id='word_1_71' title='bbox 1076 1232 1122 1284; x_wconf 87' lang='lat' dir='ltr'><strong>si</strong></span> <span class='ocrx_word' id='word_1_72' title='bbox 1147 1241 1266 1298; x_wconf 65' lang='lat' dir='ltr'><strong>quae</strong></span> <span class='ocrx_word' id='word_1_73' title='bbox 1293 1227 1424 1280; x_wconf 88' lang='lat' dir='ltr'><strong>forte</strong></span> <span class='ocrx_word' id='word_1_74' title='bbox 1453 1223 1656 1278; x_wconf 74' lang='lat' dir='ltr'><strong>Oriren~</strong></span> 
     </span>
    </p>
   </div>
   <div class='ocr_carea' id='block_1_12' title="bbox 110 1326 524 1392">
    <p class='ocr_par' dir='ltr' id='par_1_12' title="bbox 110 1326 524 1392">
     <span class='ocr_line' id='line_1_12' title="bbox 110 1326 524 1392; baseline -0.012 -9"><span class='ocrx_word' id='word_1_75' title='bbox 110 1340 226 1392; x_wconf 63' lang='lat' dir='ltr'><strong>tur,</strong></span> <span class='ocrx_word' id='word_1_76' title='bbox 257 1326 524 1386; x_wconf 82' lang='lat' dir='ltr'><strong>incendia.</strong></span> 
     </span>
    </p>
   </div>
   <div class='ocr_carea' id='block_1_13' title="bbox 193 1403 1667 1486">
    <p class='ocr_par' dir='ltr' id='par_1_13' title="bbox 193 1403 1667 1486">
     <span class='ocr_line' id='line_1_13' title="bbox 193 1403 1667 1486; baseline -0.014 -14"><span class='ocrx_word' id='word_1_77' title='bbox 193 1410 432 1486; x_wconf 77' lang='lat' dir='ltr'><strong>Septima</strong></span> <span class='ocrx_word' id='word_1_78' title='bbox 464 1422 686 1469; x_wconf 85' lang='lat' dir='ltr'><strong>vocatur</strong></span> <span class='ocrx_word' id='word_1_79' title='bbox 715 1410 879 1481; x_wconf 78' lang='lat' dir='ltr'><strong>llagia</strong></span> <span class='ocrx_word' id='word_1_80' title='bbox 916 1409 1107 1478; x_wconf 88' lang='lat' dir='ltr'><strong>capisi,</strong></span> <span class='ocrx_word' id='word_1_81' title='bbox 1145 1406 1287 1476; x_wconf 88' lang='lat' dir='ltr'><strong>quod</strong></span> <span class='ocrx_word' id='word_1_82' title='bbox 1309 1403 1532 1475; x_wconf 84' lang='lat' dir='ltr'><strong>hybrida</strong></span> <span class='ocrx_word' id='word_1_83' title='bbox 1575 1418 1667 1454; x_wconf 86' lang='lat' dir='ltr'><strong>vo-</strong></span> 
     </span>
    </p>
   </div>
   <div class='ocr_carea' id='block_1_14' title="bbox 115 1492 1667 1570">
    <p class='ocr_par' dir='ltr' id='par_1_14' title="bbox 115 1492 1667 1570">
     <span class='ocr_line' id='line_1_14' title="bbox 115 1492 1667 1570; baseline -0.011 -10"><span class='ocrx_word' id='word_1_84' title='bbox 115 1522 180 1560; x_wconf 90' lang='lat' dir='ltr'><strong>ce</strong></span> <span class='ocrx_word' id='word_1_85' title='bbox 210 1504 603 1558; x_wconf 70' lang='lat' dir='ltr'><strong>Tereo-Graeca</strong></span> <span class='ocrx_word' id='word_1_86' title='bbox 663 1503 931 1570; x_wconf 72' lang='lat' dir='ltr'><strong>signiﬁcat</strong></span> <span class='ocrx_word' id='word_1_87' title='bbox 985 1506 1192 1565; x_wconf 86' lang='lat' dir='ltr'><strong>portam</strong></span> <span class='ocrx_word' id='word_1_88' title='bbox 1237 1504 1502 1549; x_wconf 86' lang='lat' dir='ltr'><strong>sanctam.</strong></span> <span class='ocrx_word' id='word_1_89' title='bbox 1560 1492 1667 1562; x_wconf 76' lang='lat' dir='ltr'><strong>Ego</strong></span> 
     </span>
    </p>
   </div>
   <div class='ocr_carea' id='block_1_15' title="bbox 119 1583 1669 1660">
    <p class='ocr_par' dir='ltr' id='par_1_15' title="bbox 119 1583 1669 1660">
     <span class='ocr_line' id='line_1_15' title="bbox 119 1583 1669 1660; baseline -0.009 -13"><span class='ocrx_word' id='word_1_90' title='bbox 119 1607 305 1650; x_wconf 84' lang='lat' dir='ltr'><strong>tamen</strong></span> <span class='ocrx_word' id='word_1_91' title='bbox 332 1598 468 1647; x_wconf 89' lang='lat' dir='ltr'><strong>inca</strong></span> <span class='ocrx_word' id='word_1_92' title='bbox 500 1609 617 1647; x_wconf 88' lang='lat' dir='ltr'><strong>sum</strong></span> <span class='ocrx_word' id='word_1_93' title='bbox 654 1593 930 1660; x_wconf 85' lang='lat' dir='ltr'><strong>opinione,</strong></span> <span class='ocrx_word' id='word_1_94' title='bbox 985 1597 1045 1640; x_wconf 90' lang='lat' dir='ltr'><strong>ut</strong></span> <span class='ocrx_word' id='word_1_95' title='bbox 1097 1585 1402 1640; x_wconf 79' lang='lat' dir='ltr'><strong>existimem</strong></span> <span class='ocrx_word' id='word_1_96' title='bbox 1467 1583 1669 1638; x_wconf 81' lang='lat' dir='ltr'><strong>rectius</strong></span> 
     </span>
    </p>
   </div>
   <div class='ocr_carea' id='block_1_16' title="bbox 121 1682 1666 1759">
    <p class='ocr_par' dir='ltr' id='par_1_16' title="bbox 121 1682 1666 1759">
     <span class='ocr_line' id='line_1_16' title="bbox 121 1682 1666 1759; baseline -0.008 -20"><span class='ocrx_word' id='word_1_97' title='bbox 121 1687 384 1759; x_wconf 75' lang='lat' dir='ltr'><strong>appellari</strong></span> <span class='ocrx_word' id='word_1_98' title='bbox 413 1687 569 1749; x_wconf 77' lang='grc' dir='ltr'><strong>ἁγίας</strong></span> <span class='ocrx_word' id='word_1_99' title='bbox 624 1683 856 1749; x_wconf 81' lang='grc' dir='ltr'><strong>καπισή,</strong></span> <span class='ocrx_word' id='word_1_100' title='bbox 899 1682 1002 1734; x_wconf 86' lang='lat' dir='ltr'><strong>hoc</strong></span> <span class='ocrx_word' id='word_1_101' title='bbox 1034 1688 1136 1741; x_wconf 85' lang='lat' dir='ltr'><strong>est,</strong></span> <span class='ocrx_word' id='word_1_102' title='bbox 1180 1687 1384 1745; x_wconf 90' lang='lat' dir='ltr'><strong>portam</strong></span> <span class='ocrx_word' id='word_1_103' title='bbox 1447 1682 1666 1736; x_wconf 69' lang='lat' dir='ltr'><strong>sanctze,</strong></span> 
     </span>
    </p>
   </div>
   <div class='ocr_carea' id='block_1_17' title="bbox 124 1763 1670 1836">
    <p class='ocr_par' dir='ltr' id='par_1_17' title="bbox 124 1763 1670 1836">
     <span class='ocr_line' id='line_1_17' title="bbox 124 1763 1670 1836; baseline -0.006 -10"><span class='ocrx_word' id='word_1_104' title='bbox 124 1774 376 1828; x_wconf 79' lang='lat' dir='ltr'><strong>videlicet</strong></span> <span class='ocrx_word' id='word_1_105' title='bbox 429 1771 744 1824; x_wconf 74' lang='lat' dir='ltr'><strong>Theodosia:</strong></span> <span class='ocrx_word' id='word_1_106' title='bbox 789 1769 991 1836; x_wconf 74' lang='lat' dir='ltr'><strong>:culus</strong></span> <span class='ocrx_word' id='word_1_107' title='bbox 1065 1767 1320 1833; x_wconf 87' lang='lat' dir='ltr'><strong>templum</strong></span> <span class='ocrx_word' id='word_1_108' title='bbox 1369 1777 1400 1818; x_wconf 92' lang='lat' dir='ltr'><strong>e</strong></span> <span class='ocrx_word' id='word_1_109' title='bbox 1455 1763 1670 1832; x_wconf 80' lang='lat' dir='ltr'><strong>regione</strong></span> 
     </span>
    </p>
   </div>
   <div class='ocr_carea' id='block_1_18' title="bbox 127 1858 1663 1927">
    <p class='ocr_par' dir='ltr' id='par_1_18' title="bbox 127 1858 1663 1927">
     <span class='ocr_line' id='line_1_18' title="bbox 127 1858 1663 1927; baseline -0.007 -11"><span class='ocrx_word' id='word_1_110' title='bbox 127 1875 282 1920; x_wconf 84' lang='lat' dir='ltr'><strong>trans</strong></span> <span class='ocrx_word' id='word_1_111' title='bbox 338 1864 516 1918; x_wconf 87' lang='lat' dir='ltr'><strong>sinum</strong></span> <span class='ocrx_word' id='word_1_112' title='bbox 573 1861 701 1924; x_wconf 85' lang='lat' dir='ltr'><strong>vidi,</strong></span> <span class='ocrx_word' id='word_1_113' title='bbox 756 1871 910 1917; x_wconf 80' lang='lat' dir='ltr'><strong>vetus</strong></span> <span class='ocrx_word' id='word_1_114' title='bbox 945 1869 998 1914; x_wconf 88' lang='lat' dir='ltr'><strong>et</strong></span> <span class='ocrx_word' id='word_1_115' title='bbox 1045 1858 1306 1927; x_wconf 76' lang='lat' dir='ltr'><strong>elegantis</strong></span> <span class='ocrx_word' id='word_1_116' title='bbox 1363 1863 1663 1917; x_wconf 65' lang='lat' dir='ltr'><strong>structurae,</strong></span> 
     </span>
    </p>
   </div>
   <div class='ocr_carea' id='block_1_19' title="bbox 1756 668 3297 748">
    <p class='ocr_par' dir='ltr' id='par_1_19' title="bbox 1756 668 3297 748">
     <span class='ocr_line' id='line_1_19' title="bbox 1756 668 3297 748; baseline -0.012 -18"><span class='ocrx_word' id='word_1_117' title='bbox 1756 680 1930 746; x_wconf 85' lang='lat' dir='ltr'><strong>capite</strong></span> <span class='ocrx_word' id='word_1_118' title='bbox 1959 679 2079 739; x_wconf 81' lang='grc'><strong>1⁸59.</strong></span> <span class='ocrx_word' id='word_1_119' title='bbox 2105 679 2194 747; x_wconf 89' lang='lat' dir='ltr'><strong>qui</strong></span> <span class='ocrx_word' id='word_1_120' title='bbox 2214 669 2430 748; x_wconf 88' lang='lat' dir='ltr'><strong>qttidem</strong></span> <span class='ocrx_word' id='word_1_121' title='bbox 2461 674 2524 729; x_wconf 86' lang='lat' dir='ltr'><strong>ad</strong></span> <span class='ocrx_word' id='word_1_122' title='bbox 2551 674 2806 728; x_wconf 81' lang='lat' dir='ltr'><strong>Sanctum</strong></span> <span class='ocrx_word' id='word_1_123' title='bbox 2831 668 3145 722; x_wconf 78' lang='lat' dir='ltr'><strong>Mamantem</strong></span> <span class='ocrx_word' id='word_1_124' title='bbox 3165 677 3297 730; x_wconf 88' lang='lat' dir='ltr'><strong>pon-</strong></span> 
     </span>
    </p>
   </div>
   <div class='ocr_carea' id='block_1_20' title="bbox 1757 755 3297 842">
    <p class='ocr_par' dir='ltr' id='par_1_20' title="bbox 1757 755 3297 842">
     <span class='ocr_line' id='line_1_20' title="bbox 1757 755 3297 842; baseline -0.023 -3"><span class='ocrx_word' id='word_1_125' title='bbox 1757 771 2147 839; x_wconf 54' lang='lat' dir='ltr'><strong>‘L‘l&#39;lﬂguntur.</strong></span> <span class='ocrx_word' id='word_1_126' title='bbox 2185 764 2748 842; x_wconf 68' lang='lat' dir='ltr'><strong>llagiobaiariotarum</strong></span> <span class='ocrx_word' id='word_1_127' title='bbox 2782 778 2880 816; x_wconf 76' lang='lat' dir='ltr'><strong>vox</strong></span> <span class='ocrx_word' id='word_1_128' title='bbox 2908 761 3125 834; x_wconf 76' lang='lat' dir='ltr'><strong>denotat</strong></span> <span class='ocrx_word' id='word_1_129' title='bbox 3151 755 3297 839; x_wconf 16' lang='lat' dir='ltr'><strong>iunco-</strong></span> 
     </span>
    </p>
   </div>
   <div class='ocr_carea' id='block_1_21' title="bbox 1760 849 3301 932">
    <p class='ocr_par' dir='ltr' id='par_1_21' title="bbox 1760 849 3301 932">
     <span class='ocr_line' id='line_1_21' title="bbox 1760 849 3301 932; baseline -0.009 -19"><span class='ocrx_word' id='word_1_130' title='bbox 1760 862 1836 914; x_wconf 88' lang='lat' dir='ltr'><strong>las</strong></span> <span class='ocrx_word' id='word_1_131' title='bbox 1867 862 2090 932; x_wconf 86' lang='lat' dir='ltr'><strong>einporii</strong></span> <span class='ocrx_word' id='word_1_132' title='bbox 2141 862 2324 916; x_wconf 79' lang='lat' dir='ltr'><strong>Sancti</strong></span> <span class='ocrx_word' id='word_1_133' title='bbox 2359 859 2662 915; x_wconf 77' lang='lat' dir='ltr'><strong>Mamantis.</strong></span> <span class='ocrx_word' id='word_1_134' title='bbox 2721 849 2986 914; x_wconf 71' lang='lat' dir='ltr'><strong>Bzelertlm</strong></span> <span class='ocrx_word' id='word_1_135' title='bbox 3039 851 3104 904; x_wconf 80' lang='lat' dir='ltr'><strong>ad</strong></span> <span class='ocrx_word' id='word_1_136' title='bbox 3164 849 3301 902; x_wconf 88' lang='lat' dir='ltr'><strong>banc</strong></span> 
     </span>
    </p>
   </div>
   <div class='ocr_carea' id='block_1_22' title="bbox 1759 940 3303 1021">
    <p class='ocr_par' dir='ltr' id='par_1_22' title="bbox 1759 940 3303 1021">
     <span class='ocr_line' id='line_1_22' title="bbox 1759 940 3303 1021; baseline -0.007 -17"><span class='ocrx_word' id='word_1_137' title='bbox 1759 964 1964 1021; x_wconf 88' lang='lat' dir='ltr'><strong>portam</strong></span> <span class='ocrx_word' id='word_1_138' title='bbox 2021 949 2370 1019; x_wconf 81' lang='lat' dir='ltr'><strong>llagiobazari</strong></span> <span class='ocrx_word' id='word_1_139' title='bbox 2425 949 2698 1005; x_wconf 88' lang='lat' dir='ltr'><strong>secundus</strong></span> <span class='ocrx_word' id='word_1_140' title='bbox 2751 954 2833 1006; x_wconf 83' lang='lat' dir='ltr'><strong>est</strong></span> <span class='ocrx_word' id='word_1_141' title='bbox 2869 940 3021 998; x_wconf 80' lang='lat' dir='ltr'><strong>urbis</strong></span> <span class='ocrx_word' id='word_1_142' title='bbox 3073 940 3303 1008; x_wconf 82' lang='lat' dir='ltr'><strong>angulus</strong></span> 
     </span>
    </p>
   </div>
   <div class='ocr_carea' id='block_1_23' title="bbox 1761 1032 3303 1104">
    <p class='ocr_par' dir='ltr' id='par_1_23' title="bbox 1761 1032 3303 1104">
     <span class='ocr_line' id='line_1_23' title="bbox 1761 1032 3303 1104; baseline -0.008 -7"><span class='ocrx_word' id='word_1_143' title='bbox 1761 1058 1947 1097; x_wconf 86' lang='lat' dir='ltr'><strong>versus</strong></span> <span class='ocrx_word' id='word_1_144' title='bbox 1980 1053 2174 1097; x_wconf 87' lang='lat' dir='ltr'><strong>terram</strong></span> <span class='ocrx_word' id='word_1_145' title='bbox 2209 1041 2594 1104; x_wconf 90' lang='lat' dir='ltr'><strong>continentem,</strong></span> <span class='ocrx_word' id='word_1_146' title='bbox 2652 1038 2742 1091; x_wconf 90' lang='lat' dir='ltr'><strong>ubi</strong></span> <span class='ocrx_word' id='word_1_147' title='bbox 2775 1036 2981 1098; x_wconf 81' lang='lat' dir='ltr'><strong>scilicet</strong></span> <span class='ocrx_word' id='word_1_148' title='bbox 3033 1032 3303 1100; x_wconf 86' lang='lat' dir='ltr'><strong>incipiunt</strong></span> 
     </span>
    </p>
   </div>
   <div class='ocr_carea' id='block_1_24' title="bbox 1762 1124 3302 1202">
    <p class='ocr_par' dir='ltr' id='par_1_24' title="bbox 1762 1124 3302 1202">
     <span class='ocr_line' id='line_1_24' title="bbox 1762 1124 3302 1202; baseline -0.006 -17"><span class='ocrx_word' id='word_1_149' title='bbox 1762 1145 1928 1202; x_wconf 66' lang='lat' dir='ltr'><strong>portae</strong></span> <span class='ocrx_word' id='word_1_150' title='bbox 1962 1134 2212 1202; x_wconf 85' lang='lat' dir='ltr'><strong>murique</strong></span> <span class='ocrx_word' id='word_1_151' title='bbox 2238 1138 2562 1198; x_wconf 80' lang='lat' dir='ltr'><strong>terrestres,</strong></span> <span class='ocrx_word' id='word_1_152' title='bbox 2622 1127 2699 1184; x_wconf 88' lang='lat' dir='ltr'><strong>sic</strong></span> <span class='ocrx_word' id='word_1_153' title='bbox 2746 1124 2898 1186; x_wconf 83' lang='lat' dir='ltr'><strong>dicti.</strong></span> <span class='ocrx_word' id='word_1_154' title='bbox 2943 1124 3085 1194; x_wconf 89' lang='lat' dir='ltr'><strong>quod</strong></span> <span class='ocrx_word' id='word_1_155' title='bbox 3127 1137 3226 1178; x_wconf 90' lang='lat' dir='ltr'><strong>nec</strong></span> <span class='ocrx_word' id='word_1_156' title='bbox 3273 1135 3302 1173; x_wconf 86' lang='lat' dir='ltr'><strong>a</strong></span> 
     </span>
    </p>
   </div>
   <div class='ocr_carea' id='block_1_25' title="bbox 1762 1207 3299 1287">
    <p class='ocr_par' dir='ltr' id='par_1_25' title="bbox 1762 1207 3299 1287">
     <span class='ocr_line' id='line_1_25' title="bbox 1762 1207 3299 1287; baseline -0.007 -12"><span class='ocrx_word' id='word_1_157' title='bbox 1762 1225 1881 1276; x_wconf 88' lang='lat' dir='ltr'><strong>sinu</strong></span> <span class='ocrx_word' id='word_1_158' title='bbox 1935 1222 2208 1286; x_wconf 84' lang='lat' dir='ltr'><strong>Ceratino,</strong></span> <span class='ocrx_word' id='word_1_159' title='bbox 2242 1214 2364 1286; x_wconf 77' lang='lat' dir='ltr'><strong>nec</strong></span> <span class='ocrx_word' id='word_1_160' title='bbox 2412 1238 2440 1274; x_wconf 92' lang='lat' dir='ltr'><strong>a</strong></span> <span class='ocrx_word' id='word_1_161' title='bbox 2484 1207 2817 1287; x_wconf 81' lang='lat' dir='ltr'><strong>Propontide</strong></span> <span class='ocrx_word' id='word_1_162' title='bbox 2871 1214 3160 1276; x_wconf 83' lang='lat' dir='ltr'><strong>alluantur,</strong></span> <span class='ocrx_word' id='word_1_163' title='bbox 3205 1211 3299 1266; x_wconf 85' lang='lat' dir='ltr'><strong>sed</strong></span> 
     </span>
    </p>
   </div>
   <div class='ocr_carea' id='block_1_26' title="bbox 1764 1299 3305 1382">
    <p class='ocr_par' dir='ltr' id='par_1_26' title="bbox 1764 1299 3305 1382">
     <span class='ocr_line' id='line_1_26' title="bbox 1764 1299 3305 1382; baseline -0.008 -15"><span class='ocrx_word' id='word_1_164' title='bbox 1764 1330 1950 1370; x_wconf 87' lang='lat' dir='ltr'><strong>versus</strong></span> <span class='ocrx_word' id='word_1_165' title='bbox 1978 1305 2260 1367; x_wconf 76' lang='lat' dir='ltr'><strong>Thraciam</strong></span> <span class='ocrx_word' id='word_1_166' title='bbox 2293 1312 2524 1382; x_wconf 89' lang='lat' dir='ltr'><strong>porrecti</strong></span> <span class='ocrx_word' id='word_1_167' title='bbox 2556 1311 2683 1367; x_wconf 88' lang='lat' dir='ltr'><strong>sint.</strong></span> <span class='ocrx_word' id='word_1_168' title='bbox 2717 1299 2937 1382; x_wconf 71' lang='lat' dir='ltr'><strong>Veteres</strong></span> <span class='ocrx_word' id='word_1_169' title='bbox 2969 1307 3057 1362; x_wconf 89' lang='lat' dir='ltr'><strong>hic</strong></span> <span class='ocrx_word' id='word_1_170' title='bbox 3083 1307 3305 1360; x_wconf 78' lang='lat' dir='ltr'><strong>alteram</strong></span> 
     </span>
    </p>
   </div>
   <div class='ocr_carea' id='block_1_27' title="bbox 1765 1388 3306 1472">
    <p class='ocr_par' dir='ltr' id='par_1_27' title="bbox 1765 1388 3306 1472">
     <span class='ocr_line' id='line_1_27' title="bbox 1765 1388 3306 1472; baseline -0.01 -12"><span class='ocrx_word' id='word_1_171' title='bbox 1765 1415 2057 1472; x_wconf 86' lang='lat' dir='ltr'><strong>posuerunt</strong></span> <span class='ocrx_word' id='word_1_172' title='bbox 2083 1388 2232 1457; x_wconf 84' lang='lat' dir='ltr'><strong>urbis</strong></span> <span class='ocrx_word' id='word_1_173' title='bbox 2260 1402 2577 1470; x_wconf 90' lang='lat' dir='ltr'><strong>acropolim,</strong></span> <span class='ocrx_word' id='word_1_174' title='bbox 2620 1402 2766 1454; x_wconf 89' lang='lat' dir='ltr'><strong>velut</strong></span> <span class='ocrx_word' id='word_1_175' title='bbox 2815 1399 2867 1453; x_wconf 78' lang='grc' dir='ltr'><strong>ιη</strong></span> <span class='ocrx_word' id='word_1_176' title='bbox 2903 1398 3020 1466; x_wconf 76' lang='lat' dir='ltr'><strong>eius</strong></span> <span class='ocrx_word' id='word_1_177' title='bbox 3048 1395 3306 1451; x_wconf 70' lang='lat' dir='ltr'><strong>extremi-</strong></span> 
     </span>
    </p>
   </div>
   <div class='ocr_carea' id='block_1_28' title="bbox 1766 1490 3311 1562">
    <p class='ocr_par' dir='ltr' id='par_1_28' title="bbox 1766 1490 3311 1562">
     <span class='ocr_line' id='line_1_28' title="bbox 1766 1490 3311 1562; baseline -0.005 -12"><span class='ocrx_word' id='word_1_178' title='bbox 1766 1508 1874 1550; x_wconf 88' lang='lat' dir='ltr'><strong>tate</strong></span> <span class='ocrx_word' id='word_1_179' title='bbox 1915 1497 2069 1549; x_wconf 84' lang='lat' dir='ltr'><strong>sitam</strong></span> <span class='ocrx_word' id='word_1_180' title='bbox 2097 1493 2356 1558; x_wconf 63' lang='lat' dir='ltr'><strong>secunda,</strong></span> <span class='ocrx_word' id='word_1_181' title='bbox 2399 1505 2641 1562; x_wconf 76' lang='lat' dir='ltr'><strong>respectu</strong></span> <span class='ocrx_word' id='word_1_182' title='bbox 2694 1493 2898 1562; x_wconf 62' lang='lat' dir='ltr'><strong>prima,</strong></span> <span class='ocrx_word' id='word_1_183' title='bbox 2935 1507 3056 1561; x_wconf 68' lang='lat' dir='ltr'><strong>qua:</strong></span> <span class='ocrx_word' id='word_1_184' title='bbox 3108 1490 3311 1558; x_wconf 80' lang='lat' dir='ltr'><strong>Byzan-</strong></span> 
     </span>
    </p>
   </div>
   <div class='ocr_carea' id='block_1_29' title="bbox 1766 1581 3312 1650">
    <p class='ocr_par' dir='ltr' id='par_1_29' title="bbox 1766 1581 3312 1650">
     <span class='ocr_line' id='line_1_29' title="bbox 1766 1581 3312 1650; baseline -0.003 -12"><span class='ocrx_word' id='word_1_185' title='bbox 1766 1587 1836 1640; x_wconf 86' lang='lat' dir='ltr'><strong>tis</strong></span> <span class='ocrx_word' id='word_1_186' title='bbox 1863 1599 2040 1638; x_wconf 89' lang='lat' dir='ltr'><strong>arcem</strong></span> <span class='ocrx_word' id='word_1_187' title='bbox 2065 1583 2324 1644; x_wconf 85' lang='lat' dir='ltr'><strong>continet,</strong></span> <span class='ocrx_word' id='word_1_188' title='bbox 2358 1591 2415 1634; x_wconf 89' lang='lat' dir='ltr'><strong>ut</strong></span> <span class='ocrx_word' id='word_1_189' title='bbox 2449 1592 2726 1636; x_wconf 87' lang='lat' dir='ltr'><strong>ostensum</strong></span> <span class='ocrx_word' id='word_1_190' title='bbox 2771 1596 2886 1650; x_wconf 88' lang='lat' dir='ltr'><strong>cap.</strong></span> <span class='ocrx_word' id='word_1_191' title='bbox 2938 1582 3057 1634; x_wconf 80' lang='lat' dir='ltr'><strong>l39.</strong></span> <span class='ocrx_word' id='word_1_192' title='bbox 3098 1581 3160 1634; x_wconf 78' lang='lat' dir='ltr'><strong>Et</strong></span> <span class='ocrx_word' id='word_1_193' title='bbox 3214 1582 3312 1634; x_wconf 87' lang='lat' dir='ltr'><strong>ha-</strong></span> 
     </span>
    </p>
   </div>
   <div class='ocr_carea' id='block_1_30' title="bbox 1769 1671 3312 1749">
    <p class='ocr_par' dir='ltr' id='par_1_30' title="bbox 1769 1671 3312 1749">
     <span class='ocr_line' id='line_1_30' title="bbox 1769 1671 3312 1749; baseline -0.005 -20"><span class='ocrx_word' id='word_1_194' title='bbox 1769 1675 1923 1730; x_wconf 86' lang='lat' dir='ltr'><strong>bebat</strong></span> <span class='ocrx_word' id='word_1_195' title='bbox 1953 1676 2038 1729; x_wconf 90' lang='lat' dir='ltr'><strong>hic</strong></span> <span class='ocrx_word' id='word_1_196' title='bbox 2059 1672 2287 1749; x_wconf 78' lang='lat' dir='ltr'><strong>angulus</strong></span> <span class='ocrx_word' id='word_1_197' title='bbox 2310 1671 2436 1728; x_wconf 88' lang='lat' dir='ltr'><strong>olim</strong></span> <span class='ocrx_word' id='word_1_198' title='bbox 2465 1686 2662 1747; x_wconf 84' lang='lat' dir='ltr'><strong>arcem,</strong></span> <span class='ocrx_word' id='word_1_199' title='bbox 2686 1671 2882 1726; x_wconf 87' lang='lat' dir='ltr'><strong>dictam</strong></span> <span class='ocrx_word' id='word_1_200' title='bbox 2901 1671 3312 1741; x_wconf 72' lang='lat' dir='ltr'><strong>Pentepyrgion.</strong></span> 
     </span>
    </p>
   </div>
   <div class='ocr_carea' id='block_1_31' title="bbox 1769 1753 3314 1834">
    <p class='ocr_par' dir='ltr' id='par_1_31' title="bbox 1769 1753 3314 1834">
     <span class='ocr_line' id='line_1_31' title="bbox 1769 1753 3314 1834; baseline -0.002 -16"><span class='ocrx_word' id='word_1_201' title='bbox 1769 1780 1796 1818; x_wconf 92' lang='lat' dir='ltr'><strong>a</strong></span> <span class='ocrx_word' id='word_1_202' title='bbox 1832 1767 2066 1834; x_wconf 87' lang='lat' dir='ltr'><strong>quinque</strong></span> <span class='ocrx_word' id='word_1_203' title='bbox 2097 1766 2356 1831; x_wconf 86' lang='lat' dir='ltr'><strong>turribus,</strong></span> <span class='ocrx_word' id='word_1_204' title='bbox 2379 1765 2460 1818; x_wconf 90' lang='lat' dir='ltr'><strong>vel</strong></span> <span class='ocrx_word' id='word_1_205' title='bbox 2482 1753 2848 1833; x_wconf 71' lang='lat' dir='ltr'><strong>Magnauram,</strong></span> <span class='ocrx_word' id='word_1_206' title='bbox 2875 1766 2956 1817; x_wconf 83' lang='lat' dir='ltr'><strong>vel</strong></span> <span class='ocrx_word' id='word_1_207' title='bbox 3010 1766 3104 1832; x_wconf 78' lang='grc' dir='ltr'><strong>τῆς</strong></span> <span class='ocrx_word' id='word_1_208' title='bbox 3166 1764 3314 1828; x_wconf 70' lang='grc' dir='ltr'><strong>ξυλο-</strong></span> 
     </span>
    </p>
   </div>
   <div class='ocr_carea' id='block_1_32' title="bbox 1773 1847 3315 1926">
    <p class='ocr_par' dir='ltr' id='par_1_32' title="bbox 1773 1847 3315 1926">
     <span class='ocr_line' id='line_1_32' title="bbox 1773 1847 3315 1926; baseline -0.002 -18"><span class='ocrx_word' id='word_1_209' title='bbox 1773 1856 1988 1926; x_wconf 72' lang='grc' dir='ltr'><strong>κέρκου,</strong></span> <span class='ocrx_word' id='word_1_210' title='bbox 2021 1861 2069 1914; x_wconf 84' lang='lat' dir='ltr'><strong>et</strong></span> <span class='ocrx_word' id='word_1_211' title='bbox 2103 1847 2355 1923; x_wconf 80' lang='lat' dir='ltr'><strong>palatium</strong></span> <span class='ocrx_word' id='word_1_212' title='bbox 2380 1849 2588 1924; x_wconf 68' lang='lat' dir='ltr'><strong>Xylinze</strong></span> <span class='ocrx_word' id='word_1_213' title='bbox 2613 1863 2778 1922; x_wconf 70' lang='lat' dir='ltr'><strong>portat</strong></span> <span class='ocrx_word' id='word_1_214' title='bbox 2809 1854 2949 1922; x_wconf 88' lang='lat' dir='ltr'><strong>apud</strong></span> <span class='ocrx_word' id='word_1_215' title='bbox 2982 1854 3315 1908; x_wconf 79' lang='lat' dir='ltr'><strong>Chalcocon-</strong></span> 
     </span>
    </p>
   </div>
   <div class='ocr_carea' id='block_1_33' title="bbox 127 1930 3343 2026">
    <p class='ocr_par' dir='ltr' id='par_1_33' title="bbox 127 1930 3343 2026">
     <span class='ocr_line' id='line_1_33' title="bbox 127 1930 3343 2026; baseline -0.003 -17"><span class='ocrx_word' id='word_1_216' title='bbox 127 1945 275 2025; x_wconf 86' lang='lat' dir='ltr'><strong>nunc</strong></span> <span class='ocrx_word' id='word_1_217' title='bbox 306 1962 697 2008; x_wconf 89' lang='lat' dir='ltr'><strong>commutatum</strong></span> <span class='ocrx_word' id='word_1_218' title='bbox 729 1955 780 2026; x_wconf 85' lang='lat' dir='ltr'><strong>in</strong></span> <span class='ocrx_word' id='word_1_219' title='bbox 811 1953 1113 2014; x_wconf 78' lang='lat' dir='ltr'><strong>messitam,</strong></span> <span class='ocrx_word' id='word_1_220' title='bbox 1147 1964 1266 2019; x_wconf 75' lang='lat' dir='ltr'><strong>qua:</strong></span> <span class='ocrx_word' id='word_1_221' title='bbox 1290 1947 1516 2002; x_wconf 81' lang='lat' dir='ltr'><strong>Casanis</strong></span> <span class='ocrx_word' id='word_1_222' title='bbox 1551 1945 1671 1999; x_wconf 86' lang='lat' dir='ltr'><strong>bas-</strong></span> <span class='ocrx_word' id='word_1_223' title='bbox 1702 1948 1742 2001; x_wconf 85' lang='lat' dir='ltr'><strong>B</strong></span> <span class='ocrx_word' id='word_1_224' title='bbox 1770 1935 1966 2016; x_wconf 74' lang='lat' dir='ltr'><strong>dylem,</strong></span> <span class='ocrx_word' id='word_1_225' title='bbox 2001 1947 2154 2014; x_wconf 83' lang='lat' dir='ltr'><strong>cnjns</strong></span> <span class='ocrx_word' id='word_1_226' title='bbox 2179 1935 2495 2013; x_wconf 83' lang='lat' dir='ltr'><strong>interpretes</strong></span> <span class='ocrx_word' id='word_1_227' title='bbox 2547 1947 2740 2000; x_wconf 80' lang='lat' dir='ltr'><strong>vitiose</strong></span> <span class='ocrx_word' id='word_1_228' title='bbox 2786 1945 3118 2014; x_wconf 87' lang='lat' dir='ltr'><strong>scripserunt</strong></span> <span class='ocrx_word' id='word_1_229' title='bbox 3152 1930 3343 2016; x_wconf 80' lang='lat' dir='ltr'><strong>Xyll:e</strong></span> 
     </span>
    </p>
   </div>
   <div class='ocr_carea' id='block_1_34' title="bbox 125 2035 1674 2113">
    <p class='ocr_par' dir='ltr' id='par_1_34' title="bbox 125 2035 1674 2113">
     <span class='ocr_line' id='line_1_34' title="bbox 125 2035 1674 2113; baseline -0.006 -14"><span class='ocrx_word' id='word_1_230' title='bbox 125 2062 205 2107; x_wconf 64' lang='lat' dir='ltr'><strong>se</strong></span> <span class='ocrx_word' id='word_1_231' title='bbox 234 2045 459 2109; x_wconf 70' lang='lat' dir='ltr'><strong>dicitur.</strong></span> <span class='ocrx_word' id='word_1_232' title='bbox 501 2052 559 2098; x_wconf 90' lang='lat' dir='ltr'><strong>ut</strong></span> <span class='ocrx_word' id='word_1_233' title='bbox 594 2058 756 2113; x_wconf 87' lang='lat' dir='ltr'><strong>supra</strong></span> <span class='ocrx_word' id='word_1_234' title='bbox 787 2042 1089 2112; x_wconf 80' lang='lat' dir='ltr'><strong>expositum</strong></span> <span class='ocrx_word' id='word_1_235' title='bbox 1118 2055 1235 2108; x_wconf 87' lang='lat' dir='ltr'><strong>cap.</strong></span> <span class='ocrx_word' id='word_1_236' title='bbox 1269 2036 1390 2092; x_wconf 67' lang='lat' dir='ltr'><strong>l28.</strong></span> <span class='ocrx_word' id='word_1_237' title='bbox 1417 2036 1517 2092; x_wconf 87' lang='lat' dir='ltr'><strong>Per</strong></span> <span class='ocrx_word' id='word_1_238' title='bbox 1538 2035 1674 2090; x_wconf 90' lang='lat' dir='ltr'><strong>hanc</strong></span> 
     </span>
    </p>
   </div>
   <div class='ocr_carea' id='block_1_35' title="bbox 131 2128 1675 2206">
    <p class='ocr_par' dir='ltr' id='par_1_35' title="bbox 131 2128 1675 2206">
     <span class='ocr_line' id='line_1_35' title="bbox 131 2128 1675 2206; baseline -0.009 -15"><span class='ocrx_word' id='word_1_239' title='bbox 131 2139 278 2191; x_wconf 84' lang='lat' dir='ltr'><strong>enim</strong></span> <span class='ocrx_word' id='word_1_240' title='bbox 321 2145 529 2206; x_wconf 88' lang='lat' dir='ltr'><strong>portant</strong></span> <span class='ocrx_word' id='word_1_241' title='bbox 568 2132 943 2203; x_wconf 87' lang='lat' dir='ltr'><strong>ingrediuntur</strong></span> <span class='ocrx_word' id='word_1_242' title='bbox 998 2133 1206 2192; x_wconf 85' lang='lat' dir='ltr'><strong>urbem,</strong></span> <span class='ocrx_word' id='word_1_243' title='bbox 1257 2128 1350 2195; x_wconf 90' lang='lat' dir='ltr'><strong>qui</strong></span> <span class='ocrx_word' id='word_1_244' title='bbox 1404 2139 1434 2178; x_wconf 87' lang='lat' dir='ltr'><strong>a</strong></span> <span class='ocrx_word' id='word_1_245' title='bbox 1491 2133 1675 2178; x_wconf 86' lang='lat' dir='ltr'><strong>sancta</strong></span> 
     </span>
    </p>
   </div>
   <div class='ocr_carea' id='block_1_36' title="bbox 130 2215 1674 2292">
    <p class='ocr_par' dir='ltr' id='par_1_36' title="bbox 130 2215 1674 2292">
     <span class='ocr_line' id='line_1_36' title="bbox 130 2215 1674 2292; baseline -0.009 -10"><span class='ocrx_word' id='word_1_246' title='bbox 130 2220 441 2283; x_wconf 76' lang='lat' dir='ltr'><strong>Theodosia</strong></span> <span class='ocrx_word' id='word_1_247' title='bbox 473 2227 716 2292; x_wconf 86' lang='lat' dir='ltr'><strong>veniunt,</strong></span> <span class='ocrx_word' id='word_1_248' title='bbox 746 2225 836 2280; x_wconf 90' lang='lat' dir='ltr'><strong>ubi</strong></span> <span class='ocrx_word' id='word_1_249' title='bbox 868 2223 1168 2292; x_wconf 80' lang='lat' dir='ltr'><strong>frequentia</strong></span> <span class='ocrx_word' id='word_1_250' title='bbox 1200 2233 1322 2272; x_wconf 88' lang='lat' dir='ltr'><strong>cum</strong></span> <span class='ocrx_word' id='word_1_251' title='bbox 1351 2217 1484 2272; x_wconf 82' lang='lat' dir='ltr'><strong>vicis</strong></span> <span class='ocrx_word' id='word_1_252' title='bbox 1511 2215 1674 2271; x_wconf 62' lang='lat' dir='ltr'><strong>aediﬁ-</strong></span> 
     </span>
    </p>
   </div>
   <div class='ocr_carea' id='block_1_37' title="bbox 130 2320 401 2372">
    <p class='ocr_par' dir='ltr' id='par_1_37' title="bbox 130 2320 401 2372">
     <span class='ocr_line' id='line_1_37' title="bbox 130 2320 401 2372; baseline 0 -1"><span class='ocrx_word' id='word_1_253' title='bbox 130 2320 216 2372; x_wconf 86' lang='lat' dir='ltr'><strong>cia</strong></span> <span class='ocrx_word' id='word_1_254' title='bbox 253 2327 401 2372; x_wconf 89' lang='lat' dir='ltr'><strong>sunt.</strong></span> 
     </span>
    </p>
   </div>
   <div class='ocr_carea' id='block_1_38' title="bbox 205 2401 1732 2475">
    <p class='ocr_par' dir='ltr' id='par_1_38' title="bbox 205 2401 1732 2475">
     <span class='ocr_line' id='line_1_38' title="bbox 205 2401 1732 2475; baseline -0.003 -14"><span class='ocrx_word' id='word_1_255' title='bbox 205 2407 412 2463; x_wconf 86' lang='lat' dir='ltr'><strong>Octava</strong></span> <span class='ocrx_word' id='word_1_256' title='bbox 466 2405 660 2461; x_wconf 85' lang='lat' dir='ltr'><strong>dicitur</strong></span> <span class='ocrx_word' id='word_1_257' title='bbox 706 2404 956 2460; x_wconf 87' lang='lat' dir='ltr'><strong>Phanarii</strong></span> <span class='ocrx_word' id='word_1_258' title='bbox 1010 2415 1184 2473; x_wconf 88' lang='lat' dir='ltr'><strong>porta,</strong></span> <span class='ocrx_word' id='word_1_259' title='bbox 1235 2411 1319 2460; x_wconf 87' lang='lat' dir='ltr'><strong>vel</strong></span> <span class='ocrx_word' id='word_1_260' title='bbox 1363 2401 1678 2475; x_wconf 83' lang='lat' dir='ltr'><strong>simpliciter</strong></span> <span class='ocrx_word' id='word_1_261' title='bbox 1721 2410 1732 2420; x_wconf 90' lang='lat'><strong>‘</strong></span> 
     </span>
    </p>
   </div>
   <div class='ocr_carea' id='block_1_39' title="bbox 130 2490 1678 2566">
    <p class='ocr_par' dir='ltr' id='par_1_39' title="bbox 130 2490 1678 2566">
     <span class='ocr_line' id='line_1_39' title="bbox 130 2490 1678 2566; baseline -0.005 -16"><span class='ocrx_word' id='word_1_262' title='bbox 130 2497 442 2560; x_wconf 84' lang='lat' dir='ltr'><strong>Phanarion</strong></span> <span class='ocrx_word' id='word_1_263' title='bbox 465 2513 478 2549; x_wconf 90' lang='lat'><strong>:</strong></span> <span class='ocrx_word' id='word_1_264' title='bbox 503 2495 658 2564; x_wconf 82' lang='lat' dir='ltr'><strong>cujus</strong></span> <span class='ocrx_word' id='word_1_265' title='bbox 684 2494 830 2550; x_wconf 83' lang='lat' dir='ltr'><strong>vocis</strong></span> <span class='ocrx_word' id='word_1_266' title='bbox 864 2495 1135 2553; x_wconf 85' lang='lat' dir='ltr'><strong>notionem</strong></span> <span class='ocrx_word' id='word_1_267' title='bbox 1171 2508 1357 2566; x_wconf 80' lang='lat' dir='ltr'><strong>supra,</strong></span> <span class='ocrx_word' id='word_1_268' title='bbox 1398 2493 1498 2548; x_wconf 72' lang='lat'><strong>128</strong></span> <span class='ocrx_word' id='word_1_269' title='bbox 1533 2490 1678 2560; x_wconf 90' lang='lat' dir='ltr'><strong>capi-</strong></span> 
     </span>
    </p>
   </div>
   <div class='ocr_carea' id='block_1_40' title="bbox 130 2578 928 2650">
    <p class='ocr_par' dir='ltr' id='par_1_40' title="bbox 130 2578 928 2650">
     <span class='ocr_line' id='line_1_40' title="bbox 130 2578 928 2650; baseline 0.004 -12"><span class='ocrx_word' id='word_1_270' title='bbox 130 2598 205 2650; x_wconf 81' lang='lat' dir='ltr'><strong>te,</strong></span> <span class='ocrx_word' id='word_1_271' title='bbox 232 2578 335 2639; x_wconf 86' lang='lat' dir='ltr'><strong>sub</strong></span> <span class='ocrx_word' id='word_1_272' title='bbox 359 2587 538 2650; x_wconf 86' lang='lat' dir='ltr'><strong>linem,</strong></span> <span class='ocrx_word' id='word_1_273' title='bbox 573 2586 928 2642; x_wconf 75' lang='lat' dir='ltr'><strong>ostendimus.</strong></span> 
     </span>
    </p>
   </div>
   <div class='ocr_carea' id='block_1_41' title="bbox 206 2672 1679 2746">
    <p class='ocr_par' dir='ltr' id='par_1_41' title="bbox 206 2672 1679 2746">
     <span class='ocr_line' id='line_1_41' title="bbox 206 2672 1679 2746; baseline -0.002 -19"><span class='ocrx_word' id='word_1_274' title='bbox 206 2673 359 2728; x_wconf 83' lang='lat' dir='ltr'><strong>Nona</strong></span> <span class='ocrx_word' id='word_1_275' title='bbox 392 2674 846 2745; x_wconf 82' lang='lat' dir='ltr'><strong>DipIOphanarion</strong></span> <span class='ocrx_word' id='word_1_276' title='bbox 870 2675 1190 2746; x_wconf 74' lang='lat' dir='ltr'><strong>appellatur,</strong></span> <span class='ocrx_word' id='word_1_277' title='bbox 1220 2681 1275 2729; x_wconf 91' lang='lat' dir='ltr'><strong>et</strong></span> <span class='ocrx_word' id='word_1_278' title='bbox 1323 2674 1400 2728; x_wconf 90' lang='lat' dir='ltr'><strong>uti</strong></span> <span class='ocrx_word' id='word_1_279' title='bbox 1433 2672 1679 2745; x_wconf 82' lang='lat' dir='ltr'><strong>geminas</strong></span> 
     </span>
    </p>
   </div>
   <div class='ocr_carea' id='block_1_42' title="bbox 131 2764 1695 2837">
    <p class='ocr_par' dir='ltr' id='par_1_42' title="bbox 131 2764 1695 2837">
     <span class='ocr_line' id='line_1_42' title="bbox 131 2764 1695 2837; baseline -0.003 -19"><span class='ocrx_word' id='word_1_280' title='bbox 131 2769 188 2836; x_wconf 86' lang='lat' dir='ltr'><strong>(a</strong></span> <span class='ocrx_word' id='word_1_281' title='bbox 219 2766 421 2834; x_wconf 82' lang='lat' dir='ltr'><strong>quibus</strong></span> <span class='ocrx_word' id='word_1_282' title='bbox 452 2781 647 2822; x_wconf 85' lang='lat' dir='ltr'><strong>nomen</strong></span> <span class='ocrx_word' id='word_1_283' title='bbox 674 2767 901 2837; x_wconf 88' lang='lat' dir='ltr'><strong>accepit)</strong></span> <span class='ocrx_word' id='word_1_284' title='bbox 934 2775 1137 2832; x_wconf 76' lang='lat' dir='ltr'><strong>turres,</strong></span> <span class='ocrx_word' id='word_1_285' title='bbox 1168 2765 1246 2821; x_wconf 87' lang='lat' dir='ltr'><strong>sic</strong></span> <span class='ocrx_word' id='word_1_286' title='bbox 1281 2764 1440 2820; x_wconf 87' lang='lat' dir='ltr'><strong>etiam</strong></span> <span class='ocrx_word' id='word_1_287' title='bbox 1499 2769 1695 2831; x_wconf 79' lang='lat' dir='ltr'><strong>portas</strong></span> 
     </span>
    </p>
   </div>
   <div class='ocr_carea' id='block_1_43' title="bbox 132 2857 1343 2923">
    <p class='ocr_par' dir='ltr' id='par_1_43' title="bbox 132 2857 1343 2923">
     <span class='ocr_line' id='line_1_43' title="bbox 132 2857 1343 2923; baseline 0.007 -12"><span class='ocrx_word' id='word_1_288' title='bbox 132 2862 272 2923; x_wconf 71' lang='lat' dir='ltr'><strong>duas</strong></span> <span class='ocrx_word' id='word_1_289' title='bbox 308 2857 490 2920; x_wconf 80' lang='lat' dir='ltr'><strong>habet.</strong></span> <span class='ocrx_word' id='word_1_290' title='bbox 868 2865 870 2867; x_wconf 70' lang='grc'><em>’</em></span> <span class='ocrx_word' id='word_1_291' title='bbox 1342 2917 1343 2920; x_wconf 45' lang='grc' dir='ltr'><strong>η</strong></span> 
     </span>
    </p>
   </div>
   <div class='ocr_carea' id='block_1_44' title="bbox 209 2941 1678 3016">
    <p class='ocr_par' dir='ltr' id='par_1_44' title="bbox 209 2941 1678 3016">
     <span class='ocr_line' id='line_1_44' title="bbox 209 2941 1678 3016; baseline -0.002 -18"><span class='ocrx_word' id='word_1_292' title='bbox 209 2946 427 3000; x_wconf 84' lang='lat' dir='ltr'><strong>Decima</strong></span> <span class='ocrx_word' id='word_1_293' title='bbox 457 2947 615 3016; x_wconf 88' lang='lat' dir='ltr'><strong>vulgo</strong></span> <span class='ocrx_word' id='word_1_294' title='bbox 641 2946 842 3001; x_wconf 62' lang='lat' dir='ltr'><strong>Griecis</strong></span> <span class='ocrx_word' id='word_1_295' title='bbox 870 2957 1023 3016; x_wconf 89' lang='lat' dir='ltr'><strong>porta</strong></span> <span class='ocrx_word' id='word_1_296' title='bbox 1043 2944 1293 3015; x_wconf 74' lang='grc' dir='ltr'><strong>Κυντιγοῦ</strong></span> <span class='ocrx_word' id='word_1_297' title='bbox 1324 2945 1438 3000; x_wconf 82' lang='lat' dir='ltr'><strong>sive</strong></span> <span class='ocrx_word' id='word_1_298' title='bbox 1459 2941 1678 3014; x_wconf 79' lang='lat' dir='ltr'><strong>Kynigi,</strong></span> 
     </span>
    </p>
   </div>
   <div class='ocr_carea' id='block_1_45' title="bbox 133 3027 1680 3103">
    <p class='ocr_par' dir='ltr' id='par_1_45' title="bbox 133 3027 1680 3103">
     <span class='ocr_line' id='line_1_45' title="bbox 133 3027 1680 3103; baseline -0.006 -15"><span class='ocrx_word' id='word_1_299' title='bbox 133 3036 234 3088; x_wconf 85' lang='lat' dir='ltr'><strong>sed</strong></span> <span class='ocrx_word' id='word_1_300' title='bbox 263 3035 460 3088; x_wconf 88' lang='lat' dir='ltr'><strong>rectius</strong></span> <span class='ocrx_word' id='word_1_301' title='bbox 480 3043 629 3102; x_wconf 89' lang='lat' dir='ltr'><strong>porta</strong></span> <span class='ocrx_word' id='word_1_302' title='bbox 663 3035 932 3103; x_wconf 78' lang='grc' dir='ltr'><strong>Κυνηγίου</strong></span> <span class='ocrx_word' id='word_1_303' title='bbox 964 3042 1220 3097; x_wconf 83' lang='lat' dir='ltr'><strong>vocatur;</strong></span> <span class='ocrx_word' id='word_1_304' title='bbox 1249 3039 1301 3084; x_wconf 91' lang='lat' dir='ltr'><strong>et</strong></span> <span class='ocrx_word' id='word_1_305' title='bbox 1325 3031 1600 3099; x_wconf 71' lang='grc' dir='ltr'><strong>κυνήγιον</strong></span> <span class='ocrx_word' id='word_1_306' title='bbox 1626 3027 1680 3080; x_wconf 90' lang='lat' dir='ltr'><strong>in</strong></span> 
     </span>
    </p>
   </div>
   <div class='ocr_carea' id='block_1_46' title="bbox 137 3117 1683 3188">
    <p class='ocr_par' dir='ltr' id='par_1_46' title="bbox 137 3117 1683 3188">
     <span class='ocr_line' id='line_1_46' title="bbox 137 3117 1683 3188; baseline -0.004 -10"><span class='ocrx_word' id='word_1_307' title='bbox 137 3127 382 3180; x_wconf 76' lang='lat' dir='ltr'><strong>basilicis</strong></span> <span class='ocrx_word' id='word_1_308' title='bbox 402 3125 514 3178; x_wconf 88' lang='lat' dir='ltr'><strong>suis</strong></span> <span class='ocrx_word' id='word_1_309' title='bbox 538 3125 706 3179; x_wconf 64' lang='lat' dir='ltr'><strong>Graeci</strong></span> <span class='ocrx_word' id='word_1_310' title='bbox 733 3133 1010 3179; x_wconf 87' lang='lat' dir='ltr'><strong>verterunt</strong></span> <span class='ocrx_word' id='word_1_311' title='bbox 1033 3139 1152 3178; x_wconf 89' lang='lat' dir='ltr'><strong>eum</strong></span> <span class='ocrx_word' id='word_1_312' title='bbox 1185 3122 1364 3182; x_wconf 83' lang='lat' dir='ltr'><strong>locum</strong></span> <span class='ocrx_word' id='word_1_313' title='bbox 1391 3120 1560 3186; x_wconf 84' lang='lat' dir='ltr'><strong>urbis,</strong></span> <span class='ocrx_word' id='word_1_314' title='bbox 1589 3117 1683 3188; x_wconf 90' lang='lat' dir='ltr'><strong>qui</strong></span> 
     </span>
    </p>
   </div>
   <div class='ocr_carea' id='block_1_47' title="bbox 139 3212 1684 3286">
    <p class='ocr_par' dir='ltr' id='par_1_47' title="bbox 139 3212 1684 3286">
     <span class='ocr_line' id='line_1_47' title="bbox 139 3212 1684 3286; baseline -0.001 -21"><span class='ocrx_word' id='word_1_315' title='bbox 139 3218 404 3268; x_wconf 76' lang='lat' dir='ltr'><strong>ltouianis</strong></span> <span class='ocrx_word' id='word_1_316' title='bbox 427 3217 748 3281; x_wconf 82' lang='lat' dir='ltr'><strong>temporibus</strong></span> <span class='ocrx_word' id='word_1_317' title='bbox 772 3217 948 3269; x_wconf 82' lang='lat' dir='ltr'><strong>Arena</strong></span> <span class='ocrx_word' id='word_1_318' title='bbox 971 3215 1284 3269; x_wconf 79' lang='lat' dir='ltr'><strong>dicebatur:</strong></span> <span class='ocrx_word' id='word_1_319' title='bbox 1314 3213 1403 3268; x_wconf 87' lang='lat' dir='ltr'><strong>ubi</strong></span> <span class='ocrx_word' id='word_1_320' title='bbox 1437 3212 1684 3286; x_wconf 78' lang='lat' dir='ltr'><strong>videlicet</strong></span> 
     </span>
    </p>
   </div>
   <div class='ocr_carea' id='block_1_48' title="bbox 137 3301 1680 3368">
    <p class='ocr_par' dir='ltr' id='par_1_48' title="bbox 137 3301 1680 3368">
     <span class='ocr_line' id='line_1_48' title="bbox 137 3301 1680 3368; baseline -0.002 -13"><span class='ocrx_word' id='word_1_321' title='bbox 137 3307 222 3358; x_wconf 75' lang='lat' dir='ltr'><strong>vel</strong></span> <span class='ocrx_word' id='word_1_322' title='bbox 242 3305 488 3358; x_wconf 82' lang='lat' dir='ltr'><strong>hoinines</strong></span> <span class='ocrx_word' id='word_1_323' title='bbox 503 3321 618 3357; x_wconf 91' lang='lat' dir='ltr'><strong>cum</strong></span> <span class='ocrx_word' id='word_1_324' title='bbox 638 3305 783 3368; x_wconf 87' lang='lat' dir='ltr'><strong>feris,</strong></span> <span class='ocrx_word' id='word_1_325' title='bbox 803 3306 880 3359; x_wconf 85' lang='lat' dir='ltr'><strong>vel</strong></span> <span class='ocrx_word' id='word_1_326' title='bbox 905 3307 1040 3358; x_wconf 90' lang='lat' dir='ltr'><strong>inter</strong></span> <span class='ocrx_word' id='word_1_327' title='bbox 1061 3322 1116 3358; x_wconf 89' lang='lat' dir='ltr'><strong>se</strong></span> <span class='ocrx_word' id='word_1_328' title='bbox 1134 3303 1258 3360; x_wconf 67' lang='lat' dir='ltr'><strong>ferte</strong></span> <span class='ocrx_word' id='word_1_329' title='bbox 1272 3301 1648 3358; x_wconf 85' lang='lat' dir='ltr'><strong>committeban</strong></span> <span class='ocrx_word' id='word_1_330' title='bbox 1664 3327 1680 3340; x_wconf 87' lang='lat'><strong>-</strong></span> 
     </span>
    </p>
   </div>
   <div class='ocr_carea' id='block_1_49' title="bbox 140 3391 1684 3464">
    <p class='ocr_par' dir='ltr' id='par_1_49' title="bbox 140 3391 1684 3464">
     <span class='ocr_line' id='line_1_49' title="bbox 140 3391 1684 3464; baseline -0.005 -15"><span class='ocrx_word' id='word_1_331' title='bbox 140 3410 249 3450; x_wconf 88' lang='lat' dir='ltr'><strong>tur.</strong></span> <span class='ocrx_word' id='word_1_332' title='bbox 287 3396 550 3464; x_wconf 73' lang='lat' dir='ltr'><strong>K)ttigi0tt</strong></span> <span class='ocrx_word' id='word_1_333' title='bbox 586 3399 650 3448; x_wconf 80' lang='lat' dir='ltr'><strong>ad</strong></span> <span class='ocrx_word' id='word_1_334' title='bbox 687 3395 1013 3449; x_wconf 74' lang='lat' dir='ltr'><strong>Vlachct‘nas</strong></span> <span class='ocrx_word' id='word_1_335' title='bbox 1045 3395 1298 3457; x_wconf 77' lang='lat' dir='ltr'><strong>refertur,</strong></span> <span class='ocrx_word' id='word_1_336' title='bbox 1349 3394 1498 3446; x_wconf 90' lang='lat' dir='ltr'><strong>locus</strong></span> <span class='ocrx_word' id='word_1_337' title='bbox 1537 3391 1684 3446; x_wconf 81' lang='lat' dir='ltr'><strong>scili-</strong></span> 
     </span>
    </p>
   </div>
   <div class='ocr_carea' id='block_1_50' title="bbox 139 3482 1688 3554">
    <p class='ocr_par' dir='ltr' id='par_1_50' title="bbox 139 3482 1688 3554">
     <span class='ocr_line' id='line_1_50' title="bbox 139 3482 1688 3554; baseline -0.005 -14"><span class='ocrx_word' id='word_1_338' title='bbox 139 3501 225 3542; x_wconf 88' lang='lat' dir='ltr'><strong>cet</strong></span> <span class='ocrx_word' id='word_1_339' title='bbox 263 3489 555 3554; x_wconf 85' lang='lat' dir='ltr'><strong>depressus</strong></span> <span class='ocrx_word' id='word_1_340' title='bbox 594 3498 645 3538; x_wconf 81' lang='lat' dir='ltr'><strong>et</strong></span> <span class='ocrx_word' id='word_1_341' title='bbox 686 3499 980 3546; x_wconf 87' lang='lat' dir='ltr'><strong>concavus,</strong></span> <span class='ocrx_word' id='word_1_342' title='bbox 1025 3484 1112 3537; x_wconf 89' lang='lat' dir='ltr'><strong>ubi</strong></span> <span class='ocrx_word' id='word_1_343' title='bbox 1147 3482 1512 3550; x_wconf 89' lang='lat' dir='ltr'><strong>patriarcbion</strong></span> <span class='ocrx_word' id='word_1_344' title='bbox 1572 3488 1688 3534; x_wconf 87' lang='lat' dir='ltr'><strong>erat</strong></span> 
     </span>
    </p>
   </div>
   <div class='ocr_carea' id='block_1_51' title="bbox 141 3563 1686 3640">
    <p class='ocr_par' dir='ltr' id='par_1_51' title="bbox 141 3563 1686 3640">
     <span class='ocr_line' id='line_1_51' title="bbox 141 3563 1686 3640; baseline -0.005 -17"><span class='ocrx_word' id='word_1_345' title='bbox 141 3588 275 3626; x_wconf 72' lang='lat' dir='ltr'><strong>nica:</strong></span> <span class='ocrx_word' id='word_1_346' title='bbox 303 3571 750 3640; x_wconf 74' lang='lat' dir='ltr'><strong>peregrinationis</strong></span> <span class='ocrx_word' id='word_1_347' title='bbox 781 3581 1045 3638; x_wconf 88' lang='lat' dir='ltr'><strong>tempore,</strong></span> <span class='ocrx_word' id='word_1_348' title='bbox 1076 3569 1216 3636; x_wconf 88' lang='lat' dir='ltr'><strong>quod</strong></span> <span class='ocrx_word' id='word_1_349' title='bbox 1255 3567 1354 3638; x_wconf 88' lang='lat' dir='ltr'><strong>hoc</strong></span> <span class='ocrx_word' id='word_1_350' title='bbox 1381 3578 1521 3618; x_wconf 88' lang='lat' dir='ltr'><strong>anno</strong></span> <span class='ocrx_word' id='word_1_351' title='bbox 1555 3563 1686 3618; x_wconf 83' lang='grc'><strong>1587</strong></span> 
     </span>
    </p>
   </div>
   <div class='ocr_carea' id='block_1_52' title="bbox 141 3653 1688 3731">
    <p class='ocr_par' dir='ltr' id='par_1_52' title="bbox 141 3653 1688 3731">
     <span class='ocr_line' id='line_1_52' title="bbox 141 3653 1688 3731; baseline -0.005 -17"><span class='ocrx_word' id='word_1_352' title='bbox 141 3663 378 3731; x_wconf 83' lang='lat' dir='ltr'><strong>pecunia</strong></span> <span class='ocrx_word' id='word_1_353' title='bbox 411 3659 636 3716; x_wconf 82' lang='lat' dir='ltr'><strong>redemit</strong></span> <span class='ocrx_word' id='word_1_354' title='bbox 666 3678 692 3712; x_wconf 90' lang='lat' dir='ltr'><strong>a</strong></span> <span class='ocrx_word' id='word_1_355' title='bbox 723 3659 923 3714; x_wconf 72' lang='lat' dir='ltr'><strong>Grmcis</strong></span> <span class='ocrx_word' id='word_1_356' title='bbox 991 3660 1244 3712; x_wconf 77' lang='lat' dir='ltr'><strong>saltantis</strong></span> <span class='ocrx_word' id='word_1_357' title='bbox 1304 3655 1542 3709; x_wconf 78' lang='lat' dir='ltr'><strong>Murates</strong></span> <span class='ocrx_word' id='word_1_358' title='bbox 1602 3653 1688 3716; x_wconf 89' lang='lat' dir='ltr'><strong>Ill,</strong></span> 
     </span>
    </p>
   </div>
   <div class='ocr_carea' id='block_1_53' title="bbox 142 3749 1690 3813">
    <p class='ocr_par' dir='ltr' id='par_1_53' title="bbox 142 3749 1690 3813">
     <span class='ocr_line' id='line_1_53' title="bbox 142 3749 1690 3813; baseline -0.004 -9"><span class='ocrx_word' id='word_1_359' title='bbox 142 3756 202 3805; x_wconf 87' lang='lat' dir='ltr'><strong>ut</strong></span> <span class='ocrx_word' id='word_1_360' title='bbox 266 3753 393 3806; x_wconf 71' lang='lat' dir='ltr'><strong>istic</strong></span> <span class='ocrx_word' id='word_1_361' title='bbox 450 3751 746 3813; x_wconf 85' lang='lat' dir='ltr'><strong>messitam,</strong></span> <span class='ocrx_word' id='word_1_362' title='bbox 808 3752 892 3808; x_wconf 87' lang='lat' dir='ltr'><strong>sui</strong></span> <span class='ocrx_word' id='word_1_363' title='bbox 973 3749 1210 3803; x_wconf 82' lang='lat' dir='ltr'><strong>nominis</strong></span> <span class='ocrx_word' id='word_1_364' title='bbox 1261 3756 1690 3810; x_wconf 88' lang='lat' dir='ltr'><strong>monumentum,</strong></span> 
     </span>
    </p>
   </div>
   <div class='ocr_carea' id='block_1_54' title="bbox 143 3837 1696 3908">
    <p class='ocr_par' dir='ltr' id='par_1_54' title="bbox 143 3837 1696 3908">
     <span class='ocr_line' id='line_1_54' title="bbox 143 3837 1696 3908; baseline -0.005 -13"><span class='ocrx_word' id='word_1_365' title='bbox 143 3844 368 3895; x_wconf 84' lang='lat' dir='ltr'><strong>condat.</strong></span> <span class='ocrx_word' id='word_1_366' title='bbox 430 3839 482 3892; x_wconf 90' lang='lat' dir='ltr'><strong>ld</strong></span> <span class='ocrx_word' id='word_1_367' title='bbox 543 3841 803 3894; x_wconf 80' lang='lat' dir='ltr'><strong>hactenus</strong></span> <span class='ocrx_word' id='word_1_368' title='bbox 866 3856 1007 3908; x_wconf 67' lang='lat' dir='ltr'><strong>scepe</strong></span> <span class='ocrx_word' id='word_1_369' title='bbox 1067 3847 1360 3899; x_wconf 85' lang='lat' dir='ltr'><strong>tentatum,</strong></span> <span class='ocrx_word' id='word_1_370' title='bbox 1420 3837 1696 3905; x_wconf 86' lang='lat' dir='ltr'><strong>impedivit</strong></span> 
     </span>
    </p>
   </div>
   <div class='ocr_carea' id='block_1_55' title="bbox 144 3923 1696 3994">
    <p class='ocr_par' dir='ltr' id='par_1_55' title="bbox 144 3923 1696 3994">
     <span class='ocr_line' id='line_1_55' title="bbox 144 3923 1696 3994; baseline -0.008 -10"><span class='ocrx_word' id='word_1_371' title='bbox 144 3926 734 3993; x_wconf 72' lang='lat' dir='ltr'><strong>TUI&#39;t&#39;orUItIMltpltliS,</strong></span> <span class='ocrx_word' id='word_1_372' title='bbox 790 3927 880 3994; x_wconf 89' lang='lat' dir='ltr'><strong>qui</strong></span> <span class='ocrx_word' id='word_1_373' title='bbox 933 3928 1126 3978; x_wconf 83' lang='lat' dir='ltr'><strong>debere</strong></span> <span class='ocrx_word' id='word_1_374' title='bbox 1181 3924 1439 3975; x_wconf 79' lang='lat' dir='ltr'><strong>Muratem</strong></span> <span class='ocrx_word' id='word_1_375' title='bbox 1495 3923 1696 3974; x_wconf 85' lang='lat' dir='ltr'><strong>diceret</strong></span> 
     </span>
    </p>
   </div>
   <div class='ocr_carea' id='block_1_56' title="bbox 147 4014 1698 4090">
    <p class='ocr_par' dir='ltr' id='par_1_56' title="bbox 147 4014 1698 4090">
     <span class='ocr_line' id='line_1_56' title="bbox 147 4014 1698 4090; baseline -0.003 -19"><span class='ocrx_word' id='word_1_376' title='bbox 147 4024 299 4090; x_wconf 85' lang='lat' dir='ltr'><strong>prius</strong></span> <span class='ocrx_word' id='word_1_377' title='bbox 332 4035 395 4071; x_wconf 82' lang='lat' dir='ltr'><strong>cx</strong></span> <span class='ocrx_word' id='word_1_378' title='bbox 429 4018 628 4084; x_wconf 83' lang='lat' dir='ltr'><strong>ereptis</strong></span> <span class='ocrx_word' id='word_1_379' title='bbox 688 4017 881 4069; x_wconf 88' lang='lat' dir='ltr'><strong>scacho</strong></span> <span class='ocrx_word' id='word_1_380' title='bbox 941 4028 1205 4068; x_wconf 88' lang='lat' dir='ltr'><strong>terrarum</strong></span> <span class='ocrx_word' id='word_1_381' title='bbox 1259 4014 1418 4066; x_wconf 86' lang='lat' dir='ltr'><strong>terris</strong></span> <span class='ocrx_word' id='word_1_382' title='bbox 1488 4026 1698 4066; x_wconf 88' lang='lat' dir='ltr'><strong>annuos</strong></span> 
     </span>
    </p>
   </div>
   <div class='ocr_carea' id='block_1_57' title="bbox 149 4102 1698 4165">
    <p class='ocr_par' dir='ltr' id='par_1_57' title="bbox 149 4102 1698 4165">
     <span class='ocr_line' id='line_1_57' title="bbox 149 4102 1698 4165; baseline -0.008 0"><span class='ocrx_word' id='word_1_383' title='bbox 149 4112 388 4165; x_wconf 70' lang='lat' dir='ltr'><strong>messitze</strong></span> <span class='ocrx_word' id='word_1_384' title='bbox 413 4109 682 4165; x_wconf 75' lang='lat' dir='ltr'><strong>struenda:</strong></span> <span class='ocrx_word' id='word_1_385' title='bbox 708 4107 912 4159; x_wconf 81' lang='lat' dir='ltr'><strong>reditus</strong></span> <span class='ocrx_word' id='word_1_386' title='bbox 943 4106 1294 4159; x_wconf 79' lang='lat' dir='ltr'><strong>constituere.</strong></span> <span class='ocrx_word' id='word_1_387' title='bbox 1352 4104 1551 4159; x_wconf 46' lang='lat' dir='ltr'><strong>Graecis</strong></span> <span class='ocrx_word' id='word_1_388' title='bbox 1584 4102 1698 4156; x_wconf 35' lang='lat' dir='ltr'><strong>ruis</strong></span> 
     </span>
    </p>
   </div>
   <div class='ocr_carea' id='block_1_58' title="bbox 151 4193 1780 4267">
    <p class='ocr_par' dir='ltr' id='par_1_58' title="bbox 151 4193 1780 4267">
     <span class='ocr_line' id='line_1_58' title="bbox 151 4193 1780 4267; baseline -0.007 -13"><span class='ocrx_word' id='word_1_389' title='bbox 151 4217 344 4257; x_wconf 83' lang='lat' dir='ltr'><strong>nosutu</strong></span> <span class='ocrx_word' id='word_1_390' title='bbox 425 4199 762 4253; x_wconf 84' lang='lat' dir='ltr'><strong>Constantini</strong></span> <span class='ocrx_word' id='word_1_391' title='bbox 819 4198 1070 4267; x_wconf 81' lang='lat' dir='ltr'><strong>palatium</strong></span> <span class='ocrx_word' id='word_1_392' title='bbox 1131 4197 1367 4251; x_wconf 75' lang='lat' dir='ltr'><strong>viciSSin</strong></span> <span class='ocrx_word' id='word_1_393' title='bbox 1430 4193 1699 4250; x_wconf 89' lang='lat' dir='ltr'><strong>concessit</strong></span> <span class='ocrx_word' id='word_1_394' title='bbox 1777 4240 1780 4242; x_wconf 24' lang='grc' dir='ltr'>γ</span> 
     </span>
    </p>
   </div>
   <div class='ocr_carea' id='block_1_59' title="bbox 150 4287 1703 4364">
    <p class='ocr_par' dir='ltr' id='par_1_59' title="bbox 150 4287 1703 4364">
     <span class='ocr_line' id='line_1_59' title="bbox 150 4287 1703 4364; baseline -0.007 -16"><span class='ocrx_word' id='word_1_395' title='bbox 150 4293 531 4348; x_wconf 66' lang='lat' dir='ltr'><strong>aediﬁcandum</strong></span> <span class='ocrx_word' id='word_1_396' title='bbox 573 4291 625 4342; x_wconf 89' lang='lat' dir='ltr'><strong>in</strong></span> <span class='ocrx_word' id='word_1_397' title='bbox 655 4305 810 4344; x_wconf 85' lang='lat' dir='ltr'><strong>usum</strong></span> <span class='ocrx_word' id='word_1_398' title='bbox 841 4299 948 4343; x_wconf 87' lang='lat' dir='ltr'><strong>tant</strong></span> <span class='ocrx_word' id='word_1_399' title='bbox 980 4287 1313 4364; x_wconf 82' lang='lat' dir='ltr'><strong>patriarcbii,</strong></span> <span class='ocrx_word' id='word_1_400' title='bbox 1343 4301 1503 4357; x_wconf 90' lang='lat' dir='ltr'><strong>quam</strong></span> <span class='ocrx_word' id='word_1_401' title='bbox 1537 4288 1703 4358; x_wconf 85' lang='lat' dir='ltr'><strong>patri-</strong></span> 
     </span>
    </p>
   </div>
   <div class='ocr_carea' id='block_1_60' title="bbox 155 4380 1706 4452">
    <p class='ocr_par' dir='ltr' id='par_1_60' title="bbox 155 4380 1706 4452">
     <span class='ocr_line' id='line_1_60' title="bbox 155 4380 1706 4452; baseline -0.004 -14"><span class='ocrx_word' id='word_1_402' title='bbox 155 4386 392 4441; x_wconf 84' lang='lat' dir='ltr'><strong>archalis</strong></span> <span class='ocrx_word' id='word_1_403' title='bbox 425 4382 684 4449; x_wconf 62' lang='lat' dir='ltr'><strong>ecclesiae,</strong></span> <span class='ocrx_word' id='word_1_404' title='bbox 735 4383 801 4437; x_wconf 86' lang='lat' dir='ltr'><strong>de</strong></span> <span class='ocrx_word' id='word_1_405' title='bbox 859 4397 966 4452; x_wconf 88' lang='lat' dir='ltr'><strong>quo</strong></span> <span class='ocrx_word' id='word_1_406' title='bbox 1015 4395 1137 4436; x_wconf 80' lang='lat' dir='ltr'><strong>mox</strong></span> <span class='ocrx_word' id='word_1_407' title='bbox 1196 4381 1394 4450; x_wconf 87' lang='lat' dir='ltr'><strong>aliquid</strong></span> <span class='ocrx_word' id='word_1_408' title='bbox 1448 4380 1706 4434; x_wconf 88' lang='lat' dir='ltr'><strong>indicabi-</strong></span> 
     </span>
    </p>
   </div>
   <div class='ocr_carea' id='block_1_61' title="bbox 155 4495 294 4532">
    <p class='ocr_par' dir='ltr' id='par_1_61' title="bbox 155 4495 294 4532">
     <span class='ocr_line' id='line_1_61' title="bbox 155 4495 294 4532; baseline 0.007 -1"><span class='ocrx_word' id='word_1_409' title='bbox 155 4495 294 4532; x_wconf 85' lang='lat' dir='ltr'><strong>ntus.</strong></span> 
     </span>
    </p>
   </div>
   <div class='ocr_carea' id='block_1_62' title="bbox 1777 2034 3318 2107">
    <p class='ocr_par' dir='ltr' id='par_1_62' title="bbox 1777 2034 3318 2107">
     <span class='ocr_line' id='line_1_62' title="bbox 1777 2034 3318 2107; baseline 0 -18"><span class='ocrx_word' id='word_1_410' title='bbox 1777 2034 2056 2107; x_wconf 78' lang='lat' dir='ltr'><strong>palatium,</strong></span> <span class='ocrx_word' id='word_1_411' title='bbox 2091 2050 2139 2092; x_wconf 88' lang='lat' dir='ltr'><strong>et</strong></span> <span class='ocrx_word' id='word_1_412' title='bbox 2172 2037 2326 2107; x_wconf 84' lang='lat' dir='ltr'><strong>pejus</strong></span> <span class='ocrx_word' id='word_1_413' title='bbox 2357 2035 2688 2105; x_wconf 82' lang='lat' dir='ltr'><strong>interpretati</strong></span> <span class='ocrx_word' id='word_1_414' title='bbox 2729 2047 2854 2088; x_wconf 87' lang='lat' dir='ltr'><strong>sunt</strong></span> <span class='ocrx_word' id='word_1_415' title='bbox 2909 2035 3163 2105; x_wconf 87' lang='lat' dir='ltr'><strong>ligneum.</strong></span> <span class='ocrx_word' id='word_1_416' title='bbox 3198 2034 3318 2089; x_wconf 69' lang='lat' dir='ltr'><strong>Ilaec</strong></span> 
     </span>
    </p>
   </div>
   <div class='ocr_carea' id='block_1_63' title="bbox 1775 2125 3331 2202">
    <p class='ocr_par' dir='ltr' id='par_1_63' title="bbox 1775 2125 3331 2202">
     <span class='ocr_line' id='line_1_63' title="bbox 1775 2125 3331 2202; baseline -0.004 -20"><span class='ocrx_word' id='word_1_417' title='bbox 1775 2140 1953 2183; x_wconf 83' lang='lat' dir='ltr'><strong>autem</strong></span> <span class='ocrx_word' id='word_1_418' title='bbox 1980 2130 2198 2182; x_wconf 84' lang='lat' dir='ltr'><strong>nomina</strong></span> <span class='ocrx_word' id='word_1_419' title='bbox 2239 2127 2548 2196; x_wconf 88' lang='lat' dir='ltr'><strong>frequenter</strong></span> <span class='ocrx_word' id='word_1_420' title='bbox 2580 2127 2634 2180; x_wconf 93' lang='lat' dir='ltr'><strong>in</strong></span> <span class='ocrx_word' id='word_1_421' title='bbox 2688 2125 2934 2182; x_wconf 84' lang='lat' dir='ltr'><strong>historiis</strong></span> <span class='ocrx_word' id='word_1_422' title='bbox 2985 2126 3331 2202; x_wconf 24' lang='lat' dir='ltr'><strong>Glraacorum,‘</strong></span> 
     </span>
    </p>
   </div>
   <div class='ocr_carea' id='block_1_64' title="bbox 1776 2204 3320 2294">
    <p class='ocr_par' dir='ltr' id='par_1_64' title="bbox 1776 2204 3320 2294">
     <span class='ocr_line' id='line_1_64' title="bbox 1776 2204 3320 2294; baseline -0.001 -23"><span class='ocrx_word' id='word_1_423' title='bbox 1776 2204 2019 2283; x_wconf 57' lang='lat' dir='ltr'><strong>Zonara‘,</strong></span> <span class='ocrx_word' id='word_1_424' title='bbox 2057 2218 2298 2280; x_wconf 86' lang='lat' dir='ltr'><strong>Ccdrini,</strong></span> <span class='ocrx_word' id='word_1_425' title='bbox 2331 2218 2585 2282; x_wconf 89' lang='lat' dir='ltr'><strong>aliorum,</strong></span> <span class='ocrx_word' id='word_1_426' title='bbox 2645 2225 2958 2272; x_wconf 86' lang='lat' dir='ltr'><strong>occurrunt.</strong></span> <span class='ocrx_word' id='word_1_427' title='bbox 2987 2287 3001 2294; x_wconf 80' lang='lat'><strong><em>__</em></strong></span> <span class='ocrx_word' id='word_1_428' title='bbox 3024 2216 3320 2282; x_wconf 77' lang='lat' dir='ltr'><strong>Explicatio</strong></span> 
     </span>
    </p>
   </div>
   <div class='ocr_carea' id='block_1_65' title="bbox 1776 2291 3320 2381">
    <p class='ocr_par' dir='ltr' id='par_1_65' title="bbox 1776 2291 3320 2381">
     <span class='ocr_line' id='line_1_65' title="bbox 1776 2291 3320 2381; baseline 0.001 -21"><span class='ocrx_word' id='word_1_429' title='bbox 1776 2311 2036 2381; x_wconf 75' lang='lat' dir='ltr'><strong>prolixior</strong></span> <span class='ocrx_word' id='word_1_430' title='bbox 2093 2309 2313 2364; x_wconf 90' lang='lat' dir='ltr'><strong>alterius</strong></span> <span class='ocrx_word' id='word_1_431' title='bbox 2371 2309 2473 2362; x_wconf 92' lang='lat' dir='ltr'><strong>loci</strong></span> <span class='ocrx_word' id='word_1_432' title='bbox 2526 2308 2723 2362; x_wconf 88' lang='lat' dir='ltr'><strong>fuerit..</strong></span> <span class='ocrx_word' id='word_1_433' title='bbox 2769 2309 2922 2377; x_wconf 74' lang='lat' dir='ltr'><strong>Apud</strong></span> <span class='ocrx_word' id='word_1_434' title='bbox 2985 2291 3320 2365; x_wconf 66' lang='lat' dir='ltr'><strong>Lecttardnm</strong></span> 
     </span>
    </p>
   </div>
   <div class='ocr_carea' id='block_1_66' title="bbox 1777 2399 3325 2471">
    <p class='ocr_par' dir='ltr' id='par_1_66' title="bbox 1777 2399 3325 2471">
     <span class='ocr_line' id='line_1_66' title="bbox 1777 2399 3325 2471; baseline 0 -13"><span class='ocrx_word' id='word_1_435' title='bbox 1777 2402 2239 2470; x_wconf 85' lang='lat' dir='ltr'><strong>archieplscOpum</strong></span> <span class='ocrx_word' id='word_1_436' title='bbox 2268 2399 2554 2456; x_wconf 86' lang='lat' dir='ltr'><strong>Chlensem</strong></span> <span class='ocrx_word' id='word_1_437' title='bbox 2584 2401 2834 2471; x_wconf 83' lang='lat' dir='ltr'><strong>leguntur</strong></span> <span class='ocrx_word' id='word_1_438' title='bbox 2881 2403 2934 2460; x_wconf 85' lang='lat' dir='ltr'><strong>in</strong></span> <span class='ocrx_word' id='word_1_439' title='bbox 2961 2403 3208 2471; x_wconf 75' lang='lat' dir='ltr'><strong>epistola,</strong></span> <span class='ocrx_word' id='word_1_440' title='bbox 3259 2405 3325 2458; x_wconf 90' lang='lat' dir='ltr'><strong>de</strong></span> 
     </span>
    </p>
   </div>
   <div class='ocr_carea' id='block_1_67' title="bbox 1779 2489 3324 2563">
    <p class='ocr_par' dir='ltr' id='par_1_67' title="bbox 1779 2489 3324 2563">
     <span class='ocr_line' id='line_1_67' title="bbox 1779 2489 3324 2563; baseline -0.001 -15"><span class='ocrx_word' id='word_1_441' title='bbox 1779 2500 1931 2562; x_wconf 83' lang='lat' dir='ltr'><strong>capta</strong></span> <span class='ocrx_word' id='word_1_442' title='bbox 1967 2489 2458 2560; x_wconf 84' lang='lat' dir='ltr'><strong>Constantinopoli,</strong></span> <span class='ocrx_word' id='word_1_443' title='bbox 2487 2498 2663 2546; x_wconf 89' lang='lat' dir='ltr'><strong>turres</strong></span> <span class='ocrx_word' id='word_1_444' title='bbox 2698 2490 3003 2549; x_wconf 78' lang='lat' dir='ltr'><strong>Aveniatles</strong></span> <span class='ocrx_word' id='word_1_445' title='bbox 3055 2510 3069 2546; x_wconf 91' lang='lat'><strong>:</strong></span> <span class='ocrx_word' id='word_1_446' title='bbox 3105 2493 3171 2548; x_wconf 88' lang='lat' dir='ltr'><strong>de</strong></span> <span class='ocrx_word' id='word_1_447' title='bbox 3200 2497 3324 2563; x_wconf 88' lang='lat' dir='ltr'><strong>qni-</strong></span> 
     </span>
    </p>
   </div>
   <div class='ocr_carea' id='block_1_68' title="bbox 1779 2575 3324 2652">
    <p class='ocr_par' dir='ltr' id='par_1_68' title="bbox 1779 2575 3324 2652">
     <span class='ocr_line' id='line_1_68' title="bbox 1779 2575 3324 2652; baseline 0.001 -15"><span class='ocrx_word' id='word_1_448' title='bbox 1779 2584 1878 2637; x_wconf 88' lang='lat' dir='ltr'><strong>bus</strong></span> <span class='ocrx_word' id='word_1_449' title='bbox 1898 2583 2260 2651; x_wconf 82' lang='lat' dir='ltr'><strong>interrogatus</strong></span> <span class='ocrx_word' id='word_1_450' title='bbox 2284 2596 2313 2642; x_wconf 81' lang='lat' dir='ltr'><strong>a</strong></span> <span class='ocrx_word' id='word_1_451' title='bbox 2345 2583 2429 2635; x_wconf 89' lang='lat' dir='ltr'><strong>me</strong></span> <span class='ocrx_word' id='word_1_452' title='bbox 2457 2575 2797 2652; x_wconf 67' lang='lat' dir='ltr'><strong>Zygomalas,</strong></span> <span class='ocrx_word' id='word_1_453' title='bbox 2837 2600 3080 2652; x_wconf 67' lang='lat' dir='ltr'><strong>quaenam</strong></span> <span class='ocrx_word' id='word_1_454' title='bbox 3113 2586 3324 2639; x_wconf 72' lang='lat' dir='ltr'><strong>scilicet</strong></span> 
     </span>
    </p>
   </div>
   <div class='ocr_carea' id='block_1_69' title="bbox 1781 2669 3329 2743">
    <p class='ocr_par' dir='ltr' id='par_1_69' title="bbox 1781 2669 3329 2743">
     <span class='ocr_line' id='line_1_69' title="bbox 1781 2669 3329 2743; baseline -0.001 -14"><span class='ocrx_word' id='word_1_455' title='bbox 1781 2669 1979 2741; x_wconf 77' lang='lat' dir='ltr'><strong>essent,</strong></span> <span class='ocrx_word' id='word_1_456' title='bbox 2011 2672 2392 2743; x_wconf 85' lang='lat' dir='ltr'><strong>respondebat,</strong></span> <span class='ocrx_word' id='word_1_457' title='bbox 2426 2672 2594 2743; x_wconf 68' lang='grc'><strong>479</strong></span> <span class='ocrx_word' id='word_1_458' title='bbox 2622 2674 2874 2729; x_wconf 87' lang='lat' dir='ltr'><strong>dicendas</strong></span> <span class='ocrx_word' id='word_1_459' title='bbox 2913 2689 3032 2729; x_wconf 88' lang='lat' dir='ltr'><strong>esse</strong></span> <span class='ocrx_word' id='word_1_460' title='bbox 3053 2689 3159 2729; x_wconf 90' lang='lat' dir='ltr'><strong>non</strong></span> <span class='ocrx_word' id='word_1_461' title='bbox 3194 2676 3329 2730; x_wconf 84' lang='lat' dir='ltr'><strong>Ave-</strong></span> 
     </span>
    </p>
   </div>
   <div class='ocr_carea' id='block_1_70' title="bbox 1782 2755 3323 2832">
    <p class='ocr_par' dir='ltr' id='par_1_70' title="bbox 1782 2755 3323 2832">
     <span class='ocr_line' id='line_1_70' title="bbox 1782 2755 3323 2832; baseline -0.001 -12"><span class='ocrx_word' id='word_1_462' title='bbox 1782 2766 1992 2830; x_wconf 69' lang='lat' dir='ltr'><strong>niatlas,</strong></span> <span class='ocrx_word' id='word_1_463' title='bbox 2027 2767 2119 2820; x_wconf 89' lang='lat' dir='ltr'><strong>sed</strong></span> <span class='ocrx_word' id='word_1_464' title='bbox 2152 2775 2326 2821; x_wconf 90' lang='lat' dir='ltr'><strong>turres</strong></span> <span class='ocrx_word' id='word_1_465' title='bbox 2359 2764 2671 2826; x_wconf 85' lang='lat' dir='ltr'><strong>Anemanis,</strong></span> <span class='ocrx_word' id='word_1_466' title='bbox 2710 2764 2866 2832; x_wconf 76' lang='lat' dir='ltr'><strong>cuius</strong></span> <span class='ocrx_word' id='word_1_467' title='bbox 2890 2767 3044 2819; x_wconf 88' lang='lat' dir='ltr'><strong>estin</strong></span> <span class='ocrx_word' id='word_1_468' title='bbox 3083 2755 3323 2820; x_wconf 86' lang='lat' dir='ltr'><strong>historiis</strong></span> 
     </span>
    </p>
   </div>
   <div class='ocr_carea' id='block_1_71' title="bbox 1781 2853 3330 2924">
    <p class='ocr_par' dir='ltr' id='par_1_71' title="bbox 1781 2853 3330 2924">
     <span class='ocr_line' id='line_1_71' title="bbox 1781 2853 3330 2924; baseline 0.001 -14"><span class='ocrx_word' id='word_1_469' title='bbox 1781 2856 2090 2910; x_wconf 71' lang='lat' dir='ltr'><strong>Grazcornm</strong></span> <span class='ocrx_word' id='word_1_470' title='bbox 2154 2855 2356 2909; x_wconf 88' lang='lat' dir='ltr'><strong>mentio</strong></span> <span class='ocrx_word' id='word_1_471' title='bbox 2415 2853 2724 2924; x_wconf 85' lang='lat' dir='ltr'><strong>:planeque</strong></span> <span class='ocrx_word' id='word_1_472' title='bbox 2779 2854 3011 2920; x_wconf 86' lang='lat' dir='ltr'><strong>volebat,</strong></span> <span class='ocrx_word' id='word_1_473' title='bbox 3068 2857 3160 2909; x_wconf 81' lang='lat' dir='ltr'><strong>has</strong></span> <span class='ocrx_word' id='word_1_474' title='bbox 3213 2857 3330 2911; x_wconf 88' lang='lat' dir='ltr'><strong>illas</strong></span> 
     </span>
    </p>
   </div>
   <div class='ocr_carea' id='block_1_72' title="bbox 1781 2945 3332 3016">
    <p class='ocr_par' dir='ltr' id='par_1_72' title="bbox 1781 2945 3332 3016">
     <span class='ocr_line' id='line_1_72' title="bbox 1781 2945 3332 3016; baseline 0 -16"><span class='ocrx_word' id='word_1_475' title='bbox 1781 2961 1900 3000; x_wconf 88' lang='lat' dir='ltr'><strong>esse</strong></span> <span class='ocrx_word' id='word_1_476' title='bbox 1925 2947 2164 3014; x_wconf 87' lang='lat' dir='ltr'><strong>quinque</strong></span> <span class='ocrx_word' id='word_1_477' title='bbox 2203 2955 2410 3007; x_wconf 87' lang='lat' dir='ltr'><strong>turres,</strong></span> <span class='ocrx_word' id='word_1_478' title='bbox 2443 2945 2495 2998; x_wconf 90' lang='lat' dir='ltr'><strong>in</strong></span> <span class='ocrx_word' id='word_1_479' title='bbox 2535 2945 2698 2998; x_wconf 88' lang='lat' dir='ltr'><strong>altera</strong></span> <span class='ocrx_word' id='word_1_480' title='bbox 2735 2945 2884 2999; x_wconf 86' lang='lat' dir='ltr'><strong>urbis</strong></span> <span class='ocrx_word' id='word_1_481' title='bbox 2917 2947 3171 3015; x_wconf 88' lang='lat' dir='ltr'><strong>acropoli,</strong></span> <span class='ocrx_word' id='word_1_482' title='bbox 3198 2963 3332 3016; x_wconf 85' lang='lat' dir='ltr'><strong>quas</strong></span> 
     </span>
    </p>
   </div>
   <div class='ocr_carea' id='block_1_73' title="bbox 1778 3035 3330 3106">
    <p class='ocr_par' dir='ltr' id='par_1_73' title="bbox 1778 3035 3330 3106">
     <span class='ocr_line' id='line_1_73' title="bbox 1778 3035 3330 3106; baseline 0.001 -16"><span class='ocrx_word' id='word_1_483' title='bbox 1778 3036 2018 3091; x_wconf 70' lang='lat' dir='ltr'><strong>diximus</strong></span> <span class='ocrx_word' id='word_1_484' title='bbox 2046 3035 2375 3106; x_wconf 82' lang='lat' dir='ltr'><strong>Petttrpyrgii</strong></span> <span class='ocrx_word' id='word_1_485' title='bbox 2441 3049 2634 3090; x_wconf 88' lang='lat' dir='ltr'><strong>nomen</strong></span> <span class='ocrx_word' id='word_1_486' title='bbox 2670 3036 2884 3090; x_wconf 80' lang='lat' dir='ltr'><strong>habere.</strong></span> <span class='ocrx_word' id='word_1_487' title='bbox 2928 3036 2980 3092; x_wconf 91' lang='lat' dir='ltr'><strong>Id</strong></span> <span class='ocrx_word' id='word_1_488' title='bbox 3015 3045 3190 3089; x_wconf 87' lang='lat' dir='ltr'><strong>autem</strong></span> <span class='ocrx_word' id='word_1_489' title='bbox 3247 3055 3330 3091; x_wconf 89' lang='lat' dir='ltr'><strong>ve-</strong></span> 
     </span>
    </p>
   </div>
   <div class='ocr_carea' id='block_1_74' title="bbox 1770 3113 3334 3202">
    <p class='ocr_par' dir='ltr' id='par_1_74' title="bbox 1770 3113 3334 3202">
     <span class='ocr_line' id='line_1_74' title="bbox 1770 3113 3334 3202; baseline -0.001 -20"><span class='ocrx_word' id='word_1_490' title='bbox 1770 3113 1903 3182; x_wconf 78' lang='lat' dir='ltr'><strong>rum</strong></span> <span class='ocrx_word' id='word_1_491' title='bbox 1942 3143 2083 3193; x_wconf 88' lang='lat' dir='ltr'><strong>esse,</strong></span> <span class='ocrx_word' id='word_1_492' title='bbox 2117 3128 2198 3183; x_wconf 88' lang='lat' dir='ltr'><strong>vel</strong></span> <span class='ocrx_word' id='word_1_493' title='bbox 2252 3143 2319 3181; x_wconf 78' lang='lat' dir='ltr'><strong>ex</strong></span> <span class='ocrx_word' id='word_1_494' title='bbox 2366 3127 2464 3181; x_wconf 89' lang='lat' dir='ltr'><strong>hoc</strong></span> <span class='ocrx_word' id='word_1_495' title='bbox 2525 3126 2859 3193; x_wconf 82' lang='lat' dir='ltr'><strong>intelligitur,</strong></span> <span class='ocrx_word' id='word_1_496' title='bbox 2900 3127 3038 3202; x_wconf 83' lang='lat' dir='ltr'><strong>quod</strong></span> <span class='ocrx_word' id='word_1_497' title='bbox 3084 3129 3334 3182; x_wconf 66' lang='lat' dir='ltr'><strong>Citiensis</strong></span> 
     </span>
    </p>
   </div>
   <div class='ocr_carea' id='block_1_75' title="bbox 1787 3218 3330 3290">
    <p class='ocr_par' dir='ltr' id='par_1_75' title="bbox 1787 3218 3330 3290">
     <span class='ocr_line' id='line_1_75' title="bbox 1787 3218 3330 3290; baseline -0.001 -15"><span class='ocrx_word' id='word_1_498' title='bbox 1787 3221 2025 3275; x_wconf 86' lang='lat' dir='ltr'><strong>turribus</strong></span> <span class='ocrx_word' id='word_1_499' title='bbox 2057 3221 2300 3288; x_wconf 72' lang='lat' dir='ltr'><strong>adjnngit</strong></span> <span class='ocrx_word' id='word_1_500' title='bbox 2356 3218 2758 3287; x_wconf 47' lang='lat' dir='ltr'><strong>‘Xyloportam,</strong></span> <span class='ocrx_word' id='word_1_501' title='bbox 2808 3235 2926 3288; x_wconf 74' lang='lat' dir='ltr'><strong>quze</strong></span> <span class='ocrx_word' id='word_1_502' title='bbox 2958 3234 2987 3273; x_wconf 90' lang='lat' dir='ltr'><strong>a</strong></span> <span class='ocrx_word' id='word_1_503' title='bbox 3042 3221 3330 3290; x_wconf 80' lang='lat' dir='ltr'><strong>Xyl0porta</strong></span> 
     </span>
    </p>
   </div>
   <div class='ocr_carea' id='block_1_76' title="bbox 1788 3303 3333 3384">
    <p class='ocr_par' dir='ltr' id='par_1_76' title="bbox 1788 3303 3333 3384">
     <span class='ocr_line' id='line_1_76' title="bbox 1788 3303 3333 3384; baseline 0.001 -20"><span class='ocrx_word' id='word_1_504' title='bbox 1788 3313 1950 3384; x_wconf 87' lang='lat' dir='ltr'><strong>priori</strong></span> <span class='ocrx_word' id='word_1_505' title='bbox 2029 3312 2265 3371; x_wconf 82' lang='lat' dir='ltr'><strong>diverso,</strong></span> <span class='ocrx_word' id='word_1_506' title='bbox 2327 3309 2597 3371; x_wconf 83' lang='lat' dir='ltr'><strong>veteribus</strong></span> <span class='ocrx_word' id='word_1_507' title='bbox 2646 3310 2967 3378; x_wconf 74' lang='grc' dir='ltr'><strong>ξυλὸκερκος</strong></span> <span class='ocrx_word' id='word_1_508' title='bbox 3048 3311 3186 3368; x_wconf 89' lang='lat' dir='ltr'><strong>dicta</strong></span> <span class='ocrx_word' id='word_1_509' title='bbox 3235 3303 3333 3365; x_wconf 82' lang='lat' dir='ltr'><strong>fuit</strong></span> 
     </span>
    </p>
   </div>
   <div class='ocr_carea' id='block_1_77' title="bbox 1793 3397 3332 3470">
    <p class='ocr_par' dir='ltr' id='par_1_77' title="bbox 1793 3397 3332 3470">
     <span class='ocr_line' id='line_1_77' title="bbox 1793 3397 3332 3470; baseline 0.003 -20"><span class='ocrx_word' id='word_1_510' title='bbox 1793 3410 2068 3468; x_wconf 85' lang='lat' dir='ltr'><strong>propterea</strong></span> <span class='ocrx_word' id='word_1_511' title='bbox 2099 3397 2241 3468; x_wconf 89' lang='lat' dir='ltr'><strong>quod</strong></span> <span class='ocrx_word' id='word_1_512' title='bbox 2274 3398 2508 3452; x_wconf 88' lang='lat' dir='ltr'><strong>artiﬁces</strong></span> <span class='ocrx_word' id='word_1_513' title='bbox 2556 3413 2672 3452; x_wconf 88' lang='lat' dir='ltr'><strong>eam</strong></span> <span class='ocrx_word' id='word_1_514' title='bbox 2726 3410 3012 3462; x_wconf 86' lang='lat' dir='ltr'><strong>struentes,</strong></span> <span class='ocrx_word' id='word_1_515' title='bbox 3065 3418 3248 3470; x_wconf 72' lang='lat' dir='ltr'><strong>magna</strong></span> <span class='ocrx_word' id='word_1_516' title='bbox 3279 3405 3332 3455; x_wconf 89' lang='lat' dir='ltr'><strong>in</strong></span> 
     </span>
    </p>
   </div>
   <div class='ocr_carea' id='block_1_78' title="bbox 1793 3487 3334 3567">
    <p class='ocr_par' dir='ltr' id='par_1_78' title="bbox 1793 3487 3334 3567">
     <span class='ocr_line' id='line_1_78' title="bbox 1793 3487 3334 3567; baseline 0.001 -27"><span class='ocrx_word' id='word_1_517' title='bbox 1793 3487 2321 3567; x_wconf 70' lang='lat' dir='ltr'><strong>fundamcnloaqna:</strong></span> <span class='ocrx_word' id='word_1_518' title='bbox 2363 3500 2572 3557; x_wconf 88' lang='lat' dir='ltr'><strong>reperta</strong></span> <span class='ocrx_word' id='word_1_519' title='bbox 2630 3491 2802 3556; x_wconf 86' lang='lat' dir='ltr'><strong>copia,</strong></span> <span class='ocrx_word' id='word_1_520' title='bbox 2864 3492 3028 3559; x_wconf 80' lang='lat' dir='ltr'><strong>tignis</strong></span> <span class='ocrx_word' id='word_1_521' title='bbox 3092 3493 3334 3560; x_wconf 72' lang='lat' dir='ltr'><strong>plurimis</strong></span> 
     </span>
    </p>
   </div>
   <div class='ocr_carea' id='block_1_79' title="bbox 1793 3576 3335 3651">
    <p class='ocr_par' dir='ltr' id='par_1_79' title="bbox 1793 3576 3335 3651">
     <span class='ocr_line' id='line_1_79' title="bbox 1793 3576 3335 3651; baseline 0.004 -22"><span class='ocrx_word' id='word_1_522' title='bbox 1793 3591 1854 3630; x_wconf 90' lang='lat' dir='ltr'><strong>ac</strong></span> <span class='ocrx_word' id='word_1_523' title='bbox 1885 3577 2017 3643; x_wconf 87' lang='lat' dir='ltr'><strong>palis</strong></span> <span class='ocrx_word' id='word_1_524' title='bbox 2063 3576 2113 3630; x_wconf 91' lang='lat' dir='ltr'><strong>in</strong></span> <span class='ocrx_word' id='word_1_525' title='bbox 2143 3593 2280 3643; x_wconf 84' lang='lat' dir='ltr'><strong>aqua</strong></span> <span class='ocrx_word' id='word_1_526' title='bbox 2337 3579 2524 3631; x_wconf 78' lang='lat' dir='ltr'><strong>deﬁxis</strong></span> <span class='ocrx_word' id='word_1_527' title='bbox 2563 3579 2766 3648; x_wconf 89' lang='lat' dir='ltr'><strong>lapides</strong></span> <span class='ocrx_word' id='word_1_528' title='bbox 2819 3580 3121 3648; x_wconf 82' lang='lat' dir='ltr'><strong>injecerint,</strong></span> <span class='ocrx_word' id='word_1_529' title='bbox 3177 3592 3335 3651; x_wconf 85' lang='lat' dir='ltr'><strong>atque</strong></span> 
     </span>
    </p>
   </div>
   <div class='ocr_carea' id='block_1_80' title="bbox 1793 3665 3338 3736">
    <p class='ocr_par' dir='ltr' id='par_1_80' title="bbox 1793 3665 3338 3736">
     <span class='ocr_line' id='line_1_80' title="bbox 1793 3665 3338 3736; baseline 0.003 -17"><span class='ocrx_word' id='word_1_530' title='bbox 1793 3666 1866 3719; x_wconf 88' lang='lat' dir='ltr'><strong>ita</strong></span> <span class='ocrx_word' id='word_1_531' title='bbox 1892 3667 2105 3719; x_wconf 89' lang='lat' dir='ltr'><strong>demum</strong></span> <span class='ocrx_word' id='word_1_532' title='bbox 2132 3665 2340 3719; x_wconf 66' lang='lat' dir='ltr'><strong>aediﬁcii</strong></span> <span class='ocrx_word' id='word_1_533' title='bbox 2379 3665 2780 3720; x_wconf 80' lang='lat' dir='ltr'><strong>fundamentum</strong></span> <span class='ocrx_word' id='word_1_534' title='bbox 2807 3669 3015 3723; x_wconf 91' lang='lat' dir='ltr'><strong>ﬁrmum</strong></span> <span class='ocrx_word' id='word_1_535' title='bbox 3043 3670 3338 3736; x_wconf 74' lang='lat' dir='ltr'><strong>effecerint,</strong></span> 
     </span>
    </p>
   </div>
   <div class='ocr_carea' id='block_1_81' title="bbox 1798 3755 3343 3831">
    <p class='ocr_par' dir='ltr' id='par_1_81' title="bbox 1798 3755 3343 3831">
     <span class='ocr_line' id='line_1_81' title="bbox 1798 3755 3343 3831; baseline 0.003 -22"><span class='ocrx_word' id='word_1_536' title='bbox 1798 3766 1854 3809; x_wconf 90' lang='lat' dir='ltr'><strong>ut</strong></span> <span class='ocrx_word' id='word_1_537' title='bbox 1886 3765 1967 3810; x_wconf 91' lang='lat' dir='ltr'><strong>est</strong></span> <span class='ocrx_word' id='word_1_538' title='bbox 2000 3755 2053 3809; x_wconf 92' lang='lat' dir='ltr'><strong>in</strong></span> <span class='ocrx_word' id='word_1_539' title='bbox 2090 3757 2227 3810; x_wconf 83' lang='lat' dir='ltr'><strong>libro</strong></span> <span class='ocrx_word' id='word_1_540' title='bbox 2252 3758 2327 3810; x_wconf 85' lang='lat' dir='ltr'><strong>De</strong></span> <span class='ocrx_word' id='word_1_541' title='bbox 2356 3759 2587 3826; x_wconf 78' lang='lat' dir='ltr'><strong>wdiﬁriis</strong></span> <span class='ocrx_word' id='word_1_542' title='bbox 2628 3759 2790 3812; x_wconf 76' lang='lat' dir='ltr'><strong>urbis.</strong></span> <span class='ocrx_word' id='word_1_543' title='bbox 2827 3759 2934 3815; x_wconf 82' lang='lat' dir='ltr'><strong>Nec</strong></span> <span class='ocrx_word' id='word_1_544' title='bbox 2982 3761 3076 3814; x_wconf 90' lang='lat' dir='ltr'><strong>abs</strong></span> <span class='ocrx_word' id='word_1_545' title='bbox 3106 3777 3160 3815; x_wconf 89' lang='lat' dir='ltr'><strong>re</strong></span> <span class='ocrx_word' id='word_1_546' title='bbox 3222 3766 3343 3831; x_wconf 84' lang='lat' dir='ltr'><strong>quis</strong></span> 
     </span>
    </p>
   </div>
   <div class='ocr_carea' id='block_1_82' title="bbox 1790 3847 3421 3919">
    <p class='ocr_par' dir='ltr' id='par_1_82' title="bbox 1790 3847 3421 3919">
     <span class='ocr_line' id='line_1_82' title="bbox 1790 3847 3421 3919; baseline 0.002 -19"><span class='ocrx_word' id='word_1_547' title='bbox 1790 3847 1994 3918; x_wconf 75' lang='lat' dir='ltr'><strong>dixerit</strong></span> <span class='ocrx_word' id='word_1_548' title='bbox 2018 3847 2187 3900; x_wconf 80' lang='lat' dir='ltr'><strong>videri</strong></span> <span class='ocrx_word' id='word_1_549' title='bbox 2222 3849 2476 3913; x_wconf 84' lang='lat' dir='ltr'><strong>palatium</strong></span> <span class='ocrx_word' id='word_1_550' title='bbox 2501 3849 2807 3919; x_wconf 77' lang='lat' dir='ltr'><strong>Xyloporta:</strong></span> <span class='ocrx_word' id='word_1_551' title='bbox 2871 3853 3048 3917; x_wconf 85' lang='lat' dir='ltr'><strong>potius</strong></span> <span class='ocrx_word' id='word_1_552' title='bbox 3096 3854 3339 3906; x_wconf 90' lang='lat' dir='ltr'><strong>scriben-</strong></span> <span class='ocrx_word' id='word_1_553' title='bbox 3415 3910 3421 3917; x_wconf 55' lang='grc'>,</span> 
     </span>
    </p>
   </div>
   <div class='ocr_carea' id='block_1_83' title="bbox 1800 3927 3340 4006">
    <p class='ocr_par' dir='ltr' id='par_1_83' title="bbox 1800 3927 3340 4006">
     <span class='ocr_line' id='line_1_83' title="bbox 1800 3927 3340 4006; baseline 0.004 -18"><span class='ocrx_word' id='word_1_554' title='bbox 1800 3936 1924 3988; x_wconf 86' lang='lat' dir='ltr'><strong>dum</strong></span> <span class='ocrx_word' id='word_1_555' title='bbox 1955 3927 2237 4004; x_wconf 75' lang='lat' dir='ltr'><strong>Xyloketki</strong></span> <span class='ocrx_word' id='word_1_556' title='bbox 2273 3935 2528 4001; x_wconf 86' lang='lat' dir='ltr'><strong>palatium</strong></span> <span class='ocrx_word' id='word_1_557' title='bbox 2558 3955 2570 3990; x_wconf 89' lang='lat'><strong>:</strong></span> <span class='ocrx_word' id='word_1_558' title='bbox 2598 3939 2885 4006; x_wconf 85' lang='lat' dir='ltr'><strong>scriptoris</strong></span> <span class='ocrx_word' id='word_1_559' title='bbox 2908 3940 3126 3994; x_wconf 80' lang='lat' dir='ltr'><strong>librario</strong></span> <span class='ocrx_word' id='word_1_560' title='bbox 3159 3958 3340 3996; x_wconf 89' lang='lat' dir='ltr'><strong>vocem</strong></span> 
     </span>
    </p>
   </div>
   <div class='ocr_carea' id='block_1_84' title="bbox 1802 4015 3354 4101">
    <p class='ocr_par' dir='ltr' id='par_1_84' title="bbox 1802 4015 3354 4101">
     <span class='ocr_line' id='line_1_84' title="bbox 1802 4015 3354 4101; baseline 0.005 -21"><span class='ocrx_word' id='word_1_561' title='bbox 1802 4027 2167 4080; x_wconf 88' lang='lat' dir='ltr'><strong>obscuriorem</strong></span> <span class='ocrx_word' id='word_1_562' title='bbox 2194 4015 2348 4090; x_wconf 86' lang='lat' dir='ltr'><strong>hanc,</strong></span> <span class='ocrx_word' id='word_1_563' title='bbox 2374 4026 2500 4082; x_wconf 82' lang='lat' dir='ltr'><strong>culti</strong></span> <span class='ocrx_word' id='word_1_564' title='bbox 2533 4030 2729 4090; x_wconf 84' lang='lat' dir='ltr'><strong>notiori</strong></span> <span class='ocrx_word' id='word_1_565' title='bbox 2762 4029 3070 4101; x_wconf 79' lang='lat' dir='ltr'><strong>XyIOporta:</strong></span> <span class='ocrx_word' id='word_1_566' title='bbox 3101 4023 3354 4088; x_wconf 13' lang='lat' dir='ltr'><strong>commit-4</strong></span> 
     </span>
    </p>
   </div>
   <div class='ocr_carea' id='block_1_85' title="bbox 1803 4125 2709 4175">
    <p class='ocr_par' dir='ltr' id='par_1_85' title="bbox 1803 4125 2709 4175">
     <span class='ocr_line' id='line_1_85' title="bbox 1803 4125 2709 4175; baseline 0.006 -5"><span class='ocrx_word' id='word_1_567' title='bbox 1803 4125 1969 4170; x_wconf 87' lang='lat' dir='ltr'><strong>tante.</strong></span> <span class='ocrx_word' id='word_1_568' title='bbox 2707 4173 2709 4175; x_wconf 81' lang='grc'><strong><em>,</em></strong></span> 
     </span>
    </p>
   </div>
   <div class='ocr_carea' id='block_1_86' title="bbox 1874 4205 3345 4281">
    <p class='ocr_par' dir='ltr' id='par_1_86' title="bbox 1874 4205 3345 4281">
     <span class='ocr_line' id='line_1_86' title="bbox 1874 4205 3345 4281; baseline 0.005 -22"><span class='ocrx_word' id='word_1_569' title='bbox 1874 4205 2200 4279; x_wconf 78' lang='lat' dir='ltr'><strong>Duodecimn</strong></span> <span class='ocrx_word' id='word_1_570' title='bbox 2235 4207 2430 4264; x_wconf 85' lang='lat' dir='ltr'><strong>Turcis</strong></span> <span class='ocrx_word' id='word_1_571' title='bbox 2465 4220 2546 4276; x_wconf 83' lang='lat' dir='ltr'><strong>est</strong></span> <span class='ocrx_word' id='word_1_572' title='bbox 2578 4208 2696 4280; x_wconf 78' lang='lat' dir='ltr'><strong>Egri</strong></span> <span class='ocrx_word' id='word_1_573' title='bbox 2730 4213 2870 4280; x_wconf 85' lang='lat' dir='ltr'><strong>capi,</strong></span> <span class='ocrx_word' id='word_1_574' title='bbox 2934 4228 3049 4281; x_wconf 66' lang='lat' dir='ltr'><strong>qua:</strong></span> <span class='ocrx_word' id='word_1_575' title='bbox 3083 4229 3178 4266; x_wconf 71' lang='lat' dir='ltr'><strong>ros</strong></span> <span class='ocrx_word' id='word_1_576' title='bbox 3212 4215 3345 4266; x_wconf 88' lang='lat' dir='ltr'><strong>ohli-</strong></span> 
     </span>
    </p>
   </div>
   <div class='ocr_carea' id='block_1_87' title="bbox 1805 4301 3346 4370">
    <p class='ocr_par' dir='ltr' id='par_1_87' title="bbox 1805 4301 3346 4370">
     <span class='ocr_line' id='line_1_87' title="bbox 1805 4301 3346 4370; baseline 0.003 -18"><span class='ocrx_word' id='word_1_577' title='bbox 1805 4316 1963 4370; x_wconf 88' lang='lat' dir='ltr'><strong>quam</strong></span> <span class='ocrx_word' id='word_1_578' title='bbox 1995 4305 2205 4370; x_wconf 79' lang='lat' dir='ltr'><strong>portam</strong></span> <span class='ocrx_word' id='word_1_579' title='bbox 2233 4301 2517 4370; x_wconf 78' lang='lat' dir='ltr'><strong>signiﬁcat.</strong></span> <span class='ocrx_word' id='word_1_580' title='bbox 2564 4304 2624 4354; x_wconf 83' lang='lat' dir='ltr'><strong>Et</strong></span> <span class='ocrx_word' id='word_1_581' title='bbox 2654 4321 2840 4370; x_wconf 81' lang='lat' dir='ltr'><strong>reapse</strong></span> <span class='ocrx_word' id='word_1_582' title='bbox 2897 4307 2974 4357; x_wconf 83' lang='lat' dir='ltr'><strong>sic</strong></span> <span class='ocrx_word' id='word_1_583' title='bbox 3015 4314 3346 4358; x_wconf 60' lang='lat' dir='ltr'><strong>exstructam</strong></span> 
     </span>
    </p>
   </div>
   <div class='ocr_carea' id='block_1_88' title="bbox 1807 4387 3344 4470">
    <p class='ocr_par' dir='ltr' id='par_1_88' title="bbox 1807 4387 3344 4470">
     <span class='ocr_line' id='line_1_88' title="bbox 1807 4387 3344 4470; baseline 0.002 -25"><span class='ocrx_word' id='word_1_584' title='bbox 1807 4387 2166 4470; x_wconf 25' lang='lat' dir='ltr'><strong>vidimustul</strong></span> <span class='ocrx_word' id='word_1_585' title='bbox 2208 4394 2260 4446; x_wconf 86' lang='lat' dir='ltr'><strong>in</strong></span> <span class='ocrx_word' id='word_1_586' title='bbox 2310 4409 2426 4446; x_wconf 85' lang='lat' dir='ltr'><strong>eam</strong></span> <span class='ocrx_word' id='word_1_587' title='bbox 2465 4410 2570 4449; x_wconf 87' lang='lat' dir='ltr'><strong>non</strong></span> <span class='ocrx_word' id='word_1_588' title='bbox 2602 4395 2834 4456; x_wconf 89' lang='lat' dir='ltr'><strong>directo,</strong></span> <span class='ocrx_word' id='word_1_589' title='bbox 2879 4396 2970 4448; x_wconf 82' lang='lat' dir='ltr'><strong>sed</strong></span> <span class='ocrx_word' id='word_1_590' title='bbox 3026 4411 3088 4449; x_wconf 81' lang='lat' dir='ltr'><strong>ex</strong></span> <span class='ocrx_word' id='word_1_591' title='bbox 3124 4396 3344 4465; x_wconf 86' lang='lat' dir='ltr'><strong>obliquo</strong></span> 
     </span>
    </p>
   </div>
   <div class='ocr_carea' id='block_1_89' title="bbox 1811 4482 3344 4554">
    <p class='ocr_par' dir='ltr' id='par_1_89' title="bbox 1811 4482 3344 4554">
     <span class='ocr_line' id='line_1_89' title="bbox 1811 4482 3344 4554; baseline 0.003 -20"><span class='ocrx_word' id='word_1_592' title='bbox 1811 4493 1988 4547; x_wconf 84' lang='lat' dir='ltr'><strong>pateat</strong></span> <span class='ocrx_word' id='word_1_593' title='bbox 2025 4483 2228 4535; x_wconf 86' lang='lat' dir='ltr'><strong>aditus.</strong></span> <span class='ocrx_word' id='word_1_594' title='bbox 2285 4482 2548 4535; x_wconf 87' lang='lat' dir='ltr'><strong>Leonardi</strong></span> <span class='ocrx_word' id='word_1_595' title='bbox 2599 4482 3123 4550; x_wconf 79' lang='lat' dir='ltr'><strong>Cbicnsiscpistola,</strong></span> <span class='ocrx_word' id='word_1_596' title='bbox 3187 4501 3344 4554; x_wconf 87' lang='lat' dir='ltr'><strong>quam</strong></span> 
     </span>
    </p>
   </div>
   <div class='ocr_carea' id='block_1_90' title="bbox 225 4563 1691 4645">
    <p class='ocr_par' dir='ltr' id='par_1_90' title="bbox 225 4563 1691 4634">
     <span class='ocr_line' id='line_1_90' title="bbox 225 4563 1691 4634; baseline -0.003 -14"><span class='ocrx_word' id='word_1_597' title='bbox 225 4566 528 4620; x_wconf 79' lang='lat' dir='ltr'><strong>Undecima</strong></span> <span class='ocrx_word' id='word_1_598' title='bbox 561 4566 867 4620; x_wconf 83' lang='lat' dir='ltr'><strong>nominatur</strong></span> <span class='ocrx_word' id='word_1_599' title='bbox 898 4566 1170 4620; x_wconf 77' lang='lat' dir='ltr'><strong>veteribus</strong></span> <span class='ocrx_word' id='word_1_600' title='bbox 1206 4563 1555 4634; x_wconf 75' lang='lat' dir='ltr'><strong>Xylokerkos,</strong></span> <span class='ocrx_word' id='word_1_601' title='bbox 1580 4578 1691 4616; x_wconf 27' lang='lat' dir='ltr'><strong>caui</strong></span> 
     </span>
    </p>
   </div>
   <div class='ocr_carea' id='block_1_91' title="bbox 1787 4563 3342 4645">
    <p class='ocr_par' dir='ltr' id='par_1_91' title="bbox 1813 4573 3342 4643">
     <span class='ocr_line' id='line_1_91' title="bbox 1813 4573 3342 4643; baseline 0.001 -16"><span class='ocrx_word' id='word_1_602' title='bbox 1813 4575 2068 4636; x_wconf 77' lang='lat' dir='ltr'><strong>diximus,</strong></span> <span class='ocrx_word' id='word_1_603' title='bbox 2097 4573 2425 4641; x_wconf 83' lang='lat' dir='ltr'><strong>Caligaream</strong></span> <span class='ocrx_word' id='word_1_604' title='bbox 2477 4583 2654 4637; x_wconf 80' lang='lat' dir='ltr'><strong>vocat,</strong></span> <span class='ocrx_word' id='word_1_605' title='bbox 2709 4573 2880 4626; x_wconf 63' lang='grc' dir='ltr'><strong>(ιι-λιξςὶ</strong></span> <span class='ocrx_word' id='word_1_606' title='bbox 2916 4574 3342 4643; x_wconf 77' lang='lat' dir='ltr'><strong>Caligariorum.</strong></span> 
     </span>
    </p>
   </div>
   <div class='ocr_carea' id='block_1_92' title="bbox 157 4652 1708 4727">
    <p class='ocr_par' dir='ltr' id='par_1_92' title="bbox 157 4652 1708 4727">
     <span class='ocr_line' id='line_1_92' title="bbox 157 4652 1708 4727; baseline -0.005 -16"><span class='ocrx_word' id='word_1_607' title='bbox 157 4676 212 4711; x_wconf 86' lang='lat' dir='ltr'><strong>sa</strong></span> <span class='ocrx_word' id='word_1_608' title='bbox 247 4658 412 4727; x_wconf 87' lang='lat' dir='ltr'><strong>paulo</strong></span> <span class='ocrx_word' id='word_1_609' title='bbox 442 4664 562 4724; x_wconf 89' lang='lat' dir='ltr'><strong>post</strong></span> <span class='ocrx_word' id='word_1_610' title='bbox 586 4657 923 4727; x_wconf 79' lang='lat' dir='ltr'><strong>exponenda,</strong></span> <span class='ocrx_word' id='word_1_611' title='bbox 953 4667 1092 4707; x_wconf 90' lang='lat' dir='ltr'><strong>nunc</strong></span> <span class='ocrx_word' id='word_1_612' title='bbox 1123 4663 1302 4706; x_wconf 89' lang='lat' dir='ltr'><strong>autem</strong></span> <span class='ocrx_word' id='word_1_613' title='bbox 1364 4652 1708 4722; x_wconf 79' lang='lat' dir='ltr'><strong>llagioh&#39;azari</strong></span> 
     </span>
    </p>
   </div>
   <div class='ocr_carea' id='block_1_93' title="bbox 159 4726 1714 4816">
    <p class='ocr_par' dir='ltr' id='par_1_93' title="bbox 159 4726 1714 4816">
     <span class='ocr_line' id='line_1_93' title="bbox 159 4726 1714 4816; baseline -0.004 -16"><span class='ocrx_word' id='word_1_614' title='bbox 159 4726 332 4816; x_wconf 81' lang='lat' dir='ltr'><strong>porta,</strong></span> <span class='ocrx_word' id='word_1_615' title='bbox 373 4761 468 4813; x_wconf 76' lang='lat' dir='ltr'><strong>per</strong></span> <span class='ocrx_word' id='word_1_616' title='bbox 501 4759 660 4813; x_wconf 88' lang='lat' dir='ltr'><strong>quam</strong></span> <span class='ocrx_word' id='word_1_617' title='bbox 687 4726 889 4798; x_wconf 70' lang='lat' dir='ltr'><strong>scilicel</strong></span> <span class='ocrx_word' id='word_1_618' title='bbox 957 4743 1328 4812; x_wconf 77' lang='lat' dir='ltr'><strong>ingrediuntur</strong></span> <span class='ocrx_word' id='word_1_619' title='bbox 1376 4744 1562 4795; x_wconf 87' lang='lat' dir='ltr'><strong>urbem</strong></span> <span class='ocrx_word' id='word_1_620' title='bbox 1612 4741 1714 4794; x_wconf 87' lang='lat' dir='ltr'><strong>lla-</strong></span> 
     </span>
    </p>
   </div>
   <div class='ocr_carea' id='block_1_94' title="bbox 160 4835 1714 4907">
    <p class='ocr_par' dir='ltr' id='par_1_94' title="bbox 160 4835 1714 4907">
     <span class='ocr_line' id='line_1_94' title="bbox 160 4835 1714 4907; baseline -0.001 -17"><span class='ocrx_word' id='word_1_621' title='bbox 160 4837 560 4907; x_wconf 68' lang='lat' dir='ltr'><strong>giubazariotte,</strong></span> <span class='ocrx_word' id='word_1_622' title='bbox 586 4845 736 4890; x_wconf 88' lang='lat' dir='ltr'><strong>trans</strong></span> <span class='ocrx_word' id='word_1_623' title='bbox 784 4836 960 4888; x_wconf 88' lang='lat' dir='ltr'><strong>sinum</strong></span> <span class='ocrx_word' id='word_1_624' title='bbox 1015 4835 1340 4897; x_wconf 74' lang='lat' dir='ltr'><strong>habitantes,</strong></span> <span class='ocrx_word' id='word_1_625' title='bbox 1404 4851 1433 4887; x_wconf 90' lang='lat' dir='ltr'><strong>e</strong></span> <span class='ocrx_word' id='word_1_626' title='bbox 1496 4837 1714 4903; x_wconf 78' lang='lat' dir='ltr'><strong>regione</strong></span> 
     </span>
    </p>
   </div>
   <div class='ocr_carea' id='block_1_95' title="bbox 163 4926 1712 5002">
    <p class='ocr_par' dir='ltr' id='par_1_95' title="bbox 163 4926 1712 5002">
     <span class='ocr_line' id='line_1_95' title="bbox 163 4926 1712 5002; baseline -0.003 -21"><span class='ocrx_word' id='word_1_627' title='bbox 163 4932 319 4999; x_wconf 84' lang='lat' dir='ltr'><strong>hujus</strong></span> <span class='ocrx_word' id='word_1_628' title='bbox 336 4939 527 5002; x_wconf 70' lang='lat' dir='ltr'><strong>portae.</strong></span> <span class='ocrx_word' id='word_1_629' title='bbox 549 4926 752 4982; x_wconf 80' lang='lat' dir='ltr'><strong>Nomen</strong></span> <span class='ocrx_word' id='word_1_630' title='bbox 770 4927 1117 4996; x_wconf 73' lang='lat' dir='ltr'><strong>llagiobamrl</strong></span> <span class='ocrx_word' id='word_1_631' title='bbox 1137 4928 1397 4996; x_wconf 72' lang='lat' dir='ltr'><strong>signiﬁCat</strong></span> <span class='ocrx_word' id='word_1_632' title='bbox 1420 4927 1499 4980; x_wconf 85' lang='lat' dir='ltr'><strong>vel</strong></span> <span class='ocrx_word' id='word_1_633' title='bbox 1517 4927 1712 4986; x_wconf 78' lang='lat' dir='ltr'><strong>sancti,</strong></span> 
     </span>
    </p>
   </div>
   <div class='ocr_carea' id='block_1_96' title="bbox 164 5013 1718 5088">
    <p class='ocr_par' dir='ltr' id='par_1_96' title="bbox 164 5013 1718 5088">
     <span class='ocr_line' id='line_1_96' title="bbox 164 5013 1718 5088; baseline -0.008 -12"><span class='ocrx_word' id='word_1_634' title='bbox 164 5023 237 5076; x_wconf 79' lang='lat' dir='ltr'><strong>vel</strong></span> <span class='ocrx_word' id='word_1_635' title='bbox 264 5033 516 5076; x_wconf 78' lang='lat' dir='ltr'><strong>sanctum</strong></span> <span class='ocrx_word' id='word_1_636' title='bbox 538 5013 923 5087; x_wconf 89' lang='lat' dir='ltr'><strong>emporium.Et</strong></span> <span class='ocrx_word' id='word_1_637' title='bbox 941 5021 1162 5086; x_wconf 86' lang='lat' dir='ltr'><strong>emporll</strong></span> <span class='ocrx_word' id='word_1_638' title='bbox 1191 5034 1316 5072; x_wconf 86' lang='lat' dir='ltr'><strong>voce</strong></span> <span class='ocrx_word' id='word_1_639' title='bbox 1339 5017 1569 5088; x_wconf 88' lang='lat' dir='ltr'><strong>Sytneon</strong></span> <span class='ocrx_word' id='word_1_640' title='bbox 1589 5034 1718 5083; x_wconf 51' lang='lat' dir='ltr'><strong>quod</strong></span> 
     </span>
    </p>
   </div>
   <div class='ocr_carea' id='block_1_97' title="bbox 165 5109 1712 5180">
    <p class='ocr_par' dir='ltr' id='par_1_97' title="bbox 165 5109 1712 5180">
     <span class='ocr_line' id='line_1_97' title="bbox 165 5109 1712 5180; baseline -0.005 -16"><span class='ocrx_word' id='word_1_641' title='bbox 165 5128 264 5180; x_wconf 83' lang='lat' dir='ltr'><strong>que</strong></span> <span class='ocrx_word' id='word_1_642' title='bbox 281 5115 539 5180; x_wconf 74' lang='lat' dir='ltr'><strong>Magister</strong></span> <span class='ocrx_word' id='word_1_643' title='bbox 563 5127 681 5164; x_wconf 88' lang='lat' dir='ltr'><strong>cum</strong></span> <span class='ocrx_word' id='word_1_644' title='bbox 711 5114 830 5166; x_wconf 85' lang='lat' dir='ltr'><strong>aliis</strong></span> <span class='ocrx_word' id='word_1_645' title='bbox 867 5113 1067 5167; x_wconf 69' lang='lat' dir='ltr'><strong>Graecis</strong></span> <span class='ocrx_word' id='word_1_646' title='bbox 1088 5109 1253 5166; x_wconf 87' lang='lat' dir='ltr'><strong>utitur</strong></span> <span class='ocrx_word' id='word_1_647' title='bbox 1273 5113 1368 5180; x_wconf 80' lang='lat' dir='ltr'><strong>pro</strong></span> <span class='ocrx_word' id='word_1_648' title='bbox 1392 5110 1550 5162; x_wconf 65' lang='lat' dir='ltr'><strong>nullis</strong></span> <span class='ocrx_word' id='word_1_649' title='bbox 1571 5109 1712 5160; x_wconf 81' lang='lat' dir='ltr'><strong>clau-</strong></span> 
     </span>
    </p>
   </div>
   <div class='ocr_carea' id='block_1_98' title="bbox 169 5191 1720 5273">
    <p class='ocr_par' dir='ltr' id='par_1_98' title="bbox 169 5191 1720 5273">
     <span class='ocr_line' id='line_1_98' title="bbox 169 5191 1720 5273; baseline -0.006 -15"><span class='ocrx_word' id='word_1_650' title='bbox 169 5219 225 5257; x_wconf 68' lang='lat' dir='ltr'><strong>so</strong></span> <span class='ocrx_word' id='word_1_651' title='bbox 255 5204 448 5273; x_wconf 87' lang='lat' dir='ltr'><strong>portis,</strong></span> <span class='ocrx_word' id='word_1_652' title='bbox 471 5191 738 5256; x_wconf 46' lang='lat' dir='ltr'><strong>aut&#39;nullis</strong></span> <span class='ocrx_word' id='word_1_653' title='bbox 756 5205 931 5258; x_wconf 82' lang='lat' dir='ltr'><strong>cincto</strong></span> <span class='ocrx_word' id='word_1_654' title='bbox 954 5205 1120 5258; x_wconf 89' lang='lat' dir='ltr'><strong>muris</strong></span> <span class='ocrx_word' id='word_1_655' title='bbox 1135 5203 1406 5272; x_wconf 87' lang='lat' dir='ltr'><strong>oppidulo.</strong></span> <span class='ocrx_word' id='word_1_656' title='bbox 1429 5199 1608 5252; x_wconf 83' lang='lat' dir='ltr'><strong>Saneti</strong></span> <span class='ocrx_word' id='word_1_657' title='bbox 1627 5199 1720 5266; x_wconf 50' lang='lat' dir='ltr'><strong>por-</strong></span> 
     </span>
    </p>
   </div>
   <div class='ocr_carea' id='block_1_99' title="bbox 171 5291 1718 5361">
    <p class='ocr_par' dir='ltr' id='par_1_99' title="bbox 171 5291 1718 5361">
     <span class='ocr_line' id='line_1_99' title="bbox 171 5291 1718 5361; baseline -0.005 -15"><span class='ocrx_word' id='word_1_658' title='bbox 171 5298 270 5349; x_wconf 86' lang='lat' dir='ltr'><strong>tius</strong></span> <span class='ocrx_word' id='word_1_659' title='bbox 302 5294 611 5349; x_wconf 81' lang='lat' dir='ltr'><strong>existimem</strong></span> <span class='ocrx_word' id='word_1_660' title='bbox 646 5292 927 5348; x_wconf 89' lang='lat' dir='ltr'><strong>dicendum</strong></span> <span class='ocrx_word' id='word_1_661' title='bbox 973 5291 1718 5361; x_wconf 75' lang='lat' dir='ltr'><strong>enrporitttn,utintelligatur</strong></span> 
     </span>
    </p>
   </div>
   <div class='ocr_carea' id='block_1_100' title="bbox 171 5384 1715 5461">
    <p class='ocr_par' dir='ltr' id='par_1_100' title="bbox 171 5384 1715 5461">
     <span class='ocr_line' id='line_1_100' title="bbox 171 5384 1715 5461; baseline -0.002 -23"><span class='ocrx_word' id='word_1_662' title='bbox 171 5389 466 5455; x_wconf 83' lang='lat' dir='ltr'><strong>emporium</strong></span> <span class='ocrx_word' id='word_1_663' title='bbox 493 5386 662 5438; x_wconf 87' lang='lat' dir='ltr'><strong>sancti</strong></span> <span class='ocrx_word' id='word_1_664' title='bbox 694 5385 1003 5447; x_wconf 64' lang='lat' dir='ltr'><strong>“amantis,</strong></span> <span class='ocrx_word' id='word_1_665' title='bbox 1041 5384 1209 5461; x_wconf 79' lang='lat' dir='ltr'><strong>_quod</strong></span> <span class='ocrx_word' id='word_1_666' title='bbox 1265 5386 1390 5439; x_wconf 87' lang='lat' dir='ltr'><strong>olim</strong></span> <span class='ocrx_word' id='word_1_667' title='bbox 1445 5388 1715 5437; x_wconf 79' lang='lat' dir='ltr'><strong>monaste-</strong></span> 
     </span>
    </p>
   </div>
   <div class='ocr_carea' id='block_1_101' title="bbox 176 5471 1715 5545">
    <p class='ocr_par' dir='ltr' id='par_1_101' title="bbox 176 5471 1715 5545">
     <span class='ocr_line' id='line_1_101' title="bbox 176 5471 1715 5545; baseline -0.002 -18"><span class='ocrx_word' id='word_1_668' title='bbox 176 5477 302 5528; x_wconf 89' lang='lat' dir='ltr'><strong>rium</strong></span> <span class='ocrx_word' id='word_1_669' title='bbox 367 5478 602 5545; x_wconf 80' lang='lat' dir='ltr'><strong>insigne,</strong></span> <span class='ocrx_word' id='word_1_670' title='bbox 663 5476 922 5545; x_wconf 89' lang='lat' dir='ltr'><strong>palatium</strong></span> <span class='ocrx_word' id='word_1_671' title='bbox 978 5471 1259 5544; x_wconf 82' lang='lat' dir='ltr'><strong>angustale</strong></span> <span class='ocrx_word' id='word_1_672' title='bbox 1309 5475 1715 5528; x_wconf 72' lang='lat' dir='ltr'><strong>celeberr‘intt’mt</strong></span> 
     </span>
    </p>
   </div>
   <div class='ocr_carea' id='block_1_102' title="bbox 176 5562 1715 5636">
    <p class='ocr_par' dir='ltr' id='par_1_102' title="bbox 176 5562 1715 5636">
     <span class='ocr_line' id='line_1_102' title="bbox 176 5562 1715 5636; baseline -0.004 -19"><span class='ocrx_word' id='word_1_673' title='bbox 176 5567 222 5618; x_wconf 90' lang='lat' dir='ltr'><strong>in</strong></span> <span class='ocrx_word' id='word_1_674' title='bbox 253 5569 522 5632; x_wconf 86' lang='lat' dir='ltr'><strong>historiis,</strong></span> <span class='ocrx_word' id='word_1_675' title='bbox 553 5579 767 5636; x_wconf 87' lang='lat' dir='ltr'><strong>pontem</strong></span> <span class='ocrx_word' id='word_1_676' title='bbox 795 5568 1025 5636; x_wconf 85' lang='lat' dir='ltr'><strong>denique</strong></span> <span class='ocrx_word' id='word_1_677' title='bbox 1076 5581 1183 5633; x_wconf 86' lang='lat' dir='ltr'><strong>non</strong></span> <span class='ocrx_word' id='word_1_678' title='bbox 1212 5565 1390 5618; x_wconf 81' lang='lat' dir='ltr'><strong>minus</strong></span> <span class='ocrx_word' id='word_1_679' title='bbox 1457 5562 1715 5624; x_wconf 85' lang='lat' dir='ltr'><strong>nobilem,</strong></span> 
     </span>
    </p>
   </div>
   <div class='ocr_carea' id='block_1_103' title="bbox 177 5653 1712 5728">
    <p class='ocr_par' dir='ltr' id='par_1_103' title="bbox 177 5653 1712 5728">
     <span class='ocr_line' id='line_1_103' title="bbox 177 5653 1712 5728; baseline -0.003 -21"><span class='ocrx_word' id='word_1_680' title='bbox 177 5655 345 5712; x_wconf 85' lang='lat' dir='ltr'><strong>Sancti</strong></span> <span class='ocrx_word' id='word_1_681' title='bbox 413 5658 697 5714; x_wconf 69' lang='lat' dir='ltr'><strong>Mamantis</strong></span> <span class='ocrx_word' id='word_1_682' title='bbox 754 5660 1076 5728; x_wconf 84' lang='lat' dir='ltr'><strong>appellatum</strong></span> <span class='ocrx_word' id='word_1_683' title='bbox 1140 5656 1348 5709; x_wconf 87' lang='lat' dir='ltr'><strong>habuit.</strong></span> <span class='ocrx_word' id='word_1_684' title='bbox 1423 5653 1517 5707; x_wconf 91' lang='lat' dir='ltr'><strong>llic</strong></span> <span class='ocrx_word' id='word_1_685' title='bbox 1572 5653 1712 5706; x_wconf 92' lang='lat' dir='ltr'><strong>enim</strong></span> 
     </span>
    </p>
   </div>
   <div class='ocr_carea' id='block_1_104' title="bbox 182 5745 1712 5805">
    <p class='ocr_par' dir='ltr' id='par_1_104' title="bbox 182 5745 1712 5805">
     <span class='ocr_line' id='line_1_104' title="bbox 182 5745 1712 5805; baseline -0.003 -6"><span class='ocrx_word' id='word_1_686' title='bbox 182 5747 454 5804; x_wconf 78' lang='lat' dir='ltr'><strong>tll‘undunt</strong></span> <span class='ocrx_word' id='word_1_687' title='bbox 510 5764 629 5805; x_wconf 85' lang='lat' dir='ltr'><strong>sese</strong></span> <span class='ocrx_word' id='word_1_688' title='bbox 686 5751 738 5802; x_wconf 93' lang='lat' dir='ltr'><strong>in</strong></span> <span class='ocrx_word' id='word_1_689' title='bbox 803 5752 1098 5803; x_wconf 78' lang='lat' dir='ltr'><strong>extremum</strong></span> <span class='ocrx_word' id='word_1_690' title='bbox 1163 5745 1467 5800; x_wconf 87' lang='lat' dir='ltr'><strong>Ceratlnum</strong></span> <span class='ocrx_word' id='word_1_691' title='bbox 1536 5745 1712 5799; x_wconf 89' lang='lat' dir='ltr'><strong>sinum</strong></span> 
     </span>
    </p>
   </div>
   <div class='ocr_carea' id='block_1_105' title="bbox 185 5836 1712 5910">
    <p class='ocr_par' dir='ltr' id='par_1_105' title="bbox 185 5836 1712 5910">
     <span class='ocr_line' id='line_1_105' title="bbox 185 5836 1712 5910; baseline 0.001 -21"><span class='ocrx_word' id='word_1_692' title='bbox 185 5840 410 5896; x_wconf 82' lang='lat' dir='ltr'><strong>celebres</strong></span> <span class='ocrx_word' id='word_1_693' title='bbox 437 5840 512 5892; x_wconf 92' lang='lat' dir='ltr'><strong>illi</strong></span> <span class='ocrx_word' id='word_1_694' title='bbox 540 5840 735 5910; x_wconf 77' lang='lat' dir='ltr'><strong>priscis</strong></span> <span class='ocrx_word' id='word_1_695' title='bbox 778 5839 974 5892; x_wconf 87' lang='lat' dir='ltr'><strong>fluvioli</strong></span> <span class='ocrx_word' id='word_1_696' title='bbox 1032 5837 1274 5906; x_wconf 83' lang='lat' dir='ltr'><strong>Cydarus</strong></span> <span class='ocrx_word' id='word_1_697' title='bbox 1310 5845 1381 5907; x_wconf 83' lang='lat' dir='ltr'><strong>et</strong></span> <span class='ocrx_word' id='word_1_698' title='bbox 1429 5836 1712 5906; x_wconf 65' lang='lat' dir='ltr'><strong>Bai-byses,</strong></span> 
     </span>
    </p>
   </div>
   <div class='ocr_carea' id='block_1_106' title="bbox 441 5927 1102 6014">
    <p class='ocr_par' dir='ltr' id='par_1_106' title="bbox 441 5927 1102 6014">
     <span class='ocr_line' id='line_1_106' title="bbox 441 5927 1102 6014; baseline -0.006 -20"><span class='ocrx_word' id='word_1_699' title='bbox 441 5935 716 6014; x_wconf 64' lang='lat' dir='ltr'><strong>frmat.</strong></span> <span class='ocrx_word' id='word_1_700' title='bbox 747 5934 836 5993; x_wconf 79' lang='lat' dir='ltr'><strong>Gtt</strong></span> <span class='ocrx_word' id='word_1_701' title='bbox 895 5927 1102 5990; x_wconf 74' lang='lat' dir='ltr'><strong>CLIX.</strong></span> 
     </span>
    </p>
   </div>
   <div class='ocr_carea' id='block_1_107' title="bbox 1818 4656 3344 4733">
    <p class='ocr_par' dir='ltr' id='par_1_107' title="bbox 1818 4656 3344 4733">
     <span class='ocr_line' id='line_1_107' title="bbox 1818 4656 3344 4733; baseline 0.001 -15"><span class='ocrx_word' id='word_1_702' title='bbox 1818 4656 2114 4718; x_wconf 40' lang='lat' dir='ltr'><strong>Sic‘autem’</strong></span> <span class='ocrx_word' id='word_1_703' title='bbox 2142 4679 2171 4718; x_wconf 92' lang='lat' dir='ltr'><strong>a</strong></span> <span class='ocrx_word' id='word_1_704' title='bbox 2197 4663 2482 4732; x_wconf 83' lang='lat' dir='ltr'><strong>Caligariis</strong></span> <span class='ocrx_word' id='word_1_705' title='bbox 2509 4664 2622 4718; x_wconf 84' lang='lat' dir='ltr'><strong>sive</strong></span> <span class='ocrx_word' id='word_1_706' title='bbox 2653 4665 2932 4718; x_wconf 82' lang='lat' dir='ltr'><strong>sutoribus</strong></span> <span class='ocrx_word' id='word_1_707' title='bbox 2957 4673 3038 4719; x_wconf 90' lang='lat' dir='ltr'><strong>est</strong></span> <span class='ocrx_word' id='word_1_708' title='bbox 3062 4667 3344 4733; x_wconf 84' lang='lat' dir='ltr'><strong>appellata,</strong></span> 
     </span>
    </p>
   </div>
   <div class='ocr_carea' id='block_1_108' title="bbox 1815 4755 3345 4830">
    <p class='ocr_par' dir='ltr' id='par_1_108' title="bbox 1815 4755 3345 4830">
     <span class='ocr_line' id='line_1_108' title="bbox 1815 4755 3345 4830; baseline 0.003 -24"><span class='ocrx_word' id='word_1_709' title='bbox 1815 4757 1905 4824; x_wconf 81' lang='lat' dir='ltr'><strong>qui</strong></span> <span class='ocrx_word' id='word_1_710' title='bbox 1939 4758 2304 4830; x_wconf 82' lang='lat' dir='ltr'><strong>calceantepta</strong></span> <span class='ocrx_word' id='word_1_711' title='bbox 2340 4756 2565 4821; x_wconf 83' lang='lat' dir='ltr'><strong>faciunt,</strong></span> <span class='ocrx_word' id='word_1_712' title='bbox 2608 4772 2633 4808; x_wconf 90' lang='lat' dir='ltr'><strong>a</strong></span> <span class='ocrx_word' id='word_1_713' title='bbox 2678 4755 2868 4810; x_wconf 88' lang='lat' dir='ltr'><strong>Turcis</strong></span> <span class='ocrx_word' id='word_1_714' title='bbox 2918 4757 3185 4809; x_wconf 83' lang='lat' dir='ltr'><strong>nominata</strong></span> <span class='ocrx_word' id='word_1_715' title='bbox 3218 4756 3345 4810; x_wconf 76' lang='lat' dir='ltr'><strong>Pas-</strong></span> 
     </span>
    </p>
   </div>
   <div class='ocr_carea' id='block_1_109' title="bbox 1817 4845 3346 4916">
    <p class='ocr_par' dir='ltr' id='par_1_109' title="bbox 1817 4845 3346 4916">
     <span class='ocr_line' id='line_1_109' title="bbox 1817 4845 3346 4916; baseline 0 -17"><span class='ocrx_word' id='word_1_716' title='bbox 1817 4847 2108 4916; x_wconf 79' lang='lat' dir='ltr'><strong>sumaggia.</strong></span> <span class='ocrx_word' id='word_1_717' title='bbox 2147 4845 2454 4899; x_wconf 89' lang='lat' dir='ltr'><strong>lnter&#39;hanc</strong></span> <span class='ocrx_word' id='word_1_718' title='bbox 2499 4857 2552 4900; x_wconf 86' lang='lat' dir='ltr'><strong>et</strong></span> <span class='ocrx_word' id='word_1_719' title='bbox 2585 4847 2827 4914; x_wconf 79' lang='lat' dir='ltr'><strong>proxime</strong></span> <span class='ocrx_word' id='word_1_720' title='bbox 2881 4854 3191 4913; x_wconf 87' lang='lat' dir='ltr'><strong>sequentem</strong></span> <span class='ocrx_word' id='word_1_721' title='bbox 3227 4862 3346 4914; x_wconf 90' lang='lat' dir='ltr'><strong>por-</strong></span> 
     </span>
    </p>
   </div>
   <div class='ocr_carea' id='block_1_110' title="bbox 1817 4936 3339 5009">
    <p class='ocr_par' dir='ltr' id='par_1_110' title="bbox 1817 4936 3339 5009">
     <span class='ocr_line' id='line_1_110' title="bbox 1817 4936 3339 5009; baseline 0.001 -20"><span class='ocrx_word' id='word_1_722' title='bbox 1817 4947 1923 4989; x_wconf 88' lang='lat' dir='ltr'><strong>tam</strong></span> <span class='ocrx_word' id='word_1_723' title='bbox 1953 4938 2112 4990; x_wconf 90' lang='lat' dir='ltr'><strong>sitmu</strong></span> <span class='ocrx_word' id='word_1_724' title='bbox 2146 4946 2228 4989; x_wconf 87' lang='lat' dir='ltr'><strong>est</strong></span> <span class='ocrx_word' id='word_1_725' title='bbox 2259 4936 2321 4988; x_wconf 82' lang='lat' dir='ltr'><strong>ad</strong></span> <span class='ocrx_word' id='word_1_726' title='bbox 2352 4938 2494 5005; x_wconf 83' lang='lat' dir='ltr'><strong>ipsos</strong></span> <span class='ocrx_word' id='word_1_727' title='bbox 2542 4952 2745 5000; x_wconf 84' lang='lat' dir='ltr'><strong>muros,</strong></span> <span class='ocrx_word' id='word_1_728' title='bbox 2775 4937 2882 4989; x_wconf 87' lang='lat' dir='ltr'><strong>alto</strong></span> <span class='ocrx_word' id='word_1_729' title='bbox 2922 4936 3066 5009; x_wconf 80' lang='lat' dir='ltr'><strong>loco,</strong></span> <span class='ocrx_word' id='word_1_730' title='bbox 3086 4937 3339 5004; x_wconf 87' lang='lat' dir='ltr'><strong>palatium</strong></span> 
     </span>
    </p>
   </div>
   <div class='ocr_carea' id='block_1_111' title="bbox 1818 5013 3346 5102">
    <p class='ocr_par' dir='ltr' id='par_1_111' title="bbox 1818 5013 3346 5094">
     <span class='ocr_line' id='line_1_111' title="bbox 1818 5013 3346 5094; baseline 0 -18"><span class='ocrx_word' id='word_1_731' title='bbox 1818 5036 1964 5078; x_wconf 85' lang='lat' dir='ltr'><strong>vetus</strong></span> <span class='ocrx_word' id='word_1_732' title='bbox 1993 5013 2464 5090; x_wconf 85' lang='lat' dir='ltr'><strong>Blachernianum,</strong></span> <span class='ocrx_word' id='word_1_733' title='bbox 2493 5026 2637 5094; x_wconf 90' lang='lat' dir='ltr'><strong>quod</strong></span> <span class='ocrx_word' id='word_1_734' title='bbox 2675 5025 3013 5078; x_wconf 79' lang='lat' dir='ltr'><strong>Constantini</strong></span> <span class='ocrx_word' id='word_1_735' title='bbox 3040 5023 3149 5090; x_wconf 89' lang='lat' dir='ltr'><strong>jam</strong></span> <span class='ocrx_word' id='word_1_736' title='bbox 3189 5014 3346 5093; x_wconf 82' lang='lat' dir='ltr'><strong>vulgo</strong></span> 
     </span>
    </p>
   </div>
   <div class='ocr_carea' id='block_1_112' title="bbox 1817 5113 3436 5184">
    <p class='ocr_par' dir='ltr' id='par_1_112' title="bbox 1817 5113 3436 5184">
     <span class='ocr_line' id='line_1_112' title="bbox 1817 5113 3436 5184; baseline 0.002 -18"><span class='ocrx_word' id='word_1_737' title='bbox 1817 5126 2024 5174; x_wconf 85' lang='lat' dir='ltr'><strong>vocant,</strong></span> <span class='ocrx_word' id='word_1_738' title='bbox 2068 5114 2155 5166; x_wconf 89' lang='lat' dir='ltr'><strong>ubi</strong></span> <span class='ocrx_word' id='word_1_739' title='bbox 2202 5115 2450 5170; x_wconf 86' lang='lat' dir='ltr'><strong>solebant</strong></span> <span class='ocrx_word' id='word_1_740' title='bbox 2496 5115 2765 5184; x_wconf 86' lang='lat' dir='ltr'><strong>elephanti</strong></span> <span class='ocrx_word' id='word_1_741' title='bbox 2795 5114 3056 5168; x_wconf 84' lang='lat' dir='ltr'><strong>hactenus</strong></span> <span class='ocrx_word' id='word_1_742' title='bbox 3087 5113 3182 5168; x_wconf 78' lang='lat' dir='ltr'><strong>ali.</strong></span> <span class='ocrx_word' id='word_1_743' title='bbox 3235 5114 3349 5169; x_wconf 88' lang='lat' dir='ltr'><strong>llne</strong></span> <span class='ocrx_word' id='word_1_744' title='bbox 3429 5129 3436 5138; x_wconf 79' lang='lat'>‘</span> 
     </span>
    </p>
   </div>
   <div class='ocr_carea' id='block_1_113' title="bbox 1811 5205 3349 5282">
    <p class='ocr_par' dir='ltr' id='par_1_113' title="bbox 1811 5205 3349 5282">
     <span class='ocr_line' id='line_1_113' title="bbox 1811 5205 3349 5282; baseline 0.001 -26"><span class='ocrx_word' id='word_1_745' title='bbox 1811 5205 1918 5273; x_wconf 79' lang='lat' dir='ltr'><strong>jam</strong></span> <span class='ocrx_word' id='word_1_746' title='bbox 1955 5207 2227 5272; x_wconf 68' lang='lat' dir='ltr'><strong>praeterito</strong></span> <span class='ocrx_word' id='word_1_747' title='bbox 2269 5222 2411 5260; x_wconf 87' lang='lat' dir='ltr'><strong>anno</strong></span> <span class='ocrx_word' id='word_1_748' title='bbox 2445 5206 2681 5262; x_wconf 77' lang='lat' dir='ltr'><strong>Murates</strong></span> <span class='ocrx_word' id='word_1_749' title='bbox 2714 5206 2776 5260; x_wconf 93' lang='lat' dir='ltr'><strong>Ill</strong></span> <span class='ocrx_word' id='word_1_750' title='bbox 2803 5206 3007 5260; x_wconf 63' lang='lat' dir='ltr'><strong>Graecis</strong></span> <span class='ocrx_word' id='word_1_751' title='bbox 3038 5205 3152 5259; x_wconf 87' lang='lat' dir='ltr'><strong>loco</strong></span> <span class='ocrx_word' id='word_1_752' title='bbox 3188 5209 3349 5282; x_wconf 35' lang='lat' dir='ltr'><strong>patri:</strong></span> 
     </span>
    </p>
   </div>
   <div class='ocr_carea' id='block_1_114' title="bbox 1816 5289 3346 5370">
    <p class='ocr_par' dir='ltr' id='par_1_114' title="bbox 1816 5289 3346 5370">
     <span class='ocr_line' id='line_1_114' title="bbox 1816 5289 3346 5370; baseline 0.003 -24"><span class='ocrx_word' id='word_1_753' title='bbox 1816 5289 1981 5348; x_wconf 89' lang='lat' dir='ltr'><strong>archii</strong></span> <span class='ocrx_word' id='word_1_754' title='bbox 2012 5296 2304 5370; x_wconf 81' lang='lat' dir='ltr'><strong>concessit,</strong></span> <span class='ocrx_word' id='word_1_755' title='bbox 2349 5305 2408 5350; x_wconf 91' lang='lat' dir='ltr'><strong>ut</strong></span> <span class='ocrx_word' id='word_1_756' title='bbox 2440 5298 2601 5366; x_wconf 85' lang='lat' dir='ltr'><strong>paulo</strong></span> <span class='ocrx_word' id='word_1_757' title='bbox 2637 5309 2762 5352; x_wconf 87' lang='lat' dir='ltr'><strong>ante</strong></span> <span class='ocrx_word' id='word_1_758' title='bbox 2803 5298 3056 5355; x_wconf 76' lang='lat' dir='ltr'><strong>diximus.</strong></span> <span class='ocrx_word' id='word_1_759' title='bbox 3081 5297 3346 5352; x_wconf 58' lang='lat' dir='ltr'><strong>Craterum</strong></span> 
     </span>
    </p>
   </div>
   <div class='ocr_carea' id='block_1_115' title="bbox 1816 5382 3356 5471">
    <p class='ocr_par' dir='ltr' id='par_1_115' title="bbox 1816 5382 3356 5471">
     <span class='ocr_line' id='line_1_115' title="bbox 1816 5382 3356 5471; baseline 0.004 -32"><span class='ocrx_word' id='word_1_760' title='bbox 1816 5382 2078 5455; x_wconf 86' lang='lat' dir='ltr'><strong>reperitur</strong></span> <span class='ocrx_word' id='word_1_761' title='bbox 2106 5385 2158 5440; x_wconf 90' lang='lat' dir='ltr'><strong>in</strong></span> <span class='ocrx_word' id='word_1_762' title='bbox 2189 5384 2392 5457; x_wconf 63' lang='lat' dir='ltr'><strong>Graeci;</strong></span> <span class='ocrx_word' id='word_1_763' title='bbox 2414 5389 2652 5471; x_wconf 83' lang='lat' dir='ltr'><strong>historiis</strong></span> <span class='ocrx_word' id='word_1_764' title='bbox 2685 5390 2841 5458; x_wconf 85' lang='lat' dir='ltr'><strong>hujus</strong></span> <span class='ocrx_word' id='word_1_765' title='bbox 2872 5401 3041 5458; x_wconf 69' lang='lat' dir='ltr'><strong>ports:</strong></span> <span class='ocrx_word' id='word_1_766' title='bbox 3058 5391 3356 5460; x_wconf 68' lang='lat' dir='ltr'><strong>Caligario-</strong></span> 
     </span>
    </p>
   </div>
   <div class='ocr_carea' id='block_1_116' title="bbox 1814 5475 3349 5550">
    <p class='ocr_par' dir='ltr' id='par_1_116' title="bbox 1814 5475 3349 5550">
     <span class='ocr_line' id='line_1_116' title="bbox 1814 5475 3349 5550; baseline 0.005 -22"><span class='ocrx_word' id='word_1_767' title='bbox 1814 5491 1928 5528; x_wconf 88' lang='lat' dir='ltr'><strong>rum</strong></span> <span class='ocrx_word' id='word_1_768' title='bbox 1951 5489 2140 5527; x_wconf 90' lang='lat' dir='ltr'><strong>nomen</strong></span> <span class='ocrx_word' id='word_1_769' title='bbox 2168 5477 2463 5544; x_wconf 88' lang='lat' dir='ltr'><strong>antiquius,</strong></span> <span class='ocrx_word' id='word_1_770' title='bbox 2500 5478 2657 5533; x_wconf 83' lang='lat' dir='ltr'><strong>Porta</strong></span> <span class='ocrx_word' id='word_1_771' title='bbox 2695 5480 2925 5549; x_wconf 76' lang='grc' dir='ltr'><strong>Καρσία,</strong></span> <span class='ocrx_word' id='word_1_772' title='bbox 2958 5484 3069 5536; x_wconf 79' lang='lat' dir='ltr'><strong>sive</strong></span> <span class='ocrx_word' id='word_1_773' title='bbox 3092 5475 3305 5550; x_wconf 76' lang='lat' dir='ltr'><strong>obliqua</strong></span> <span class='ocrx_word' id='word_1_774' title='bbox 3330 5497 3349 5536; x_wconf 87' lang='lat'><strong>:</strong></span> 
     </span>
    </p>
   </div>
   <div class='ocr_carea' id='block_1_117' title="bbox 1818 5564 3347 5641">
    <p class='ocr_par' dir='ltr' id='par_1_117' title="bbox 1818 5564 3347 5641">
     <span class='ocr_line' id='line_1_117' title="bbox 1818 5564 3347 5641; baseline -0.002 -18"><span class='ocrx_word' id='word_1_775' title='bbox 1818 5567 1960 5639; x_wconf 84' lang='lat' dir='ltr'><strong>quod</strong></span> <span class='ocrx_word' id='word_1_776' title='bbox 1985 5569 2324 5634; x_wconf 85' lang='lat' dir='ltr'><strong>interpretati</strong></span> <span class='ocrx_word' id='word_1_777' title='bbox 2350 5569 2512 5624; x_wconf 85' lang='lat' dir='ltr'><strong>Turci</strong></span> <span class='ocrx_word' id='word_1_778' title='bbox 2544 5571 2793 5626; x_wconf 87' lang='lat' dir='ltr'><strong>videntur</strong></span> <span class='ocrx_word' id='word_1_779' title='bbox 2813 5588 2904 5640; x_wconf 85' lang='lat' dir='ltr'><strong>per</strong></span> <span class='ocrx_word' id='word_1_780' title='bbox 2930 5573 3050 5641; x_wconf 84' lang='lat' dir='ltr'><strong>Egri</strong></span> <span class='ocrx_word' id='word_1_781' title='bbox 3079 5564 3219 5638; x_wconf 86' lang='lat' dir='ltr'><strong>capi.</strong></span> <span class='ocrx_word' id='word_1_782' title='bbox 3250 5567 3347 5624; x_wconf 87' lang='lat' dir='ltr'><strong>Ur-</strong></span> 
     </span>
    </p>
   </div>
   <div class='ocr_carea' id='block_1_118' title="bbox 1774 5659 3349 5729">
    <p class='ocr_par' dir='ltr' id='par_1_118' title="bbox 1774 5659 3349 5729">
     <span class='ocr_line' id='line_1_118' title="bbox 1774 5659 3349 5729; baseline -0.001 -15"><span class='ocrx_word' id='word_1_783' title='bbox 1774 5708 1779 5714; x_wconf 97' lang='lat'><strong>.</strong></span> <span class='ocrx_word' id='word_1_784' title='bbox 1817 5663 1896 5714; x_wconf 88' lang='lat' dir='ltr'><strong>bis</strong></span> <span class='ocrx_word' id='word_1_785' title='bbox 1927 5667 2100 5713; x_wconf 86' lang='lat' dir='ltr'><strong>tamen</strong></span> <span class='ocrx_word' id='word_1_786' title='bbox 2154 5659 2504 5714; x_wconf 74' lang='lat' dir='ltr'><strong>aediﬁciorum</strong></span> <span class='ocrx_word' id='word_1_787' title='bbox 2529 5663 2665 5717; x_wconf 89' lang='lat' dir='ltr'><strong>liber</strong></span> <span class='ocrx_word' id='word_1_788' title='bbox 2691 5662 2926 5715; x_wconf 71' lang='lat' dir='ltr'><strong>Charsiaa</strong></span> <span class='ocrx_word' id='word_1_789' title='bbox 2946 5671 3150 5729; x_wconf 87' lang='lat' dir='ltr'><strong>portam</strong></span> <span class='ocrx_word' id='word_1_790' title='bbox 3180 5661 3349 5712; x_wconf 77' lang='lat' dir='ltr'><strong>voluit</strong></span> 
     </span>
    </p>
   </div>
   <div class='ocr_carea' id='block_1_119' title="bbox 1814 5749 3348 5817">
    <p class='ocr_par' dir='ltr' id='par_1_119' title="bbox 1814 5749 3348 5817">
     <span class='ocr_line' id='line_1_119' title="bbox 1814 5749 3348 5817; baseline -0.004 -10"><span class='ocrx_word' id='word_1_791' title='bbox 1814 5755 2007 5808; x_wconf 83' lang='lat' dir='ltr'><strong>dictam</strong></span> <span class='ocrx_word' id='word_1_792' title='bbox 2068 5753 2134 5803; x_wconf 90' lang='lat' dir='ltr'><strong>ab</strong></span> <span class='ocrx_word' id='word_1_793' title='bbox 2194 5761 2416 5803; x_wconf 87' lang='lat' dir='ltr'><strong>auctore</strong></span> <span class='ocrx_word' id='word_1_794' title='bbox 2472 5755 2551 5805; x_wconf 90' lang='lat' dir='ltr'><strong>vel</strong></span> <span class='ocrx_word' id='word_1_795' title='bbox 2613 5751 2885 5804; x_wconf 86' lang='lat' dir='ltr'><strong>conditore</strong></span> <span class='ocrx_word' id='word_1_796' title='bbox 2948 5751 3193 5811; x_wconf 84' lang='lat' dir='ltr'><strong>Cbarsia,</strong></span> <span class='ocrx_word' id='word_1_797' title='bbox 3255 5749 3348 5817; x_wconf 84' lang='lat' dir='ltr'><strong>qui</strong></span> 
     </span>
    </p>
   </div>
   <div class='ocr_carea' id='block_1_120' title="bbox 1819 5823 3349 5898">
    <p class='ocr_par' dir='ltr' id='par_1_120' title="bbox 1819 5823 3349 5898">
     <span class='ocr_line' id='line_1_120' title="bbox 1819 5823 3349 5898; baseline -0.001 -4"><span class='ocrx_word' id='word_1_798' title='bbox 1819 5840 2021 5894; x_wconf 84' lang='lat' dir='ltr'><strong>utentis</strong></span> <span class='ocrx_word' id='word_1_799' title='bbox 2058 5838 2235 5893; x_wconf 87' lang='lat' dir='ltr'><strong>colore</strong></span> <span class='ocrx_word' id='word_1_800' title='bbox 2275 5839 2474 5894; x_wconf 79' lang='lat' dir='ltr'><strong>\‘cncto</strong></span> <span class='ocrx_word' id='word_1_801' title='bbox 2499 5839 2748 5894; x_wconf 61' lang='lat' dir='ltr'><strong>factionis</strong></span> <span class='ocrx_word' id='word_1_802' title='bbox 2777 5837 2956 5891; x_wconf 88' lang='lat' dir='ltr'><strong>fuerit.</strong></span> <span class='ocrx_word' id='word_1_803' title='bbox 2995 5823 3126 5890; x_wconf 83' lang='lat' dir='ltr'><strong>Nam</strong></span> <span class='ocrx_word' id='word_1_804' title='bbox 3162 5836 3349 5898; x_wconf 74' lang='lat' dir='ltr'><strong>laetio-</strong></span> 
     </span>
    </p>
   </div>
   <div class='ocr_carea' id='block_1_121' title="bbox 2882 5929 2959 5990">
    <p class='ocr_par' dir='ltr' id='par_1_121' title="bbox 2882 5929 2959 5990">
     <span class='ocr_line' id='line_1_121' title="bbox 2882 5929 2959 5990; baseline 0.065 -5"><span class='ocrx_word' id='word_1_805' title='bbox 2882 5929 2959 5990; x_wconf 73' lang='grc'><strong>28</strong></span> 
     </span>
    </p>
   </div>
  </div>
