4006 6338
681 412 793 475 .875

1861 406 2192 468 JOANNIS
2237 405 2697 467 LEUNCLAVII

3780 402 3873 466 876

690 546 786 586 nes
817 528 943 585 olim
981 533 1211 596 quatuor
1253 531 1407 578 erant
1438 522 1491 576 in
1541 520 1896 591 hippodromo
1932 521 2218 589 decertan-
2257 530 2299 584 Α
2331 522 2537 586 urbem,
2560 521 2653 590 qui
2692 519 2847 589 juxta
2879 520 3058 574 sinum
3084 518 3394 575 Ccratinum
3434 534 3462 573 a
3521 513 3873 588 Pentrpyrgio

692 625 823 675 tium
854 616 1447 688 εςιιίεμιυοςαέλητας
1473 612 1742 667 Pindarus
1796 612 1954 677 dixit,
1994 611 2227 680 singulis

690 713 848 782 bigis,
882 711 1055 779 trigis,
1081 706 1389 777 quadrigis;
1415 706 1485 759 ita
1524 704 1796 759 distincta:
1843 703 2137 767 coloribus,
2170 713 2229 756 ut

691 802 897 871 βένετοι
926 800 1013 853 vel
1037 797 1483 862 cmruleiﬂcuxoi.
1541 795 1622 849 vel
1666 794 1794 860 albi,
1844 792 2092 863 πράσινοι
2131 807 2226 847 seu

691 880 912 954 virides,
938 889 1139 961 ρούσιοι
1166 903 1261 944 seu
1302 888 1448 943 rubri
1470 928 1486 956 ,
1517 887 1846 942 dicerentur.

765 985 977 1038 Decima
1013 981 1164 1035 tertia
1194 986 1277 1035 est
1307 980 1417 1045 illa,
1445 978 1603 1049 cujus
1655 978 1760 1032 hoc
1798 977 2072 1031 annalium
2106 976 2225 1031 loco

695 1076 751 1129 ﬁt
781 1073 1000 1135 mentio,
1030 1086 1254 1142 quaque
1283 1070 1438 1125 nobis
1490 1069 1830 1123 occasionem
1892 1068 2117 1137 primam
2150 1085 2227 1121 re-

692 1165 950 1225 censendi
975 1173 1164 1233 portas
1192 1162 1343 1217 urbis
1374 1161 1621 1231 praebuit.
1651 1158 1883 1214 Vocatur
1916 1167 2096 1212 autem
2123 1158 2226 1212 lla—

620 1268 623 1272 ‘
693 1256 1150 1325 drianopolitaua,
1186 1252 1327 1321 quod
1349 1250 1721 1321 Hadrianopoli
1757 1261 1901 1305 recta
1934 1252 2226 1311 venientes,

694 1348 883 1400 urbem
910 1343 1114 1413 ingredi
1142 1357 1238 1411 per
1260 1357 1378 1397 eam
1398 1342 1630 1397 soleant.
1660 1340 1721 1395 In
1757 1341 1858 1394 hac
1887 1349 2039 1410 porta
2070 1343 2228 1410 periit

697 1451 991 1507 oppressus
1021 1434 1296 1509 hominum
1330 1433 1489 1488 turba
1516 1431 1906 1489 Constantinus
1935 1430 2220 1501 Dragascs,

694 1531 913 1584 ultimus
955 1526 1259 1581 Graecorum
1292 1526 1604 1595 imperator.
2014 1585 2019 1590 ,

658 1604 659 1607 η
765 1621 1021 1690 Sequitur
1051 1620 1259 1673 decima
1290 1626 1506 1687 quarta,
1537 1618 1739 1673 recenti
1793 1618 2054 1673 vocabulo
2089 1617 2225 1671 Tur-

692 1714 807 1767 cico
839 1712 980 1765 dicta
1005 1710 1119 1779 Top
1149 1710 1342 1775 capisi,
1376 1723 1486 1777 quo
1519 1706 1853 1779 signiﬁcatur
1884 1718 2039 1779 porta
2070 1709 2224 1763 bom-

696 1801 1095 1865 bardarla,sive
1124 1807 1510 1853 tormentorum
1545 1798 1879 1853 bellicorum.
1907 1798 2077 1854 Graeci
2102 1807 2225 1853 ante

696 1900 904 1961 captam
942 1906 969 1943 a
1004 1889 1253 1943 Barbaris
1273 1888 1495 1953 urbem,
1527 1889 1878 1943 nominabant
1904 1889 1960 1943 S.
1996 1888 2227 1944 Romani

696 1992 927 2052 portam,
984 1981 1126 2035 sicut
1152 1987 1207 2034 et
1242 1979 1551 2034 Lconardus
1604 1980 1855 2036 L‘hiensis
1904 1989 1956 2035 et
2008 1978 2235 2035 Chalcoo

694 2071 950 2141 condyles
990 2078 1296 2125 testantur:
1341 2071 1498 2138 cujus
1535 2079 1714 2124 tamen
1755 2070 2027 2139 interpres
2060 2069 2234 2124 Galli-

694 2177 787 2215 cus
813 2176 878 2215 ex
908 2158 1091 2225 Sancti
1142 2157 1367 2212 Romani
1396 2164 1561 2227 porta.
1601 2156 1775 2213 facere
1808 2165 2011 2226 portam
2043 2154 2237 2211 Roma-

695 2265 813 2305 nam
851 2249 950 2305 fuit
973 2264 1159 2305 ausus.
1187 2251 1227 2303 Α
1266 2248 1574 2303 bombardis
1606 2262 1725 2303 eam
1760 2230 2236 2316 Turcos'arbi'tror

694 2342 1014 2412 appellasse,
1042 2340 1181 2411 quod
1207 2340 1509 2396 obsidionis
1548 2347 1791 2410 tempore
1808 2346 2086 2395 tormenta
2116 2339 2229 2397 bel-

694 2435 793 2488 lica
833 2435 1104 2502 prateipue
1138 2431 1340 2486 fuerint
1373 2430 1498 2486 huic
1532 2432 1802 2502 opposita.

761 2524 1012 2579 Proxima
1073 2522 1371 2578 secundum
1434 2520 1574 2578 hanc
1631 2530 1715 2578 est
1763 2523 1971 2579 decima
2022 2524 2232 2594 quinta,

696 2615 889 2671 Turcis
914 2613 1049 2670 Geni
1084 2612 1225 2682 capi,
1275 2610 1481 2669 Graecis
1503 2616 1599 2669 via
1620 2612 1813 2685 πόρτα,
1838 2615 1983 2685 quod
2023 2625 2230 2686 portam

696 2720 885 2760 novam
921 2704 1213 2776 signiﬁcat.
1982 2754 1983 2757 η

766 2795 895 2852 Inde
922 2797 1236 2867 pervenitur
1264 2799 1329 2853 ad
1355 2798 1621 2854 decimam
1686 2806 1915 2864 sextam,
1984 2800 2233 2857 videlicet

695 2888 934 2960 Silyvriac
963 2890 1045 2944 vel
1072 2888 1329 2961 Selybria:
1360 2898 1591 2957 portam,
1615 2903 1735 2959 quae
1761 2905 1790 2943 a
1828 2888 2020 2959 priscis
2049 2895 2222 2964 χρυσῆ
2246 2887 2266 2895 “

695 2989 867 3049 porta,
895 2978 977 3033 vel
1012 2993 1174 3035 aurea
1207 2988 1360 3049 porta
1390 2978 1789 3043 nominabatur,
1843 2985 1895 3032 et
1939 2988 2089 3049 porta
2114 2979 2234 3034 fon-

696 3070 783 3124 tis.
818 3069 945 3124 Nam
992 3080 1143 3125 extra
1172 3082 1382 3140 portam
1434 3070 1574 3125 hanc
1626 3077 1713 3125 est
1772 3067 2042 3140 hodieque
2086 3070 2228 3140 fons,

694 3161 785 3229 qui
823 3160 1172 3267 ⁸)ιρυῖς›ετιγή
1208 3160 1291 3267 vel
1312 3173 1529 3267 Laurens
1559 3158 1685 3217 fons
1712 3173 1743 3215 a
1774 3157 2231 3267 Grazcisantiquo
2258 3193 2303 3254 α

694 3248 910 3304 nomine
942 3248 1163 3314 dicitur,
1192 3248 1426 3303 celebris
1464 3248 1520 3301 in
1564 3262 1751 3303 eorum
1784 3247 2047 3316 historiis,
2111 3267 2231 3322 qua

695 3354 1064 3410 saepenumero
1090 3338 1271 3409 palatii
1305 3338 1485 3408 πηγῆς
1536 3337 1651 3393 sive
1681 3337 1847 3395 fontis
1899 3340 2229 3398 mentionem

699 3433 919 3497 iaciunt,
956 3438 1008 3486 et
1043 3430 1228 3500 templi
1259 3428 1498 3500 Deiparaa
1533 3430 1753 3502 virginis
1786 3432 1853 3487 ad
1905 3435 2089 3503 πηγήν
2121 3435 2231 3491 sive

699 3522 921 3576 foiitem.
977 3520 1246 3589 lnterpres
1286 3520 1508 3577 Cedrini
1565 3522 1883 3594 plerumque
1943 3524 2117 3596 Pegeu
2176 3535 2231 3581 et

698 3614 751 3666 in
789 3611 925 3683 Pege
957 3610 1216 3666 reddidit.
1254 3611 1501 3667 Edillcia
1533 3628 1680 3669 nunc
1707 3615 1887 3670 diruta
1916 3628 2062 3681 sunt,
2110 3618 2231 3672 fun-

698 3701 966 3757 damentis
995 3696 1169 3757 adhuc
1215 3702 1555 3758 exstantibus
1600 3712 1654 3757 et
1710 3704 1831 3774 ipso
1860 3703 2041 3762 fonte:
2071 3723 2230 3775 quem

697 3794 961 3865 hodieque
1005 3793 1312 3851 Graecorum
1342 3795 1537 3866 vulgus
1589 3799 1939 3868 χρυσοπηγήν
1978 3800 2229 3868 appellat,

694 3892 747 3937 et
777 3885 1008 3939 invisere
1040 3897 1231 3951 magno
1262 3898 1553 3948 concursu,
1608 3894 1756 3939 certo
1785 3887 1911 3939 anni
1966 3894 2228 3955 tempore,

696 3974 854 4028 veluti
877 3974 923 4027 si
956 3973 1194 4041 Deiparaa
1222 3973 1440 4040 virginis
1473 3976 1729 4043 templum
1756 3975 1933 4029 adhuc
1959 3978 2232 4041 incolume

697 4069 885 4138 staret,
913 4063 1212 4116 consuevit.
1250 4062 1428 4116 Aurea
1474 4075 1626 4131 porta
1659 4079 1801 4117 nunc
1830 4066 1992 4119 etiam
2026 4067 2229 4135 reliqua

699 4152 1044 4220 conspicitur,
1066 4150 1159 4205 sed
1177 4150 1473 4213 obstructa,
1498 4166 1599 4205 nec
1620 4154 1672 4205 id
1689 4156 1828 4220 quod
1851 4156 2022 4219 audit,
2046 4168 2228 4208 aurea:

696 4244 827 4296 satis
856 4242 1071 4309 elegans
1106 4247 1302 4300 tamen,
1354 4252 1641 4307 expressos
1677 4255 1705 4292 e
1757 4254 2023 4294 marmore
2057 4244 2231 4296 conti-

697 4349 830 4387 nens
856 4346 1054 4403 agones
1096 4332 1207 4387 sive
1262 4330 1477 4386 labores
1509 4329 1780 4395 Herculis,
1834 4330 2064 4384 artiﬁcio
2124 4347 2229 4385 non

696 4424 918 4492 vulgari.

767 4514 876 4566 Hoc
928 4514 1037 4581 jam
1100 4512 1217 4564 loco
1262 4520 1572 4576 perventum
1604 4518 1707 4573 est,
1762 4512 1827 4564 ab
1854 4513 2051 4580 angulo
2083 4515 2229 4570 urbis
2260 4533 2303 4590 υ

697 4609 955 4666 secundo,
982 4610 1195 4671 propter
1228 4613 1411 4652 muros
1436 4599 1581 4651 urbis
1608 4609 1896 4653 terrestres
1916 4604 2230 4657 circumam-

700 4695 950 4755 bulaudo,
969 4692 1035 4747 ad
1062 4691 1365 4759 oppositum
1387 4688 1511 4741 huic
1534 4687 1782 4755 angulum
1806 4690 1955 4741 urbis
1978 4693 2187 4743 tertium
2215 4706 2228 4741 :

696 4769 811 4854 qui,
834 4789 969 4839 sicut
1003 4785 1271 4839 secundus
1324 4784 1411 4836 ille
1444 4780 1509 4835 ad
1546 4782 1724 4835 sinum
1777 4779 2088 4836 Ceratinnm
2143 4799 2231 4837 ex-

664 4886 667 4891 '
701 4878 1100 4931 tremnm'situs
1130 4885 1233 4941 est,
1271 4875 1346 4929 ita
1396 4886 1442 4929 et
1474 4876 1586 4943 ipse
1626 4876 1857 4944 pertinet
1887 4876 1950 4930 ad
1997 4875 2232 4945 Pl'Opun-

703 4968 861 5018 tidem
884 4983 896 5018 :
928 4975 985 5018 ut
1007 4966 1258 5034 deinceps
1285 4964 1427 5019 latus
1447 4965 1593 5019 urbis
1619 4964 1883 5033 reliquum
1919 4969 2051 5019 mari
2076 4968 2233 5019 allui-

704 5068 812 5119 tur,
835 5071 1005 5124 usque
1031 5056 1097 5109 ad
1130 5053 1565 5124 promontorium
1620 5054 1893 5123 Byzantis,
1949 5055 2030 5109 vel
2085 5055 2234 5109 urbis

703 5148 955 5213 angulum
988 5147 1237 5214 primum.
1266 5145 1345 5197 Ab
1369 5145 1468 5199 hoc
1492 5145 1634 5199 enim
1674 5146 1869 5214 angulo
1894 5146 2063 5213 primo
2091 5146 2231 5198 latus

702 5240 851 5293 urbis
880 5250 1065 5301 unum,
1096 5235 1345 5291 videlicet
1376 5235 1707 5306 aquilonare,
1753 5251 1780 5289 a
1809 5237 1941 5289 mari
1992 5234 2231 5289 Geratini

705 5332 856 5386 sinus
890 5327 1134 5389 efﬁcitur,
1158 5342 1330 5395 usque
1360 5327 1426 5382 ad
1475 5327 1728 5398 angulum
1760 5327 2053 5381 secundum
2093 5325 2230 5379 Pen-

703 5424 1071 5493 tepyrgianum
1117 5435 1130 5471 :
1162 5434 1353 5475 rursus
1392 5420 1459 5474 ab
1506 5422 1670 5475 altera
1708 5427 1857 5490 parte
1890 5433 2036 5472 mare
2095 5419 2231 5471 Pro-

705 5514 940 5585 pontidis
973 5512 1268 5566 secundum
1293 5511 1435 5566 latus
1466 5512 1637 5573 urbis,
1660 5520 1712 5567 et
1743 5508 2093 5564 meridionale
2117 5508 2235 5577 qui-

700 5609 819 5661 dem
878 5603 1075 5668 etlicit,
1135 5614 1305 5671 usque
1356 5603 1422 5654 ad
1500 5603 1711 5655 tertium
1765 5598 1914 5653 urbis
1976 5600 2231 5667 angulum

699 5698 1216 5770 Heptapyrgianum:
1256 5692 1585 5749 occidentale
1644 5706 1771 5746 vero
1809 5682 2029 5745 tertium
2092 5691 2229 5746 latus

702 5794 767 5845 ab
796 5789 1040 5844 omnibus
1066 5786 1217 5857 aquis
1254 5785 1511 5851 immune,
1547 5782 1785 5838 terrestri
1840 5796 1995 5835 muro
2028 5780 2225 5837 claudit

2331 613 2618 682 incipiens,
2651 612 2716 665 ad
2744 610 3160 684 lleptapyrgium
3185 613 3339 682 juxta
3368 612 3758 683 Propontidem
3790 615 3871 663 dc-

2330 707 2480 761 sinit.

2399 814 2566 884 lgitur
2597 813 3085 885 lleptapyrgianum
3125 816 3233 882 jam
3266 815 3466 884 angulo
3525 815 3751 885 navigio
3774 814 3872 868 cir-

2329 907 2650 973 cumvectis,
2679 908 2850 975 prima
2882 914 3099 975 propter
3130 921 3309 961 arcem
3335 907 3389 959 in
3423 906 3597 960 latere
3624 905 3874 960 meridie.

2329 996 2436 1050 nali
2496 1008 2651 1066 porta
2717 1012 2779 1052 se
2841 999 2996 1052 nobis
3053 996 3228 1063 olIert,
3293 998 3590 1066 caateroqui
3648 1011 3873 1049 numero

2328 1091 2534 1144 decima
2565 1090 2814 1159 septima,
2837 1105 3002 1159 quam
3032 1090 3102 1144 ab
3134 1104 3257 1144 arce
3281 1090 3458 1144 vicina
3490 1099 3708 1159 portam
3750 1089 3875 1140 ἑπτὰ

2327 1179 2612 1245 γουλάδων,
2633 1181 2683 1235 id
2701 1190 2806 1245 est,
2832 1190 3033 1250 septem
3064 1182 3316 1246 turrium,
3332 1196 3467 1236 voce
3487 1181 3720 1235 mistoba
3731 1181 3873 1232 rbara

2329 1267 2630 1321 nominant.
2661 1267 3083 1324 Observavimus
3134 1270 3187 1324 in
3250 1270 3349 1323 hac
3381 1269 3626 1325 Graecam
3685 1268 3874 1324 inscri-

2326 1358 2592 1426 ptionem,
2620 1356 2778 1428 qiuam
2803 1359 3049 1415 dabimus
3065 1361 3214 1415 alibi.

2397 1471 2703 1527 Secundum
2736 1473 2877 1528 hanc
2905 1473 3149 1543 proxima
3184 1474 3432 1544 sequitur
3458 1483 3651 1528 octava
3676 1474 3872 1529 decima

2326 1571 2499 1631 porta,
2539 1562 2771 1620 Turcico
2805 1565 3066 1620 vocabulo
3090 1565 3241 1620 Narli
3265 1567 3385 1635 capi
3426 1568 3575 1620 dicta
3605 1584 3620 1620 :
3666 1582 3775 1636 quo
3803 1567 3871 1618 ni-

2325 1651 2524 1706 mirum
2549 1655 2837 1723 appellunt
2867 1670 2935 1710 ex
2974 1656 3423 1727 insulis-navigia
3482 1658 3644 1714 malis
3681 1659 3872 1719 aureis,

2324 1753 2420 1793 seu
2456 1741 2695 1809 grauatis
2748 1744 2944 1813 (ροῑδισ.
3004 1759 3147 1799 nunc
3182 1743 3350 1800 Graeci
3400 1748 3617 1810 vocant)
3667 1759 3870 1803 onusta.

2259 1859 2299 1914 η
2394 1829 2609 1885 Decima
2640 1846 2780 1885 nona
2826 1841 3045 1889 vocatur
3077 1835 3473 1892 Psomatiornm
3504 1851 3684 1907 porta.
3718 1838 3829 1892 ιω.
3850 1855 3869 1891 r

2333 1930 2515 1976 exstat
2574 1925 2715 1990 apud
2738 1924 2952 1983 Graecos
2992 1930 3423 2000 manuscriptus,
3449 1929 3621 1999 m0
3654 1929 3725 1984 de
3759 1933 3872 1984 a-di-

2337 2013 2473 2069 ﬁciis
2518 2015 2688 2082 urbis,
2726 2032 2886 2087 quem
2928 2019 3210 2075 habemus.
3265 2020 3326 2074 In
3379 2035 3444 2074 eo
3490 2035 3690 2075 nomen
3724 2034 3872 2088 porta:

2332 2106 2589 2159 Psamatii
2621 2108 2912 2176 reperitur,
2971 2118 3025 2163 et
3054 2110 3311 2178 palatium
3356 2109 3636 2174 Psamatii,
3680 2122 3733 2164 et
3784 2128 3871 2176 γη·

2336 2198 2635 2266 ρωκομεῑον
2685 2197 2965 2265 Psamatii,
3000 2215 3108 2270 quo
3151 2201 3343 2256 domus
3393 2201 3735 2272 signiﬁcatur
3787 2218 3872 2256 cx-

2332 2295 2540 2343 structa
2568 2290 2820 2347 curandis
2852 2299 2906 2346 et
2937 2291 3144 2348 alendis
3184 2293 3422 2348 senibus.
3447 2292 3723 2363 Originem
3759 2310 3872 2347 Vero

2334 2376 2569 2433 nominis
2603 2376 2861 2435 Psamatii
2895 2380 3121 2450 legimus
3152 2381 3292 2436 hanc
3350 2382 3419 2434 in-
3468 2382 3661 2436 eodem
3720 2384 3870 2443 libro,

2333 2468 2551 2523 stetisse
2574 2469 2785 2523 scilicet
2805 2471 2935 2524 olim
2972 2473 3075 2525 hoc
3107 2456 3161 2524 in
3225 2472 3343 2526 loco
3394 2470 3651 2526 Psamatii
3707 2475 3872 2543 quod-

2331 2557 2456 2611 dam
2486 2559 2864 2625 simulacrum,
2924 2564 3068 2629 quod
3104 2562 3447 2618 deastrorum
3508 2566 3693 2620 cultor
3738 2568 3872 2635 quis-

2333 2648 2474 2716 piam
2498 2662 2596 2703 ceu
2621 2651 2780 2705 deum
2811 2653 3061 2707 coluerit.
3082 2648 3423 2712 Christianos
3467 2673 3594 2713 vero
3628 2658 3874 2725 frequen-

2332 2747 2416 2793 ter
2437 2740 2705 2796 hominem
2736 2743 2804 2797 ab
2829 2757 2892 2797 eo
2929 2744 3153 2800 colendo
3174 2746 3551 2812 dehortantes',
3578 2749 3875 2817 appellasse

2331 2831 2681 2888 simulacrum
2730 2836 2881 2902 illud,
2919 2838 3065 2904 quod
3125 2839 3243 2908 ipse
3277 2850 3657 2903 veneraretur,
3716 2840 3870 2893 deum

2326 2923 2705 2993 ψευματέῖνον,
2752 2929 2806 2983 id
2841 2936 2943 2995 est,
2991 2929 3186 2986 falsum
3247 2940 3301 2985 et
3350 2931 3619 2995 ﬁctilium,
3682 2933 3874 3001 quiquc

2331 3031 2529 3073 nomen
2559 3019 2695 3074 illud
2736 3023 3079 3077 mentiretur.
3115 3023 3195 3077 Ab
3243 3023 3348 3077 hoc
3408 3024 3575 3092 igitur
3611 3024 3759 3079 idolo
3793 3025 3871 3079 dei

2329 3104 2515 3161 ﬁctitii
2560 3109 2750 3163 volunt
2788 3110 2891 3180 ipsi
2940 3110 3060 3166 loco
3113 3125 3310 3167 nomen
3344 3112 3597 3175 inditum,
3637 3122 3697 3167 ut
3753 3112 3874 3167 Psa-

2855 3201 2908 3256 id
2958 3209 3060 3269 est,
3106 3202 3280 3259 lictitii
3330 3202 3414 3259 dei
3470 3205 3657 3259 locus:
3715 3202 3872 3271 vulgo

2328 3286 2518 3343 Psama
2552 3290 2782 3358 dicente,
2835 3305 2933 3362 pro
2976 3292 3179 3364 ψεῦμα,
3221 3294 3365 3365 quod
3391 3303 3474 3352 cst
3507 3295 3870 3351 mendacium.

2326 3380 2557 3451 Propter
2589 3383 2728 3440 hanc
2776 3398 2904 3440 vero
2953 3395 3159 3455 portam
3212 3386 3471 3441 Psamatii
3520 3386 3795 3454 quondam
3825 3394 3871 3439 ct

2329 3472 2583 3544 palatium
2613 3485 2727 3530 erat
2758 3485 2811 3530 et
2859 3477 3256 3546 γηρωκομεῖον,
3288 3485 3346 3529 ut
3370 3476 3639 3531 diximus:
3669 3488 3871 3529 utrum-

2329 3578 2435 3632 que
2473 3563 2725 3619 Psamatii
2775 3582 2969 3621 nomen
3027 3569 3095 3621 ob
3152 3567 3403 3621 viciniam
3441 3567 3671 3631 habens,
3725 3576 3780 3622 ct
3810 3568 3870 3623 ab

2330 3649 2533 3705 Helena
2573 3654 2837 3722 Augusta,
2866 3663 3039 3711 matre
3068 3655 3412 3712 Constantini
3470 3656 3669 3727 Magni,
3732 3661 3869 3714 urbis

2329 3742 2648 3807 conditoris,
2677 3752 3033 3801 exstructum.
3059 3746 3492 3805 Christianorum
3520 3753 3709 3823 vulgus
3737 3752 3868 3806 hanc

2333 3845 2541 3904 portam
2577 3851 2719 3891 nunc
2766 3838 2929 3892 etiam
2985 3837 3093 3894 San
3152 3841 3380 3897 Mattliia
3437 3854 3617 3910 vocat,
3655 3846 3867 3900 nomine

2332 3936 2585 3994 corrupto
2602 3943 2664 3981 ex
2697 3922 2991 3985 Psamatia.
3058 3990 3059 3993 η

2402 4058 2665 4115 Vicesima
2726 4063 2927 4120 Graecis
2967 4066 3288 4123 Contoscalii
3345 4079 3499 4138 porta
3559 4073 3783 4127 dicitur.
3816 4072 3864 4126 lu

2334 4149 2472 4203 libro
2509 4150 2576 4206 de
2634 4154 2782 4208 urbis
2816 4154 3060 4211 aediliciis
3096 4157 3250 4214 locus
3303 4159 3391 4213 hic
3443 4159 3863 4217 Contoscalinon

2335 4240 2636 4308 appellatur
2665 4253 2716 4297 et
2744 4258 2904 4299 causa
2927 4247 3164 4303 nominis
3194 4249 3470 4317 adjicitur.
3511 4251 3725 4307 Etenim
3760 4253 3864 4324 ipsa

2336 4340 2484 4395 porta
2524 4331 2658 4384 velut
2692 4334 2832 4386 intra
2863 4335 3041 4390 sinum
3080 4339 3363 4406 quemdam
3405 4341 3648 4397 abscedit
3680 4358 3865 4398 versus

2337 4421 2541 4484 urbem,
2570 4424 2713 4477 etab
2739 4425 2900 4477 altera
2943 4434 3095 4494 parte
3142 4429 3448 4496 proximum
3503 4433 3607 4488 sibi
3656 4443 3861 4501 portum

2337 4510 2495 4563 habet
2524 4526 2617 4578 pro
2652 4514 2986 4579 triremibus,
3018 4516 3069 4570 in
3100 4531 3246 4572 mare
3299 4534 3357 4573 se
3404 4522 3790 4591 porrigentem,
3818 4530 3864 4573 ιι

2338 4614 2492 4650 muro
2516 4603 2928 4658 circumdatum.
2962 4606 3007 4658 ls
3039 4616 3227 4675 portus
3257 4609 3385 4661 olim
3418 4624 3542 4663 eum
3566 4621 3861 4679 pararetur,

2332 4690 2639 4754 pra-lecturi)
2674 4691 2841 4747 fuiSse
2871 4696 3088 4751 tradunt
3114 4699 3291 4766 operis
3336 4700 3484 4751 velut
3508 4698 3864 4769 ὲργοδιώκτην

2332 4779 2671 4846 Agallianttm
2704 4781 3096 4839 Turmarchum
3152 4788 3228 4856 (id
3262 4799 3453 4845 turma:
3487 4792 3675 4847 ducent
3700 4797 3860 4859 signi-

2333 4872 2475 4936 ﬁcat,
2513 4873 2615 4926 hoc
2646 4881 2747 4938 est,
2776 4874 3025 4943 legionis,
3057 4892 3153 4932 sex
3184 4878 3461 4935 hominum
3491 4884 3661 4939 millia
3719 4898 3863 4939 coui-

2335 4961 2638 5028 plectentis,
2677 4970 2733 5015 ut
2762 4970 2845 5018 est
2879 4964 3016 5033 apud
3036 4964 3270 5022 Leonem
3302 4970 3607 5041 Augustum
3642 4975 3697 5027 in
3733 4974 3862 5027 libro

2333 5051 2405 5103 De
2429 5051 2626 5105 bellicis
2653 5055 3041 5124 apparatibus),
3066 5058 3156 5126 qui
3189 5074 3486 5130 cognomen
3511 5063 3862 5120 Constoscelis

2335 5144 2584 5197 habuerit
2621 5158 2647 5195 a
2688 5144 2945 5201 brevibus
2980 5148 3146 5204 tibiis.
3192 5151 3609 5207 Gambaeurtam
3641 5155 3757 5206 Itali
3789 5156 3863 5204 di-

2334 5242 2536 5286 cerent.
2566 5233 2648 5286 Ab
2672 5234 2773 5288 hoc
2800 5236 3122 5303 appellatam
3168 5240 3321 5293 aiunt
3346 5254 3553 5307 portam
3586 5243 3861 5297 Centosra-

2336 5324 2524 5388 linam,
2560 5322 2717 5377 veluti
2756 5330 3202 5382 contoscelinam.
3239 5330 3350 5398 Ego
3390 5346 3522 5385 vero
3551 5348 3684 5402 pace
3719 5335 3859 5389 Graa~

2333 5428 2519 5469 corum
2576 5414 2807 5469 dixerim
2868 5418 3049 5484 potius
3083 5417 3520 5476 Contoscalinam
3560 5426 3640 5478 vel
3672 5424 3856 5479 Conto-

2331 5504 2484 5559 scalii
2510 5515 2754 5559 vocatam
2792 5520 2820 5558 a
2869 5514 3026 5559 conta
3055 5509 3221 5560 scala.
3256 5511 3453 5576 Κοντός
3492 5515 3636 5569 enim
3669 5515 3855 5571 Graecis

2335 5612 2476 5650 nunc
2527 5613 2743 5667 parvus,
2794 5597 2870 5649 uti
2927 5612 3048 5651 cum
3106 5599 3374 5659 Cedriuus
3425 5607 3523 5671 ait,
3582 5598 3854 5677 quemdam

2330 5690 2500 5746 fuisse
2522 5690 2858 5744 nominatum
2887 5688 2952 5742 ab
2983 5691 3276 5761 exiguitate
3306 5706 3529 5752 statura:
3554 5698 3855 5752 Κονωλέον⁴

2333 5798 2397 5833 τα
2420 5789 2699 5850 praetorem
2734 5778 3079 5846 Ccpliallinae,
3118 5791 3170 5837 ct
3216 5786 3376 5841 alium
3431 5785 3851 5852 Κθντοστέφανον
