4006 6338
190 456 296 520 8ῗ7

189 584 292 620 ceu
322 557 555 619 Leonem
589 570 812 629 parvum
831 563 885 610 et
918 552 1252 621 Stephanum
1287 559 1533 616 parvum.
1568 545 1738 599 Scalze
1774 562 1809 611 Α

189 654 515 723 tintitcnjaut
543 660 666 706 ante
694 648 1049 702 declaratum.

268 744 539 803 Vicesima
594 740 763 809 prima
817 731 1268 804 Catergolimenis
1319 737 1473 799 porta
1533 742 1779 782 nuncii»

190 847 379 906 patur,
421 850 451 889 a
496 841 655 903 portu
692 828 1017 892 triremium,
1054 839 1173 895 quae
1202 824 1356 892 vulgo
1388 832 1515 877 sunt
1539 821 1741 875 Graec-is

190 929 478 996 Κάτεργα,
525 925 670 979 sicut
726 928 782 975 et
840 916 1181 994 Κατεργάᾷες
1232 929 1377 968 nunc
1403 912 1741 983 appellantur

188 1016 490 1079 classiarii,
521 1013 606 1066 vel
633 1011 850 1066 navales
875 1007 1009 1063 socii
1040 1005 1363 1061 triremium.

269 1103 538 1155 Vicesima
559 1100 802 1153 secunda
834 1095 993 1165 vulgo
1025 1109 1170 1149 nunc
1197 1092 1401 1149 Graecis
1433 1101 1515 1145 est
1570 1092 1744 1159 πόρτα

186 1196 313 1255 ταῖς
340 1192 618 1261 ἀρκούδες,
644 1178 696 1242 id
722 1197 827 1252 est,
850 1188 934 1243 vel
966 1201 1241 1249 ursarum,
1262 1187 1347 1241 vel
1365 1186 1570 1249 ursina,
1602 1182 1741 1236 Tur-

186 1282 277 1335 cis
310 1280 617 1334 Tschatlati
647 1279 822 1346 capsi,
861 1293 889 1330 a
933 1278 1262 1331 mactatioue
1292 1273 1575 1343 pecudum.
1607 1271 1746 1324 Sunt

187 1375 287 1440 qui
347 1387 535 1423 novatn
587 1371 787 1424 littoris
838 1378 1046 1439 portam
1111 1367 1422 1419 nominant.
1483 1365 1741 1432 Equidem

192 1462 525 1518 crediderim
576 1476 697 1515 esse
745 1460 1044 1530 antiquam.
1106 1456 1413 1511 ZEditicium
1454 1455 1743 1510 rotundmu

189 1564 352 1607 extra
389 1568 577 1607 muros
638 1553 691 1606 in
726 1554 843 1620 ipso
884 1552 1017 1605 mari
1076 1551 1314 1605 vicinum
1355 1565 1419 1604 ac
1451 1559 1607 1604 vetus
1644 1550 1742 1602 ha-

190 1644 310 1707 bet,
340 1644 579 1712 undique
601 1641 999 1705 circumlluttm,
1036 1642 1141 1695 nisi
1161 1656 1261 1708 qua
1287 1648 1444 1693 terra:
1467 1640 1744 1709 jungitur;

194 1735 249 1786 in
290 1748 403 1802 quo
470 1742 798 1793 mactantur,
860 1734 1210 1789 excoriantur
1254 1739 1310 1785 et
1357 1738 1747 1786 exenterantur

191 1824 473 1891 pecudes:
518 1824 755 1889 itemque
795 1822 1062 1878 lenesuas
1097 1822 1254 1875 habet
1282 1823 1393 1874 haec
1420 1830 1571 1889 porta
1606 1832 1749 1871 mar-

1326 427 1470 495 ΡΑΝ
1486 428 1722 495 DECTE
1758 425 1957 494 IIIST.
1994 419 2296 491 TURCIC.

3280 424 3384 487 8TB

1913 541 2091 595 Prima
2123 545 2345 594 vocatur
2382 534 2701 606 ξυλέκερὰιος
2732 536 2799 589 ob
2829 535 2947 605 ejus
2966 533 3378 590 fundamentum

1842 634 2034 689 defixis
2064 634 2117 688 in
2141 634 2249 690 imo
2281 631 2415 700 palis
2446 630 2668 684 factum.
2702 628 2855 687 Nunc
2882 627 3231 698 ilagiobazari
3258 646 3382 698 por-

1844 740 1951 781 tam
1986 729 2093 781 dici
2125 729 2455 781 notavimus.
3113 773 3120 779 .

1914 820 2100 874 Altera
2121 818 2385 885 Charsim,
2409 818 2499 887 (ιιιί
2521 818 2727 874 scilicet
2752 820 2799 873 ei
2820 819 3117 876 condendae
3145 820 3381 890 prtefuit.

1844 893 2033 964 Turcis
2063 920 2146 964 est
2176 908 2299 979 Egri
2324 910 2468 978 capi,
2497 910 2611 965 sive
2633 920 2787 978 porta
2831 911 3075 981 obliqua.

1830 1031 1835 1039 -
1913 1000 2096 1053 Tertia
2158 999 2505 1070 πολύανδρυς,
2542 989 2962 1057 οὺ¹ὴοιιιὶιιι1ιιι
3025 1004 3372 1062 multitudine

1843 1092 2005 1145 dicta.
2038 1090 2247 1162 Quippe
2284 1093 2537 1146 traditum
2585 1093 2638 1146 in
2667 1093 2908 1148 historiis
2952 1096 3206 1165 legimus,
3239 1110 3293 1153 et
3329 1101 3382 1152 in

1846 1182 1947 1236 hoc
1978 1182 2092 1251 ipso
2131 1184 2194 1237 de
2223 1182 2468 1238 aediliciis
2500 1183 2649 1239 urbis
2674 1184 2834 1247 libro,
2876 1184 3245 1242 Theodosium
3281 1191 3384 1243 ιιιίο

1850 1288 2034 1328 norem
2068 1274 2364 1345 Augustum
2386 1286 2541 1330 terra:
2573 1287 2718 1331 motu
2742 1277 3008 1348 collapsos
3030 1279 3180 1335 urbis
3208 1296 3388 1337 muros

1849 1376 2130 1420 terrestres
2162 1378 2386 1421 curasse
2432 1382 2525 1435 per
2558 1363 2754 1436 Cyrum
2776 1356 3097 1439 'praalertttm
3121 1374 3385 1428 urbanum

1848 1457 2142 1511 instaurari
2172 1475 2187 1512 :
2217 1453 2374 1528 481
2414 1458 2568 1529 cujus
2600 1448 2814 1528 quidem
2842 1477 2900 1515 ea
2933 1462 3098 1519 fuerit
3124 1464 3176 1518 in
3231 1481 3390 1535 cpitre

1849 1551 2169 1604 maturando
2199 1561 2250 1604 et
2283 1553 2521 1618 urgendo
2553 1553 2830 1617 sedulitas,
2862 1564 2921 1608 ut
2947 1556 3085 1610 intra
3120 1562 3390 1628 sekagesi-

1850 1653 1993 1692 munt
2026 1638 2171 1692 dicm
2212 1640 2516 1694 absolutum
2548 1641 2728 1697 fuerit.
2760 1641 2872 1698 lloc
2904 1653 3082 1701 autem
3118 1648 3171 1700 in
3206 1663 3388 1716 opere,

1847 1743 1970 1781 cum
1996 1743 2101 1782 una
2135 1729 2314 1798 pepuli
2341 1744 2464 1799 pars
2492 1731 2561 1786 ab
2593 1734 2788 1802 angulo
2818 1734 3270 1807 Pi-ntepyrgiauo,
3304 1741 3386 1794 al-

1850 1826 1964 1871 tera
2004 1832 2133 1871 vero
2168 1820 2235 1872 ab
2269 1821 2464 1888 angulo
2498 1822 2722 1878 adverso
2745 1824 3176 1896 lleptapy‘rgiano
3206 1846 3411 1886 muros.

195 1928 417 1968 morcas
449 1929 478 1967 a
513 1913 699 1976 latere,
733 1914 1014 1981 cujusdam
1042 1913 1251 1967 :edillcii
1280 1914 1360 1966 vel
1384 1912 1571 1982 palatii
1603 1922 1746 1964 vete-
1780 1903 1817 1956 Β
1846 1908 2079 1963 condere
2111 1912 2365 1980 coepisset
2395 1930 2409 1966 :
2440 1912 2517 1973 ad,
2557 1912 2696 1969 hanc
2758 1905 2972 1970 demum
3016 1924 3222 1988 portam
3265 1940 3390 1991 pars

195 2008 300 2069 ris,
336 2006 479 2074 quod
514 2006 645 2074 ipsis
700 2008 871 2059 muris
904 2006 1126 2059 urbanis
1187 2003 1468 2057 incumbit.
1523 2004 1622 2058 llic
1655 2002 1748 2056 ali-

162 2080 422 2167 quando
449 2112 585 2166 pene
628 2096 973 2164 naufragium
1025 2096 1219 2154 l‘ecissc
1288 2094 1564 2161 recordor,
1620 2108 1744 2147 cum

194 2189 370 2241 animi
389 2190 561 2257 gratia
584 2187 812 2242 Wolﬁus
832 2188 1144 2257 ngnadius
1160 2188 1297 2240 Baro
1316 2186 1747 2246 Sonneccianus,

192 2290 251 2329 ct
293 2277 653 2347 Hieronymus
697 2279 1026 2341 Arconatus,
1086 2286 1145 2331 et
1182 2288 1304 2343 ego,
1362 2274 1601 2326 sarainm
1640 2276 1750 2325 sul-

192 2370 472 2435 tauinum,
513 2384 543 2423 e
577 2372 828 2424 Ceratino
881 2371 1000 2423 sinu
1046 2367 1291 2436 profecti,
1340 2366 1479 2420 casio
1517 2366 1747 2432 primum

191 2474 397 2513 sereno
450 2464 693 2529 marique
727 2461 960 2529 placido,
1004 2456 1598 2526 circumna‘vigaremus
1648 2475 1665 2507 ι
1698 2463 1752 2507 et

192 2551 393 2603 oborta
422 2551 604 2606 subito
640 2560 981 2621 tempestate,
1025 2566 1130 2606 non
1182 2551 1304 2606 sine
1353 2549 1594 2618 periculo
1642 2549 1748 2602 huc
1791 2571 1795 2577 ·

195 2642 572 2711 rejiccremur.

274 2731 545 2787 Vicesima
575 2733 731 2788 tertia
758 2745 810 2787 et
836 2732 1022 2789 ultima
1063 2739 1217 2801 porta
1250 2732 1515 2786 vocabulo
1559 2731 1748 2785 Turci-

193 2841 264 2880 co
296 2824 610 2878 nominatur
645 2824 827 2877 Achur
856 2823 1053 2891 capisi,
1084 2824 1227 2891 quod
1271 2822 1495 2877 Achurii
1534 2830 1744 2891 portum

194 2914 492 2982 signiﬁcat.
521 2915 817 2968 Achurium
852 2928 979 2968 vero
1014 2913 1204 2967 Turcis
1230 2921 1312 2966 est
1342 2912 1622 2965 teditieium
1649 2921 1745 2965 ca-

198 3018 330 3074 pax,
360 3019 538 3058 aream
571 3006 775 3058 habens
800 3005 853 3057 in
875 3003 1073 3063 medio.
1104 3003 1405 3071 cujusmodi
1428 3004 1600 3057 solent
1624 3017 1749 3057 esse

199 3094 426 3149 Stabula
457 3109 554 3162 pro
582 3094 746 3161 regiis
784 3094 961 3162 equis.
993 3092 1057 3145 Et
1085 3093 1323 3145 arbitror
1348 3107 1471 3146 esse
1503 3091 1745 3146 Graecam

196 3185 414 3252 oiigine
466 3189 673 3246 vocem,
703 3191 1016 3252 usucaptam
1050 3196 1079 3234 a
1107 3180 1319 3235 Turcis.
1355 3180 1565 3235 Etenim
1602 3184 1739 3251 ἀχυ-
1771 3221 1816 3278 c

201 3277 353 3341 ρείον
386 3285 584 3326 vocant
642 3272 811 3326 Grreci
872 3273 1167 3336 stabulum,
1202 3287 1234 3325 a
1280 3274 1603 3340 reponendis
1635 3274 1744 3327 sci-

201 3365 332 3415 licet
359 3362 551 3428 paleis.
603 3359 695 3414 Sic
728 3360 868 3413 emir
893 3361 1081 3413 Achur
1114 3360 1312 3414 stabuli
1350 3359 1637 3428 pmlectus
1662 3371 1746 3416 est

202 3454 259 3501 in
284 3450 410 3502 aula
436 3448 729 3513 sultauina,
752 3449 900 3503 velut
952 3449 1130 3518 capite
1159 3450 1221 3502 14
1265 3450 1525 3505 diximus.
1560 3451 1746 3522 Itaque

201 3555 490 3611 propterea
525 3556 718 3594 nomen
750 3541 852 3595 hoc
875 3542 962 3595 isti
996 3550 1164 3610 porta:
1212 3540 1418 3606 datum,
1448 3542 1594 3613 quod
1653 3560 1747 3613 per

196 3650 324 3687 eam
355 3633 537 3687 saraio
588 3634 861 3689 sultaniuo
887 3637 1217 3704 contiguam,
1254 3634 1575 3689 invehantur
1621 3649 1740 3688 om-

197 3727 293 3777 nia
334 3725 595 3780 curandis
627 3738 681 3781 et
720 3727 1006 3795 pascendis
1065 3727 1222 3795 equis
1262 3740 1323 3780 ac
1348 3724 1607 3794 jumentis
1629 3725 1741 3778 sul-

197 3820 318 3871 tani
357 3819 687 3883 necessaria,
745 3828 1010 3886 quotquot
1039 3818 1180 3870 intra
1242 3815 1481 3869 saraiutn
1538 3814 1745 3867 scilicet

197 3914 449 3963 aluntur.
504 3910 586 3962 Ab
644 3909 745 3962 hac
788 3908 975 3962 ultima
1036 3916 1212 3974 porta,
1264 3904 1430 3959 sai-aii
1485 3904 1742 3959 sultaniui

198 4016 399 4055 murus
430 4002 590 4053 trium
616 4002 667 4054 in
700 4002 904 4053 ambitu
931 3999 1245 4051 milliarium
1279 3995 1589 4049 Graecorum
1614 3996 1745 4049 inci-

196 4092 309 4160 pit,
342 4090 496 4159 juxta
550 4105 708 4158 quem
746 4090 813 4152 ab
868 4089 1038 4143 altero
1064 4088 1227 4142 saraii
1289 4087 1455 4142 latere
1517 4090 1743 4157 primam

194 4196 424 4251 quoque
479 4189 689 4250 portam
744 4180 892 4234 urbis
966 4179 1386 4233 collocavimus.
1444 4178 1553 4234 Nec
1604 4180 1745 4233 inter

194 4272 429 4324 Achurii
477 4281 686 4339 portam
731 4280 784 4325 et
838 4268 1081 4324 llorteam
1135 4270 1280 4324 illam
1338 4270 1565 4337 primam
1634 4271 1744 4322 ulla

190 4361 476 4429 reperitur
506 4361 630 4422 alia,
658 4374 817 4427 quam
854 4374 958 4426 qua
998 4369 1207 4413 secreto
1228 4358 1328 4412 soli
1375 4359 1591 4412 sultano
1620 4357 1746 4411 licet

192 4468 227 4505 ε
266 4450 613 4518 saraiiscptis
640 4450 705 4503 ad
737 4452 987 4519 angulum
1019 4448 1204 4502 Sancti
1231 4447 1479 4502 Demetrii
1508 4448 1742 4515 prodire,

1852 2001 2227 2075 utraque‘suis
2281 2000 2537 2069 perfectis
2578 2007 2757 2073 Opet'is
2795 2008 3063 2072 convenit,
3113 2026 3284 2081 caque
3322 2016 3390 2069 de

1849 2102 2011 2141 causa
2043 2100 2197 2157 porta
2225 2090 2549 2161 πολύανδρος
2590 2095 2852 2162 appellata
2909 2098 3034 2162 fuit,
3086 2102 3157 2155 ab
3213 2104 3387 2158 homi-

1852 2194 1977 2232 num
2013 2180 2381 2248 multitudine,
2401 2185 2491 2252 qui
2521 2192 2646 2238 tuuc
2674 2186 2800 2240 istic
2823 2172 3212 2245 convenerunt.
3236 2193 3390 2250 Nunc

1853 2266 2417 2340 lladrlattopolitanam
2453 2276 2632 2328 voeari
2667 2276 2920 2334 diximus.
2956 2279 3022 2333 Et
3060 2294 3137 2336 est
3178 2284 3318 2341 illius
3349 2289 3391 2341 is

1808 2402 1811 2403 ν
1854 2360 2091 2424 proiecto
2127 2361 2281 2427 situs,
2306 2373 2365 2416 ut
2398 2364 2631 2419 medium
2676 2367 2728 2420 in
2765 2381 2917 2423 tuum
2944 2374 3181 2429 terreStrl
3216 2376 3386 2431 locum

1857 2458 2108 2526 occupet,
2166 2453 2219 2506 id
2253 2456 2394 2522 quod
2427 2456 2676 2525 equidem
2736 2456 3018 2530 diligenter
3086 2465 3387 2523 observari.

1852 2539 1982 2593 Nam
2014 2558 2135 2596 eum
2164 2545 2231 2598 ab
2262 2549 2501 2615 acropoli
2529 2550 2977 2620 Pentcpyrgiana,
3042 2562 3258 2625 propter
3282 2558 3391 2614 fos-

1852 2646 1941 2684 sas
1972 2634 2105 2686 muri
2132 2636 2427 2702 terrestris,
2456 2636 2521 2691 ad
2546 2642 2798 2708 angulum
2851 2643 2930 2695 vel
2963 2649 3253 2714 ac'ropolim
3279 2650 3388 2705 lle-

1854 2721 2256 2789 ptapyrgiauam
2277 2725 2438 2789 ituro,
2467 2741 2689 2781 necesse
2709 2728 2780 2781 sit
2800 2731 2957 2783 unius
2983 2734 3125 2789 ho‘rte
3148 2740 3384 2806 spatium

1855 2810 2198 2901 impendere:
2234 2816 2569 2870 tantumdem
2628 2825 2888 2890 temporis
2920 2824 3273 2901 Pentepyrgio
3306 2849 3390 2888 re-

1851 2900 2085 2969 quiritur
2130 2904 2193 2958 ad
2229 2914 2436 2973 portam
2470 2908 3060 2983 lladrlanopolitanam,
3120 2900 3379 2989 quantum

1852 2993 1917 3046 ab
1934 2994 2120 3049 eadem
2157 2998 2221 3052 ad
2253 3007 2459 3066 portam
2489 3000 2850 3074 lleptapyrgio
2881 3005 3202 3074 proximam.
3232 3014 3383 3081 Apud

1852 3083 2194 3142 Leonardum
2226 3090 2512 3144 Chiensem
2554 3096 2821 3161 reperitur
2850 3094 2952 3151 hac
2978 3098 3093 3168 ipsa
3146 3100 3196 3154 in
3235 3104 3386 3159 urbis

1852 3193 1914 3233 ac
1940 3194 2214 3233 murorum
2270 3191 2420 3251 parte
2449 3182 2601 3239 locus
2630 3185 2833 3245 arduus
2868 3189 2949 3257 (ut
2982 3193 3233 3263 appellat)
3292 3197 3388 3251 Mi-

1851 3269 2069 3323 liandri.
2107 3266 2225 3323 Nan
2278 3272 2405 3327 alibi
2464 3282 2670 3342 quterat
2713 3277 2856 3333 hunc
2889 3281 3078 3349 lector,
3105 3300 3265 3354 quam
3322 3292 3386 3342 ad

1848 3368 2052 3427 portam
2105 3360 2668 3434 lladrianopolitanam
2698 3368 2778 3421 vel
2824 3370 3170 3441 πολύανδρον,
3206 3390 3389 3431 corre-

1848 3456 1935 3502 cto
1966 3456 2142 3504 tamen
2204 3453 2354 3521 prius
2388 3454 2467 3509 vel
2520 3456 2909 3517 enuntiationis
2971 3461 3050 3514 vel
3103 3464 3384 3533 scriptura!

1850 3537 2000 3593 vitio.
2043 3537 2173 3613 Nam
2196 3556 2294 3611 pro
2311 3541 2594 3597 Miliandro
2633 3533 2878 3610 equidem
2928 3547 3146 3603 minlnte
3204 3549 3390 3606 dubito

1851 3629 2219 3697 reponendum
2255 3632 2595 3703 μυρίανδρον,
2617 3633 2761 3703 quod
2792 3635 2932 3711 idem
2959 3646 3045 3692 est
3073 3652 3194 3693 cum
3228 3642 3389 3694 πολυο

1848 3718 2058 3789 ἀνδρῳε
2090 3720 2204 3774 slve
2236 3722 2371 3776 adeo
2420 3738 2516 3793 per
2546 3724 2814 3781 inscitiam
2848 3730 2987 3797 vulgi
3018 3724 3219 3786 factum
3247 3732 3384 3791 luis-

1848 3824 1905 3862 se
1962 3811 2203 3864 dicamus
2260 3812 2584 3869 Mil’iandron
2641 3827 2705 3871 ex
2754 3816 3082 3886 Myriandro.
3144 3822 3259 3875 sive
3296 3837 3387 3889 per

1849 3897 2191 3952 oscitantiam
2248 3902 2529 3973 scriptoris
2590 3904 2792 3960 librarii
2828 3918 3141 3978 corruptum
3187 3925 3383 3967 nomen

1847 3985 2238 4046 existimemus.

1914 4078 2115 4146 Quarta
2147 4083 2462 4149 Κατωγαία,
2503 4084 2616 4140 sive
2661 4087 3038 4153 subterranea,
3093 4090 3245 4161 cujus
3299 4103 3379 4145 ta-

1849 4188 1965 4225 men
2010 4173 2245 4255 nominis
2296 4175 2434 4228 ratio
2465 4176 2611 4229 nulla
2653 4177 2911 4232 redditur.
2938 4180 3243 4250 Respondet
3271 4184 3377 4254 jam

1820 4246 2129 4330 'Topcapisi
2180 4248 2260 4315 vel
2324 4261 2710 4319 bombardariat
2767 4274 2953 4335 portae,
2997 4246 3287 4337 quondam
3322 4272 3377 4324 S.

1847 4350 2091 4406 Romani.
2802 4402 2809 4405 .

1916 4441 2111 4509 Quinta
2161 4434 2362 4495 Graecis
2410 4440 2632 4507 πέμπτη
2700 4442 2864 4497 fuisse
2910 4444 3051 4501 dicta
3107 4463 3380 4521 narratur,

193 4541 422 4609 quoties
462 4541 509 4593 ei
532 4540 611 4593 sic
641 4539 813 4591 visum
849 4548 950 4592 est.
990 4539 1067 4591 Ae
1090 4538 1227 4592 solet
1258 4538 1362 4593 hoc
1394 4538 1575 4592 facere
1608 4541 1742 4595 mul-
1781 4539 1821 4598 υ
1846 4531 1986 4600 qum!
2015 4545 2241 4584 numero
2296 4531 2483 4599 quinta
2544 4531 2745 4587 scilicet
2806 4536 2945 4591 inter
3005 4550 3186 4606 portas
3234 4559 3377 4599 esset

200 4633 391 4693 toties,
437 4645 559 4682 cum
590 4629 866 4698 eleganter
914 4637 1158 4682 ornatam
1186 4633 1513 4683 marmoreis
1538 4630 1741 4683 colum.

195 4729 291 4778 nis
325 4724 715 4776 domunculatn
756 4719 951 4774 ibidem
974 4718 1187 4777 habeat,
1222 4716 1366 4772 intra
1417 4734 1577 4787 quam
1611 4720 1744 4774 velis

192 4814 497 4871 obductam
527 4814 742 4874 sedens,
786 4820 892 4863 tant
922 4826 951 4864 e
998 4810 1119 4864 sinu
1161 4809 1436 4875 Ceratino,
1466 4825 1628 4879 quam
1662 4827 1744 4864 se-

194 4903 387 4962 cundo
422 4900 642 4968 Bospori
678 4900 819 4952 tluxu
869 4900 919 4952 iu
971 4896 1353 4967 Propontidem
1394 4901 1739 4967 praternavi-

194 5007 398 5066 gantes
427 4997 623 5047 intueri
683 5010 806 5048 cum
840 4994 1119 5063 voluptate
1148 5001 1345 5063 potest,
1376 4994 1491 5061 ipse
1512 5007 1744 5062 conspe-

191 5096 326 5141 ctus
352 5099 381 5136 τι
409 5086 643 5137 nemine.

275 5176 384 5233 Sed
413 5176 558 5228 enim
588 5182 736 5234 ante,
789 5183 948 5240 quam
981 5173 1118 5226 hanc
1144 5182 1421 5240 portarum
1460 5186 1743 5227 enumera-

196 5277 418 5322 tionem
449 5263 785 5325 cla'udamus,
829 5263 1058 5316 libet'ex
1094 5264 1329 5332 allegato
1359 5266 1556 5333 saepius
1583 5264 1743 5327 libro,

195 5362 269 5411 de
302 5357 549 5411 azdtﬁt‘lls
587 5358 753 5418 urbis,
786 5353 975 5407 ordine
1010 5366 1295 5407 recensere
1327 5362 1535 5408 veteres
1559 5364 1745 5423 portas

200 5448 359 5500 urbis
403 5456 712 5507 terrestres,
743 5459 860 5514 quae
910 5444 1019 5496 illic
1052 5443 1179 5495 solae
1217 5443 1501 5511 leguntur;
1538 5446 1745 5497 caeteris

199 5542 271 5590 ad
296 5537 478 5590 sinum
501 5535 811 5609 Ceratinum
862 5533 1349 5603 Propontidemque
1401 5532 1522 5587 sitis
1578 5534 1744 5586 silen-

203 5631 285 5679 tio
355 5626 681 5692 praeteritis.
736 5626 1051 5679 Reeitantur
1109 5633 1286 5676 autem
1344 5621 1606 5674 duntaxat
1666 5626 1745 5677 ha:

196 5721 484 5788 quinque,
544 5726 757 5787 sumpto
808 5718 877 5772 ab
923 5718 1260 5773 extremitate
1317 5715 1742 5786 Pentepyrgiaua

195 5808 382 5863 initio.

1847 4628 2159 4676 terrestres.
2202 4618 2342 4676 Olim
2372 4622 2606 4678 Auream
2660 4635 2872 4695 portam
2924 4644 3203 4698 vocavere,
3239 4651 3380 4690 nunc

1853 4713 2215 4783 Bilyrria'nam
2274 4715 2535 4785 appellari
2591 4718 2946 4774 ostendimus.
3002 4721 3150 4785 Quod
3203 4735 3308 4777 aut.
3331 4746 3379 4779 ιιι

1847 4804 1979 4858 Geni
2017 4806 2132 4874 capi
2189 4806 2302 4859 sive
2353 4820 2486 4858 nova
2538 4818 2688 4874 porta
2737 4824 2841 4862 non
2907 4825 3379 4879 commemoratum

1849 4898 1989 4951 inter
2029 4906 2210 4963 portas
2238 4894 2295 4948 S.
2331 4893 2558 4949 Romani
2608 4907 2662 4950 et
2697 4912 2909 4952 auream
2944 4900 3064 4965 sita,
3095 4888 3377 4972 propterea

1847 4989 1927 5050 tit,
1967 4988 2106 5055 quod
2144 4985 2289 5039 nulla
2342 4992 2470 5039 tunc
2517 4988 2696 5049 fuerit,
2741 4990 3128 5057 posterioribus
3171 4999 3375 5052 SClllCtl

1845 5082 2120 5131 exstructa
2147 5074 2499 5143 temporibus,
2533 5085 2589 5128 ut
2630 5075 2803 5144 ipsum
2826 5094 3038 5146 quouue
3073 5099 3266 5139 nomen
3300 5089 3383 5141 in-

1848 5167 1983 5221 nuft.
3246 5179 3249 5181 ’

1919 5258 2096 5313 Habes
2144 5259 2277 5327 jam,
2311 5258 2540 5329 benigne
2590 5258 2777 5323 lector,
2822 5260 3083 5331 insignem
3116 5280 3223 5321 non
3256 5285 3380 5337 pot'_-

1849 5359 2021 5403 tarum
2046 5350 2304 5404 duntaxat
2329 5350 2478 5404 urbis
2504 5348 2937 5417 explicationem,
3002 5373 3183 5411 verum
3206 5361 3374 5413 'etiam

1848 5442 2133 5495 multarum
2187 5451 2445 5509 prteterea
2504 5454 2682 5494 rerum
2750 5442 3189 5510 declarationem,
3263 5467 3379 5518 qua:

1848 5531 1977 5585 mihi
2008 5530 2226 5599 quidem
2269 5531 2558 5599 aliquando
2587 5531 2799 5586 Grtecas
2840 5545 2891 5587 ct
2922 5533 3176 5590 Turcicas
3211 5540 3379 5593 histo-

1847 5625 1954 5675 rias
2000 5620 2262 5674 lectitanti
2319 5622 2448 5676 visa:
2507 5622 2655 5677 luere
2699 5622 2943 5676 diﬂiciles
2989 5623 3265 5681 intellectu
3318 5644 3379 5681 ac

1850 5715 2206 5782 perobscura}.
2263 5712 2379 5767 Tibi
2406 5729 2556 5779 sane,
2610 5718 2830 5769 remotis
2883 5730 2985 5768 non
3045 5718 3231 5784 paucis
3269 5720 3380 5787 jam

1849 5804 2002 5873 quasi
2034 5806 2281 5871 salebris,
2316 5806 2416 5860 iter
2444 5806 2584 5859 idem
2637 5808 2969 5877 ingrcssuro,
3002 5809 3177 5863 minus
3209 5805 3406 5878 plera?
3433 5827 3437 5832 ’
