4006 6338
667 431 769 492 8ῗ9

1868 425 2187 486 JOANNIS
2230 424 2682 491 LEUNCLAVH
3074 379 3078 384 '
3749 432 3839 492 830

664 544 929 614 qucttcdii
977 545 1220 613 paritura
1271 542 1501 599 conlido.
1537 541 1630 596 Vel
1658 542 1760 612 ipsi
1809 549 1918 596 tam
1951 558 1979 596 a
2013 541 2206 597 Turcis

2310 553 2451 623 ptios
2484 562 2538 606 et
2587 551 2961 622 Egyptiorum
3005 551 3216 606 suitano
3265 549 3556 618 subjectos,
3595 549 3838 605 indicavi-

663 638 923 697 ubscssaa,
970 648 1130 703 quam
1174 634 1491 704 expugnata:
1538 625 2079 715 Constantinopoleos
2123 633 2204 686 iii-

664 725 845 779 storia:
891 723 1355 794 ZCbaicocondylis
1426 730 1481 777 et
1563 722 1829 777 Leonardi
1918 722 2205 789 Cbiensis,

664 816 861 868 mirum
918 822 1183 884 quantum
1233 815 1349 869 base
1398 814 1665 883 expositio
1714 822 1898 869 nostra
1941 814 2078 870 lucis
2123 813 2207 889 af-

665 907 820 960 feret.
863 935 867 938 -

693 999 819 1052 201.
857 996 1000 1052 Mora
1031 997 1228 1051 auitani
1263 997 1541 1119 Bajq’zlitfs,
1573 1012 1604 1048 a
1636 995 1744 1063 filio
1777 953 1969 1050 Selime
1999 1009 2185 1050 veneno

1320 1084 1382 1119 au
1440 1087 1468 1119 α
1497 1083 1538 1119 ι.

1320 1083 1538 1122 suntau.

733 1138 848 1213 Non
881 1146 1242 1212 meminerunt
1283 1158 1505 1212 annales
1538 1157 1650 1212 dati
1683 1172 1713 1211 a
1744 1155 1854 1210 ﬁlio
1876 1154 2072 1210 Selime
2104 1151 2209 1206 Ba-

667 1250 817 1323 jaz_iti
846 1264 942 1318 per
971 1249 1104 1302 alios
1137 1247 1352 1312 veneni,
1403 1247 1547 1316 quod
1592 1261 1622 1300 a
1651 1248 1858 1323 nostris
1894 1253 2209 1299 constanter

666 1341 994 1403 afﬁrmatur,
1059 1337 1190 1406 ipsis
1225 1347 1402 1392 tamen
1434 1336 1869 1407 expositionibus
1899 1337 2091 1389 borum
2126 1334 2211 1386 in-

666 1437 745 1481 ter
781 1442 838 1482 se
873 1442 979 1480 non
1021 1439 1209 1496 parum
1244 1423 1658 1479 dissidentibus.
1687 1421 1794 1476 Nos
1829 1424 2211 1491 plerarumque

669 1519 1008 1574 narrationes
1067 1518 1147 1572 sic
1201 1515 1578 1582 recitabiinus,
1631 1525 1690 1569 ut
1735 1515 1997 1583 intggruui
2034 1525 2209 1568 tamen

666 1610 848 1666 lectori
903 1608 1165 1679 judicium
1233 1608 1622 1675 relinquamus.
1703 1604 2080 1676 Spauduginus
2136 1604 2211 1656 ait

666 1703 918 1756 Selimem
953 1697 1093 1769 patri
1161 1697 1474 1768 adjunxisse
1521 1696 1785 1750 Jonuzem
1843 1695 2080 1758 bassam,
2121 1693 2210 1761 qui

669 1804 853 1841 curam
879 1787 998 1856 ejus
1030 1794 1261 1855 gereret.
1288 1797 1585 1852 omnesque
1615 1799 1702 1838 res
1748 1783 1919 1852 patris
1979 1782 2211 1837 admini-

669 1888 884 1933 stmrcl.
919 1878 1130 1932 interim
1163 1884 1342 1930 tamen
1361 1883 1570 1929 secreto
1599 1888 1722 1928 cum
1769 1871 1971 1927 Jonuze
2033 1880 2212 1926 traos-
2244 1887 2286 1946 Β

669 1974 873 2040 egisse,
903 1977 1260 2036 venenumut
1299 1967 1437 2037 patri
1478 1964 1874 2035 propinaretur.
1896 1963 2074 2032 itaque
2105 1964 2206 2016 Ba-

663 2062 879 2127 jazitem
924 2059 1096 2129 prius,
1149 2071 1312 2127 quam
1373 2054 1713 2109 Dimotucnm
1765 2054 2121 2122 pervenisset,
2157 2052 2206 2104 vi

669 2151 855 2206 veneni
885 2149 992 2203 dati
1023 2148 1350 2202 exstinctum
1402 2145 1588 2198 fuis5e.
1619 2141 1810 2198 Jovius
1841 2142 1991 2195 addit
2046 2155 2208 2195 vene-

670 2256 796 2296 num
829 2240 877 2295 ei
910 2237 1189 2307 praebitum
1228 2239 1294 2290 ab
1323 2235 1566 2289 Hamone
1610 2232 1794 2287 Judaeo
1835 2232 2063 2285 medico.
2105 2231 2208 2284 Alii

572 2332 577 2336 ’
669 2325 1088 2386 commemorant
1119 2327 1370 2382 Selimem
1407 2333 1753 2392 metuentem,
1786 2338 1852 2377 ne
1889 2337 1950 2378 se
1984 2323 2123 2377 bello
2153 2322 2208 2376 in

671 2420 916 2475 Anatoiia
956 2428 1147 2474 contra
1198 2417 1413 2482 fratres,
1467 2416 1782 2471 Acbmetem
1815 2423 1868 2468 et
1899 2414 2206 2476 Corcutem,

669 2520 952 2581 occupato,
1011 2523 1202 2564 rursus
1245 2504 1526 2576 imperium
1563 2506 1663 2560 sibi
1697 2505 1994 2560 vindicaret
2024 2515 2206 2574 pater;

669 2602 978 2673 corrupisse
1029 2599 1300 2654 medicum
1355 2597 1526 2667 patris
1560 2593 1889 2659 Ustarabim,
1927 2595 2208 2663 promissis

668 2697 717 2749 ei
748 2694 989 2764 singulos
1041 2689 1096 2744 i'u
1142 2689 1258 2745 dies
1305 2688 1534 2742 annonis
1583 2700 1864 2755 asprorum
1914 2685 2079 2748 mille,
2117 2685 2208 2753 qui

669 2785 874 2842 reditus
919 2791 1064 2837 esset
1104 2793 1317 2835 annuus
1364 2776 1502 2835 9000
1549 2777 1882 2832 tbalerorum
1942 2777 2117 2845 aspris
2142 2773 2210 2829 40

673 2888 767 2942 pro
833 2883 940 2925 uno
997 2871 1204 2924 thalero
1277 2867 1622 2938 computatis.
1677 2867 1862 2936 itaque
1941 2867 2212 2934 recepisse

674 2963 965 3027 medicum,
1000 2975 1060 3015 se
1101 2958 1323 3027 Bajaziti
1376 2972 1636 3012 venenum
1671 2957 1962 3027 piiarmaco
1994 2957 2210 3012 mistum

671 3055 1100 3124 propinaturum.
1140 3051 1216 3103 Ac
1241 3049 1511 3102 tradidere
1543 3049 1787 3117 quidam,
1818 3062 2081 3103 venenum
2113 3049 2212 3101 iioc

673 3146 842 3203 fuisse
873 3140 1288 3199 comminutum
1320 3137 1560 3210 pulveris
1607 3140 1780 3193 instar
1844 3139 2206 3192 adamantem.

675 3235 974 3290 Ustarabim
1024 3232 1081 3287 in
1133 3229 1329 3301 oppido
1379 3229 1614 3294 Tzuruio
1659 3227 1877 3298 Bajaziti
1929 3240 2205 3284 auctorem
2238 3214 2281 3274 (ἶ

672 3326 843 3378 fuisse
875 3321 1120 3376 sumendi
1161 3321 1455 3388 pbarmaci,
1488 3319 1884 3388 quo'miriﬁctts
1906 3320 2020 3374 seni
2058 3320 2207 3387 vigor

676 3395 839 3468 totius
869 3411 1111 3481 corporis
1142 3418 1195 3464 et
1225 3409 1389 3463 animi
1422 3410 1694 3476 rediturus
1725 3421 1890 3469 esset.
1921 3410 2207 3464 Annuente

677 3506 929 3573 Bajazite,
962 3502 1224 3556 medicum
1257 3499 1425 3553 altero
1455 3513 1611 3553 mane
1643 3500 1972 3553 sultauinum
2011 3501 2076 3553 ad
2112 3515 2208 3552 cu-

677 3596 911 3652 biculum
953 3594 1201 3657 venisse;
1240 3586 1474 3661 cumque
1522 3589 1879 3645 dormientem
1911 3590 2085 3642 adhuc
2130 3603 2210 3642 re-

680 3691 929 3757 perisset,
978 3681 1474 3753 exspectabundum
1514 3681 1710 3736 ibidem
1760 3680 2002 3744 haesisse,
2041 3679 2211 3733 donec

677 3780 968 3849 evigilaret.
1024 3775 1223 3849 Elapso
1285 3773 1542 3842 temporis
1592 3772 1775 3841 aliquo
1827 3773 2023 3841 spatio,
2089 3785 2208 3823 cum

677 3884 779 3921 non
834 3865 1327 3935 expergisceretur,
1381 3861 1606 3916 excitari
1666 3861 1931 3928 iussisse,
1991 3861 2212 3928 jamque

677 3964 1042 4025 experrectum
1081 3954 1463 4019 interrogasse,
1519 3952 1880 4021 pbarmacone
1928 3953 2002 4005 uti
2031 3953 2208 4007 vellet.

677 4050 774 4103 liio
826 4048 1170 4112 assentiente,
1222 4044 1528 4100 Ustarabim
1574 4044 2000 4114 antipharmaeis
2043 4045 2209 4115 multo

680 4152 802 4193 ante
831 4138 1116 4200 munitum,
1147 4144 1516 4204 praegustatam
1549 4137 1616 4190 ab
1660 4152 1719 4191 se
1764 4137 2083 4190 medicinam
2114 4134 2212 4188 Ba-

677 4232 822 4297 jaziti
881 4227 1171 4298 praebuisse
1222 4226 1608 4290 hauriendam;
1658 4228 1818 4281 simul
1869 4227 2211 4280 cubiculariis

683 4322 980 4386 mandasse,
1013 4335 1077 4374 ne
1106 4318 1234 4388 quid
1261 4317 1315 4372 ‘ei
1346 4305 1503 4387 potus
1538 4317 2016 4372 subministrarem
2039 4318 2210 4387 prius,

678 4427 835 4480 quam
882 4412 1017 4465 bene
1067 4418 1320 4478 cooperto
1369 4421 1596 4477 corpore
1639 4407 1905 4463 sudasset.
1938 4406 2065 4462 inde
2100 4423 2212 4462 me-

682 4503 858 4554 dicum
892 4514 948 4555 se
976 4499 1492 4567 Constantinopolim
1517 4500 1583 4554 ad
1614 4498 1862 4555 Selimem
1895 4499 2210 4564 contulisse,

680 4591 770 4662 qui
804 4591 1051 4662 promissi
1078 4591 1281 4660 pmmii
1328 4590 1444 4644 loco
1497 4590 1720 4657 jusserit
1753 4592 1800 4644 ei
1834 4599 1995 4658 caput
2026 4606 2213 4660 ampu-

681 4683 812 4747 tari;
857 4682 998 4752 quod
1047 4682 1271 4745 diceret,
1321 4675 1590 4734 hominem
1629 4679 1948 4731 sceleratum
1988 4694 2048 4732 ac
2101 4681 2262 4734 inii-—

681 4775 806 4828 dum
838 4776 1051 4829 suitano
1102 4772 1264 4843 patri,
1308 4773 1494 4827 eadem
1543 4784 1766 4824 usurum
1813 4781 1954 4835 erga
1989 4784 2047 4844 se
2079 4762 2215 4838 quo-

680 4882 783 4934 que
806 4866 1046 4934 perﬁdia,
1080 4863 1341 4933 siquidem
1373 4863 1478 4916 hoc
1506 4862 1581 4914 uti
1613 4859 1835 4924 faceret,
1856 4859 1922 4912 ab
1949 4856 2053 4912 alio
2073 4875 2217 4930 .quo-

684 4958 823 5022 piam
845 4956 1204 5025 compellatus
1232 4953 1394 5009 esset.

717 5067 839 5120 902.
873 5068 1154 5135 Cruentum
1189 5075 1236 5118 et
1263 5064 1595 5132 parricidiale
1634 5063 1844 5118 Selimi;
1878 5065 2178 5131 imperium.

757 5157 978 5209 Sublato
1005 5157 1069 5210 de
1123 5157 1295 5209 medio
1322 5165 1488 5222 patre,
1521 5169 1835 5224 progreSsus
1869 5161 1952 5206 est
1991 5153 2216 5206 Selimes

689 5247 752 5300 ad
789 5247 1074 5300 immanem
1115 5247 1369 5301 saevitiam
1413 5245 1668 5312 fmdaque
1721 5242 2034 5311 parricidia,
2069 5244 2216 5295 solus

688 5346 745 5386 ut
775 5349 947 5386 rerum
980 5337 1134 5403 petiri
1199 5346 1398 5403 posset.
1464 5333 1788 5401 Fratcrejus
1857 5343 1983 5388 natu
2047 5333 2217 5399 major

685 5427 966 5480 Aeiinietes
991 5429 1054 5480 ad
1085 5429 1341 5481 Arabicos
1370 5428 1500 5481 ﬁnes
1535 5425 1836 5495 profugisse
1867 5425 2087 5487 dicitur,
2115 5425 2215 5474 boc

685 5529 786 5577 cst.
819 5518 868 5570 in
896 5516 1262 5571 Caramaniam
1292 5516 1453 5587 482
1499 5531 1660 5585 regno
1704 5517 1905 5569 sultaui
1938 5513 2214 5568 Cairensis

685 5608 984 5661 finitimam.
1021 5607 1225 5679 Quippe
1273 5624 1380 5661 non
1427 5608 1595 5661 multo
1632 5615 1747 5674 post
1783 5607 2049 5674 sequitur,
2092 5618 2212 5658 eum

685 5700 798 5750 suis
828 5698 1036 5751 tandem
1077 5714 1106 5753 e
1135 5697 1352 5751 latebris
1385 5712 1505 5751 cum
1539 5696 1707 5748 milite
1745 5694 2053 5747 Caramano
2085 5707 2213 5746 cou~

685 5795 764 5838 tra
797 5788 1042 5845 Selimem
1085 5790 1365 5857 pi‘titliISsc.
1405 5788 1602 5841 Arabes
1641 5789 1798 5839 etiam
1844 5784 2019 5840 vocari
2051 5782 2211 5851 Egy-

2311 658 2430 698 mus
2454 644 2630 713 capite
2664 643 2781 697 i65.
2813 641 3108 710 Mustapbae
3135 642 3304 697 bassm
3335 643 3664 696 mentionem
3689 643 3836 710 paulo

2307 743 2432 790 ante
2461 733 2686 789 fecimus
2714 735 2886 803 capite
2926 733 3049 789 198.
3082 731 3206 786 Fuit
3242 723 3562 788 interfectus
3602 744 3837 801 propter-

2314 839 2400 888 ea,
2453 818 2597 894 quod
2631 823 2909 879 Acbmetis
2936 835 3064 878 eum
3098 822 3253 889 lilios,
3299 821 3564 879 Muratem
3593 834 3644 878 et
3672 825 3838 877 Aiadi-

2311 927 2450 977 nem,
2481 915 2547 968 de
2576 912 2894 966 imminente
2932 911 3033 967 sibi
3065 925 3095 964 a
3124 923 3317 981 patruo
3352 911 3553 967 Seiime
3578 915 3833 981 periculo,

2309 1004 2584 1058 monuisse
2603 1006 2715 1072 per'
2735 1005 2939 1059 celeres
2965 1004 3327 1058 internuntios
3347 1017 3680 1074 compertum
3714 1005 3840 1057 fuis-

2309 1101 2410 1150 set.
2445 1094 2668 1151 ueritas
2700 1095 2801 1150 iuit
2839 1109 3045 1164 pinnas,
3086 1095 3155 1150 ob
3181 1095 3459 1164 perﬁdiam
3506 1110 3634 1166 erga
3683 1095 3837 1150 suita-

2309 1202 2437 1240 num
2470 1185 2784 1257 Bajaaitem,
2821 1187 3009 1241 iterum
3043 1201 3222 1255 suum,
3253 1196 3441 1242 contra
3476 1203 3637 1257 quem
3664 1187 3836 1242 Selimi

2310 1278 2420 1332 ﬁlio
2449 1279 2748 1334 studuerat.
2792 1278 3041 1334 Fratrum
3076 1277 3191 1343 ﬁlii,
3224 1271 3374 1349 quos
3425 1276 3653 1331 Selimes
3678 1286 3841 1330 stran-

2309 1369 2478 1437 gulari
2508 1369 2740 1438 jnssisse
2773 1369 3028 1433 traditur,
3060 1383 3212 1424 more
3259 1367 3571 1423 Osmanidis
3613 1376 3838 1435 recepto.

2309 1459 2402 1528 qui
2429 1458 2582 1514 nefas
2613 1475 2732 1515 esse
2760 1467 2970 1528 putant,
3004 1457 3420 1514 Osmanidarum
3453 1456 3717 1526 sanguine
3745 1466 3836 1510 ter-

2308 1564 2422 1603 ram
2458 1549 2762 1618 conspergi,
2789 1561 3016 1602 numero
3044 1547 3193 1600 fuere
3221 1547 3461 1616 quinque
3487 1563 3502 1600 :
3543 1544 3842 1599 Muciteme-

2271 1663 2275 1665 -
2308 1647 2392 1694 tes
2414 1647 2467 1693 et
2491 1637 2770 1701 Aiadines,
2801 1635 3022 1692 Sinonis
3040 1637 3218 1692 scaebi
3240 1636 3330 1689 ﬁlii
3351 1655 3367 1702 ;
3387 1650 3506 1691 cum
3532 1636 3711 1692 tribus
3731 1637 3841 1690 ﬁliis

2311 1728 2916 1792 suitani'Muchemetis,
2951 1737 3010 1783 ut
3045 1739 3125 1782 est
3153 1728 3334 1783 videre
3363 1736 3546 1783 nostra
3583 1729 3638 1781 in
3668 1727 3844 1783 Osma-

2311 1824 2557 1877 nidaruin
2585 1821 2918 1890 genealogis.
2957 1821 3030 1875 De
3059 1819 3314 1876 Teltlensi
3343 1820 3624 1889 provincia
3647 1821 3839 1874 dictum

2313 1914 2486 1983 capite
2516 1913 2603 1967 57.
2634 1910 2735 1977 Qui
2768 1910 2973 1980 primus
3001 1925 3030 1965 e
3053 1909 3376 1977 ianitoribus
3409 1907 3572 1976 regiis
3609 1917 3663 1962 et
3689 1908 3840 1961 Azem

2309 2003 2420 2072 Aga
2461 2011 2686 2058 vocatur
2733 2001 2788 2054 in
2822 2000 3144 2066 Annalibus,
3191 2000 3396 2068 integre
3452 1997 3720 2053 dicendus
3771 2010 3846 2051 est

2308 2091 2573 2161 Capizilar
2611 2093 2771 2146 Azem
2805 2094 2938 2160 Aga.
2970 2089 3195 2145 Nomina
3234 2089 3342 2158 jam
3373 2089 3666 2158 aliquoties
3690 2104 3845 2157 expo-

2309 2184 2410 2237 sita
2445 2189 2591 2245 sunt,
2621 2190 2675 2236 et
2709 2195 2810 2257 suo
2864 2181 2981 2236 loco
3013 2181 3081 2235 de
3113 2179 3452 2249 Capizilariis
3483 2195 3723 2248 agemus.
3760 2182 3841 2247 qui

2308 2272 2506 2326 suitani
2538 2271 2845 2326 Osmanida:
2885 2271 3150 2339 janitores
3184 2278 3330 2323 sunt.
3381 2267 3473 2323 His
3503 2269 3738 2338 prznfccli
3769 2283 3844 2322 so-

2309 2364 2419 2418 lent
2474 2377 2591 2419 esse
2641 2363 2725 2418 vel
2771 2369 3026 2431 quatuor,
3061 2360 3140 2414 vel
3190 2375 3306 2423 sex,
3358 2370 3515 2429 prout
3549 2360 3649 2428 ipsi
3683 2361 3842 2415 visum

2309 2457 2540 2511 suitano.
2594 2455 2864 2510 Vocantur
2900 2461 3079 2508 autem
3119 2452 3201 2508 vel
3250 2445 3518 2523 Capiziiar
3568 2453 3740 2528 Bassi,
3773 2454 3846 2508 vei

2308 2545 2575 2614 Capiziiar
2606 2546 2736 2614 Aga.
2774 2545 2848 2600 De
2869 2545 3159 2620 vocabulo
3224 2543 3384 2599 Bassa
3441 2544 3618 2613 capite
3663 2545 3749 2608 14,
3791 2547 3848 2596 de

2309 2650 2405 2705 aga
2438 2635 2538 2689 175
2577 2634 2836 2690 diximus.
2869 2635 2972 2699 Qui
3013 2635 3219 2703 primus
3272 2642 3325 2688 et
3377 2649 3664 2701 supremus
3717 2635 3847 2688 inter

2310 2726 2409 2780 hos
2440 2733 2544 2789 est,
2587 2725 2854 2795 Capiziiar
2889 2726 3051 2781 Azem
3104 2725 3213 2796 Aga
3279 2727 3612 2780 nominatur.
3649 2725 3846 2779 Etenim

2309 2815 2468 2868 Azem
2499 2828 2805 2883 supremum
2842 2815 3127 2885 signiﬁcat.
3164 2813 3469 2868 Notandum
3521 2812 3607 2866 hic
3630 2812 3850 2864 Casanis

2309 2905 2522 2958 Azemis
2573 2904 3019 2972 Capizilariorum
3073 2905 3199 2972 Agna
3235 2919 3454 2958 nomen.
3487 2903 3693 2970 Quippe
3718 2902 3851 2955 Geu-

2313 2997 2471 3050 irarus
2510 2993 2602 3058 ait,
2639 2995 2922 3049 Corcutem
2963 2993 3216 3049 incidisse
3264 2995 3318 3048 in
3351 3007 3540 3046 manus
3578 2991 3850 3058 Bostangis

2313 3082 2502 3151 basste,
2529 3089 2617 3157 qui
2650 3086 2865 3141 Selimis
2900 3101 3060 3156 gener
3083 3084 3269 3152 fuerit.
3301 3084 3649 3139 Ostendimus
3680 3095 3847 3136 autem

2314 3193 2495 3245 supra,
2543 3178 2716 3247 capite
2769 3177 2888 3243 198,
2926 3175 3230 3247 Bostangim
3283 3176 3522 3239 bassam,
3558 3174 3773 3229 Seiimis
3799 3175 3851 3227 ﬁ-

2317 3270 2400 3324 liae
2452 3271 2664 3338 nuptias
2723 3277 3077 3324 consecutum
3143 3270 3198 3322 in
3257 3268 3540 3337 praemium
3599 3268 3851 3337 perﬁdiam,

2315 3375 2608 3429 cognomen
2645 3359 2897 3414 habuisse
2950 3357 3332 3428 Ducaginogiis
3385 3372 3450 3412 ex
3497 3371 3660 3412 causa
3702 3359 3852 3426 paulo

2314 3460 2432 3521 post
2459 3449 2742 3520 aperienda
2774 3467 2788 3515 ;
2822 3463 3016 3525 nomen
3048 3463 3177 3504 vero
3195 3449 3468 3519 proprium
3500 3449 3660 3517 hujus
3685 3447 3852 3503 Duca-

2314 3542 2540 3610 gin‘oglis
2571 3549 2686 3594 erat
2717 3553 2825 3594 non
2877 3540 3073 3593 Casam
3135 3539 3217 3592 vel
3258 3538 3455 3602 Casan,
3489 3539 3583 3593 sed
3611 3540 3848 3598 Acbmet.

2258 3651 2278 3669 ⁸
2315 3629 2762 3696 Quemadmodum
2798 3642 2860 3682 ex
2913 3626 3046 3694 ipsis
3093 3625 3388 3680 Annalibus
3415 3624 3667 3693 deinceps
3701 3641 3849 3693 appa-

2315 3718 2474 3771 rebit.
2524 3715 2588 3770 Et
2646 3717 2865 3770 omnino
2893 3714 3179 3783 Capizalar
3234 3717 3346 3784 Aga
3399 3715 3648 3770 diversus
3710 3728 3786 3769 est
3823 3732 3849 3767 a

2315 3809 2564 3877 Bostaugi
2599 3808 2775 3862 bassa.
2820 3806 3161 3876 Quapropter
3200 3807 3254 3860 in
3290 3807 3374 3862 his
3401 3806 3683 3862 Geufraaus
3712 3823 3848 3861 erra-

2317 3898 2407 3950 vit.
2430 3896 2686 3965 Oppidum
2714 3895 2934 3965 Egrigos
2963 3896 3202 3950 Beilonio
3249 3894 3442 3966 Grigos
3475 3908 3576 3961 est,
3622 3899 3685 3950 ad
3714 3913 3848 3951 mare

2315 3991 2500 4049 situm,
2529 4003 2714 4043 versus
2750 3989 2930 4041 sinum
2982 3985 3310 4061 Aiassicum,
3359 3990 3449 4057 qui
3503 3990 3694 4058 priscis
3743 3997 3846 4044 enat

2316 4078 2528 4132 lssicus.

2382 4187 2505 4242 205.
2543 4188 2746 4242 Selimi:
2780 4199 3025 4252 statura;
3069 4191 3250 4257 praziio
3293 4192 3456 4243 victus
3499 4201 3547 4242 et
3593 4193 3782 4246 occisus

2571 4257 2861 4324 Achmetes,
2891 4259 3099 4326 ejusque
3137 4259 3366 4326 filiorum
3393 4261 3606 4312 exsilia.

2390 4342 2541 4413 Quod
2566 4347 2880 4416 pumilionis
2913 4348 3096 4401 Selimi
3134 4363 3329 4404 nomen
3374 4349 3650 4417 tribuitur,
3688 4351 3760 4404 sic
3783 4350 3844 4403 de

2317 4437 2577 4492 sententia
2611 4437 2944 4508 Spandugini
2989 4447 3070 4495 est
3112 4440 3528 4518 accipiendum,
3575 4450 3633 4497 ut
3662 4441 3842 4496 intelli-

2243 4547 2290 4604 υ
2317 4531 2504 4599 gamus
2546 4544 2667 4584 eum
2717 4531 2784 4585 de
2846 4530 3056 4600 reliquo
3116 4544 3348 4602 corpore
3386 4531 3565 4591 fuisse
3607 4535 3839 4602 oblongo.

2315 4616 2405 4670 sed
2440 4616 2598 4672 tibias
2629 4618 2885 4674 habuisse
2936 4619 3154 4676 breves.
3196 4622 3379 4691 anue
3421 4623 3487 4676 de
3539 4638 3698 4678 causa
3734 4635 3840 4690 spe-

2315 4707 2563 4760 ctabiiior
2594 4717 2713 4761 erat
2769 4709 2823 4763 in
2873 4722 3036 4778 equo,
3070 4725 3230 4779 quam
3268 4713 3312 4766 si
3356 4711 3520 4779 pedes
3564 4714 3835 4768 incederet.

2315 4791 2566 4861 Neapolis
2611 4793 2945 4849 Caramaniae
2988 4796 3184 4852 Turcis
3236 4813 3334 4853 sua
3390 4800 3573 4868 lingua
3632 4806 3838 4853 vocatur

2316 4882 2697 4937 Geniscbeber.
2737 4884 2800 4936 Et
2831 4885 3109 4938 annalium
3138 4886 3228 4941 hic
3272 4886 3508 4941 notanda
3539 4887 3695 4942 verba
3723 4895 3837 4941 sunt

2315 4989 2434 5041 quae
2463 4974 2656 5042 saepius
2688 4982 2955 5048 repetunt,
2984 4974 3082 5028 has
3117 4990 3203 5029 res
3237 4963 3295 5029 in'
3327 4974 3644 5032 Caramauia
3679 4976 3834 5030 fuisse

2317 5049 2516 5133 gestas,
2551 5064 2658 5131 q'uo
2707 5079 2763 5117 se
2824 5064 3127 5120 contuierat
3160 5067 3469 5136 Acbmetes,
3527 5080 3586 5124 ut
3640 5070 3832 5124 auxiliis

2317 5157 2510 5210 sultani
2541 5154 2778 5224 [Egyptii
2817 5157 2930 5209 sive
2958 5157 3231 5214 Cairensis
3272 5174 3302 5214 e
3331 5162 3632 5230 propinquo
3659 5172 3827 5215 contra

2319 5244 2569 5298 Selimem
2621 5246 2698 5298 uti
2749 5255 2946 5313 posset.
2994 5247 3188 5304 Leonis
3224 5251 3437 5318 quidem
3474 5253 3689 5322 Augusti
3735 5251 3828 5303 No—

2319 5333 2454 5385 vella
2483 5333 2549 5386 de
2601 5334 2811 5388 titrouis
2864 5333 3159 5406 Neapoieos
3209 5339 3454 5393 meminit
3515 5343 3827 5408 episc0pntus

2319 5421 2603 5488 metropoli
2633 5421 3082 5493 Stauropolitaute
3141 5428 3194 5481 in
3252 5427 3407 5482 Caria
3460 5431 3674 5486 subditi.
3705 5430 3825 5481 iiinc

2318 5521 2556 5586 apparet,
2592 5528 2774 5569 errare
2800 5515 3034 5574 Jovium.
3078 5519 3167 5587 qui
3237 5529 3528 5588 pugnatum
3561 5525 3634 5576 ait
3677 5533 3822 5589 prope

2317 5602 2541 5657 Prusam
2574 5604 2622 5659 in
2667 5607 3000 5675 amplissima
3049 5609 3290 5677 planitie,
3319 5625 3439 5679 quae
3482 5627 3628 5666 novre
3667 5622 3822 5665 terra“.

2319 5694 2538 5762 (Iliugua
2588 5695 2791 5758 italica,
2851 5697 2934 5751 vel
2966 5713 3119 5753 novae
3160 5698 3394 5754 civitatis
3445 5702 3741 5770 appelletur.
3771 5695 3822 5747 Et

2322 5787 2679 5857 proﬁciscitur
2710 5790 2817 5843 hinc
2849 5789 2964 5858 cjus
2992 5791 3112 5846 inde
3142 5791 3511 5857 baliuciuatio,
3565 5791 3692 5862 quod
3731 5788 3820 5838 alia
