4006 6338
171 391 278 499 est

1305 445 1690 507 PANDECTE
1734 447 1935 507 illS'l‘.
1977 448 2267 508 TURCIC.

3248 445 3352 508 882

173 529 246 580 sit
272 527 628 597 haud‘procul
654 533 894 604 avPrusa,
945 537 1022 590 vel
1058 536 1227 592 Nicma
1263 541 1440 607 potius
1463 529 1713 606 Neapolis
1744 554 1785 608 Α
1817 539 2544 595 rateAchmctislilioJuv-ius
2567 528 3354 593 cxcreitutnSeiimishabuisse

174 616 291 671 sive
309 612 697 685 Genischeher,
719 624 781 679 de
804 641 905 694 qua
932 628 1202 696 superius,
1233 644 1348 699 cap.
1374 630 1438 683 l7
1463 639 1511 684 ct
1535 631 1604 683 21'»
1633 629 1712 684 di-

175 707 440 761 ctum.Ea
465 717 645 792 tamen
673 716 860 782 procul
904 718 1194 773 admodum
1239 720 1451 774 distata
1493 720 1713 789 Neapoli

176 797 543 855 Caramaniae.
573 800 684 857 Nec
721 804 899 870 video,
950 825 1056 878 quo
1080 812 1251 880 possit
1276 826 1394 871 esse
1414 812 1536 868 loco
1571 822 1714 867 tanta

177 886 456 952 planities.
483 904 546 947 ac
568 898 840 950 tantorum
863 900 1192 954 exercituum
1221 917 1411 970 capax,
1433 903 1487 956 in
1518 902 1715 958 vicinia

173 974 259 1028 vel
317 977 522 1047 Prusae,
581 983 664 1038 vel
723 985 934 1053 Nicaeae,
997 991 1080 1045 vel
1134 991 1548 1057 Genischeheris
1608 998 1718 1051 sive

174 1063 496 1134 Neapoleos,
530 1071 657 1128 huic
687 1077 979 1144 proximat;
1015 1094 1136 1138 cum
1180 1081 1305 1136 istic
1345 1091 1600 1152 perpetua
1636 1084 1718 1138 vel

169 1156 298 1223 juga
330 1160 458 1225 sint,
492 1163 572 1216 vel
611 1165 733 1219 clivi
765 1169 953 1224 saltem
1009 1174 1207 1228 montis
1243 1172 1480 1245 Olympi.
1519 1174 1716 1241 Taceo,

172 1250 426 1314 Superius
479 1253 766 1322 aliquoties
821 1259 875 1312 in
929 1261 1217 1318 annalibus
1262 1264 1412 1321 hisce
1475 1265 1720 1334 reperiri,

174 1338 512 1433 Caramauite
559 1345 726 1412 begos
760 1347 1219 1409 eumOsmanidis
1265 1355 1404 1411 bella
1451 1367 1718 1433 gerentes.

174 1427 221 1480 si
260 1427 508 1488 hostibus
562 1434 794 1503 impares
840 1454 899 1494 se
943 1443 1208 1508 viderent,
1243 1443 1294 1496 in
1328 1427 1617 1499 montuosa
1641 1460 1720 1499 re-

174 1516 359 1583 gionis
409 1537 519 1576 suae
568 1523 683 1578 loca
747 1542 804 1580 se
855 1531 1152 1599 recepisSe;
1195 1547 1313 1600 quae
1371 1532 1582 1599 quidem
1620 1532 1723 1586 illm

178 1607 310 1675 ipsae
337 1609 559 1666 latebrae
604 1624 752 1681 sunt,
788 1617 839 1671 in
866 1635 1000 1688 quas
1029 1634 1094 1676 se
1120 1637 1242 1676 eum
1282 1621 1454 1678 milite
1483 1638 1584 1678 suo
1614 1625 1724 1678 sul-

179 1699 698 1768 tanus-Achmetes,
753 1705 939 1762 Selimi
989 1708 1141 1764 fratri
1173 1711 1341 1780 copiis
1381 1709 1574 1781 impar,
1634 1713 1726 1767 ab-

67 1862 73 1867 ,
177 1784 351 1849 didit;
385 1794 440 1840 et
469 1791 659 1858 quales
713 1793 766 1848 in
834 1796 1033 1851 vicinia
1081 1797 1263 1852 Prusae
1314 1800 1493 1854 nullas
1526 1798 1723 1855 habere

1817 633 1977 685 tradit
2027 632 2300 685 hominum
2349 628 2584 685 ducenta
2645 629 2832 695 millia,
2869 627 3034 697 duplo
3086 627 3354 696 majorem

1817 722 2100 775 riumerum
2131 721 2336 774 faciunt
2366 721 2611 775 annales.
2643 719 2788 774 Idem
2820 727 2978 772 vocat
3002 717 3239 773 lsmailis
3253 718 3335 786 pri

1816 813 2043 865 marium
2075 812 2262 868 ducem
2312 812 2632 880 UstaOglim,
2689 811 2781 879 qui
2827 808 3031 863 nostris
3076 807 3356 866 annalibus

1815 903 2068 973 Ustagelu
2099 905 2225 974 ogli,
2266 898 2375 960 vel'
2407 902 2662 959 Ustazeiu
2692 903 2823 970 ogli,
2882 899 3088 957 rectius
3140 899 3356 967 quidem

1816 994 1957 1048 haud
1988 996 2166 1060 dubie,
2200 995 2530 1051 nominatur.
2590 994 2648 1049 id
2710 994 2881 1048 lilium
2934 990 3233 1061 Vslagelvis
3284 990 3360 1044 si-

1819 1084 2055 1154 gniﬁcat.
2079 1086 2213 1152 Quis
2245 1093 2421 1141 autem
2451 1085 2616 1142 fuerit
2645 1084 2735 1140 hic
2763 1082 3097 1153 Ustagelves,
3133 1096 3238 1135 non
3266 1095 3363 1135 ex-

1820 1176 2075 1244 primitur
2125 1177 2178 1231 in
2220 1177 2528 1233 annalibus.
2559 1173 2750 1230 Jovius
2782 1174 2969 1229 statim
3003 1181 3124 1242 post
3145 1171 3359 1238 exposi-

1821 1274 1931 1321 tum
1966 1267 2207 1335 praalium
2240 1266 2457 1322 Selimis
2485 1276 2674 1322 contra
2707 1263 2919 1326 Persas,
2957 1272 3010 1317 et
3037 1268 3358 1330 occupatum

1821 1354 2150 1420 Taurisium,
2186 1357 2558 1411 narrationem
2596 1355 2722 1409 belli
2751 1351 3053 1408 Turcorum
3101 1350 3359 1404 adversus

1821 1446 2196 1516 Costagelvem‘
2232 1447 2601 1502 Aladuliorum
2633 1444 2927 1515 principem
2955 1441 3194 1510 subiicit.
3214 1441 3358 1494 ldcm

1824 1536 2018 1589 bellum
2052 1535 2214 1590 Turci
2245 1552 2461 1606 quoque
2510 1552 2633 1590 mox
2681 1545 2890 1602 gestum
2951 1532 3212 1594 referunt,
3269 1532 3358 1584 scd

1821 1625 2076 1680 adversus
2104 1624 2412 1680 Aladeulem
2452 1623 2756 1694 Dulgadiris
2824 1621 3116 1690 provincia:
3151 1620 3357 1673 ducens.

1825 1715 1966 1785 Ergo
1987 1716 2098 1785 jam
2133 1714 2582 1772 animadvertisse
2612 1714 2898 1777 videmur,
2936 1711 3094 1780 hujus
3165 1710 3379 1777 Dulga-'
3449 1790 3456 1797 Ι

1823 1805 2057 1861 dirensis
2093 1802 2330 1874 regionis
2360 1804 2634 1875 principes
2654 1804 2908 1860 habuisse
2978 1816 3177 1856 nomen
3235 1802 3360 1855 Ala-

149 1876 463 1968 Ῥίξίίῗίεεθδ
501 1877 736 1952 “eoque
756 1898 862 1939 non
887 1886 983 1942 abs
1012 1903 1072 1942 re
1099 1888 1300 1943 dicitur
1342 1889 1626 1946 Achmetes
1655 1889 1720 1944 ab
1748 1877 1794 1937 Β
1819 1895 1990 1956 deulis
2022 1897 2075 1950 in
2133 1890 2354 1968 genere,
2399 1895 2556 1964 cujus
2590 1907 2773 1963 supra
2803 1887 2946 1950 facta
2989 1893 3188 1947 mentio
3241 1905 3358 1957 cap.

174 1964 340 2021 initio
387 1968 535 2034 belli,
582 1980 901 2032 transeunte
929 1993 1052 2032 cum
1099 1981 1270 2049 copiis
1327 1982 1379 2035 in
1419 1980 1601 2050 Asiam
1626 1981 1719 2039 Sc-

171 2053 323 2120 lime,
349 2058 512 2137 veluti
547 2060 712 2120 fratre
759 2067 988 2121 debilior
1032 2067 1099 2124 ad
1127 2070 1390 2125 Arabicos
1419 2069 1720 2140 profugisse

172 2142 398 2213 limites,
433 2149 532 2205 hoc
561 2142 666 2216 est,
719 2154 773 2208 in
814 2155 1223 2224 Caramaniam;
1266 2160 1408 2228 unde
1459 2176 1718 2229 nusquam

174 2234 444 2294 hactenus
477 2241 746 2309 prodiisse
805 2246 1021 2318 legitur,
1065 2246 1354 2318 multoque
1391 2250 1564 2304 minus
1589 2264 1720 2317 prae-

171 2325 315 2379 senti
349 2342 470 2381 cum
518 2331 830 2390 discrimine
869 2353 1049 2392 rerum
1089 2337 1310 2395 suarum
1340 2340 1388 2393 in
1423 2338 1719 2409 Bithyniam

174 2415 334 2470 fratri
365 2419 635 2475 subditam
666 2439 725 2478 se
750 2430 1065 2484 contulisse.
1104 2431 1383 2494 Filiorum,
1420 2445 1553 2500 quos
1586 2430 1718 2483 duos

174 2504 400 2574 reliquit
444 2512 785 2580 superstites,
822 2515 1080 2573 Muratem
1126 2529 1178 2573 et
1215 2520 1516 2582 Aladiuem,
1551 2518 1603 2572 in
1636 2518 1719 2573 his

179 2597 401 2662 quidem
427 2602 716 2659 annalibus
735 2605 878 2659 nulla
904 2614 1081 2664 exstat
1113 2609 1313 2664 mentio
1340 2609 1463 2673 ;sed
1488 2609 1556 2663 ab
1577 2607 1720 2673 aliis,

177 2689 476 2754 praesertim
501 2689 810 2759 Menavino,
847 2705 985 2753 teste
1021 2700 1258 2762 oculato,
1298 2712 1720 2754 commemoran-

175 2784 289 2831 tur.
321 2778 603 2836 Aiadinem
645 2786 885 2841 evasisse
929 2788 1072 2858 fuga,
1119 2801 1305 2843 narrat
1332 2787 1550 2854 Jovius;
1579 2799 1633 2843 et
1668 2791 1720 2842 in

175 2866 397 2932 itinere,
431 2885 536 2938 quo
557 2887 615 2926 se
636 2874 950 2931 conferebat
973 2879 1038 2931 ad
1066 2878 1280 2950 Egypti
1314 2879 1584 2950 Syriaeque
1613 2880 1722 2934 sul-

177 2968 392 3022 tanum,
422 2957 652 3013 amicum
678 2970 988 3030 paternum,
1039 2963 1174 3020 febri
1225 2971 1567 3023 exstinctum.
1605 2968 1721 3022 Mu-

176 3057 351 3103 ratesu
377 3065 505 3106 vero
532 3050 770 3108 referunt
795 3069 982 3110 omnes
1012 3055 1074 3109 ad
1104 3055 1374 3110 lsmailem
1405 3048 1720 3126 Sophinum,

179 3141 441 3194 scacbum
490 3140 801 3208 Persarum,
862 3158 921 3201 se
968 3146 1276 3215 recepisse,
1331 3149 1422 3216 qui
1461 3149 1620 3202 tiliam
1671 3149 1718 3202 ci

177 3244 339 3284 suam
362 3231 570 3287 dederit
613 3249 867 3291 uxorem.
907 3233 1117 3306 Quippe
1161 3246 1374 3294 constat
1425 3249 1718 3306 utrumque

176 3319 483 3389 principem
513 3327 626 3377 tam
655 3324 900 3382 Achmeti
953 3327 1115 3395 patri.
1165 3342 1326 3396 quam
1355 3327 1497 3392 filiis,
1533 3328 1719 3382 adver-

178 3425 272 3467 sus
293 3411 548 3468 Selimem
589 3413 821 3480 favisse;
861 3416 1004 3485 quod
1050 3431 1170 3473 esse
1201 3419 1305 3474 sibi
1333 3418 1718 3487 propemodum

179 3511 307 3558 ante
335 3501 484 3560 fores
511 3515 800 3561 cernerent
838 3506 1238 3562 formidabilem
1292 3509 1436 3564 illam
1477 3509 1722 3565 Osmanio

178 3593 378 3650 darum
401 3597 718 3664 potentiam,
747 3612 908 3668 quam
937 3598 1091 3656 bellis
1120 3598 1362 3654 civilibus
1395 3599 1721 3655 debilitatam

181 3687 502 3756 cupiebant,
537 3702 605 3741 ne
649 3703 773 3744 cum
829 3690 1111 3758 utriusque
1165 3688 1486 3744 detrimento
1519 3688 1722 3758 longius

181 3786 451 3847 serperet;
479 3780 552 3832 uti
580 3792 711 3834 sane
740 3793 866 3833 mox
903 3780 978 3833 ab
1011 3779 1168 3836 hisce
1209 3780 1446 3835 motibus
1480 3781 1723 3836 sultanos

183 3870 470 3940 Egyptios
501 3856 980 3925 cumiMamelucis
1026 3871 1139 3926 suis
1185 3871 1252 3925 ad
1300 3872 1722 3946 internecionem

181 3958 407 4023 delevit,
459 3958 732 4028 Sophinos
781 3966 890 4012 tum
939 3957 1170 4028 primum
1226 3967 1446 4014 exortes
1489 3961 1725 4030 graviter

180 4049 407 4114 afﬂixit;
467 4049 674 4104 tametsi
726 4049 857 4104 nihil
909 4049 1176 4104 hactenus
1223 4048 1276 4102 in
1334 4049 1456 4113 hos,
1529 4065 1725 4108 arcano

179 4139 416 4210 quodam
477 4139 572 4193 Dei
614 4140 845 4207 judicio,
902 4139 1127 4195 summis
1184 4139 1306 4194 licet
1361 4141 1442 4194 usi
1493 4140 1722 4201 viribus.

177 4228 400 4282 efficere
454 4228 727 4296 potuerint
771 4225 1099 4290 Osmanidm,
1158 4229 1303 4297 quod
1343 4244 1490 4296 spem
1521 4231 1600 4285 eis
1631 4244 1726 4299 op-

180 4318 448 4385 primendi
481 4318 630 4386 regni
662 4317 863 4372 Persici
894 4327 1098 4372 certam
1122 4320 1360 4388 pmbere
1386 4327 1566 4389 queat.
1601 4322 1726 4377 Ideo

181 4408 370 4476 majori
423 4408 644 4477 dignum
707 4395 1087 4473 admiratione,
1147 4413 1292 4478 quod
1347 4412 1725 4469 insolentiores

1835 1985 1963 2049 163,
1997 1985 2088 2040 sed
2117 1985 2341 2056 singulis
2376 1995 2552 2041 tamen
2587 1983 2848 2054 praeterea
2899 1983 3166 2052 peculiare
3195 1982 3361 2052 quod-

1825 2075 1946 2131 dam
1974 2075 2144 2134 fuisse
2184 2092 2380 2133 nomen
2417 2094 2431 2143 ;
2478 2077 2723 2143 adeoque
2767 2075 3037 2131 devictum
3098 2075 3242 2138 hirae
3298 2071 3363 2124 ah
3446 2148 3449 2150 η

1820 2167 2058 2221 exercitu
2092 2167 2307 2227 Selimis
2360 2166 2699 2242 Ustazeivem
2736 2165 2903 2220 fuisse
2927 2157 3362 2230 vocatum,ctijus

1822 2255 1963 2310 illius
2001 2257 2160 2312 fuerit
2211 2257 2595 2328 Ustazeluogli,
2623 2270 2909 2327 supremus
2941 2254 3066 2309 belli
3095 2253 3200 2307 dux
3223 2251 3359 2320 apud

1820 2342 2092 2398 lsmailem
2165 2344 2486 2415 Sephinum,
2543 2347 2635 2414 qui
2689 2342 3001 2402 Zaideranis
3053 2341 3106 2396 in
3156 2339 3360 2408 campis

1824 2434 2096 2487 occubuit.
2128 2433 2264 2489 llinc
2297 2436 2460 2504 igitur
2484 2434 2852 2491 emendandus
2909 2431 3119 2494 levius,
3151 2437 3205 2484 et
3264 2445 3361 2499 pro

1825 2519 2065 2593 Ustaogli
2131 2520 2496 2594 reponendum
2559 2524 2806 2582 Ustazelu
2835 2523 2985 2594 ogli:
3038 2535 3362 2594 rursumque

1821 2606 1922 2679 pro
1985 2608 2291 2685 Costageiu,
2388 2614 2709 2671 seribendus
2780 2610 3051 2682 Ustagelu.
3107 2607 3361 2663 Planities

1820 2701 2078 2757 Zalderan
2116 2705 2314 2774 legitur
2347 2706 2400 2759 in
2431 2704 2736 2769 annalibus,
2767 2702 2860 2772 qui
2890 2701 3044 2756 Jovio
3069 2707 3360 2754 suntcam-

1823 2793 1873 2860 pi
1902 2791 2211 2848 Calderani.
2232 2792 2382 2850 Situs
2404 2795 2604 2849 horum
2635 2808 2698 2848 es
2748 2806 2813 2848 eo
2847 2790 3162 2862 percipitur,
3216 2788 3360 2859 quod

1821 2883 2134 2941 dimicatum
2162 2886 2328 2941 tradit
2357 2885 2501 2941 idem
2531 2899 2641 2942 non
2663 2880 2864 2954 procul
2906 2896 2934 2938 a
2966 2880 3185 2937 civitate
3199 2880 3360 2942 Chai,

1822 2989 1937 3043 quze
1993 2975 2187 3042 priscis
2237 2976 2493 3035 Artaxata
2556 2975 2721 3032 fuerit
2797 2974 2964 3028 dicta.
3023 2970 3360 3040 Maleozogiis

1822 3066 1937 3120 sive
1989 3065 2315 3122 Malcozides
2342 3066 2516 3136 prior,
2547 3063 2743 3120 Turcis
2788 3071 2871 3119 est
2897 3060 3065 3134 'Tyhur
3115 3062 3196 3114 Ali
3237 3063 3360 3128 beg,

1822 3156 1976 3212 Jovio
1993 3150 2334 3224 Thurabeus,
2357 3155 2619 3212 vocabulo
2647 3155 2773 3212 hinc
2801 3155 2982 3210 itidem
2996 3153 3318 3223 corrigendo
3344 3168 3359 3204 :

1827 3246 1961 3299 alter
1978 3247 2266 3314 Mahomet,
2290 3260 2450 3317 quem
2465 3268 2468 3270 τ
2484 3239 2705 3301 annales
2728 3260 2835 3301 non
2856 3245 3162 3300 nominant.
3178 3241 3358 3311 ,Τητεὶ

1821 3335 2016 3389 vulnus
2083 3336 2346 3392 iuﬂictum
2394 3329 2566 3392 fuisse
2618 3334 2814 3390 scacho
2847 3334 3118 3396 tradunta
3175 3331 3363 3388 Maleo-

1823 3424 2177 3491 zide,.lovius
2207 3425 2318 3480 ictu
2367 3424 2802 3495 sc‘iopetilasum
2859 3423 2934 3477 ait
2975 3423 3080 3478 sub
3134 3423 3362 3477 humero
3431 3459 3439 3468 ι-

1821 3518 2174 3579 sinistro,non
2205 3513 2446 3583 graviter
2503 3520 2708 3578 tamen,
2740 3520 2794 3567 et
2860 3511 3070 3568 incerto
3113 3510 3359 3565 vulneris

1821 3614 2056 3658 auctore.
2097 3600 2238 3658 0rda
2265 3599 2461 3661 Turcis
2512 3607 2597 3657 est
2649 3598 2824 3654 0rdu.
2891 3595 3110 3667 Proprie
3143 3596 3356 3665 quidem
3420 3627 3452 3654 -,

1821 3695 1924 3749 hoc
1954 3695 2027 3748 uti
2053 3693 2315 3749 vocabulo
2337 3694 2512 3748 solent
2550 3707 2647 3760 pro
2679 3690 2799 3747 foro
2861 3689 3121 3767 castrensi
3179 3698 3356 3741 rerum

1823 3782 2112 3847 venalium,
2142 3782 2235 3837 sed
2265 3783 2477 3837 interim
2502 3769 2825 3851 generaliter
2843 3780 3003 3836 etiam
3035 3793 3134 3848 pro
3165 3777 3358 3833 castris

1823 3888 1920 3927 seu
1957 3870 2164 3927 foSsato
2203 3873 2396 3940 pbtius,
2434 3879 2493 3926 ut
2553 3870 2786 3941 appellat
2817 3867 2926 3930 Leo
2968 3867 3195 3937 Sapiens
3249 3866 3359 3921 Au-

1824 3972 2034 4032 gustus,
2060 3962 2322 4032 accipitur
2349 3978 2363 4014 :
2399 3962 2638 4030 itemque
2665 3975 2763 4029 pro
2793 3957 2962 4025 tuldo,
2997 3972 3114 4026 qua
3153 3957 3355 4013 Graecis

1824 4046 1924 4107 vos
1977 4054 2030 4107 in
2110 4053 2362 4124 historiis
2415 4053 2705 4122 reperitur,
2774 4058 2828 4107 et
2887 4053 2940 4106 in
2999 4052 3198 4127 Leonis
3246 4053 3355 4104 Au-

1823 4143 1963 4211 gusti
1995 4142 2134 4196 libro
2168 4141 2247 4195 De
2284 4141 2481 4199 bellicis
2513 4141 2850 4212 apparatibus
2895 4141 2977 4196 sic
3005 4141 3281 4204 delinitur,
3301 4146 3361 4195 ut

1826 4230 2206 4300 impedimenta
2239 4245 2478 4300 vasaque
2497 4230 2750 4294 militum,
2778 4239 2833 4283 et
2863 4243 3050 4284 omnes
3069 4244 3156 4284 res
3174 4240 3361 4291 ncces-

1826 4323 1996 4379 sarias
2022 4322 2416 4392 complectatur
2441 4339 2456 4388 ;
2495 4321 2747 4379 nimirum
2777 4319 3038 4375 famulitia
3089 4319 3205 4373 sive
3227 4314 3348 4388 pue-

1828 4428 1938 4477 rus,
1970 4421 2021 4466 et
2041 4411 2283 4481 jumenta
2340 4411 2454 4466 sive
2482 4410 3115 4482 sagmaria,_r_eliquaque
3141 4405 3355 4462 anima-

179 4493 456 4566 perpetuis
485 4499 746 4552 hactenus
786 4505 841 4552 et
877 4499 1101 4553 infinitis
1135 4501 1300 4568 prope
1341 4511 1527 4555 contra
1563 4518 1722 4571 quos-
1756 4515 1798 4571 ι)
1829 4506 1918 4566 lia,
1947 4510 2006 4557 et
2028 4503 2071 4557 si
2110 4509 2372 4570 praaterea
2402 4501 2477 4556 rei
2507 4501 2572 4555 ad
2611 4517 2766 4564 usum
2795 4500 2983 4562 fossati
3016 4498 3215 4553 milites
3274 4514 3360 4551 se-

180 4587 260 4639 vis
287 4584 516 4654 populos
563 4585 691 4640 facti
724 4586 989 4653 victoriis,
1041 4589 1174 4642 nihil
1221 4604 1323 4642 non
1359 4591 1410 4644 vi
1443 4591 1555 4644 sola
1588 4608 1721 4660 prte-

180 4677 416 4742 potentis
445 4677 658 4745 imperii
697 4684 808 4731 tum
847 4687 1222 4744 prosternere,
1249 4687 1358 4734 tum
1408 4681 1623 4736 diruere
1665 4699 1722 4737 se

182 4766 344 4836 48³
371 4781 528 4834 posse
548 4766 822 4836 iactitant.
871 4765 1010 4834 Ergo
1054 4766 1276 4822 Romani
1329 4771 1540 4823 tandem
1576 4771 1722 4826 illius

183 4855 401 4909 Pindari
442 4872 628 4911 verum
676 4872 818 4922 esse,
876 4869 975 4910 suo
1029 4871 1151 4910 cum
1205 4858 1451 4922 interitu,
1511 4859 1723 4918 discant

183 4948 462 5007 oraculum
494 4964 510 5003 :

340 5060 425 5130 κθ.
458 5061 642 5115 consili
666 5077 844 5130 expers
862 5063 994 5116 male
1021 5062 1124 5116 ruit
1154 5077 1273 5124 sua,

335 5127 448 5205 γένη
475 5127 813 5205 temperatam
847 5133 921 5205 dii
938 5149 1134 5205 quoque
1153 5129 1434 5198 provehunt

326 5196 388 5249 In
419 5195 627 5266 majus;
666 5195 819 5254 fidem
851 5195 1002 5253 odere
1021 5195 1154 5254 hires

326 5266 489 5320 Omne
518 5269 663 5335 nefas
694 5271 901 5325 omnino
967 5279 1242 5324 uouentes.

182 5377 303 5432 ς205.
345 5378 550 5433 Setimis
585 5380 835 5437 adversus
878 5381 1145 5435 lsmailem
1183 5381 1471 5448 Sophinum
1510 5382 1721 5447 expedi-

256 5449 328 5498 tio
350 5465 368 5500 :
399 5450 636 5513 prwlium
671 5450 722 5499 in
749 5453 964 5516 planitie
990 5449 1286 5507 Zalderana
1307 5465 1323 5501 :
1348 5451 1527 5505 levius
1555 5467 1723 5503 emers-

252 5516 432 5580 dalur,
472 5516 649 5576 0rdu.
686 5515 850 5580 0rdu.
885 5519 1188 5583 Fossatum,
1229 5515 1470 5583 Tuldum,
1523 5520 1721 5583 Tebris,

254 5584 526 5649 Sultania,
560 5586 809 5640 Kemach.

253 5672 426 5742 Hujlls
461 5677 585 5730 belli
621 5691 800 5732 causa
829 5680 1196 5750 intelliguntur
1227 5698 1288 5736 ex
1326 5683 1575 5736 indicatis
1630 5691 1723 5734 ra-

193 5767 293 5834 pite
319 5767 668 5837 pracedenti,
700 5771 765 5826 de
785 5781 999 5842 recepto
1015 5778 1315 5843 praesertim
1347 5774 1583 5841 hospitio
1612 5773 1721 5825 Mu-

1819 4607 1940 4646 cum
1973 4594 2194 4654 vehunt,
2214 4591 2451 4645 trahunt.
2476 4588 2728 4654 Germani
2755 4589 3016 4645 Trossum
3047 4587 3356 4658 appellant.

1823 4682 1942 4737 ll.ec
1965 4681 2178 4750 proprie
2194 4696 2295 4736 vos
2323 4681 2492 4736 hocin
2521 4681 2640 4735 loco
2679 4680 2921 4740 Turcicae
2971 4679 3116 4734 Ordu
3145 4693 3360 4747 respon-

1820 4774 1928 4828 det.
1962 4769 2182 4836 Notum,
2214 4771 2355 4840 apud
2380 4771 2610 4827 Tataros
2642 4769 2848 4833 auiam,
2879 4785 2972 4830 seu
3009 4778 3210 4830 castra,
3261 4782 3360 4821 seu

1821 4863 2132 4917 cculilatum
2161 4862 2395 4915 chanum
2447 4861 2563 4914 sive
2624 4874 2808 4927 regum
2839 4859 3090 4926 appellari
3149 4857 3356 4910 ordam.

1831 4952 1984 5021 Apud
2011 4952 2385 5005 Belvacenscm
2409 4949 2641 5011 Joannes
2662 4948 2727 5004 de
2759 4948 2926 5002 Plano
2947 4948 3127 5015 Carpi,
3154 4949 3362 5015 legatus

1825 5043 2096 5114 pontificis
2120 5044 2184 5095 ad
2217 5043 2472 5107 Tataros,
2493 5041 2699 5096 curiam
2731 5028 3276 5108 regisinterpretaur,
3311 5047 3364 5089 et

1823 5133 2110 5186 stationem
2146 5130 2493 5201 imperatoris
2537 5143 2600 5182 ac
2627 5128 2946 5197 principum,
2983 5127 3214 5193 itemque
3247 5131 3361 5175 ten-

1745 5227 1750 5232 ’
1823 5223 2020 5277 torium
2054 5221 2226 5276 ducis.
2262 5221 2366 5274 Sed
2397 5219 2519 5288 hic,
2553 5228 2608 5273 ut
2636 5219 2891 5280 diximus,
2921 5215 3126 5276 tuldum
3163 5213 3362 5266 Persici

1823 5317 1968 5383 regis
1999 5315 2050 5367 in
2085 5313 2319 5384 praedam
2352 5313 2585 5365 cessisse
2615 5308 2807 5361 Turcis
2869 5305 3232 5373 intelligitur:
3284 5303 3359 5355 uti

1823 5417 1942 5456 mox
1973 5405 2130 5457 etiam
2154 5403 2416 5468 sequitur,
2468 5416 2623 5454 unam
2655 5416 2714 5453 ex
2744 5397 2970 5451 lsmailis
3017 5395 3277 5449 uxoribus
3309 5395 3360 5447 in

1823 5493 1950 5545 orda
1988 5492 2153 5547 fuisse
2183 5501 2414 5559 captam.
2456 5491 2640 5544 Solent
2672 5491 2812 5541 enim
2851 5487 3132 5549 mulieres,
3178 5485 3362 5551 siquae

1825 5592 2343 5652 sequunturcastra.
2370 5584 2650 5652 tuldi'pars
2669 5596 2808 5642 esse.
2833 5581 2902 5633 De
2938 5577 3181 5630 Tellrisio
3201 5587 3360 5639 supra

1828 5675 2068 5745 quadam
2101 5676 2451 5744 exposuimus
2479 5691 2600 5743 cap.
2655 5675 2770 5727 187.
2806 5668 3074 5724 Ptolemaei
3135 5665 3359 5716 Torva!"

1829 5778 1969 5827 csse,
2002 5763 2242 5832 plerique
2279 5774 2487 5831 putant,
2521 5773 2570 5816 et
2605 5759 2950 5830 transpositis
2988 5756 3217 5809 fortasse
3272 5750 3359 5801 lit-
3450 5752 3452 5755 ’
