4006 6338
640 446 748 508 88}

637 652 826 717 Jovius
858 662 1120 709 autumat.
1152 654 1206 709 Id
1238 655 1455 726 quidem
1484 656 1584 711 hoc
1617 658 1737 712 loco
1770 658 1988 713 minime
2018 660 2184 714 silen-

640 746 717 799 tio
736 747 1193 814 praetereundum,
1213 748 1358 817 quod
1384 763 1412 801 a
1428 746 1561 802 Choi
1580 758 1796 818 propter
1812 765 1969 818 quam
1994 749 2180 804 urbem

642 846 934 903 pugnatum
972 835 1138 890 fuisse
1187 835 1452 899 diximus,
1488 838 1556 894 80
1584 838 1904 892 milliaribus
1930 838 2197 894 Asiaticis

640 926 725 978 vel
760 923 1019 980 Romanis
1070 925 1377 981 Taurisium
1420 927 1603 984 distet.
1632 928 1947 983 Addendth
1984 928 2182 992 ethoc,

640 1018 989 1070 commissum
1018 1017 1187 1073 fuisse
1209 1019 1446 1085 praelium
1475 1020 1564 1073 die
1591 1019 1659 1073 26
1695 1021 1898 1074 mensis
1929 1018 2180 1088 Augusti,

643 1123 788 1164 anno
816 1108 1127 1164 Christiano
1158 1109 1313 1165 i5”.
1361 1109 1659 1166 Sultaniam
1713 1111 1946 1179 denique
1995 1108 2186 1166 Jovius

645 1200 783 1251 idem
800 1197 967 1255 fuisse
990 1207 1142 1268 putat
1160 1210 1493 1256 exstructam
1517 1215 1548 1254 e
1575 1200 1747 1255 ruinis
1761 1198 2179 1267 Tigranocerta.

645 1291 760 1346 Fiet
778 1290 897 1357 ejus
920 1290 1057 1345 infra
1075 1307 1289 1362 quoque
1311 1294 1535 1357 mentio,
1555 1292 1609 1347 in
1634 1293 1983 1362 expeditione
2009 1292 2183 1362 prima

647 1382 852 1436 sultani
889 1382 1209 1436 Solclmanis
1252 1383 1514 1437 adversus
1549 1381 1764 1439 Persas.
1802 1383 1873 1438 De
1904 1382 2185 1452 Carabago

643 1475 967 1542 rxplicatum
1004 1488 1125 1543 cap.
1154 1474 1244 1535 65,
1269 1475 1335 1528 de
1386 1473 1603 1531 Amasis
1666 1476 1842 1544 capite
1872 1472 1926 1533 θ.
1981 1474 2184 1531 Civitas

647 1565 806 1618 hodie
826 1565 969 1620 dicta
1002 1564 1234 1621 Kemaeh
1258 1566 1311 1620 in
1342 1558 1600 1621 Armenia
1649 1566 1920 1636 quondam
1979 1573 2183 1620 metro-

647 1653 783 1720 polis
814 1662 931 1707 erat
958 1654 1224 1709 Armenia:
1252 1654 1575 1723 Camachus,
1610 1666 1670 1711 ut
1696 1670 1814 1712 eam
1851 1651 2050 1712 Leonis
2076 1656 2184 1712 Au-

645 1746 787 1813 gusti
820 1745 1039 1799 Novella
1087 1748 1156 1801 de
1205 1747 1416 1801 thronis
1455 1748 1705 1817 appellat,
1731 1757 1785 1803 et
1817 1748 2116 1802 indicatum
2154 1762 2186 1804 a

648 1836 801 1891 nobis
828 1845 911 1891 est
945 1840 1193 1905 superius
1223 1850 1343 1907 cap.
1366 1839 1419 1893 ὅ.
1446 1840 1723 1893 Peucerus
1747 1848 2001 1908 corrupto
2026 1850 2187 1894 voca-

649 1926 776 1981 bule
809 1927 1145 1983 Clamassum
1178 1930 1841 1987 nominavit.Sansovinus
1861 1947 2074 2003 quoque
2104 1930 2187 1992 ta-

650 2030 857 2073 macam
902 2019 1114 2084 vitiose,
1152 2034 1248 2088 pro
1276 2022 1507 2077 Camaca
1535 2022 1617 2077 vel
1655 2022 1908 2091 Camaco,
1943 2024 2191 2095 scripsit,

646 2122 887 2164 errorem
946 2109 1237 2167 Laoniccui
1269 2119 1493 2169 secutus
1514 2113 1846 2189 interpretis.

644 2210 773 2278 905.
808 2222 1013 2279 Bellum
1068 2224 1481 2301 Dulgadirctrup;
1524 2243 1661 2301 mors
1706 2229 1852 2287 ducis
1901 2214 2191 2301 Ustagcivis

1220 2295 1298 2349 uel
1322 2292 1613 2352 AIadeuh‘s.
1954 2366 1958 2371 η

720 2381 795 2436 De
839 2381 1140 2451 Dulgadlris
1172 2385 1468 2453 provincia
1515 2385 1713 2443 finibus
1768 2386 1974 2445 dictum
2030 2402 2192 2460 supra

646 2472 829 2539 capite
862 2472 981 2532 163.
1042 2474 1216 2530 Duces
1269 2476 1409 2545 ejus,
1447 2477 1563 2533 sive
1619 2480 1812 2548 reguli,
1869 2478 2192 2535 Turcomani

648 2558 826 2629 erant,
864 2580 971 2636 non
1005 2565 1326 2621 Christiani:
1357 2568 1510 2638 regio
1558 2575 1675 2639 ipsa
1705 2579 1815 2625 tota
1880 2579 2192 2635 montuosa,

648 2654 830 2709 Tauro
857 2656 1220 2712 etAutitauro
1263 2658 1488 2713 inclusa.
1532 2658 1815 2714 Dreslerus
1876 2660 2197 2729 simpliciter

646 2744 1037 2817 Cappadociam
1072 2755 1250 2812 vocat,
1290 2748 1383 2803 sed
1417 2763 1521 2803 non
1572 2760 1737 2805 recte.
1769 2747 1914 2809 Bello
1976 2764 2193 2813 causam

648 2835 897 2903 prmbuit,
917 2837 1061 2907 quod
1082 2837 1239 2906 bilius
1259 2839 1498 2910 regionis
1526 2840 1682 2895 ducis
1715 2840 2008 2898 Ustaselvis
2025 2841 2194 2903 filius,

660 2934 719 2977 ut
742 2925 973 2991 dictum,
1010 2928 1155 2983 hosti
1190 2930 1418 2987 Sclimis
1456 2940 1511 2987 et
1544 2925 1956 2990 Osmanidarum
1992 2930 2195 2989 lsmaili

651 3017 896 3096 Sophino
942 3019 1245 3089 militasset,
1303 3023 1561 3096 quodque
1610 3032 1785 3093 pater,
1841 3025 2023 3079 occiso
2078 3023 2197 3078 Cal-

650 3092 870 3166 deritnis
923 3111 977 3166 in
1023 3115 1231 3187 campis
1289 3092 1701 3179 filio,'f'aurisio
1764 3113 2195 3181 proficiscentem

1840 454 2161 514 JOANNIS
2205 452 2663 518 LEUNCLM'II

639 561 769 617 teris
802 560 976 616 Tenre
1005 562 1272 617 scribetur
1293 564 1496 620 rectius
1528 580 1539 616 :
1572 565 1916 621 ilebrmorum
1955 567 2172 631 Susam,
2208 572 2245 628 Α
2277 569 2440 633 vitiis,
2495 570 2742 635 avaritia,

3728 454 3823 512 831

2827 567 3143 633 ambitione,
3206 565 3451 636 perﬁdia.
3534 564 3674 620 Filio
3727 567 3819 619 Se-

2284 661 2393 713 limi
2466 672 2672 732 patrem
2742 661 3024 727 Baiazitem
3113 656 3408 727 prodendo,
3493 658 3708 723 nuptias
3765 659 3820 710 fi-

2283 751 2366 804 lia:
2438 751 2607 818 ipsius
2654 750 2981 819 impetravit,
3034 758 3091 803 ut
3147 761 3274 805 ante
3331 748 3595 803 diximus.
3644 748 3813 803 Causa

2283 843 2475 902 mortis
2509 843 2597 901 hic
2649 843 2830 897 verius
2883 852 2969 896 est
3021 841 3294 910 exposita,
3351 855 3513 910 quam
3567 840 3634 893 ab
3673 841 3813 901 aliis,

2282 933 2371 996 qui
2422 943 2671 989 necatum
2699 934 2883 990 volunt
2915 934 2985 988 ob
3009 932 3269 1002 expilatas
3301 931 3642 999 provincias,
3691 933 3811 999 qui-

2284 1027 2384 1080 bus
2415 1024 2735 1095 praefuisset.
2750 1025 2909 1094 Atqui
2942 1027 3235 1079 veziras‘em
3260 1023 3440 1086 bassa,
3465 1038 3574 1092 quo
3599 1037 3815 1078 munere

2282 1116 2470 1169 dicunt
2497 1115 2718 1171 annales
2741 1114 2982 1170 {tinctum
3028 1114 3195 1169 fuisse
3227 1112 3657 1182 Ducaginoslitn,
3698 1127 3812 1165 cum

2282 1200 2640 1268 occideretur,
2684 1219 2791 1258 non
2850 1202 3178 1274 provinciam
3235 1202 3526 1273 quamdam
3591 1201 3813 1257 admini-

2282 1301 2437 1355 Strat,
2486 1296 2579 1350 sed
2612 1296 2675 1349 ad
2713 1305 2919 1362 portam
2949 1309 3202 1365 suprema
3223 1302 3346 1350 cum
3368 1303 3654 1364 potestate,
3678 1292 3814 1347 velut

2283 1384 2349 1440 ad
2378 1386 2588 1441 clavum
2617 1388 2785 1444 totius
2815 1382 3231 1443 Osmanidarum
3261 1384 3472 1456 lmperii
3504 1385 3676 1449 sedet,
3725 1400 3814 1438 nec

2284 1477 2393 1533 nisi
2456 1477 2795 1547 gravissimis
2847 1478 2912 1530 de
2963 1477 3144 1533 causis
3198 1476 3304 1531 alio
3356 1476 3491 1532 solet
3543 1475 3810 1543 ablegari:

2285 1568 2426 1637 quod
2457 1568 2508 1622 in
2548 1564 2749 1624 Sinane
2772 1567 2945 1640 prius.
2986 1568 3241 1637 deinceps
3270 1560 3531 1626 accidisse
3576 1568 3814 1621 mentim-

2287 1673 2407 1712 mus
2436 1657 2489 1711 in
2528 1657 2763 1713 Osmane
2817 1660 3148 1715 vezirazeme
3183 1666 3367 1719 contra
3411 1654 3607 1715 Persas
3634 1658 3812 1721 misso,

2286 1747 2442 1815 cujus
2490 1748 2610 1803 loco
2658 1760 2783 1802 tunc
2836 1748 3296 1825 provezirazemes
3334 1749 3399 1804 ad
3448 1758 3658 1815 portam
3699 1764 3816 1804 cou-

2287 1838 2511 1892 stitutus
2534 1838 2633 1893 fuit
2662 1837 2873 1894 Mesites
2898 1840 3076 1902 bassa,
3100 1840 3271 1910 spado
3298 1841 3530 1903 vetulus,
3555 1856 3700 1898 nunc
3715 1843 3827 1894 sal-

2290 1927 2373 1984 vis
2426 1928 2657 1987 annonis
2721 1928 2853 1983 rude
2928 1927 3184 1987 donatus.
3234 1926 3617 1985 Oturaiiaenm
3668 1926 3818 1985 Turri

2290 2018 2498 2073 dicunt.
2535 2015 2736 2073 Praeter
2765 2019 3190 2090 Ducaginoglim,
3222 2020 3468 2077 referunt
3502 2020 3728 2074 annales
3755 2020 3815 2072 ab

2290 2108 2485 2166 Sclime
2512 2121 2761 2165 necatum
2815 2108 3187 2165 lscbenderem
3223 2110 3460 2171 bassam.
3510 2111 3679 2177 quiet
3720 2113 3821 2178 ipse

2291 2213 2453 2266 gener
2486 2199 2654 2266 ipsius
2675 2206 2814 2264 erat,
2866 2209 2921 2255 et
2966 2198 3285 2255 Tazisadem
3361 2200 3820 2259 Cadilescherum,

2290 2298 2345 2345 et
2398 2288 2698 2361 Seguancm
2730 2291 2941 2347 bassam
2964 2290 3141 2360 (ofiicii
3165 2292 3483 2346 vocabulum
3512 2304 3619 2355 est,
3663 2291 3823 2358 expliq

2292 2393 2467 2436 ratum
2493 2398 2613 2453 cap.
2651 2383 2794 2452 i90),
2818 2383 2912 2454 qui
2949 2398 3144 2440 nomen
3172 2385 3425 2441 habuerit
3456 2384 3547 2438 Bal
3612 2382 3819 2442 Gemes.

2293 2473 2349 2529 Id
2381 2474 2656 2529 hominem
2683 2476 2953 2543 signiﬁcat
2983 2476 3140 2533 melle
3183 2490 3291 2531 non
3341 2484 3675 2530 vescentem.
3710 2473 3822 2529 lla-c

2292 2564 2360 2621 de
2388 2580 2670 2634 procerum
2692 2566 2907 2622 Sclimis
2923 2567 3156 2628 caedibus
3176 2567 3281 2624 hoc
3312 2574 3524 2621 tantum
3564 2566 3690 2619 loco
3719 2580 3821 2619 meo

2294 2667 2597 2711 morantur.
2622 2658 2899 2713 Addamus
2949 2665 3005 2714 et
3033 2652 3192 2724 alias,
3224 2657 3346 2716 aliis
3396 2657 3733 2726 temporibus
3766 2672 3821 2711 ac

2296 2746 2429 2802 locis
2449 2757 2803 2817 perpetratas.
2836 2746 3130 2819 Mustaphae
3158 2763 3342 2806 necent
3370 2748 3712 2818 prodidimus
3734 2763 3817 2799 su-

2297 2847 2413 2905 pra,
2450 2850 2547 2905 cap
2570 2831 2695 2891 209..
2759 2836 3113 2893 Chendenum
3171 2838 3387 2893 bassam
3427 2837 3618 2893 Jovius
3667 2838 3820 2891 truci-

2296 2926 2479 2981 datum
2514 2925 2677 2983 refert
2703 2935 2847 2995 ante,
2881 2943 3044 2999 quam
3074 2937 3267 2987 contra
3301 2929 3604 2997 Sophinum
3642 2927 3818 2981 lsmai-

2298 3024 2402 3077 lem
2467 3024 2518 3077 in
2553 3024 2788 3080 Persiam
2820 3026 3235 3110 progrederetur
3268 3042 3284 3079 :
3332 3024 3477 3093 quod
3528 3025 3613 3077 vir
3644 3036 3820 3090 magno

2299 3128 2478 3168 rerum
2511 3130 2609 3167 usu
2643 3115 2922 3185 praeditus,
2966 3116 3066 3172 iter
3100 3115 3204 3171 hoc
3248 3114 3505 3187 gravibus
3543 3114 3609 3165 de
3654 3113 3818 3163 causis

652 3216 840 3257 versus
864 3202 1133 3258 Amasiam
1162 3204 1376 3260 Sclimis
1395 3206 1712 3267 exercitum,
1732 3205 1784 3259 in
1804 3205 2017 3261 clisuris
2041 3221 2195 3261 mon-
2220 3212 2263 3271 c
2295 3203 2343 3259 ei
2374 3203 2738 3264 dissuasisset.
2762 3204 3084 3259 Chuseinem
3130 3204 3366 3265 bassam,
3398 3202 3628 3256 vezirem
3647 3215 3816 3261 suum,

654 3294 815 3356 tium,
832 3301 885 3346 et
910 3294 1179 3362 impeditis
1206 3295 1564 3364 itinerumque
1586 3296 1872 3365 angustiis,
1889 3296 2198 3352 ﬂuminum-

656 3397 762 3451 que
777 3385 1266 3452 transjectionibus,
1284 3376 1576 3441 aﬂlixi‘s‘set.
1593 3388 1808 3442 Sinauis
1827 3389 1995 3443 bassae
2013 3390 2199 3444 memi-

658 3474 837 3528 nimus
855 3491 1017 3545 snpra
1040 3476 1217 3545 capite
1269 3478 1386 3530 177.
1413 3476 1715 3537 Ustazclvis
1737 3496 1765 3543 a
1795 3478 1999 3533 Sinane
2032 3482 2195 3549 capti,

656 3565 883 3634 ejusque
914 3566 1070 3631 jussu
1105 3568 1278 3621 uccatl
1302 3579 1483 3635 caput,
1521 3582 1549 3619 a
1596 3566 1794 3621 Sclime
1830 3565 2008 3636 'm
2036 3565 2202 3621 Vene-

657 3662 781 3717 tias.
813 3673 908 3725 pro
938 3648 1236 3712 Turcorun:
1256 3673 1425 3722 more,
1456 3659 1680 3712 missum
1716 3656 1834 3712 fuit.
1863 3657 2198 3713 Substitutns

661 3751 766 3803 huc
800 3750 913 3803 Alis
943 3750 1136 3819 begns,
1162 3750 1304 3802 infra
1361 3750 1670 3808 nominatus
1693 3748 1873 3803 scacbi
1903 3747 2203 3804 .Suareusis

662 3838 823 3902 filius,
858 3838 1010 3890 initio
1065 3838 1211 3907 regni
1276 3837 1614 3902 Sulcimauis,
1679 3838 1744 3891 ad
1795 3852 1993 3891 annum
2046 3838 2201 3892 Chri-

660 3932 892 3984 stianum
952 3930 1104 3994 1522,
1169 3932 1256 3985 ubi
1349 3930 1499 3997 plura
1557 3930 1626 3984 de
1698 3930 1800 3985 hoc
1848 3945 2202 4000 exponemus,

659 4023 836 4090 capite
880 4021 1005 4077 219.

660 4135 786 4189 206.
825 4136 1041 4191 Sclimis
1087 4138 1139 4191 in
1180 4137 1361 4190 bassas
1404 4152 1525 4190 suos
1558 4134 1795 4197 servitia;
1842 4108 2203 4200 Ducnginogli,

734 4205 991 4275 θηρσί]ξηί
1019 4207 1214 4272 reguli;
1266 4206 1539 4275 catalogus
1581 4205 1985 4273 parricidiorum
2028 4211 2076 4255 et
2106 4211 2228 4255 τω»

694 4332 701 4335 _
730 4275 875 4328 dium
906 4274 1137 4329 Sclimis.

734 4389 838 4442 Piri
883 4392 1039 4445 hassa
1076 4388 1271 4444 Turcis
1307 4400 1392 4445 est
1446 4390 1515 4455 is,
1563 4403 1722 4458 quem
1798 4388 2023 4444 historia
2082 4387 2204 4441 belli

665 4479 858 4533 llhodii
898 4480 1162 4550 Pyrrhum
1190 4478 1378 4534 Graeco
1418 4479 1634 4533 nomine
1664 4486 1842 4541 vocat,
1876 4488 1933 4532 ut
1987 4479 2203 4546 Ajacem

2297 3294 2553 3349 similide
2581 3308 2743 3347 causa
2799 3293 3055 3362 deinceps
3102 3293 3266 3362 jussit
3321 3293 3576 3358 interfici,
3625 3290 3816 3359 quodei

2299 3400 2391 3455 per
2407 3384 2727 3441 solitudines
2745 3386 2953 3444 Arabia:
2972 3384 3191 3442 Cairum
3226 3385 3461 3456 petituro
3483 3399 3606 3438 cum
3638 3382 3816 3451 copiis,

2301 3486 2494 3531 auctor
2523 3487 2687 3542 esset,
2712 3492 2788 3531 nc
2830 3486 3208 3532 temeretanto
3252 3492 3377 3532 cum
3431 3474 3672 3530 exercitu
3725 3483 3816 3524 tam

2303 3563 2662 3637 periculosum
2720 3567 2822 3621 iter
2871 3566 3263 3635 ingrederetur,
3331 3572 3391 3618 ut
3442 3565 3497 3617 in
3536 3563 3817 3619 annalibus

2302 3660 2603 3727 expositum
2630 3657 2877 3727 legimus.
2901 3655 3136 3725 ASgypto
3158 3656 3385 3724 potitus,
3417 3652 3677 3709 Jouuzcm
3713 3653 3817 3705 bas-

2303 3767 2415 3806 sam
2449 3748 2661 3818 (Ianum
2688 3748 2825 3800 male
2842 3745 3124 3806 Geufraens
3152 3754 3211 3802 et
3239 3746 3330 3798 alii
3362 3745 3598 3811 vocant),
3624 3759 3654 3798 a
3683 3743 3819 3795 Circi-

2306 3858 2361 3895 re
2387 3842 2519 3908 bego
2544 3853 2639 3907 per
2677 3838 3004 3892 calumniam
3028 3837 3288 3900 delatum,
3336 3850 3430 3890 seu
3474 3834 3653 3889 furore
3700 3850 3820 3901 qun-

2302 3933 2423 3986 dant
2446 3929 2728 4001 impulsus,
2749 3944 2779 3985 e
2806 3929 2979 3984 medio
2994 3928 3237 3989 sustulit,
3256 3936 3410 3982 utest
3440 3927 3492 3981 in
3530 3927 3819 3981 annalibus.

2304 4027 2633 4096 Colligamus
2665 4024 2924 4079 immanis
2946 4023 3057 4089 jam
3085 4022 3279 4076 bellua:
3302 4021 3540 4074 diritatis
3586 4014 3821 4072 inaudita

2314 4120 2577 4175 facinora.
2600 4116 2837 4180 Primum
2859 4124 2981 4169 octo
3007 4111 3316 4181 parricidia,
3338 4125 3563 4179 prorsus
3580 4106 3817 4164 enormia.

2306 4210 2501 4276 quibus
2517 4216 2724 4277 patrem
2755 4219 2960 4259 veneno
2975 4203 3224 4271 peremit,
3252 4201 3499 4255 Achmeti
3521 4196 3820 4264 Corcutique

2308 4299 2564 4353 fratribus
2585 4298 2619 4349 Ξ
2639 4307 2692 4350 et
2721 4296 2754 4351 5
2780 4294 3005 4348 fratrum
3035 4293 3165 4347 filiis
3197 4293 3389 4358 laqueo
3419 4291 3604 4342 fauces
3653 4286 3816 4342 elisit:

2307 4402 2593 4459 procerum
2618 4386 2812 4440 deinde
2870 4385 3224 4438 maximorum
3256 4379 3428 4433 ca‘des
3460 4380 3699 4438 totidem,
3726 4376 3819 4429 Mu-

2310 4482 2518 4549 staphre
2549 4478 2724 4532 bassce
2770 4474 3119 4532 vezirazemis
3145 4471 3421 4527 Clieudeni
3456 4471 3641 4531 bassz,
3668 4469 3815 4521 Duca-

666 4569 851 4622 Jovitts
876 4570 1450 4645 itidem.appellatione
1479 4570 1661 4624 Graeca
1701 4570 1859 4630 dixit.
1891 4568 1979 4638 qui
2014 4568 2209 4622 Turcis
2238 4542 2286 4601 θ
2313 4572 2543 4640 ginoglis
2578 4569 2928 4625 vezirazemis
2980 4566 3151 4619 bassze
3173 4562 3351 4631 generi
3386 4556 3815 4627 sui,lscliendcris

666 4670 749 4711 est
809 4660 991 4726 Aigas.
1048 4659 1306 4728 Ducagini
1355 4661 1495 4714 filius
1550 4661 1741 4715 Turcis
1796 4672 1876 4714 est
1984 4660 2210 4715 Acltmet

668 4752 1227 4820 liwssa’Dncaginogli,
1261 4751 1416 4815 cuius
1446 4755 1619 4807 oh'ter
1670 4753 1806 4805 facta
1860 4752 2087 4812 mentio,
2122 4765 2208 4801 ca-

668 4846 773 4908 pite
805 4842 920 4897 l98.
954 4841 1121 4897 Natus
1148 4840 1249 4895 fuit
1281 4842 1549 4913 Dncagina
1580 4841 1804 4906 familia,
1836 4856 1995 4913 quam
2023 4838 2207 4894 Jovius

668 4936 739 4983 ait
792 4935 1053 4988 illustrem
1114 4933 1280 4988 fuisse
1354 4933 1407 4986 in
1470 4933 1687 5003 regione
1734 4931 2029 5000 Naupactia
2094 4929 2205 4982 sive

672 5026 993 5091 lwpautina.
1023 5017 1172 5079 sicut'
1194 5027 1304 5091 jam
1338 5027 1557 5079 dicitur.
1590 5024 1700 5092 Ego
1723 5040 1849 5077 vero
1869 5024 2008 5076 hanc
2037 5022 2205 5075 fuisse

670 5116 932 5166 i-i-lehretn
962 5115 1176 5168 invenio
1217 5116 1354 5182 apud
1420 5115 1665 5183 Epirotas
1719 5114 1801 5170 vel
1849 5114 2204 5174 Albanenses,

672 5204 723 5254 in
757 5220 984 5270 quorum
1018 5207 1239 5275 regione
1284 5208 1549 5259 Barletius
1610 5205 1864 5272 Ditcagiiii
1940 5203 2206 5264 meminit,

674 5295 772 5346 loci
813 5298 889 5347 vel
926 5298 1105 5365 oppidi
1146 5298 1448 5366 cujusdam,
1490 5297 1575 5351 cui
1611 5312 1734 5350 cum
1793 5296 2017 5364 imperio
2074 5310 2206 5361 pne-

675 5388 884 5439 l‘nerunt
916 5390 1062 5450 olim,
1095 5399 1147 5442 et
1172 5404 1199 5441 a
1240 5405 1347 5456 quo
1376 5388 1590 5441 familia:
1624 5402 1815 5439 nomen
1850 5387 1949 5437 hoc
1982 5386 2205 5437 inditum

674 5475 791 5527 fuit.
825 5475 1056 5529 Annales
1098 5477 1419 5529 Venetorum
1458 5475 1693 5536 tradunt,
1733 5489 1874 5525 anno
1903 5472 2207 5526 Christiano

677 5569 811 5620 ΝΗ
854 5567 1079 5618 Paulum
1135 5575 1189 5618 et
1240 5566 1460 5619 Leccam
1519 5564 1823 5632 Dueaginos
1851 5563 2061 5622 fratres.
2100 5559 2202 5617 Ta-

676 5663 836 5717 musii
898 5660 1081 5724 filios,
1136 5666 1257 5713 c'nm
1319 5659 1620 5713 ditionibus
1685 5659 1798 5712 suis
1856 5658 1905 5709 in
1958 5659 2204 5722 Albania,

678 5754 891 5806 Veneta:
948 5769 1007 5806 se
1074 5753 1379 5818 reipublicm
1453 5749 1570 5803 fidei
1628 5750 1953 5816 permisisse.
2021 5747 2207 5802 .invius

676 5844 817 5895 hunc
859 5841 1257 5912 Ducagiuogltm
1308 5843 1381 5895 ait
1444 5840 1696 5894 infament
1757 5840 1921 5893 fuisse
1965 5839 2208 5908 pluribus

2309 4659 2490 4713 itidem
2532 4660 2703 4714 bassa:
2735 4657 2936 4726 generi,
2963 4653 3248 4707 Tazisadis
3281 4652 3664 4711 Cadilescheri,
3695 4645 3813 4698 Baiis

2307 4750 2489 4805 Gemis
2523 4748 2784 4818 Seguanis
2812 4747 3001 4806 hassae,
3022 4743 3310 4799 Chuseiuis
3346 4745 3514 4797 nassa
3543 4740 3744 4796 veziris,
3769 4740 3812 4785 ei

2309 4841 2534 4896 Jonuzis
2570 4843 2788 4893 bassae:
2831 4853 2949 4906 qum
3004 4852 3134 4893 sane
3188 4835 3365 4887 omnia
3420 4846 3648 4899 quonam
3679 4824 3813 4879 modo

2311 4933 2517 4997 legatus
2572 4930 2827 4991 Venetus,
2860 4929 3107 4999 Aloysius
3140 4924 3461 4979 Mocenicus.
3522 4936 3682 4987 usque
3704 4918 3812 4969 adeo

2313 5025 2527 5076 elevare
2576 5021 2828 5087 potuerit,
2876 5028 2932 5071 ιιι
2962 5018 3093 5071 nihil
3126 5014 3295 5067 fuisse
3320 5011 3612 5065 barbarum
3654 5012 3699 5061 in
3730 5010 3813 5060 huc

2312 5125 2535 5182 tyranno
2563 5113 2738 5167 dicere
2764 5114 2832 5167 sit
2854 5124 3037 5174 ausus,
3062 5105 3192 5158 mihi
3221 5103 3434 5173 quidem
3458 5105 3640 5156 mirari
3670 5101 3810 5153 subit.

2309 5224 2433 5278 207.
2478 5221 2681 5275 Sclimis
2721 5220 2964 5273 adrersus
3000 5212 3216 5280 ﬂigypti
3246 5208 3523 5280 _.§'yrt'rrqnc
3576 5207 3810 5280 stillariqu

2380 5293 2635 5358 expeditio
2675 5308 2690 5342 :
2736 5276 3181 5358 Cansavifmirri,
3237 5276 3535 5342 Manteiuci,
3582 5276 3807 5331 Circatss',

2380 5354 2480 5415 sire
2522 5354 3016 5428 Quinquemontani.

2383 5471 2676 5525 Simulasse
2702 5467 2902 5519 dicitur
2935 5464 3185 5523 Sclimes,
3212 5459 3439 5514 alteram
3470 5459 3718 5533 adversus
3740 5448 3807 5513 l5-~

2314 5563 2523 5614 mailem
2572 5556 2871 5624 Sophinum
2905 5552 3299 5620 expeditionem
3331 5564 3389 5601 se
3436 5551 3804 5608 suscepturum,

2312 5668 2432 5703 runt
2466 5663 2656 5715 reapse
2690 5648 2972 5700 sultanunt
3002 5641 3311 5694 Cairensem
3338 5638 3623 5690 invasurus
3664 5634 3801 5683 esset.

2313 5744 2362 5793 l.l
2389 5752 2504 5793 astu
2538 5739 2686 5804 fecit,
2714 5754 2781 5791 ne
2812 5743 3164 5805 praepotentes
3206 5732 3342 5786 duos
3366 5729 3551 5779 hosti-3
3590 5724 3731 5777 simul
3762 5718 3803 5765 in

2312 5850 2363 5887 se
2388 5831 2687 5887 concitaret
2728 5848 2737 5880 :
2766 5829 2853 5898 qui
2876 5827 3089 5895 quidem
3124 5828 3262 5880 inter
3286 5835 3341 5874 se
3372 5815 3687 5871 I'Cconi'ilialé
3709 5812 3802 5863 fuc-
