4006 6338
201 430 311 496 886

1346 441 1726 505 PANDECTE
1755 447 1954 512 IIIST‘.
1993 449 2291 514 TURCIC.

3280 463 3382 528 886

199 553 350 608 rant,
408 544 785 602 animadverso
824 545 1038 605 Selimis
1092 549 1363 615 instituto,
1416 570 1523 609 non
1566 557 1742 614 minus
1771 570 1816 628 Α
1847 563 2117 631 piicando,
2152 579 2274 620 cum
2301 566 2460 624 modo
2490 583 2742 640 magnum
2775 569 3156 640 mariscallum,
3219 580 3381 634 modo

200 631 464 704 Egyptii,
483 650 639 704 quam
660 636 833 694 Persae
849 639 1122 694 interitum
1146 645 1459 709 quaerentis.
1481 646 1740 704 Praeterea

201 726 456 779 stimulos
485 725 712 780 addebat
763 728 946 782 Selimi
979 730 1141 785 Chcir
1180 733 1346 801 hegus
1377 731 1561 806 Halepi
1602 739 1620 806 (
1647 740 1741 794 Jo-

199 815 323 867 vius
347 823 400 868 et
429 815 519 868 alii
559 815 905 884 Cajarbeium
930 835 1038 876 non
1088 830 1236 878 recte
1266 828 1504 894 vocant),
1528 830 1618 896 qui
1643 845 1742 884 suo

199 915 325 955 cum
357 906 576 960 sultano
602 907 916 966 inimicitias
961 917 1244 977 exercens,
1280 914 1617 972 deiecturum
1677 920 1743 974 ab

117 1031 122 1035 ς
197 1007 266 1045 eo
290 1008 351 1047 se
370 995 672 1062 nuntiabat,
702 998 747 1053 si
775 1001 996 1069 propius
1019 1002 1086 1056 ad
1127 1000 1386 1073 Halepum
1414 1022 1533 1060 cum
1590 1024 1744 1063 citer-

197 1085 311 1136 citu
338 1084 563 1142 Selintes
592 1091 929 1148 accessisset.
951 1092 1178 1148 Cansavi
1211 1095 1378 1151 Gauri
1432 1113 1624 1152 nomen
1661 1110 1744 1155 est

198 1176 400 1230 sultani
455 1176 730 1234 Cairensis
792 1180 846 1234 in
901 1184 1187 1238 annalibus
1249 1186 1399 1243 hisce
1461 1187 1739 1256 Tui-eicis,

197 1267 294 1333 qui
345 1271 544 1326 nostris
591 1282 848 1341 corrupta
912 1289 1041 1329 voce
1111 1277 1421 1333 nominatur
1470 1279 1739 1350 Campsnn

195 1355 456 1415 Gaurius.
489 1359 643 1416 l'lunc
675 1361 905 1419 Selimes
937 1367 1119 1434 praelio
1160 1367 1309 1435 vicit,
1339 1370 1392 1423 in
1437 1386 1544 1440 quo
1574 1373 1742 1426 sulta-

170 1446 305 1501 'nus
396 1451 510 1519 ipse
565 1469 739 1509 caesus
799 1459 1075 1512 ocrnbuit.
1135 1457 1438 1513 Cairbeium
1489 1477 1737 1531 quoque,

181 1529 283 1588 vel
330 1537 578 1596 Cheirem
631 1544 845 1613 begum,
899 1549 1002 1602 hoc
1033 1549 1214 1619 pratlio
1267 1529 1553 1616 cecidisse,
1585 1529 1736 1608 Geu-

143 1691 148 1693 _
196 1625 364 1680 fraus
418 1632 637 1686 tradidit
685 1649 699 1686 :
751 1637 835 1689 cui
873 1646 1049 1693 tamen
1109 1630 1365 1710 deinceps
1388 1642 1618 1712 Egypto
1653 1660 1741 1699 ca-

196 1726 283 1783 pta
328 1716 582 1775 Selimem
634 1728 1047 1784 commendasse
1095 1729 1336 1797 Cairum,
1362 1733 1415 1786 in
1451 1735 1533 1789 his
1577 1749 1742 1789 anna-

195 1808 341 1863 libus
369 1824 618 1879 expresse
644 1813 856 1880 legitur.
889 1818 960 1871 De
990 1818 1298 1877 Mamelucis
1317 1824 1526 1878 abunde
1556 1823 1739 1880 Jovins

1843 653 2155 721 prtefectum
2187 657 2271 712 vel
2301 658 2666 728 admiralium,
2690 663 2848 718 modo
2893 679 3144 735 magnum
3186 670 3383 725 stabuli

1843 747 2099 801 comitem
2133 749 2543 819 interpretatur,
2574 756 2665 822 qui
2690 754 3003 810 Graecorum
3028 760 3083 813 in
3108 760 3248 816 aulis
3269 773 3384 818 erat

1840 833 1871 898 ὁ
1897 833 2068 902 μέγας
2101 825 2472 904 κονοσταῦλοξ.
2519 845 2575 898 Si
2625 843 2783 899 Petro
2813 846 3056 917 Martyri,
3085 858 3141 902 nt
3171 852 3382 906 oculato

1842 923 1990 988 testi,
2045 926 2175 982 ﬁdes
2242 929 2509 998 habenda,
2561 934 2651 1002 qui
2717 935 2861 990 hunc
2911 938 3190 1006 pra-fuisse
3245 942 3383 999 dicit

1839 1014 2202 1074 exercitibus:
2236 1019 2393 1075 fuerit
2421 1024 2626 1080 scilicet
2656 1025 2704 1081 is
2751 1027 2893 1096 apud
2947 1028 3228 1100 Egyptios
3277 1030 3381 1087 Ulu

1842 1100 2130 1167 Duveidar,
2155 1107 2244 1174 qui
2276 1107 2532 1166 Seraslter
2559 1100 2701 1170 nunc
2732 1120 2870 1185 apud
2929 1117 3139 1175 Tureos
3162 1129 3264 1186 est,
3293 1130 3385 1174 aut

1841 1190 1928 1258 qui
1960 1193 2127 1261 μέγας
2163 1197 2285 1264 δούξ
2310 1202 2448 1269 apud
2479 1202 2693 1262 Grtccos
2742 1208 3090 1276 imperatores
3146 1212 3273 1265 olim
3301 1212 3382 1266 di-

1841 1281 2077 1338 cebatur.
2108 1285 2238 1341 Nam
2278 1291 2451 1359 μέγας
2498 1298 2972 1368 στρατοπεδάρχης
3002 1315 3124 1356 esse
3149 1317 3253 1355 non
3287 1319 3379 1370 po-

1843 1380 1966 1438 test,
1996 1389 2155 1442 quem
2189 1391 2385 1446 pnetor
2423 1381 2643 1437 Grmcim
2666 1394 2846 1443 noster
2895 1403 3012 1441 cum
3062 1389 3377 1460 beglerbego

1839 1475 2130 1531 comparat.
2178 1469 2303 1539 Ejus
2335 1474 2489 1527 verba
2518 1476 2765 1544 superius
2819 1480 3087 1548 exscripta
3110 1481 3377 1550 Iegnnlur,

1839 1555 2014 1621 capite
2048 1557 2134 1610 66.
2385 1567 2388 1571 ’

1837 1661 1962 1716 209.
1987 1662 2441 1742 MelicuLUmera.
2465 1671 2756 1742 _Zamberdi
2788 1678 2990 1739 Gasali.
3022 1680 3188 1742 Gaza,
3218 1680 3375 1735 Zozi-
3466 1736 3467 1739 η

2026 1751 2139 1787 mus
2175 1736 2417 1803 Gaurus,
2450 1740 2643 1806 Remle,
2677 1745 2865 1812 Roma,
2899 1736 3194 1806 ﬂammata.

1911 1819 2236 1879 Vocabulum
2258 1826 2465 1884 Melieul
2493 1831 2686 1888 Umera
2713 1851 2905 1892 nomen
2933 1837 3051 1903 ejus
3076 1839 3234 1894 oilicii
3265 1840 3376 1893 sive

192 1908 248 1952 et
274 1901 365 1954 alii
389 1902 680 1973 scripsere,
717 1922 836 1974 qum
865 1909 1054 1978 paucis
1091 1911 1357 1967 dumam
1388 1917 1734 1986 attingamus,
1768 1902 1811 1959 Β
1838 1910 2115 1981 dignitatis
2144 1914 2364 1971 denotat
2389 1918 2613 1976 Arabica
2636 1922 2839 1992 lingua,
2871 1901 3140 1994 quondam
3174 1927 3372 1982 Mame-

193 1988 424 2057 Caepere
446 1995 546 2050 sub
591 1996 868 2054 Friderico
896 1999 937 2052 ll
968 2003 1231 2073 Augusto.
1283 2003 1506 2061 Duravit
1549 2023 1732 2063 eorum

195 2083 431 2138 societas
462 2087 540 2141 vel
571 2089 704 2144 ordo
740 2105 864 2146 eum
894 2093 1117 2162 imperio
1136 2095 1241 2150 300
1264 2097 1386 2166 plus
1427 2098 1607 2154 minus
1637 2114 1736 2154 an-

195 2172 303 2227 nis.
332 2174 533 2230 Nomen
578 2179 753 2248 ipsum
786 2167 1057 2252 signiﬁcat
1103 2187 1352 2252 militem,
1391 2189 1484 2254 qui
1534 2191 1739 2260 stipen-

195 2264 282 2317 dia
309 2262 471 2321 'facit.
505 2269 568 2321 Et
601 2271 899 2327 militabant
931 2276 1173 2341 sultano,
1219 2275 1601 2351 perpetu‘isque
1628 2282 1741 2337 bel-

196 2355 267 2409 lis
294 2357 707 2425 exercebantur,
744 2365 1013 2430 equestris
1047 2367 1122 2420 rei
1180 2370 1476 2437 praesertim
1527 2372 1738 2439 peritis-

198 2439 622 2507 simi.Moriente
650 2453 870 2508 sultano
900 2456 1208 2524 deligebant
1244 2460 1409 2514 alium
1450 2476 1480 2516 e
1514 2477 1739 2532 corpore

195 2539 314 2592 sive
359 2541 587 2608 collegio
621 2558 743 2609 suo,
770 2542 956 2602 liberis
978 2547 1277 2618 suﬁ'ragiis.
1303 2549 1465 2622 5.85
1499 2550 1739 2607 Plerum-

197 2643 306 2697 que
333 2639 505 2688 tamen
545 2635 770 2690 emirum
803 2637 1088 2708 majorum,
1130 2642 1221 2710 qui
1252 2657 1478 2698 numero
1507 2652 1740 2713 quatuor

199 2730 380 2787 erant,
418 2726 744 2782 auctoritate
796 2729 1163 2800 dignitateque
1208 2733 1426 2788 sultano
1484 2736 1737 2804 proximi,

199 2812 342 2865 ratio
372 2813 554 2870 haberi
579 2817 805 2872 solebat.
838 2820 1053 2876 Electus
1082 2821 1276 2893 cuique
1305 2824 1598 2880 Mamelueo
1618 2841 1741 2881 cen-

197 2908 317 2965 tum
355 2905 674 2972 serapbinos
709 2924 807 2978 pro
837 2910 1084 2966 felicibus
1119 2913 1378 2981 auspiciis
1407 2917 1612 2983 imperii
1645 2900 1746 2970 do-l

199 2993 393 3051 nabat.
419 2995 619 3053 Omnes
645 3001 954 3056 necessario
977 3003 1057 3063 vel
1073 3002 1367 3058 Christiani
1386 3018 1559 3072 erant,
1578 3009 1658 3064 vel
1675 3024 1739 3062 ex

198 3083 529 3144 Christianis
566 3093 882 3159 parentibus
911 3095 1019 3148 nati
1053 3111 1066 3159 ;
1100 3109 1197 3149 nec
1235 3096 1287 3150 in
1318 3097 1561 3152 ordinem
1581 3085 1736 3152 suum

197 3176 282 3229 vel
303 3176 407 3230 Ara
418 3181 624 3240 bes.vel
642 3182 957 3249 Saracenos,
975 3187 1088 3240 sive
1105 3184 1337 3254 Mauros,
1357 3189 1437 3242 vel
1456 3189 1736 3253 Hebraeos,

197 3267 282 3318 vel
313 3265 522 3323 Turcos
553 3273 921 3328 admittebant.
968 3275 1136 3347 Major
1179 3294 1364 3333 eorum
1399 3295 1523 3349 pars
1547 3296 1576 3336 e
1615 3281 1738 3335 Cir-

196 3354 374 3409 cassis
400 3359 706 3419 constabat.
739 3360 789 3412 in
830 3363 1058 3429 pueritia
1085 3365 1279 3433 captis,
1311 3376 1402 3421 aut
1437 3369 1608 3437 pretio
1626 3369 1738 3426 dis-

193 3445 412 3499 tractis.
450 3445 574 3500 Eam
598 3450 666 3502 ob
684 3464 901 3504 causam
938 3450 1132 3507 Zereas
1153 3456 1264 3508 sive
1294 3456 1490 3513 Cercas
1525 3474 1739 3527 quoque

192 3547 462 3591 vocantur
513 3555 541 3593 a
575 3540 790 3604 Turcis,
843 3545 911 3598 ob
938 3545 1315 3604 Circassorum
1363 3550 1502 3603 inter
1537 3551 1737 3608 Mame-

196 3627 353 3681 lneos
415 3630 739 3696 praecipuum
795 3647 1125 3687 numerum:
1178 3651 1296 3702 qua:
1345 3636 1492 3691 natio
1542 3654 1732 3694 nomen

193 3717 828 3782 Quinquemontanorutu
870 3722 1051 3785 habet,
1121 3725 1282 3779 lberis
1322 3726 1434 3782 sive
1485 3726 1736 3797 Georgia-

193 3808 283 3860 nis
312 3809 509 3862 vicina.

224 3921 356 3978 208.
395 3922 1041 4002 Tommaitbai,_sultanua_
1076 3931 1286 4002 ultimus
1326 3931 1560 4002 Egypti,
1605 3932 1705 3987 Ultt

620 3992 905 4061 Duveidar,
941 3999 1072 4050 entir
1105 3999 1308 4063 Quibir.

265 4082 439 4148 Quem
471 4091 775 4140 nostrorum
807 4086 1043 4142 historia:
1074 4089 1489 4148 Tomumbeium
1519 4103 1733 4155 vocant,

195 4171 395 4227 Turcis
413 4183 496 4230 est
522 4174 894 4241 Tommanbai,
922 4178 1138 4233 nomine
1168 4195 1273 4234 non
1328 4181 1533 4236 vitiato.
1581 4183 1732 4247 Quod

194 4261 456 4328 cilicium,
492 4280 675 4332 qnmve
721 4265 956 4334 dignitas
982 4267 1144 4322 fuerit
1197 4268 1330 4337 ejus,
1395 4269 1485 4340 qui
1541 4271 1736 4343 dicitur

197 4353 283 4404 hic
313 4351 416 4405 Uht
454 4353 736 4420 Duveidar,
766 4372 827 4410 ex
857 4350 982 4425 ipso
1027 4360 1300 4414 annalium
1341 4370 1592 4417 contextu
1654 4364 1733 4416 in-

195 4441 482 4504 lcliigittlr.
525 4445 688 4497 Initio
711 4447 1184 4502 commcntationis
1222 4449 1406 4516 huius,
1427 4453 1600 4518 capite
1629 4460 1731 4507 ter-

1838 2000 1972 2057 lueis
2005 2004 2222 2067 usitata,
2255 2022 2373 2074 quae
2402 2011 2540 2078 apud
2577 2012 2781 2068 'l‘urcos
2831 2023 2914 2069 est
2948 2018 3026 2070 vel
3067 2017 3368 2088 beglarbegi

1838 2089 1920 2143 vel
1977 2090 2078 2160 (uti
2125 2093 2284 2162 vulgo
2330 2097 2733 2167 pronuntiatur)
2781 2102 3104 2172 beglerbegi,
3152 2106 3254 2158 hoc
3290 2114 3372 2160 est

1838 2181 2036 2235 domini
2081 2182 2282 2238 domini
2305 2184 2666 2253 dominorum,
2710 2191 2800 2258 qui
2850 2191 3132 2261 sangiacos
3169 2195 3410 2249 scilicet.

1839 2271 2079 2342 aliosque
2105 2273 2268 2342 bcgos
2295 2277 2398 2331 sub
2428 2292 2485 2332 se
2511 2278 2692 2335 habet.
2726 2279 2857 2335 Vide
2889 2283 3149 2350 prolixius
3198 2285 3371 2353 expli-

1838 2368 1956 2414 cata
1982 2362 2276 2430 capiteJi.
2309 2363 2590 2419 Zamberdi
2628 2367 2828 2432 Gasali,
2861 2372 3061 2428 nostris
3109 2381 3193 2428 est
3230 2374 3371 2430 lam-

1838 2450 2042 2506 burdus
2069 2451 2370 2511 Gazzelles.
2405 2455 2665 2527 Equidem
2687 2459 2945 2517 hactenus
2985 2480 3199 2533 operam
3232 2469 3374 2532 dedi,

1837 2551 1897 2598 ut
1928 2543 2146 2598 minime
2175 2553 2428 2616 corrupta
2484 2549 2723 2614 nomina,
2790 2556 3084 2622 praesertim
3139 2557 3371 2626 propria,

1838 2633 2066 2704 singulis
2095 2635 2150 2689 in
2178 2635 2378 2706 linguis
2409 2638 2644 2693 ederem.
2669 2638 2832 2704 Gaza,
2871 2644 3024 2711 cuius
3062 2647 3116 2699 in
3173 2647 3254 2701 his
3278 2663 3373 2701 an-

1837 2724 2047 2778 nalibus
2069 2726 2226 2795 paulo
2255 2738 2378 2782 ante
2409 2729 2607 2783 mentio
2659 2729 2736 2793 ﬁt,
2767 2740 2890 2785 nota
2934 2741 3017 2787 est
3077 2733 3370 2792 Palaestina:

1837 2814 2045 2880 civitas,
2076 2831 2194 2885 quae
2217 2818 2359 2872 viros
2390 2819 2628 2875 illustres
2668 2819 2872 2891 aliquot
2904 2824 3048 2878 dedit
3084 2843 3098 2880 :
3156 2835 3210 2882 et
3234 2828 3373 2885 inter

1838 2907 1972 2962 alios
1993 2907 2264 2963 Zosimum
2293 2909 2565 2978 Gazzeum,
2595 2923 2860 2968 oratorem
2911 2916 3271 2988 eloquentem,
3303 2923 3367 2976 li-

1839 3007 1924 3053 cet
1950 3015 2235 3071 paganum,
2262 3003 2356 3072 qui
2398 3014 2618 3060 necatus
2671 3007 2738 3061 ab
2795 3008 3114 3076 imperatore
3162 3012 3374 3069 Zenone

1839 3092 1962 3157 fuit,
2001 3095 2216 3151 homine
2271 3094 2477 3151 crudeli
2539 3106 2592 3150 et
2643 3098 2933 3153 malitiosa.
2981 3100 3027 3154 Is
3057 3110 3141 3155 est
3197 3104 3372 3160 editus

1839 3185 2044 3238 anobis
2104 3195 2295 3240 auctor
2340 3185 2580 3239 historiae
2622 3186 2868 3244 Zosimus
2925 3203 3128 3253 comes,
3177 3194 3372 3262 ἀποφι-

1842 3277 2249 3345 σκοσυνήγορος,
2287 3277 2426 3344 quod
2459 3293 2655 3334 nomen
2688 3278 2835 3334 illum
2871 3281 3156 3348 signiﬁcat,
3182 3286 3269 3352 qui
3306 3286 3334 3340 ﬁ
3355 3317 3370 3327 -

1839 3361 1917 3417 sci
1948 3363 2236 3432 aliquando
2292 3364 2393 3418 fuit
2420 3365 2734 3421 advocatus.
2775 3367 2909 3422 Eum
2937 3367 3167 3427 Karulus
3214 3374 3372 3443 Sigo-

1839 3455 1962 3509 nius
2017 3455 2076 3510 V.
2109 3455 2171 3510 C.
2233 3457 2463 3527 singulis
2525 3459 2841 3526 septimanis
2883 3460 3207 3528 pagellatim,
3247 3478 3367 3519 cum

1837 3547 2109 3612 ederetur,
2147 3564 2174 3601 a
2217 3565 2300 3603 me
2339 3565 2431 3619 per
2482 3551 2812 3615 veredarios,
2841 3566 3004 3621 opera
3057 3551 3196 3611 Petri
3241 3554 3368 3609 Per-

1839 3651 1918 3690 na:
1945 3637 2218 3691 Boloniam
2277 3639 2485 3693 Basilca
2535 3642 2785 3708 missum,
2847 3642 3090 3698 historia:
3133 3660 3244 3699 sua:
3299 3645 3366 3699 de
3420 3672 3428 3681 -

1837 3725 2061 3794 imperio
2094 3727 2403 3782 Occidentis
2428 3731 2678 3797 inseruit,
2705 3733 2848 3787 nulla
2889 3733 3134 3788 beneﬁcii
3165 3736 3265 3796 mei
3290 3737 3370 3788 vel

1836 3817 1996 3868 unico
2022 3819 2186 3870 verbo
2209 3820 2479 3874 mentione
2511 3821 2686 3874 facta:
2730 3826 2816 3877 cui
2847 3832 3019 3877 tamen
3057 3840 3198 3877 anno
3229 3826 3361 3880 1581

1837 3921 1894 3959 se
1933 3905 2164 3960 Bolonite
2199 3907 2474 3972 invisenti,
2507 3924 2627 3962 cutu
2661 3925 2722 3963 ex
2775 3911 3006 3965 Sabaudi
3054 3913 3207 3967 ducis
3249 3917 3367 3968 aula

1835 3995 2140 4059 discedens,
2171 3997 2236 4050 ad
2302 3997 2708 4083 Ferrarienseni
2755 4014 2876 4054 cum
2937 4001 3091 4056 ducis
3144 4004 3368 4074 Augusti

1836 4087 2156 4154 Septemviri
2209 4087 2440 4144 Saxonis
2504 4089 2698 4159 legato,
2767 4091 2981 4146 Andrea
3028 4091 3213 4160 Paulo,
3257 4096 3370 4150 viro

1835 4178 2165 4246 amplissimo
2233 4192 2285 4233 et
2333 4180 2506 4234 amico
2585 4179 2866 4249 singulari,
2920 4181 3207 4236 comitandi
3251 4185 3368 4252 ejus

1833 4283 1997 4322 causa
2030 4270 2424 4338 proﬁciscerer,
2449 4285 2671 4340 magnas
2726 4287 2854 4326 sane
2896 4274 3097 4341 gratias
3158 4275 3366 4342 agebat,

1835 4359 2063 4426 ingenue
2092 4359 2329 4420 fatendo,
2365 4360 2582 4414 minime
2606 4375 2662 4415 se
2709 4376 2863 4416 suum
2916 4361 3043 4416 illud
3095 4376 3230 4430 opus
3248 4365 3369 4427 abs-

1835 4461 1938 4514 que
1971 4462 2086 4501 mca
2117 4449 2605 4503 communicatione
2641 4451 2861 4517 Zosimi,
2905 4467 3025 4506 cum
3083 4453 3238 4508 laude
3264 4470 3363 4524 pu-

195 4533 293 4593 tiu,
335 4531 434 4585 Uln
501 4534 808 4602 signiﬁcare
866 4533 1170 4592 notavimus
1217 4539 1515 4595 excelsum.
1576 4541 1734 4597 Petro
1764 4551 1812 4610 ι)
1839 4537 2154 4589 blicaturum
2189 4536 2375 4591 fuisse.
2405 4537 2507 4592 Nec
2537 4539 2908 4594 dissimulabat
2937 4558 3017 4607 se,
3044 4557 3165 4598 cum
3195 4545 3246 4598 in
3283 4562 3367 4601 se-

195 4622 420 4693 Mztrtyri
454 4621 842 4679 Mediolanensi
874 4626 927 4679 in
961 4627 1734 4701 descriptionelcgationisBa-

193 4716 448 4785 byloniae,
488 4731 592 4768 non
619 4715 720 4769 Ulu
749 4715 1040 4780 Duveidar.
1079 4718 1172 4773 sed
1218 4719 1355 4772 emir
1399 4719 1618 4775 Cltemir
1645 4735 1738 4788 ap-

196 4809 451 4874 tellatur,
503 4806 646 4875 quod
680 4806 952 4862 Arabibus
1014 4816 1097 4861 est
1125 4811 1258 4864 emir
1293 4811 1506 4878 Quibir,
1557 4812 1606 4868 id
1630 4825 1734 4881 est,

194 4913 426 4965 magnus
460 4899 615 4951 cmir.
651 4897 722 4951 Ea
756 4913 854 4952 vox
879 4913 906 4951 a
939 4897 1090 4953 nobis
1114 4901 1287 4969 capite
1341 4903 1510 4970 primo
1577 4911 1630 4958 et
1646 4904 1736 4959 de-

191 4989 337 5039 cimo
364 4995 559 5051 quarto
587 4990 838 5057 superius
873 4997 954 5043 est
984 4988 1276 5058 explicata.
1308 4978 1504 5061 Martyr
1528 4993 1734 5060 adjicit,

190 5079 328 5130 ctuir
360 5077 550 5142 Quibir
577 5095 699 5134 esse
748 5081 1116 5149 magistratum
1145 5082 1376 5151 primum
1409 5092 1532 5151 post
1561 5085 1736 5140 solda-

193 5185 348 5232 num,
407 5168 566 5237 idque
606 5179 909 5240 propterea,
960 5173 1098 5241 quod
1151 5175 1477 5231 exercitibus
1534 5177 1734 5242 praesit.

193 5261 336 5330 Ergo
372 5261 712 5316 Sansovinus
742 5272 796 5318 et
826 5263 914 5317 alii
940 5263 1219 5327 falluntur,
1258 5266 1349 5334 qui
1374 5266 1536 5335 hujus
1561 5268 1612 5318 in
1655 5266 1734 5317 hi-

193 5357 378 5408 seria:
416 5354 808 5411 narrationibus
835 5371 896 5410 ex
934 5353 1286 5411 Tommanbai
1337 5358 1437 5422 Uln
1475 5357 1734 5411 Duveida-

192 5460 269 5507 re,
306 5441 389 5498 vc!
422 5447 588 5500 emire
609 5445 848 5514 Quibire,
875 5448 1112 5503 fecerunt
1134 5448 1469 5503 admiraliutn
1497 5449 1732 5504 Alexan-

195 5531 345 5585 driae.
402 5533 684 5599 Reperitur
738 5535 896 5586 etiam
971 5535 1109 5603 apud
1167 5534 1474 5592 Geufrmum
1536 5538 1738 5593 Derdar

196 5622 407 5686 Qnihir.
439 5624 646 5690 utapud
673 5623 936 5676 Andream
955 5623 1321 5678 Catnbriuium
1346 5626 1735 5694 Flo‘rentinum,

199 5721 248 5766 et
295 5709 454 5772 alios,
486 5725 713 5782 magnus
744 5712 1049 5766 Diadartus.
1088 5713 1385 5785 Utrumque
1430 5720 1736 5772 mutilatum

201 5817 258 5856 εκ
293 5801 618 5857 Duvcidare.
640 5801 746 5858 Nec
775 5803 1049 5861 Genii-rcus
1079 5805 1180 5861 sibi
1198 5816 1404 5863 constat
1439 5811 1491 5864 in
1515 5811 1612 5864 hoc
1645 5827 1734 5863 cx-

1838 4627 2080 4694 pulcrum
2115 4644 2269 4682 suum
2302 4629 2401 4695 (sic
2450 4630 2591 4683 enim
2635 4633 2934 4700 appellabat
2961 4634 3363 4707 bibliothecam)

1837 4731 1919 4768 me
1949 4718 2258 4782 deduceret,
2291 4719 2832 4788 Romamprol‘eclum
2894 4725 3112 4790 petiisse
3162 4728 3366 4795 copiam

1835 4809 1933 4860 sibi
1970 4811 2088 4867 lieri.
2111 4811 2409 4879 perlegendi
2440 4812 2657 4873 Zosimi,
2689 4815 2780 4880 qui
2826 4830 2946 4869 esse
3005 4817 3277 4872 ferebatur
3315 4821 3368 4874 in

1837 4895 2090 4951 Vaticana
2124 4918 2137 4952 :
2168 4915 2266 4953 nec
2317 4910 2492 4953 tamen
2530 4902 2578 4953 id
2610 4917 2638 4953 a
2669 4901 2922 4971 Gregorio
2969 4904 3176 4961 decimo
3212 4911 3371 4963 tertio

1835 4988 1892 5042 Ρ.
1925 4987 2017 5049 BL,
2049 4989 2168 5043 licet
2199 4991 2455 5045 adhibitis
2500 4991 2948 5050 intercessoribus
2995 4996 3370 5055 illustrissimis

1835 5093 1897 5131 ac
1925 5079 2085 5147 primi
2123 5081 2356 5137 nominis
2386 5083 2553 5137 ctloci
2588 5083 2974 5148 cardinalibus,
3015 5084 3278 5141 Farnesio
3317 5099 3369 5142 et

1834 5170 2065 5234 Estensi,
2095 5174 2255 5225 certis
2288 5172 2356 5228 de
2388 5174 2569 5228 causis
2608 5175 2895 5246 impetrare
2950 5177 3202 5243 potuisse.
3253 5179 3368 5243 Quo

1835 5262 1973 5329 plus,
1999 5277 2090 5316 ore
2117 5271 2244 5317 tunc
2279 5264 2495 5334 quidem
2521 5268 2775 5333 rotundo,
2841 5268 2971 5329 mihi
3041 5283 3098 5322 se
3176 5269 3369 5322 debere

1837 5356 2208 5422 proﬁtebatur.
2268 5357 2371 5412 Sed
2427 5359 2569 5411 enim
2596 5360 2662 5413 ad
2706 5361 2928 5416 annales
2961 5369 3018 5414 ut
3069 5361 3365 5422 redeamus.

1835 5447 1974 5513 quod
2007 5449 2089 5501 hic
2137 5457 2466 5502 memoratur
2511 5449 2716 5514 Remle,
2767 5452 3015 5521 oppidum
3053 5450 3368 5514 Palaestinae.

1836 5537 2014 5589 varias
2050 5539 2436 5606 appellationes
2468 5540 2647 5594 habet.
2685 5541 2816 5595 Nam
2860 5554 2913 5596 et
2970 5541 3174 5607 Rcmle,
3232 5547 3370 5600 sicut

1838 5626 1941 5687 hic,
1968 5629 2290 5695 ριιιὶςὶηιηιει,
2326 5643 2376 5684 et
2403 5631 2587 5694 Ruina,
2615 5623 2969 5691 ct‘Rammola
3025 5634 3244 5696 Mauris,
3276 5636 3366 5702 qui

1838 5717 2041 5771 Arabes
2075 5730 2220 5781 sunt,
2253 5737 2312 5775 ac
2338 5721 2579 5776 ﬁnitimis
2607 5722 2915 5776 nominatur
2943 5741 2955 5776 :
3007 5723 3147 5791 quod
3207 5739 3365 5776 νουίιο
3411 5785 3422 5793 ἱ

1841 5808 2019 5862 bulum
2057 5817 2251 5863 terram
2283 5827 2562 5866 ttretinsatn
2595 5812 2879 5880 signiﬁcat,
2939 5823 2987 5864 et
3014 5829 3041 5864 a
3073 5815 3261 5868 Turcis
3287 5823 3367 5868 est
