  <div class='ocr_page' id='page_1' title='image "/cluster/home/n/w/nwhite01/storage/ocr_20150623/159/pst.000005714797/537.png"; bbox 0 0 4006 6338; ppageno 0'>
   <div class='ocr_carea' id='block_1_1' title="bbox 626 336 740 406">
    <p class='ocr_par' dir='ltr' id='par_1_1' title="bbox 626 336 740 406">
     <span class='ocr_line' id='line_1_1' title="bbox 626 336 740 406; baseline -0.009 0"><span class='ocrx_word' id='word_1_1' title='bbox 626 336 740 406; x_wconf 60' lang='grc'><strong>881*</strong></span> 
     </span>
    </p>
   </div>
   <div class='ocr_carea' id='block_1_2' title="bbox 1745 320 2625 415">
    <p class='ocr_par' dir='ltr' id='par_1_2' title="bbox 1745 320 2625 415">
     <span class='ocr_line' id='line_1_2' title="bbox 1745 320 2625 415; baseline 0.002 -5"><span class='ocrx_word' id='word_1_2' title='bbox 1745 365 1755 380; x_wconf 72' lang='lat'><strong>~</strong></span> <span class='ocrx_word' id='word_1_3' title='bbox 1826 332 2143 412; x_wconf 75' lang='lat' dir='ltr'><strong>.iOANNlS</strong></span> <span class='ocrx_word' id='word_1_4' title='bbox 2175 320 2625 415; x_wconf 69' lang='lat' dir='ltr'><strong>LEUl‘iCLAVIi</strong></span> 
     </span>
    </p>
   </div>
   <div class='ocr_carea' id='block_1_3' title="bbox 3724 349 3827 412">
    <p class='ocr_par' dir='ltr' id='par_1_3' title="bbox 3724 349 3827 412">
     <span class='ocr_line' id='line_1_3' title="bbox 3724 349 3827 412; baseline 0.019 -2"><span class='ocrx_word' id='word_1_5' title='bbox 3724 349 3827 412; x_wconf 85' lang='lat'><strong>888</strong></span> 
     </span>
    </p>
   </div>
   <div class='ocr_carea' id='block_1_4' title="bbox 629 450 3824 537">
    <p class='ocr_par' dir='ltr' id='par_1_4' title="bbox 629 450 3824 537">
     <span class='ocr_line' id='line_1_4' title="bbox 629 450 3824 537; baseline 0.001 -17"><span class='ocrx_word' id='word_1_6' title='bbox 629 463 960 520; x_wconf 83' lang='lat' dir='ltr'><strong>mutatttmin</strong></span> <span class='ocrx_word' id='word_1_7' title='bbox 1011 450 1214 520; x_wconf 70' lang='lat' dir='ltr'><strong>itemle.</strong></span> <span class='ocrx_word' id='word_1_8' title='bbox 1279 464 1446 519; x_wconf 86' lang='lat' dir='ltr'><strong>Distat</strong></span> <span class='ocrx_word' id='word_1_9' title='bbox 1507 466 1688 520; x_wconf 83' lang='lat' dir='ltr'><strong>decem</strong></span> <span class='ocrx_word' id='word_1_10' title='bbox 1755 469 1834 524; x_wconf 90' lang='lat' dir='ltr'><strong>vel</strong></span> <span class='ocrx_word' id='word_1_11' title='bbox 1884 471 2166 525; x_wconf 78' lang='lat' dir='ltr'><strong>duodecim</strong></span> <span class='ocrx_word' id='word_1_12' title='bbox 2197 467 2241 524; x_wconf 83' lang='lat' dir='ltr'><strong>A</strong></span> <span class='ocrx_word' id='word_1_13' title='bbox 2271 469 2540 525; x_wconf 87' lang='lat' dir='ltr'><strong>banenses</strong></span> <span class='ocrx_word' id='word_1_14' title='bbox 2576 467 2938 537; x_wconf 63' lang='lat' dir='ltr'><strong>velEpirotaa.</strong></span> <span class='ocrx_word' id='word_1_15' title='bbox 2985 467 3199 523; x_wconf 85' lang='lat' dir='ltr'><strong>Fecisse</strong></span> <span class='ocrx_word' id='word_1_16' title='bbox 3225 468 3444 522; x_wconf 85' lang='lat' dir='ltr'><strong>tradunt</strong></span> <span class='ocrx_word' id='word_1_17' title='bbox 3498 469 3598 521; x_wconf 87' lang='lat' dir='ltr'><strong>hos</strong></span> <span class='ocrx_word' id='word_1_18' title='bbox 3649 477 3824 524; x_wconf 85' lang='lat' dir='ltr'><strong>trans-</strong></span> 
     </span>
    </p>
   </div>
   <div class='ocr_carea' id='block_1_5' title="bbox 630 555 2171 625">
    <p class='ocr_par' dir='ltr' id='par_1_5' title="bbox 630 555 2171 625">
     <span class='ocr_line' id='line_1_5' title="bbox 630 555 2171 625; baseline 0.003 -18"><span class='ocrx_word' id='word_1_19' title='bbox 630 555 751 625; x_wconf 88' lang='lat' dir='ltr'><strong>plus</strong></span> <span class='ocrx_word' id='word_1_20' title='bbox 789 555 968 609; x_wconf 90' lang='lat' dir='ltr'><strong>minus</strong></span> <span class='ocrx_word' id='word_1_21' title='bbox 997 555 1313 609; x_wconf 86' lang='lat' dir='ltr'><strong>milliaribus</strong></span> <span class='ocrx_word' id='word_1_22' title='bbox 1332 555 1584 610; x_wconf 79' lang='lat' dir='ltr'><strong>Asiaticis</strong></span> <span class='ocrx_word' id='word_1_23' title='bbox 1632 571 1660 608; x_wconf 93' lang='lat' dir='ltr'><strong>a</strong></span> <span class='ocrx_word' id='word_1_24' title='bbox 1713 555 1905 621; x_wconf 79' lang='lat' dir='ltr'><strong>Giali&#39;a,</strong></span> <span class='ocrx_word' id='word_1_25' title='bbox 1937 574 2056 625; x_wconf 77' lang='lat' dir='ltr'><strong>quae</strong></span> <span class='ocrx_word' id='word_1_26' title='bbox 2087 575 2171 614; x_wconf 88' lang='lat' dir='ltr'><strong>sa—</strong></span> 
     </span>
    </p>
   </div>
   <div class='ocr_carea' id='block_1_6' title="bbox 627 645 2174 716">
    <p class='ocr_par' dir='ltr' id='par_1_6' title="bbox 627 645 2174 716">
     <span class='ocr_line' id='line_1_6' title="bbox 627 645 2174 716; baseline 0.003 -17"><span class='ocrx_word' id='word_1_27' title='bbox 627 645 737 699; x_wconf 88' lang='lat' dir='ltr'><strong>cris</strong></span> <span class='ocrx_word' id='word_1_28' title='bbox 769 653 850 700; x_wconf 85' lang='lat' dir='ltr'><strong>est</strong></span> <span class='ocrx_word' id='word_1_29' title='bbox 880 645 1099 701; x_wconf 88' lang='lat' dir='ltr'><strong>Litteris</strong></span> <span class='ocrx_word' id='word_1_30' title='bbox 1142 645 1330 715; x_wconf 83' lang='lat' dir='ltr'><strong>Joppe,</strong></span> <span class='ocrx_word' id='word_1_31' title='bbox 1365 650 1443 699; x_wconf 92' lang='lat' dir='ltr'><strong>sic</strong></span> <span class='ocrx_word' id='word_1_32' title='bbox 1476 646 1541 699; x_wconf 89' lang='lat' dir='ltr'><strong>ab</strong></span> <span class='ocrx_word' id='word_1_33' title='bbox 1588 645 1776 714; x_wconf 82' lang='lat' dir='ltr'><strong>Japeto</strong></span> <span class='ocrx_word' id='word_1_34' title='bbox 1820 649 1901 702; x_wconf 90' lang='lat' dir='ltr'><strong>vel</strong></span> <span class='ocrx_word' id='word_1_35' title='bbox 1947 649 2174 716; x_wconf 79' lang='lat' dir='ltr'><strong>Japheto</strong></span> 
     </span>
    </p>
   </div>
   <div class='ocr_carea' id='block_1_7' title="bbox 627 735 2173 806">
    <p class='ocr_par' dir='ltr' id='par_1_7' title="bbox 627 735 2173 806">
     <span class='ocr_line' id='line_1_7' title="bbox 627 735 2173 806; baseline 0.004 -18"><span class='ocrx_word' id='word_1_36' title='bbox 627 735 789 800; x_wconf 87' lang='lat' dir='ltr'><strong>dicta,</strong></span> <span class='ocrx_word' id='word_1_37' title='bbox 821 737 966 804; x_wconf 88' lang='lat' dir='ltr'><strong>quod</strong></span> <span class='ocrx_word' id='word_1_38' title='bbox 993 752 1186 791; x_wconf 88' lang='lat' dir='ltr'><strong>versus</strong></span> <span class='ocrx_word' id='word_1_39' title='bbox 1215 737 1512 806; x_wconf 83' lang='lat' dir='ltr'><strong>Europam,</strong></span> <span class='ocrx_word' id='word_1_40' title='bbox 1550 738 1618 790; x_wconf 85' lang='lat' dir='ltr'><strong>ab</strong></span> <span class='ocrx_word' id='word_1_41' title='bbox 1639 735 1851 804; x_wconf 85' lang='lat' dir='ltr'><strong>Japheti</strong></span> <span class='ocrx_word' id='word_1_42' title='bbox 1886 739 2173 794; x_wconf 80' lang='lat' dir='ltr'><strong>ﬁliisinha—</strong></span> 
     </span>
    </p>
   </div>
   <div class='ocr_carea' id='block_1_8' title="bbox 625 825 1870 897">
    <p class='ocr_par' dir='ltr' id='par_1_8' title="bbox 625 825 1870 897">
     <span class='ocr_line' id='line_1_8' title="bbox 625 825 1870 897; baseline 0.002 -17"><span class='ocrx_word' id='word_1_43' title='bbox 625 825 870 889; x_wconf 87' lang='lat' dir='ltr'><strong>bitatam,</strong></span> <span class='ocrx_word' id='word_1_44' title='bbox 901 834 1088 894; x_wconf 89' lang='lat' dir='ltr'><strong>portus</strong></span> <span class='ocrx_word' id='word_1_45' title='bbox 1107 828 1223 896; x_wconf 83' lang='lat' dir='ltr'><strong>ejus</strong></span> <span class='ocrx_word' id='word_1_46' title='bbox 1238 828 1618 884; x_wconf 88' lang='lat' dir='ltr'><strong>celeberrimus</strong></span> <span class='ocrx_word' id='word_1_47' title='bbox 1649 839 1870 897; x_wconf 78' lang='lat' dir='ltr'><strong>spectet.</strong></span> 
     </span>
    </p>
   </div>
   <div class='ocr_carea' id='block_1_9' title="bbox 625 933 2172 1000">
    <p class='ocr_par' dir='ltr' id='par_1_9' title="bbox 625 933 2172 1000">
     <span class='ocr_line' id='line_1_9' title="bbox 625 933 2172 1000; baseline 0.001 -12"><span class='ocrx_word' id='word_1_48' title='bbox 625 934 748 988; x_wconf 72' lang='grc'><strong>210.</strong></span> <span class='ocrx_word' id='word_1_49' title='bbox 796 933 1220 998; x_wconf 77' lang='lat' dir='ltr'><strong>Cudsimnbarec,</strong></span> <span class='ocrx_word' id='word_1_50' title='bbox 1271 937 1460 1000; x_wconf 80' lang='lat' dir='ltr'><strong>lkindi.</strong></span> <span class='ocrx_word' id='word_1_51' title='bbox 1518 941 1695 995; x_wconf 71' lang='lat' dir='ltr'><strong>Messi!</strong></span> <span class='ocrx_word' id='word_1_52' title='bbox 1732 944 1864 995; x_wconf 69' lang='lat' dir='ltr'><strong>Ama.</strong></span> <span class='ocrx_word' id='word_1_53' title='bbox 1905 941 2172 999; x_wconf 66' lang='lat' dir='ltr'><strong>[adsulta-</strong></span> 
     </span>
    </p>
   </div>
   <div class='ocr_carea' id='block_1_10' title="bbox 656 1004 2135 1079">
    <p class='ocr_par' dir='ltr' id='par_1_10' title="bbox 656 1004 2135 1079">
     <span class='ocr_line' id='line_1_10' title="bbox 656 1004 2135 1079; baseline 0.005 -24"><span class='ocrx_word' id='word_1_54' title='bbox 656 1005 806 1065; x_wconf 78' lang='lat' dir='ltr'><strong>masi,</strong></span> <span class='ocrx_word' id='word_1_55' title='bbox 833 1004 992 1058; x_wconf 74' lang='grc' dir='ltr'><strong>ϐαιεί</strong></span> <span class='ocrx_word' id='word_1_56' title='bbox 1021 1005 1250 1072; x_wconf 80' lang='lat' dir='ltr'><strong>Sahara,</strong></span> <span class='ocrx_word' id='word_1_57' title='bbox 1273 1008 1437 1072; x_wconf 83' lang='lat' dir='ltr'><strong>Cuba,</strong></span> <span class='ocrx_word' id='word_1_58' title='bbox 1463 1009 1666 1073; x_wconf 77' lang='lat' dir='ltr'><strong>Trulla,</strong></span> <span class='ocrx_word' id='word_1_59' title='bbox 1688 1011 1830 1079; x_wconf 83' lang='lat' dir='ltr'><strong>Naos</strong></span> <span class='ocrx_word' id='word_1_60' title='bbox 1854 1012 2135 1079; x_wconf 75' lang='lat' dir='ltr'><strong>dramicos.</strong></span> 
     </span>
    </p>
   </div>
   <div class='ocr_carea' id='block_1_11' title="bbox 694 1095 2168 1170">
    <p class='ocr_par' dir='ltr' id='par_1_11' title="bbox 694 1095 2168 1170">
     <span class='ocr_line' id='line_1_11' title="bbox 694 1095 2168 1170; baseline -0.001 -17"><span class='ocrx_word' id='word_1_61' title='bbox 694 1095 922 1153; x_wconf 82' lang='lat' dir='ltr'><strong>Selimes</strong></span> <span class='ocrx_word' id='word_1_62' title='bbox 965 1097 1017 1151; x_wconf 91' lang='lat' dir='ltr'><strong>in</strong></span> <span class='ocrx_word' id='word_1_63' title='bbox 1043 1096 1329 1169; x_wconf 66' lang='lat' dir='ltr'><strong>Egyptum</strong></span> <span class='ocrx_word' id='word_1_64' title='bbox 1367 1115 1488 1154; x_wconf 91' lang='lat' dir='ltr'><strong>cum</strong></span> <span class='ocrx_word' id='word_1_65' title='bbox 1518 1105 1760 1156; x_wconf 81' lang='lat' dir='ltr'><strong>exercitu</strong></span> <span class='ocrx_word' id='word_1_66' title='bbox 1811 1101 2168 1170; x_wconf 75' lang='lat' dir='ltr'><strong>profecturus,</strong></span> 
     </span>
    </p>
   </div>
   <div class='ocr_carea' id='block_1_12' title="bbox 622 1186 2167 1261">
    <p class='ocr_par' dir='ltr' id='par_1_12' title="bbox 622 1186 2167 1261">
     <span class='ocr_line' id='line_1_12' title="bbox 622 1186 2167 1261; baseline 0.001 -19"><span class='ocrx_word' id='word_1_67' title='bbox 622 1186 926 1261; x_wconf 53' lang='lat' dir='ltr'><strong>ﬂaccum</strong></span> <span class='ocrx_word' id='word_1_68' title='bbox 973 1189 1040 1242; x_wconf 89' lang='lat' dir='ltr'><strong>ab</strong></span> <span class='ocrx_word' id='word_1_69' title='bbox 1092 1189 1479 1260; x_wconf 81' lang='lat' dir='ltr'><strong>Hierosolymis</strong></span> <span class='ocrx_word' id='word_1_70' title='bbox 1531 1208 1636 1245; x_wconf 75' lang='lat' dir='ltr'><strong>ncn</strong></span> <span class='ocrx_word' id='word_1_71' title='bbox 1693 1195 1876 1261; x_wconf 73' lang='lat' dir='ltr'><strong>praeui</strong></span> <span class='ocrx_word' id='word_1_72' title='bbox 1937 1193 2167 1254; x_wconf 87' lang='lat' dir='ltr'><strong>abesset,</strong></span> 
     </span>
    </p>
   </div>
   <div class='ocr_carea' id='block_1_13' title="bbox 623 1281 2170 1350">
    <p class='ocr_par' dir='ltr' id='par_1_13' title="bbox 623 1281 2170 1350">
     <span class='ocr_line' id='line_1_13' title="bbox 623 1281 2170 1350; baseline 0.003 -19"><span class='ocrx_word' id='word_1_73' title='bbox 623 1295 823 1332; x_wconf 84' lang='lat' dir='ltr'><strong>morem</strong></span> <span class='ocrx_word' id='word_1_74' title='bbox 859 1290 1204 1348; x_wconf 71' lang='lat' dir='ltr'><strong>tyrannorum</strong></span> <span class='ocrx_word' id='word_1_75' title='bbox 1227 1292 1471 1341; x_wconf 87' lang='lat' dir='ltr'><strong>secutus.</strong></span> <span class='ocrx_word' id='word_1_76' title='bbox 1497 1282 1692 1349; x_wconf 85' lang='lat' dir='ltr'><strong>quibus</strong></span> <span class='ocrx_word' id='word_1_77' title='bbox 1720 1281 1772 1335; x_wconf 92' lang='lat' dir='ltr'><strong>in</strong></span> <span class='ocrx_word' id='word_1_78' title='bbox 1835 1295 1927 1336; x_wconf 86' lang='lat' dir='ltr'><strong>ore</strong></span> <span class='ocrx_word' id='word_1_79' title='bbox 1984 1296 2170 1350; x_wconf 85' lang='lat' dir='ltr'><strong>preces</strong></span> 
     </span>
    </p>
   </div>
   <div class='ocr_carea' id='block_1_14' title="bbox 566 1370 2171 1441">
    <p class='ocr_par' dir='ltr' id='par_1_14' title="bbox 566 1370 2171 1441">
     <span class='ocr_line' id='line_1_14' title="bbox 566 1370 2171 1441; baseline 0.003 -21"><span class='ocrx_word' id='word_1_80' title='bbox 566 1404 569 1407; x_wconf 88' lang='lat'><strong><em>-</em></strong></span> <span class='ocrx_word' id='word_1_81' title='bbox 623 1370 701 1421; x_wconf 69' lang='lat' dir='ltr'><strong>ha:</strong></span> <span class='ocrx_word' id='word_1_82' title='bbox 723 1379 980 1438; x_wconf 89' lang='lat' dir='ltr'><strong>perpetuo</strong></span> <span class='ocrx_word' id='word_1_83' title='bbox 1014 1380 1162 1432; x_wconf 84' lang='lat' dir='ltr'><strong>sunt,</strong></span> <span class='ocrx_word' id='word_1_84' title='bbox 1192 1371 1267 1423; x_wconf 81' lang='lat' dir='ltr'><strong>Da</strong></span> <span class='ocrx_word' id='word_1_85' title='bbox 1296 1373 1422 1425; x_wconf 78' lang='lat' dir='ltr'><strong>mihi</strong></span> <span class='ocrx_word' id='word_1_86' title='bbox 1474 1372 1681 1439; x_wconf 80' lang='lat' dir='ltr'><strong>fallere,</strong></span> <span class='ocrx_word' id='word_1_87' title='bbox 1735 1373 1803 1424; x_wconf 89' lang='lat' dir='ltr'><strong>da</strong></span> <span class='ocrx_word' id='word_1_88' title='bbox 1817 1373 2024 1441; x_wconf 79' lang='lat' dir='ltr'><strong>justum</strong></span> <span class='ocrx_word' id='word_1_89' title='bbox 2051 1389 2171 1426; x_wconf 84' lang='lat' dir='ltr'><strong>san-</strong></span> 
     </span>
    </p>
   </div>
   <div class='ocr_carea' id='block_1_15' title="bbox 620 1460 2166 1526">
    <p class='ocr_par' dir='ltr' id='par_1_15' title="bbox 620 1460 2166 1526">
     <span class='ocr_line' id='line_1_15' title="bbox 620 1460 2166 1526; baseline 0.003 -15"><span class='ocrx_word' id='word_1_90' title='bbox 620 1469 860 1526; x_wconf 81' lang='lat' dir='ltr'><strong>ctumque</strong></span> <span class='ocrx_word' id='word_1_91' title='bbox 921 1460 1103 1524; x_wconf 81' lang='lat' dir='ltr'><strong>videri,</strong></span> <span class='ocrx_word' id='word_1_92' title='bbox 1148 1460 1415 1515; x_wconf 86' lang='lat' dir='ltr'><strong>civitatem</strong></span> <span class='ocrx_word' id='word_1_93' title='bbox 1472 1461 1931 1516; x_wconf 75' lang='lat' dir='ltr'><strong>Musulntanorutn</strong></span> <span class='ocrx_word' id='word_1_94' title='bbox 2006 1465 2166 1516; x_wconf 88' lang='lat' dir='ltr'><strong>etiam</strong></span> 
     </span>
    </p>
   </div>
   <div class='ocr_carea' id='block_1_16' title="bbox 620 1549 2170 1617">
    <p class='ocr_par' dir='ltr' id='par_1_16' title="bbox 620 1549 2170 1617">
     <span class='ocr_line' id='line_1_16' title="bbox 620 1549 2170 1617; baseline 0.005 -17"><span class='ocrx_word' id='word_1_95' title='bbox 620 1549 873 1617; x_wconf 85' lang='lat' dir='ltr'><strong>opinione</strong></span> <span class='ocrx_word' id='word_1_96' title='bbox 930 1565 1140 1605; x_wconf 84' lang='lat' dir='ltr'><strong>sacram</strong></span> <span class='ocrx_word' id='word_1_97' title='bbox 1183 1559 1427 1609; x_wconf 82' lang='lat' dir='ltr'><strong>sanctam</strong></span> <span class='ocrx_word' id='word_1_98' title='bbox 1459 1553 1692 1607; x_wconf 79' lang='lat' dir='ltr'><strong>invisere</strong></span> <span class='ocrx_word' id='word_1_99' title='bbox 1719 1584 1724 1588; x_wconf 94' lang='lat'><strong><em>-</em></strong></span> <span class='ocrx_word' id='word_1_100' title='bbox 1754 1555 1944 1606; x_wconf 80' lang='lat' dir='ltr'><strong>voluit.</strong></span> <span class='ocrx_word' id='word_1_101' title='bbox 1995 1551 2170 1608; x_wconf 74' lang='lat' dir='ltr'><strong>Hzm‘t&#39;l</strong></span> 
     </span>
    </p>
   </div>
   <div class='ocr_carea' id='block_1_17' title="bbox 621 1630 2166 1713">
    <p class='ocr_par' dir='ltr' id='par_1_17' title="bbox 621 1630 2166 1713">
     <span class='ocr_line' id='line_1_17' title="bbox 621 1630 2166 1713; baseline -0.002 -20"><span class='ocrx_word' id='word_1_102' title='bbox 621 1641 761 1694; x_wconf 89' lang='lat' dir='ltr'><strong>enim</strong></span> <span class='ocrx_word' id='word_1_103' title='bbox 793 1640 1060 1708; x_wconf 82' lang='lat' dir='ltr'><strong>hodieque</strong></span> <span class='ocrx_word' id='word_1_104' title='bbox 1093 1639 1396 1694; x_wconf 73' lang='lat' dir='ltr'><strong>Tui-corum</strong></span> <span class='ocrx_word' id='word_1_105' title='bbox 1432 1644 1482 1694; x_wconf 94' lang='lat' dir='ltr'><strong>in</strong></span> <span class='ocrx_word' id='word_1_106' title='bbox 1507 1643 1703 1710; x_wconf 85' lang='lat' dir='ltr'><strong>animis</strong></span> <span class='ocrx_word' id='word_1_107' title='bbox 1734 1657 1794 1696; x_wconf 87' lang='lat' dir='ltr'><strong>ea</strong></span> <span class='ocrx_word' id='word_1_108' title='bbox 1825 1641 1936 1696; x_wconf 85' lang='lat' dir='ltr'><strong>sive</strong></span> <span class='ocrx_word' id='word_1_109' title='bbox 1961 1630 2166 1713; x_wconf 68' lang='lat' dir='ltr'><strong>religio.</strong></span> 
     </span>
    </p>
   </div>
   <div class='ocr_carea' id='block_1_18' title="bbox 623 1730 2187 1807">
    <p class='ocr_par' dir='ltr' id='par_1_18' title="bbox 623 1730 2187 1807">
     <span class='ocr_line' id='line_1_18' title="bbox 623 1730 2187 1807; baseline 0.004 -27"><span class='ocrx_word' id='word_1_110' title='bbox 623 1730 734 1784; x_wconf 85' lang='lat' dir='ltr'><strong>sive</strong></span> <span class='ocrx_word' id='word_1_111' title='bbox 761 1731 1100 1807; x_wconf 81' lang='lat' dir='ltr'><strong>superstitio,</strong></span> <span class='ocrx_word' id='word_1_112' title='bbox 1159 1739 1219 1783; x_wconf 87' lang='lat' dir='ltr'><strong>ut</strong></span> <span class='ocrx_word' id='word_1_113' title='bbox 1247 1731 1351 1783; x_wconf 85' lang='lat' dir='ltr'><strong>voti</strong></span> <span class='ocrx_word' id='word_1_114' title='bbox 1386 1732 1486 1797; x_wconf 85' lang='lat' dir='ltr'><strong>rei,</strong></span> <span class='ocrx_word' id='word_1_115' title='bbox 1525 1730 1739 1785; x_wconf 78' lang='lat' dir='ltr'><strong>Meccha</strong></span> <span class='ocrx_word' id='word_1_116' title='bbox 1798 1749 1896 1799; x_wconf 82' lang='lat' dir='ltr'><strong>sua</strong></span> <span class='ocrx_word' id='word_1_117' title='bbox 1930 1737 2187 1796; x_wconf 75' lang='lat' dir='ltr'><strong>visi&#39;ata,</strong></span> 
     </span>
    </p>
   </div>
   <div class='ocr_carea' id='block_1_19' title="bbox 623 1821 2163 1890">
    <p class='ocr_par' dir='ltr' id='par_1_19' title="bbox 623 1821 2163 1890">
     <span class='ocr_line' id='line_1_19' title="bbox 623 1821 2163 1890; baseline 0.005 -16"><span class='ocrx_word' id='word_1_118' title='bbox 623 1837 730 1875; x_wconf 89' lang='lat' dir='ltr'><strong>non</strong></span> <span class='ocrx_word' id='word_1_119' title='bbox 760 1836 818 1874; x_wconf 90' lang='lat' dir='ltr'><strong>se</strong></span> <span class='ocrx_word' id='word_1_120' title='bbox 853 1821 1092 1889; x_wconf 75' lang='lat' dir='ltr'><strong>legitime</strong></span> <span class='ocrx_word' id='word_1_121' title='bbox 1119 1823 1348 1877; x_wconf 74' lang='lat' dir='ltr'><strong>solvisse</strong></span> <span class='ocrx_word' id='word_1_122' title='bbox 1405 1834 1588 1877; x_wconf 89' lang='lat' dir='ltr'><strong>votum</strong></span> <span class='ocrx_word' id='word_1_123' title='bbox 1646 1825 1994 1890; x_wconf 80' lang='lat' dir='ltr'><strong>arbitrentur,</strong></span> <span class='ocrx_word' id='word_1_124' title='bbox 2060 1829 2163 1884; x_wconf 77' lang='lat' dir='ltr'><strong>nisi</strong></span> 
     </span>
    </p>
   </div>
   <div class='ocr_carea' id='block_1_20' title="bbox 625 1909 2168 1980">
    <p class='ocr_par' dir='ltr' id='par_1_20' title="bbox 625 1909 2168 1980">
     <span class='ocr_line' id='line_1_20' title="bbox 625 1909 2168 1980; baseline 0.005 -17"><span class='ocrx_word' id='word_1_125' title='bbox 625 1909 986 1963; x_wconf 78' lang='lat' dir='ltr'><strong>Bethleemam</strong></span> <span class='ocrx_word' id='word_1_126' title='bbox 1041 1924 1276 1979; x_wconf 89' lang='lat' dir='ltr'><strong>quoque,</strong></span> <span class='ocrx_word' id='word_1_127' title='bbox 1340 1910 1554 1979; x_wconf 82' lang='lat' dir='ltr'><strong>Christi</strong></span> <span class='ocrx_word' id='word_1_128' title='bbox 1595 1915 1752 1968; x_wconf 88' lang='lat' dir='ltr'><strong>cunis</strong></span> <span class='ocrx_word' id='word_1_129' title='bbox 1804 1917 2061 1980; x_wconf 85' lang='lat' dir='ltr'><strong>nobilem,</strong></span> <span class='ocrx_word' id='word_1_130' title='bbox 2117 1930 2168 1980; x_wconf 83' lang='lat' dir='ltr'><strong>et</strong></span> 
     </span>
    </p>
   </div>
   <div class='ocr_carea' id='block_1_21' title="bbox 602 2000 2168 2079">
    <p class='ocr_par' dir='ltr' id='par_1_21' title="bbox 602 2000 2168 2079">
     <span class='ocr_line' id='line_1_21' title="bbox 602 2000 2168 2079; baseline 0.006 -27"><span class='ocrx_word' id='word_1_131' title='bbox 602 2000 1044 2055; x_wconf 71' lang='lat' dir='ltr'><strong>‘liierusalemam</strong></span> <span class='ocrx_word' id='word_1_132' title='bbox 1080 2003 1330 2079; x_wconf 79' lang='lat' dir='ltr'><strong>adierint.</strong></span> <span class='ocrx_word' id='word_1_133' title='bbox 1397 2003 1603 2058; x_wconf 81' lang='lat' dir='ltr'><strong>Vocant</strong></span> <span class='ocrx_word' id='word_1_134' title='bbox 1633 2015 1806 2079; x_wconf 82' lang='lat' dir='ltr'><strong>autem</strong></span> <span class='ocrx_word' id='word_1_135' title='bbox 1859 2007 2168 2078; x_wconf 80' lang='lat' dir='ltr'><strong>Hierosoly-</strong></span> 
     </span>
    </p>
   </div>
   <div class='ocr_carea' id='block_1_22' title="bbox 625 2077 2165 2166">
    <p class='ocr_par' dir='ltr' id='par_1_22' title="bbox 625 2077 2165 2166">
     <span class='ocr_line' id='line_1_22' title="bbox 625 2077 2165 2166; baseline 0.005 -22"><span class='ocrx_word' id='word_1_136' title='bbox 625 2106 731 2154; x_wconf 89' lang='lat' dir='ltr'><strong>ma,</strong></span> <span class='ocrx_word' id='word_1_137' title='bbox 773 2092 849 2144; x_wconf 89' lang='lat' dir='ltr'><strong>vel</strong></span> <span class='ocrx_word' id='word_1_138' title='bbox 887 2077 1331 2166; x_wconf 29' lang='lat' dir='ltr'><strong>llierus‘alentam,</strong></span> <span class='ocrx_word' id='word_1_139' title='bbox 1370 2095 1550 2162; x_wconf 81' lang='lat' dir='ltr'><strong>lingua</strong></span> <span class='ocrx_word' id='word_1_140' title='bbox 1591 2110 1686 2149; x_wconf 91' lang='lat' dir='ltr'><strong>sua</strong></span> <span class='ocrx_word' id='word_1_141' title='bbox 1721 2077 2165 2160; x_wconf 71' lang='lat' dir='ltr'><strong>Cddsimabarec,</strong></span> 
     </span>
    </p>
   </div>
   <div class='ocr_carea' id='block_1_23' title="bbox 624 2184 2168 2254">
    <p class='ocr_par' dir='ltr' id='par_1_23' title="bbox 624 2184 2168 2254">
     <span class='ocr_line' id='line_1_23' title="bbox 624 2184 2168 2254; baseline 0.006 -18"><span class='ocrx_word' id='word_1_142' title='bbox 624 2184 768 2253; x_wconf 87' lang='lat' dir='ltr'><strong>quod</strong></span> <span class='ocrx_word' id='word_1_143' title='bbox 829 2198 1025 2238; x_wconf 91' lang='lat' dir='ltr'><strong>nomen</strong></span> <span class='ocrx_word' id='word_1_144' title='bbox 1089 2185 1355 2254; x_wconf 77' lang='lat' dir='ltr'><strong>signiﬁcat</strong></span> <span class='ocrx_word' id='word_1_145' title='bbox 1410 2186 1585 2248; x_wconf 86' lang='lat' dir='ltr'><strong>locum</strong></span> <span class='ocrx_word' id='word_1_146' title='bbox 1657 2188 1998 2247; x_wconf 75' lang='lat' dir='ltr'><strong>benedictum</strong></span> <span class='ocrx_word' id='word_1_147' title='bbox 2086 2192 2168 2244; x_wconf 94' lang='lat' dir='ltr'><strong>vel</strong></span> 
     </span>
    </p>
   </div>
   <div class='ocr_carea' id='block_1_24' title="bbox 626 2262 2166 2346">
    <p class='ocr_par' dir='ltr' id='par_1_24' title="bbox 626 2262 2166 2346">
     <span class='ocr_line' id='line_1_24' title="bbox 626 2262 2166 2346; baseline 0.004 -20"><span class='ocrx_word' id='word_1_148' title='bbox 626 2262 1270 2343; x_wconf 66' lang='lat' dir='ltr'><strong>inclytum._Vespertlna2</strong></span> <span class='ocrx_word' id='word_1_149' title='bbox 1331 2290 1520 2346; x_wconf 83' lang='lat' dir='ltr'><strong>preces</strong></span> <span class='ocrx_word' id='word_1_150' title='bbox 1575 2275 1767 2332; x_wconf 86' lang='lat' dir='ltr'><strong>Turcis</strong></span> <span class='ocrx_word' id='word_1_151' title='bbox 1819 2288 1948 2333; x_wconf 76' lang='lat' dir='ltr'><strong>sunt</strong></span> <span class='ocrx_word' id='word_1_152' title='bbox 1997 2278 2166 2345; x_wconf 77' lang='lat' dir='ltr'><strong>lkindi</strong></span> 
     </span>
    </p>
   </div>
   <div class='ocr_carea' id='block_1_25' title="bbox 627 2349 2169 2442">
    <p class='ocr_par' dir='ltr' id='par_1_25' title="bbox 627 2349 2169 2442">
     <span class='ocr_line' id='line_1_25' title="bbox 627 2349 2169 2442; baseline 0.003 -24"><span class='ocrx_word' id='word_1_153' title='bbox 627 2378 835 2427; x_wconf 80' lang='lat' dir='ltr'><strong>nemos,</strong></span> <span class='ocrx_word' id='word_1_154' title='bbox 874 2379 992 2434; x_wconf 67' lang='lat' dir='ltr'><strong>quae</strong></span> <span class='ocrx_word' id='word_1_155' title='bbox 1045 2349 1299 2431; x_wconf 81' lang='lat' dir='ltr'><strong>nimirum</strong></span> <span class='ocrx_word' id='word_1_156' title='bbox 1362 2367 1537 2421; x_wconf 86' lang='lat' dir='ltr'><strong>medio</strong></span> <span class='ocrx_word' id='word_1_157' title='bbox 1596 2369 1976 2442; x_wconf 74' lang='lat' dir='ltr'><strong>concipiuntur</strong></span> <span class='ocrx_word' id='word_1_158' title='bbox 2033 2375 2169 2423; x_wconf 88' lang='lat' dir='ltr'><strong>inter</strong></span> 
     </span>
    </p>
   </div>
   <div class='ocr_carea' id='block_1_26' title="bbox 626 2453 2168 2530">
    <p class='ocr_par' dir='ltr' id='par_1_26' title="bbox 626 2453 2168 2530">
     <span class='ocr_line' id='line_1_26' title="bbox 626 2453 2168 2530; baseline 0.005 -22"><span class='ocrx_word' id='word_1_159' title='bbox 626 2453 902 2510; x_wconf 83' lang='lat' dir='ltr'><strong>meridiem</strong></span> <span class='ocrx_word' id='word_1_160' title='bbox 940 2466 990 2508; x_wconf 89' lang='lat' dir='ltr'><strong>et</strong></span> <span class='ocrx_word' id='word_1_161' title='bbox 1043 2470 1295 2510; x_wconf 83' lang='lat' dir='ltr'><strong>occasum</strong></span> <span class='ocrx_word' id='word_1_162' title='bbox 1333 2457 1467 2517; x_wconf 84' lang='lat' dir='ltr'><strong>solis</strong></span> <span class='ocrx_word' id='word_1_163' title='bbox 1519 2460 1718 2527; x_wconf 87' lang='lat' dir='ltr'><strong>spatio.</strong></span> <span class='ocrx_word' id='word_1_164' title='bbox 1754 2458 2011 2530; x_wconf 77' lang='lat' dir='ltr'><strong>Concepit</strong></span> <span class='ocrx_word' id='word_1_165' title='bbox 2074 2459 2168 2515; x_wconf 90' lang='lat' dir='ltr'><strong>has</strong></span> 
     </span>
    </p>
   </div>
   <div class='ocr_carea' id='block_1_27' title="bbox 628 2540 2168 2618">
    <p class='ocr_par' dir='ltr' id='par_1_27' title="bbox 628 2540 2168 2618">
     <span class='ocr_line' id='line_1_27' title="bbox 628 2540 2168 2618; baseline 0.003 -20"><span class='ocrx_word' id='word_1_166' title='bbox 628 2543 680 2598; x_wconf 92' lang='lat' dir='ltr'><strong>iu</strong></span> <span class='ocrx_word' id='word_1_167' title='bbox 709 2546 892 2600; x_wconf 86' lang='lat' dir='ltr'><strong>messit</strong></span> <span class='ocrx_word' id='word_1_168' title='bbox 933 2540 1053 2612; x_wconf 48' lang='lat' dir='ltr'><strong>ax’a,</strong></span> <span class='ocrx_word' id='word_1_169' title='bbox 1091 2546 1140 2600; x_wconf 89' lang='lat' dir='ltr'><strong>id</strong></span> <span class='ocrx_word' id='word_1_170' title='bbox 1171 2556 1252 2601; x_wconf 90' lang='lat' dir='ltr'><strong>est</strong></span> <span class='ocrx_word' id='word_1_171' title='bbox 1287 2547 1336 2599; x_wconf 92' lang='lat' dir='ltr'><strong>in</strong></span> <span class='ocrx_word' id='word_1_172' title='bbox 1378 2547 1494 2602; x_wconf 90' lang='lat' dir='ltr'><strong>alha</strong></span> <span class='ocrx_word' id='word_1_173' title='bbox 1527 2551 1766 2614; x_wconf 83' lang='lat' dir='ltr'><strong>messita,</strong></span> <span class='ocrx_word' id='word_1_174' title='bbox 1819 2551 1933 2604; x_wconf 83' lang='lat' dir='ltr'><strong>sive</strong></span> <span class='ocrx_word' id='word_1_175' title='bbox 1968 2551 2168 2618; x_wconf 88' lang='lat' dir='ltr'><strong>templo</strong></span> 
     </span>
    </p>
   </div>
   <div class='ocr_carea' id='block_1_28' title="bbox 628 2631 2166 2711">
    <p class='ocr_par' dir='ltr' id='par_1_28' title="bbox 628 2631 2166 2711">
     <span class='ocr_line' id='line_1_28' title="bbox 628 2631 2166 2711; baseline 0.004 -23"><span class='ocrx_word' id='word_1_176' title='bbox 628 2632 878 2690; x_wconf 84' lang='lat' dir='ltr'><strong>Turcico.</strong></span> <span class='ocrx_word' id='word_1_177' title='bbox 909 2637 1237 2705; x_wconf 76' lang='lat' dir='ltr'><strong>Noeturnas,</strong></span> <span class='ocrx_word' id='word_1_178' title='bbox 1278 2654 1397 2707; x_wconf 65' lang='lat' dir='ltr'><strong>quae</strong></span> <span class='ocrx_word' id='word_1_179' title='bbox 1443 2631 1810 2695; x_wconf 85' lang='lat' dir='ltr'><strong>Iadsunamasi</strong></span> <span class='ocrx_word' id='word_1_180' title='bbox 1848 2641 2041 2697; x_wconf 77' lang='lat' dir='ltr'><strong>Turcis</strong></span> <span class='ocrx_word' id='word_1_181' title='bbox 2069 2656 2166 2711; x_wconf 79' lang='lat' dir='ltr'><strong>ap—</strong></span> 
     </span>
    </p>
   </div>
   <div class='ocr_carea' id='block_1_29' title="bbox 629 2714 2168 2793">
    <p class='ocr_par' dir='ltr' id='par_1_29' title="bbox 629 2714 2168 2793">
     <span class='ocr_line' id='line_1_29' title="bbox 629 2714 2168 2793; baseline 0.004 -15"><span class='ocrx_word' id='word_1_182' title='bbox 629 2724 919 2793; x_wconf 81' lang='lat' dir='ltr'><strong>pellantur,</strong></span> <span class='ocrx_word' id='word_1_183' title='bbox 971 2737 1024 2779; x_wconf 92' lang='lat' dir='ltr'><strong>et</strong></span> <span class='ocrx_word' id='word_1_184' title='bbox 1074 2714 1354 2782; x_wconf 85' lang='lat' dir='ltr'><strong>intervallo</strong></span> <span class='ocrx_word' id='word_1_185' title='bbox 1412 2730 1587 2784; x_wconf 88' lang='lat' dir='ltr'><strong>medio</strong></span> <span class='ocrx_word' id='word_1_186' title='bbox 1643 2731 1749 2786; x_wconf 88' lang='lat' dir='ltr'><strong>dici</strong></span> <span class='ocrx_word' id='word_1_187' title='bbox 1797 2732 1973 2787; x_wconf 81' lang='lat' dir='ltr'><strong>solent</strong></span> <span class='ocrx_word' id='word_1_188' title='bbox 2029 2733 2168 2785; x_wconf 89' lang='lat' dir='ltr'><strong>inter</strong></span> 
     </span>
    </p>
   </div>
   <div class='ocr_carea' id='block_1_30' title="bbox 630 2813 2166 2890">
    <p class='ocr_par' dir='ltr' id='par_1_30' title="bbox 630 2813 2166 2890">
     <span class='ocr_line' id='line_1_30' title="bbox 630 2813 2166 2890; baseline 0.005 -25"><span class='ocrx_word' id='word_1_189' title='bbox 630 2827 878 2868; x_wconf 78' lang='lat' dir='ltr'><strong>occasum</strong></span> <span class='ocrx_word' id='word_1_190' title='bbox 904 2813 1034 2870; x_wconf 90' lang='lat' dir='ltr'><strong>solis</strong></span> <span class='ocrx_word' id='word_1_191' title='bbox 1071 2822 1125 2870; x_wconf 91' lang='lat' dir='ltr'><strong>et</strong></span> <span class='ocrx_word' id='word_1_192' title='bbox 1166 2816 1394 2871; x_wconf 90' lang='lat' dir='ltr'><strong>mediam</strong></span> <span class='ocrx_word' id='word_1_193' title='bbox 1421 2827 1656 2884; x_wconf 90' lang='lat' dir='ltr'><strong>noctem,</strong></span> <span class='ocrx_word' id='word_1_194' title='bbox 1702 2821 1910 2890; x_wconf 79' lang='lat' dir='ltr'><strong>peregit</strong></span> <span class='ocrx_word' id='word_1_195' title='bbox 1969 2821 2023 2873; x_wconf 90' lang='lat' dir='ltr'><strong>in</strong></span> <span class='ocrx_word' id='word_1_196' title='bbox 2057 2818 2166 2873; x_wconf 88' lang='lat' dir='ltr'><strong>Cu-</strong></span> 
     </span>
    </p>
   </div>
   <div class='ocr_carea' id='block_1_31' title="bbox 631 2900 2167 2980">
    <p class='ocr_par' dir='ltr' id='par_1_31' title="bbox 631 2900 2167 2980">
     <span class='ocr_line' id='line_1_31' title="bbox 631 2900 2167 2980; baseline 0.003 -20"><span class='ocrx_word' id='word_1_197' title='bbox 631 2905 714 2960; x_wconf 89' lang='lat' dir='ltr'><strong>bei</strong></span> <span class='ocrx_word' id='word_1_198' title='bbox 773 2904 1000 2975; x_wconf 84' lang='lat' dir='ltr'><strong>Sabara,</strong></span> <span class='ocrx_word' id='word_1_199' title='bbox 1060 2907 1174 2980; x_wconf 86' lang='lat' dir='ltr'><strong>sive</strong></span> <span class='ocrx_word' id='word_1_200' title='bbox 1233 2900 1437 2963; x_wconf 88' lang='lat' dir='ltr'><strong>Sehara</strong></span> <span class='ocrx_word' id='word_1_201' title='bbox 1490 2926 1503 2963; x_wconf 94' lang='lat'>:</span> <span class='ocrx_word' id='word_1_202' title='bbox 1552 2912 1817 2966; x_wconf 87' lang='lat' dir='ltr'><strong>vocabulo</strong></span> <span class='ocrx_word' id='word_1_203' title='bbox 1877 2910 2167 2966; x_wconf 88' lang='lat' dir='ltr'><strong>denotante</strong></span> 
     </span>
    </p>
   </div>
   <div class='ocr_carea' id='block_1_32' title="bbox 629 2995 2166 3076">
    <p class='ocr_par' dir='ltr' id='par_1_32' title="bbox 629 2995 2166 3076">
     <span class='ocr_line' id='line_1_32' title="bbox 629 2995 2166 3076; baseline 0.002 -24"><span class='ocrx_word' id='word_1_204' title='bbox 629 2997 885 3067; x_wconf 84' lang='lat' dir='ltr'><strong>templum</strong></span> <span class='ocrx_word' id='word_1_205' title='bbox 918 2999 969 3052; x_wconf 91' lang='lat' dir='ltr'><strong>iu</strong></span> <span class='ocrx_word' id='word_1_206' title='bbox 1001 3001 1240 3074; x_wconf 89' lang='lat' dir='ltr'><strong>spatiosa</strong></span> <span class='ocrx_word' id='word_1_207' title='bbox 1271 3001 1432 3072; x_wconf 80' lang='lat' dir='ltr'><strong>situm</strong></span> <span class='ocrx_word' id='word_1_208' title='bbox 1468 3017 1618 3074; x_wconf 84' lang='lat' dir='ltr'><strong>area,</strong></span> <span class='ocrx_word' id='word_1_209' title='bbox 1647 3010 1700 3063; x_wconf 84' lang='lat' dir='ltr'><strong>et</strong></span> <span class='ocrx_word' id='word_1_210' title='bbox 1747 3003 1834 3056; x_wconf 93' lang='lat' dir='ltr'><strong>cui</strong></span> <span class='ocrx_word' id='word_1_211' title='bbox 1886 2995 2166 3076; x_wconf 53' lang='lat' dir='ltr'><strong>‘iartigium</strong></span> 
     </span>
    </p>
   </div>
   <div class='ocr_carea' id='block_1_33' title="bbox 2278 557 3819 628">
    <p class='ocr_par' dir='ltr' id='par_1_33' title="bbox 2278 557 3819 628">
     <span class='ocr_line' id='line_1_33' title="bbox 2278 557 3819 628; baseline -0.001 -16"><span class='ocrx_word' id='word_1_212' title='bbox 2278 559 2484 627; x_wconf 74' lang='lat' dir='ltr'><strong>l&#39;ugium</strong></span> <span class='ocrx_word' id='word_1_213' title='bbox 2513 564 2576 613; x_wconf 89' lang='lat' dir='ltr'><strong>ad</strong></span> <span class='ocrx_word' id='word_1_214' title='bbox 2627 559 2796 613; x_wconf 88' lang='lat' dir='ltr'><strong>civem</strong></span> <span class='ocrx_word' id='word_1_215' title='bbox 2851 559 3273 628; x_wconf 88' lang='lat' dir='ltr'><strong>popularemque</strong></span> <span class='ocrx_word' id='word_1_216' title='bbox 3326 575 3511 622; x_wconf 89' lang='lat' dir='ltr'><strong>suum,</strong></span> <span class='ocrx_word' id='word_1_217' title='bbox 3567 557 3819 611; x_wconf 84' lang='lat' dir='ltr'><strong>Sinanem</strong></span> 
     </span>
    </p>
   </div>
   <div class='ocr_carea' id='block_1_34' title="bbox 2277 651 3820 722">
    <p class='ocr_par' dir='ltr' id='par_1_34' title="bbox 2277 651 3820 722">
     <span class='ocr_line' id='line_1_34' title="bbox 2277 651 3820 722; baseline 0.001 -17"><span class='ocrx_word' id='word_1_218' title='bbox 2277 651 2516 714; x_wconf 88' lang='lat' dir='ltr'><strong>bassam,</strong></span> <span class='ocrx_word' id='word_1_219' title='bbox 2569 653 2722 721; x_wconf 80' lang='lat' dir='ltr'><strong>eique</strong></span> <span class='ocrx_word' id='word_1_220' title='bbox 2756 651 2983 706; x_wconf 87' lang='lat' dir='ltr'><strong>consilia</strong></span> <span class='ocrx_word' id='word_1_221' title='bbox 3016 652 3212 707; x_wconf 85' lang='lat' dir='ltr'><strong>sultani</strong></span> <span class='ocrx_word' id='word_1_222' title='bbox 3257 652 3494 722; x_wconf 63' lang='lat' dir='ltr'><strong>Egyptii</strong></span> <span class='ocrx_word' id='word_1_223' title='bbox 3530 668 3648 706; x_wconf 84' lang='lat' dir='ltr'><strong>cum</strong></span> <span class='ocrx_word' id='word_1_224' title='bbox 3694 652 3820 707; x_wconf 87' lang='lat' dir='ltr'><strong>insi-</strong></span> 
     </span>
    </p>
   </div>
   <div class='ocr_carea' id='block_1_35' title="bbox 2275 730 3290 798">
    <p class='ocr_par' dir='ltr' id='par_1_35' title="bbox 2275 730 3290 798">
     <span class='ocr_line' id='line_1_35' title="bbox 2275 730 3290 798; baseline 0.007 -4"><span class='ocrx_word' id='word_1_225' title='bbox 2275 743 2378 796; x_wconf 91' lang='lat' dir='ltr'><strong>diis</strong></span> <span class='ocrx_word' id='word_1_226' title='bbox 2401 743 2685 798; x_wconf 79' lang='lat' dir='ltr'><strong>detexisse.</strong></span> <span class='ocrx_word' id='word_1_227' title='bbox 2931 795 2935 798; x_wconf 89' lang='lat'>_</span> <span class='ocrx_word' id='word_1_228' title='bbox 3178 779 3179 787; x_wconf 60' lang='grc' dir='ltr'><strong>η</strong></span> <span class='ocrx_word' id='word_1_229' title='bbox 3288 730 3290 732; x_wconf 78' lang='grc'><em>’</em></span> 
     </span>
    </p>
   </div>
   <div class='ocr_carea' id='block_1_36' title="bbox 2273 831 3818 905">
    <p class='ocr_par' dir='ltr' id='par_1_36' title="bbox 2273 831 3818 905">
     <span class='ocr_line' id='line_1_36' title="bbox 2273 831 3818 905; baseline -0.001 -17"><span class='ocrx_word' id='word_1_230' title='bbox 2273 834 2394 888; x_wconf 62' lang='lat' dir='ltr'><strong>iii.</strong></span> <span class='ocrx_word' id='word_1_231' title='bbox 2423 831 2578 903; x_wconf 80' lang='lat' dir='ltr'><strong>Regio</strong></span> <span class='ocrx_word' id='word_1_232' title='bbox 2601 834 2737 898; x_wconf 83' lang='lat' dir='ltr'><strong>Sait,</strong></span> <span class='ocrx_word' id='word_1_233' title='bbox 2765 834 2985 905; x_wconf 61' lang='grc' dir='ltr'><strong>Ερῃριὲ</strong></span> <span class='ocrx_word' id='word_1_234' title='bbox 3012 850 3164 903; x_wconf 84' lang='lat' dir='ltr'><strong>pars;</strong></span> <span class='ocrx_word' id='word_1_235' title='bbox 3192 834 3459 904; x_wconf 79' lang='lat' dir='ltr'><strong>Aythonus</strong></span> <span class='ocrx_word' id='word_1_236' title='bbox 3491 837 3818 888; x_wconf 76' lang='lat' dir='ltr'><strong>emendatas.</strong></span> 
     </span>
    </p>
   </div>
   <div class='ocr_carea' id='block_1_37' title="bbox 2343 924 3817 994">
    <p class='ocr_par' dir='ltr' id='par_1_37' title="bbox 2343 924 3817 994">
     <span class='ocr_line' id='line_1_37' title="bbox 2343 924 3817 994; baseline -0.001 -16"><span class='ocrx_word' id='word_1_237' title='bbox 2343 925 2493 990; x_wconf 87' lang='lat' dir='ltr'><strong>Quod</strong></span> <span class='ocrx_word' id='word_1_238' title='bbox 2532 925 2716 980; x_wconf 81' lang='lat' dir='ltr'><strong>urbem</strong></span> <span class='ocrx_word' id='word_1_239' title='bbox 2749 925 2966 981; x_wconf 85' lang='lat' dir='ltr'><strong>Cairum</strong></span> <span class='ocrx_word' id='word_1_240' title='bbox 2995 925 3223 994; x_wconf 81' lang='lat' dir='ltr'><strong>ingressi</strong></span> <span class='ocrx_word' id='word_1_241' title='bbox 3255 926 3512 979; x_wconf 90' lang='lat' dir='ltr'><strong>dicuntur</strong></span> <span class='ocrx_word' id='word_1_242' title='bbox 3537 924 3817 980; x_wconf 84' lang='lat' dir='ltr'><strong>Selimiani</strong></span> 
     </span>
    </p>
   </div>
   <div class='ocr_carea' id='block_1_38' title="bbox 2275 1014 3816 1086">
    <p class='ocr_par' dir='ltr' id='par_1_38' title="bbox 2275 1014 3816 1086">
     <span class='ocr_line' id='line_1_38' title="bbox 2275 1014 3816 1086; baseline 0.003 -19"><span class='ocrx_word' id='word_1_243' title='bbox 2275 1015 2498 1079; x_wconf 88' lang='lat' dir='ltr'><strong>milites,</strong></span> <span class='ocrx_word' id='word_1_244' title='bbox 2553 1015 2606 1073; x_wconf 89' lang='lat' dir='ltr'><strong>id</strong></span> <span class='ocrx_word' id='word_1_245' title='bbox 2665 1014 2862 1070; x_wconf 83' lang='lat' dir='ltr'><strong>factum</strong></span> <span class='ocrx_word' id='word_1_246' title='bbox 2923 1016 3075 1071; x_wconf 91' lang='lat' dir='ltr'><strong>aiunt</strong></span> <span class='ocrx_word' id='word_1_247' title='bbox 3130 1016 3220 1070; x_wconf 88' lang='lat' dir='ltr'><strong>alii</strong></span> <span class='ocrx_word' id='word_1_248' title='bbox 3255 1031 3348 1086; x_wconf 93' lang='lat' dir='ltr'><strong>per</strong></span> <span class='ocrx_word' id='word_1_249' title='bbox 3399 1030 3516 1069; x_wconf 85' lang='lat' dir='ltr'><strong>eam</strong></span> <span class='ocrx_word' id='word_1_250' title='bbox 3585 1026 3816 1083; x_wconf 83' lang='lat' dir='ltr'><strong>portam.</strong></span> 
     </span>
    </p>
   </div>
   <div class='ocr_carea' id='block_1_39' title="bbox 2272 1096 3813 1171">
    <p class='ocr_par' dir='ltr' id='par_1_39' title="bbox 2272 1096 3813 1171">
     <span class='ocr_line' id='line_1_39' title="bbox 2272 1096 3813 1171; baseline -0.002 -13"><span class='ocrx_word' id='word_1_251' title='bbox 2272 1111 2432 1171; x_wconf 86' lang='lat' dir='ltr'><strong>quam</strong></span> <span class='ocrx_word' id='word_1_252' title='bbox 2518 1103 2688 1160; x_wconf 89' lang='lat' dir='ltr'><strong>nostri</strong></span> <span class='ocrx_word' id='word_1_253' title='bbox 2771 1096 3095 1166; x_wconf 80' lang='lat' dir='ltr'><strong>Bassuellam</strong></span> <span class='ocrx_word' id='word_1_254' title='bbox 3159 1115 3424 1168; x_wconf 84' lang='lat' dir='ltr'><strong>vocant,</strong></span> <span class='ocrx_word' id='word_1_255' title='bbox 3481 1115 3540 1159; x_wconf 92' lang='lat' dir='ltr'><strong>et</strong></span> <span class='ocrx_word' id='word_1_256' title='bbox 3590 1105 3657 1158; x_wconf 91' lang='lat' dir='ltr'><strong>de</strong></span> <span class='ocrx_word' id='word_1_257' title='bbox 3711 1120 3813 1170; x_wconf 78' lang='lat' dir='ltr'><strong>qua</strong></span> 
     </span>
    </p>
   </div>
   <div class='ocr_carea' id='block_1_40' title="bbox 2271 1189 3817 1265">
    <p class='ocr_par' dir='ltr' id='par_1_40' title="bbox 2271 1189 3817 1265">
     <span class='ocr_line' id='line_1_40' title="bbox 2271 1189 3817 1265; baseline 0.001 -21"><span class='ocrx_word' id='word_1_258' title='bbox 2271 1193 2429 1263; x_wconf 85' lang='lat' dir='ltr'><strong>paulo</strong></span> <span class='ocrx_word' id='word_1_259' title='bbox 2481 1202 2598 1263; x_wconf 82' lang='lat' dir='ltr'><strong>post</strong></span> <span class='ocrx_word' id='word_1_260' title='bbox 2659 1194 2889 1262; x_wconf 81' lang='lat' dir='ltr'><strong>amplius</strong></span> <span class='ocrx_word' id='word_1_261' title='bbox 2945 1209 3186 1265; x_wconf 79' lang='lat' dir='ltr'><strong>agemus.</strong></span> <span class='ocrx_word' id='word_1_262' title='bbox 3239 1189 3404 1262; x_wconf 75' lang='lat' dir='ltr'><strong>Regio</strong></span> <span class='ocrx_word' id='word_1_263' title='bbox 3454 1193 3623 1248; x_wconf 84' lang='lat' dir='ltr'><strong>Sahid</strong></span> <span class='ocrx_word' id='word_1_264' title='bbox 3653 1193 3817 1247; x_wconf 85' lang='lat' dir='ltr'><strong>Joan-</strong></span> 
     </span>
    </p>
   </div>
   <div class='ocr_carea' id='block_1_41' title="bbox 2273 1283 3814 1356">
    <p class='ocr_par' dir='ltr' id='par_1_41' title="bbox 2273 1283 3814 1356">
     <span class='ocr_line' id='line_1_41' title="bbox 2273 1283 3814 1356; baseline 0.001 -20"><span class='ocrx_word' id='word_1_265' title='bbox 2273 1285 2325 1337; x_wconf 92' lang='lat' dir='ltr'><strong>ni</strong></span> <span class='ocrx_word' id='word_1_266' title='bbox 2360 1283 2524 1339; x_wconf 81' lang='lat' dir='ltr'><strong>Leoni</strong></span> <span class='ocrx_word' id='word_1_267' title='bbox 2574 1285 2811 1340; x_wconf 80' lang='lat' dir='ltr'><strong>Africani</strong></span> <span class='ocrx_word' id='word_1_268' title='bbox 2865 1288 3122 1356; x_wconf 89' lang='lat' dir='ltr'><strong>superior</strong></span> <span class='ocrx_word' id='word_1_269' title='bbox 3182 1286 3447 1355; x_wconf 66' lang='lat' dir='ltr'><strong>Egyptus</strong></span> <span class='ocrx_word' id='word_1_270' title='bbox 3491 1298 3597 1353; x_wconf 90' lang='lat' dir='ltr'><strong>est,</strong></span> <span class='ocrx_word' id='word_1_271' title='bbox 3659 1304 3814 1356; x_wconf 85' lang='lat' dir='ltr'><strong>quam</strong></span> 
     </span>
    </p>
   </div>
   <div class='ocr_carea' id='block_1_42' title="bbox 2273 1375 3816 1450">
    <p class='ocr_par' dir='ltr' id='par_1_42' title="bbox 2273 1375 3816 1450">
     <span class='ocr_line' id='line_1_42' title="bbox 2273 1375 3816 1450; baseline -0.001 -21"><span class='ocrx_word' id='word_1_272' title='bbox 2273 1375 2564 1430; x_wconf 90' lang='lat' dir='ltr'><strong>Thebaidis</strong></span> <span class='ocrx_word' id='word_1_273' title='bbox 2620 1379 2955 1446; x_wconf 86' lang='lat' dir='ltr'><strong>provinciam</strong></span> <span class='ocrx_word' id='word_1_274' title='bbox 3013 1380 3200 1433; x_wconf 79' lang='lat' dir='ltr'><strong>dixere</strong></span> <span class='ocrx_word' id='word_1_275' title='bbox 3257 1385 3488 1438; x_wconf 83' lang='lat' dir='ltr'><strong>veteres.</strong></span> <span class='ocrx_word' id='word_1_276' title='bbox 3538 1379 3816 1450; x_wconf 75' lang='lat' dir='ltr'><strong>Aythonus</strong></span> 
     </span>
    </p>
   </div>
   <div class='ocr_carea' id='block_1_43' title="bbox 2275 1467 3816 1534">
    <p class='ocr_par' dir='ltr' id='par_1_43' title="bbox 2275 1467 3816 1534">
     <span class='ocr_line' id='line_1_43' title="bbox 2275 1467 3816 1534; baseline -0.001 -16"><span class='ocrx_word' id='word_1_277' title='bbox 2275 1467 2450 1534; x_wconf 84' lang='lat' dir='ltr'><strong>capite</strong></span> <span class='ocrx_word' id='word_1_278' title='bbox 2493 1467 2580 1530; x_wconf 74' lang='lat'><strong>54,</strong></span> <span class='ocrx_word' id='word_1_279' title='bbox 2614 1475 2671 1522; x_wconf 89' lang='lat' dir='ltr'><strong>ut</strong></span> <span class='ocrx_word' id='word_1_280' title='bbox 2699 1469 2862 1522; x_wconf 90' lang='lat' dir='ltr'><strong>etiam</strong></span> <span class='ocrx_word' id='word_1_281' title='bbox 2895 1470 3117 1534; x_wconf 82' lang='lat' dir='ltr'><strong>annales</strong></span> <span class='ocrx_word' id='word_1_282' title='bbox 3147 1469 3200 1524; x_wconf 91' lang='lat' dir='ltr'><strong>hi</strong></span> <span class='ocrx_word' id='word_1_283' title='bbox 3230 1468 3471 1533; x_wconf 87' lang='lat' dir='ltr'><strong>Turcici,</strong></span> <span class='ocrx_word' id='word_1_284' title='bbox 3497 1484 3605 1523; x_wconf 88' lang='lat' dir='ltr'><strong>non</strong></span> <span class='ocrx_word' id='word_1_285' title='bbox 3633 1467 3816 1526; x_wconf 75' lang='lat' dir='ltr'><strong>Sabid,</strong></span> 
     </span>
    </p>
   </div>
   <div class='ocr_carea' id='block_1_44' title="bbox 2272 1548 3811 1627">
    <p class='ocr_par' dir='ltr' id='par_1_44' title="bbox 2272 1548 3811 1627">
     <span class='ocr_line' id='line_1_44' title="bbox 2272 1548 3811 1627; baseline 0 -19"><span class='ocrx_word' id='word_1_286' title='bbox 2272 1560 2362 1608; x_wconf 86' lang='lat' dir='ltr'><strong>sed</strong></span> <span class='ocrx_word' id='word_1_287' title='bbox 2405 1555 2537 1621; x_wconf 81' lang='lat' dir='ltr'><strong>Sait,</strong></span> <span class='ocrx_word' id='word_1_288' title='bbox 2593 1558 2728 1615; x_wconf 90' lang='lat' dir='ltr'><strong>hanc</strong></span> <span class='ocrx_word' id='word_1_289' title='bbox 2787 1560 3058 1627; x_wconf 88' lang='lat' dir='ltr'><strong>appellat,</strong></span> <span class='ocrx_word' id='word_1_290' title='bbox 3095 1570 3149 1614; x_wconf 88' lang='lat' dir='ltr'><strong>et</strong></span> <span class='ocrx_word' id='word_1_291' title='bbox 3187 1548 3516 1627; x_wconf 83' lang='lat' dir='ltr'><strong>primamac</strong></span> <span class='ocrx_word' id='word_1_292' title='bbox 3555 1558 3811 1626; x_wconf 83' lang='lat' dir='ltr'><strong>majorem</strong></span> 
     </span>
    </p>
   </div>
   <div class='ocr_carea' id='block_1_45' title="bbox 2272 1646 3816 1722">
    <p class='ocr_par' dir='ltr' id='par_1_45' title="bbox 2272 1646 3816 1722">
     <span class='ocr_line' id='line_1_45' title="bbox 2272 1646 3816 1722; baseline 0.003 -25"><span class='ocrx_word' id='word_1_293' title='bbox 2272 1646 2343 1713; x_wconf 90' lang='lat' dir='ltr'><strong>(id</strong></span> <span class='ocrx_word' id='word_1_294' title='bbox 2381 1658 2483 1710; x_wconf 83' lang='lat' dir='ltr'><strong>est,</strong></span> <span class='ocrx_word' id='word_1_295' title='bbox 2515 1651 2826 1719; x_wconf 85' lang='lat' dir='ltr'><strong>maximam)</strong></span> <span class='ocrx_word' id='word_1_296' title='bbox 2872 1649 3086 1722; x_wconf 58' lang='lat' dir='ltr'><strong>[Egypti</strong></span> <span class='ocrx_word' id='word_1_297' title='bbox 3137 1651 3468 1720; x_wconf 86' lang='lat' dir='ltr'><strong>provinciam</strong></span> <span class='ocrx_word' id='word_1_298' title='bbox 3507 1649 3636 1710; x_wconf 77' lang='lat' dir='ltr'><strong>facit</strong></span> <span class='ocrx_word' id='word_1_299' title='bbox 3667 1669 3680 1702; x_wconf 86' lang='lat'><strong>;</strong></span> <span class='ocrx_word' id='word_1_300' title='bbox 3708 1666 3816 1717; x_wconf 88' lang='lat' dir='ltr'><strong>quo</strong></span> 
     </span>
    </p>
   </div>
   <div class='ocr_carea' id='block_1_46' title="bbox 2273 1734 3818 1810">
    <p class='ocr_par' dir='ltr' id='par_1_46' title="bbox 2273 1734 3818 1810">
     <span class='ocr_line' id='line_1_46' title="bbox 2273 1734 3818 1810; baseline 0.005 -19"><span class='ocrx_word' id='word_1_301' title='bbox 2273 1738 2390 1791; x_wconf 91' lang='lat' dir='ltr'><strong>loco</strong></span> <span class='ocrx_word' id='word_1_302' title='bbox 2422 1739 2714 1793; x_wconf 80' lang='lat' dir='ltr'><strong>notandum</strong></span> <span class='ocrx_word' id='word_1_303' title='bbox 2746 1739 2941 1804; x_wconf 84' lang='lat' dir='ltr'><strong>obiter,</strong></span> <span class='ocrx_word' id='word_1_304' title='bbox 2975 1734 3266 1795; x_wconf 72' lang='lat' dir='ltr'><strong>Secundam</strong></span> <span class='ocrx_word' id='word_1_305' title='bbox 3300 1742 3630 1809; x_wconf 77' lang='lat' dir='ltr'><strong>provinciam</strong></span> <span class='ocrx_word' id='word_1_306' title='bbox 3675 1742 3818 1810; x_wconf 56' lang='lat' dir='ltr'><strong>eius:</strong></span> 
     </span>
    </p>
   </div>
   <div class='ocr_carea' id='block_1_47' title="bbox 2270 1814 3814 1900">
    <p class='ocr_par' dir='ltr' id='par_1_47' title="bbox 2270 1814 3814 1900">
     <span class='ocr_line' id='line_1_47' title="bbox 2270 1814 3814 1900; baseline 0.005 -19"><span class='ocrx_word' id='word_1_307' title='bbox 2270 1826 2389 1881; x_wconf 87' lang='lat' dir='ltr'><strong>dem</strong></span> <span class='ocrx_word' id='word_1_308' title='bbox 2418 1814 2627 1898; x_wconf 54' lang='grc' dir='ltr'><strong>,Ἐπριί</strong></span> <span class='ocrx_word' id='word_1_309' title='bbox 2681 1827 2878 1889; x_wconf 86' lang='lat' dir='ltr'><strong>vitiose</strong></span> <span class='ocrx_word' id='word_1_310' title='bbox 2934 1831 3190 1900; x_wconf 76' lang='lat' dir='ltr'><strong>scriptam</strong></span> <span class='ocrx_word' id='word_1_311' title='bbox 3245 1828 3523 1893; x_wconf 36' lang='lat' dir='ltr'><strong>De‘mesor,</strong></span> <span class='ocrx_word' id='word_1_312' title='bbox 3567 1847 3665 1899; x_wconf 83' lang='lat' dir='ltr'><strong>pro</strong></span> <span class='ocrx_word' id='word_1_313' title='bbox 3711 1849 3814 1900; x_wconf 79' lang='lat' dir='ltr'><strong>quo</strong></span> 
     </span>
    </p>
   </div>
   <div class='ocr_carea' id='block_1_48' title="bbox 2269 1908 3810 1985">
    <p class='ocr_par' dir='ltr' id='par_1_48' title="bbox 2269 1908 3810 1985">
     <span class='ocr_line' id='line_1_48' title="bbox 2269 1908 3810 1985; baseline 0.001 -17"><span class='ocrx_word' id='word_1_314' title='bbox 2269 1919 2634 1985; x_wconf 80' lang='lat' dir='ltr'><strong>reponendum</strong></span> <span class='ocrx_word' id='word_1_315' title='bbox 2667 1918 2784 1972; x_wconf 90' lang='lat' dir='ltr'><strong>sine</strong></span> <span class='ocrx_word' id='word_1_316' title='bbox 2816 1919 2983 1978; x_wconf 81' lang='lat' dir='ltr'><strong>dubio</strong></span> <span class='ocrx_word' id='word_1_317' title='bbox 3014 1920 3202 1972; x_wconf 80' lang='lat' dir='ltr'><strong>divisis</strong></span> <span class='ocrx_word' id='word_1_318' title='bbox 3234 1921 3482 1981; x_wconf 74' lang='lat' dir='ltr'><strong>vocibus,</strong></span> <span class='ocrx_word' id='word_1_319' title='bbox 3503 1918 3576 1975; x_wconf 86' lang='lat' dir='ltr'><strong>De</strong></span> <span class='ocrx_word' id='word_1_320' title='bbox 3601 1908 3810 1979; x_wconf 71' lang='lat' dir='ltr'><strong>Meser:</strong></span> 
     </span>
    </p>
   </div>
   <div class='ocr_carea' id='block_1_49' title="bbox 2269 2005 3813 2080">
    <p class='ocr_par' dir='ltr' id='par_1_49' title="bbox 2269 2005 3813 2080">
     <span class='ocr_line' id='line_1_49' title="bbox 2269 2005 3813 2080; baseline -0.001 -22"><span class='ocrx_word' id='word_1_321' title='bbox 2269 2005 2408 2072; x_wconf 88' lang='lat' dir='ltr'><strong>quod</strong></span> <span class='ocrx_word' id='word_1_322' title='bbox 2430 2006 2630 2062; x_wconf 78' lang='lat' dir='ltr'><strong>Galica</strong></span> <span class='ocrx_word' id='word_1_323' title='bbox 2649 2009 2737 2077; x_wconf 73' lang='lat' dir='ltr'><strong>ph:</strong></span> <span class='ocrx_word' id='word_1_324' title='bbox 2753 2010 2829 2064; x_wconf 87' lang='lat' dir='ltr'><strong>asi</strong></span> <span class='ocrx_word' id='word_1_325' title='bbox 2851 2009 3066 2075; x_wconf 88' lang='lat' dir='ltr'><strong>denotat</strong></span> <span class='ocrx_word' id='word_1_326' title='bbox 3088 2007 3415 2079; x_wconf 76' lang='lat' dir='ltr'><strong>previneiam</strong></span> <span class='ocrx_word' id='word_1_327' title='bbox 3436 2009 3813 2080; x_wconf 79' lang='lat' dir='ltr'><strong>illeserensem,</strong></span> 
     </span>
    </p>
   </div>
   <div class='ocr_carea' id='block_1_50' title="bbox 2271 2095 3814 2170">
    <p class='ocr_par' dir='ltr' id='par_1_50' title="bbox 2271 2095 3814 2170">
     <span class='ocr_line' id='line_1_50' title="bbox 2271 2095 3814 2170; baseline 0.001 -22"><span class='ocrx_word' id='word_1_328' title='bbox 2271 2095 2372 2150; x_wconf 90' lang='lat' dir='ltr'><strong>hoc</strong></span> <span class='ocrx_word' id='word_1_329' title='bbox 2402 2106 2485 2151; x_wconf 88' lang='lat' dir='ltr'><strong>est</strong></span> <span class='ocrx_word' id='word_1_330' title='bbox 2517 2098 2746 2152; x_wconf 83' lang='lat' dir='ltr'><strong>vicinam</strong></span> <span class='ocrx_word' id='word_1_331' title='bbox 2805 2099 2922 2153; x_wconf 90' lang='lat' dir='ltr'><strong>urbi</strong></span> <span class='ocrx_word' id='word_1_332' title='bbox 2976 2097 3170 2164; x_wconf 77' lang='lat' dir='ltr'><strong>Meser,</strong></span> <span class='ocrx_word' id='word_1_333' title='bbox 3204 2115 3362 2170; x_wconf 87' lang='lat' dir='ltr'><strong>quam</strong></span> <span class='ocrx_word' id='word_1_334' title='bbox 3393 2101 3594 2153; x_wconf 89' lang='lat' dir='ltr'><strong>rectius</strong></span> <span class='ocrx_word' id='word_1_335' title='bbox 3642 2099 3814 2166; x_wconf 82' lang='lat' dir='ltr'><strong>capite</strong></span> 
     </span>
    </p>
   </div>
   <div class='ocr_carea' id='block_1_51' title="bbox 2270 2187 3811 2254">
    <p class='ocr_par' dir='ltr' id='par_1_51' title="bbox 2270 2187 3811 2254">
     <span class='ocr_line' id='line_1_51' title="bbox 2270 2187 3811 2254; baseline 0.001 -15"><span class='ocrx_word' id='word_1_336' title='bbox 2270 2187 2588 2254; x_wconf 67' lang='lat' dir='ltr'><strong>praecedenti</strong></span> <span class='ocrx_word' id='word_1_337' title='bbox 2641 2187 2878 2243; x_wconf 79' lang='lat' dir='ltr'><strong>diximus</strong></span> <span class='ocrx_word' id='word_1_338' title='bbox 2925 2188 3188 2243; x_wconf 86' lang='lat' dir='ltr'><strong>nominari</strong></span> <span class='ocrx_word' id='word_1_339' title='bbox 3239 2188 3439 2252; x_wconf 75' lang='lat' dir='ltr'><strong>illiszir,</strong></span> <span class='ocrx_word' id='word_1_340' title='bbox 3472 2198 3565 2243; x_wconf 77' lang='lat' dir='ltr'><strong>aut</strong></span> <span class='ocrx_word' id='word_1_341' title='bbox 3616 2189 3811 2243; x_wconf 78' lang='lat' dir='ltr'><strong>Missir.</strong></span> 
     </span>
    </p>
   </div>
   <div class='ocr_carea' id='block_1_52' title="bbox 2269 2275 3812 2344">
    <p class='ocr_par' dir='ltr' id='par_1_52' title="bbox 2269 2275 3812 2344">
     <span class='ocr_line' id='line_1_52' title="bbox 2269 2275 3812 2344; baseline 0.001 -17"><span class='ocrx_word' id='word_1_342' title='bbox 2269 2275 2468 2330; x_wconf 77' lang='lat' dir='ltr'><strong>Ibidem</strong></span> <span class='ocrx_word' id='word_1_343' title='bbox 2516 2277 2703 2344; x_wconf 86' lang='lat' dir='ltr'><strong>quinta</strong></span> <span class='ocrx_word' id='word_1_344' title='bbox 2737 2278 3012 2344; x_wconf 83' lang='lat' dir='ltr'><strong>provincia</strong></span> <span class='ocrx_word' id='word_1_345' title='bbox 3056 2292 3176 2335; x_wconf 84' lang='lat' dir='ltr'><strong>cum</strong></span> <span class='ocrx_word' id='word_1_346' title='bbox 3242 2278 3371 2333; x_wconf 84' lang='lat' dir='ltr'><strong>urbe</strong></span> <span class='ocrx_word' id='word_1_347' title='bbox 3401 2280 3665 2340; x_wconf 88' lang='lat' dir='ltr'><strong>Damiata,</strong></span> <span class='ocrx_word' id='word_1_348' title='bbox 3709 2295 3812 2330; x_wconf 82' lang='lat' dir='ltr'><strong>neu</strong></span> 
     </span>
    </p>
   </div>
   <div class='ocr_carea' id='block_1_53' title="bbox 2268 2367 3814 2438">
    <p class='ocr_par' dir='ltr' id='par_1_53' title="bbox 2268 2367 3814 2438">
     <span class='ocr_line' id='line_1_53' title="bbox 2268 2367 3814 2438; baseline 0 -18"><span class='ocrx_word' id='word_1_349' title='bbox 2268 2378 2350 2421; x_wconf 88' lang='lat' dir='ltr'><strong>est</strong></span> <span class='ocrx_word' id='word_1_350' title='bbox 2375 2367 2675 2438; x_wconf 68' lang='lat' dir='ltr'><strong>.Eiiopolis,</strong></span> <span class='ocrx_word' id='word_1_351' title='bbox 2707 2370 2775 2423; x_wconf 86' lang='lat' dir='ltr'><strong>ab</strong></span> <span class='ocrx_word' id='word_1_352' title='bbox 2811 2368 2954 2424; x_wconf 62' lang='lat' dir='ltr'><strong>:Elio</strong></span> <span class='ocrx_word' id='word_1_353' title='bbox 2984 2367 3262 2423; x_wconf 82' lang='lat' dir='ltr'><strong>Pertinacc</strong></span> <span class='ocrx_word' id='word_1_354' title='bbox 3292 2369 3537 2436; x_wconf 81' lang='lat' dir='ltr'><strong>Augusto</strong></span> <span class='ocrx_word' id='word_1_355' title='bbox 3591 2369 3674 2421; x_wconf 90' lang='lat' dir='ltr'><strong>sic</strong></span> <span class='ocrx_word' id='word_1_356' title='bbox 3724 2382 3814 2420; x_wconf 82' lang='lat' dir='ltr'><strong>vo-</strong></span> 
     </span>
    </p>
   </div>
   <div class='ocr_carea' id='block_1_54' title="bbox 2267 2449 3811 2534">
    <p class='ocr_par' dir='ltr' id='par_1_54' title="bbox 2267 2449 3811 2534">
     <span class='ocr_line' id='line_1_54' title="bbox 2267 2449 3811 2534; baseline -0.003 -22"><span class='ocrx_word' id='word_1_357' title='bbox 2267 2471 2408 2534; x_wconf 81' lang='lat' dir='ltr'><strong>cata,</strong></span> <span class='ocrx_word' id='word_1_358' title='bbox 2449 2463 2590 2526; x_wconf 88' lang='lat' dir='ltr'><strong>quod</strong></span> <span class='ocrx_word' id='word_1_359' title='bbox 2643 2458 2847 2512; x_wconf 87' lang='lat' dir='ltr'><strong>auctori</strong></span> <span class='ocrx_word' id='word_1_360' title='bbox 2895 2449 3119 2509; x_wconf 61' lang='lat' dir='ltr'><strong>P‘itinze</strong></span> <span class='ocrx_word' id='word_1_361' title='bbox 3162 2457 3392 2510; x_wconf 87' lang='lat' dir='ltr'><strong>credidit</strong></span> <span class='ocrx_word' id='word_1_362' title='bbox 3444 2455 3811 2508; x_wconf 75' lang='lat' dir='ltr'><strong>itcineccius:</strong></span> 
     </span>
    </p>
   </div>
   <div class='ocr_carea' id='block_1_55' title="bbox 2268 2546 3807 2616">
    <p class='ocr_par' dir='ltr' id='par_1_55' title="bbox 2268 2546 3807 2616">
     <span class='ocr_line' id='line_1_55' title="bbox 2268 2546 3807 2616; baseline -0.005 -11"><span class='ocrx_word' id='word_1_363' title='bbox 2268 2550 2361 2605; x_wconf 88' lang='lat' dir='ltr'><strong>sed</strong></span> <span class='ocrx_word' id='word_1_364' title='bbox 2409 2547 2722 2616; x_wconf 77' lang='lat' dir='ltr'><strong>Heliopolis;</strong></span> <span class='ocrx_word' id='word_1_365' title='bbox 2763 2548 2916 2616; x_wconf 81' lang='lat' dir='ltr'><strong>quasi</strong></span> <span class='ocrx_word' id='word_1_366' title='bbox 2976 2546 3104 2601; x_wconf 90' lang='lat' dir='ltr'><strong>solis</strong></span> <span class='ocrx_word' id='word_1_367' title='bbox 3163 2547 3371 2608; x_wconf 85' lang='lat' dir='ltr'><strong>civitas,</strong></span> <span class='ocrx_word' id='word_1_368' title='bbox 3422 2555 3479 2598; x_wconf 89' lang='lat' dir='ltr'><strong>ut</strong></span> <span class='ocrx_word' id='word_1_369' title='bbox 3510 2547 3563 2599; x_wconf 90' lang='lat' dir='ltr'><strong>in</strong></span> <span class='ocrx_word' id='word_1_370' title='bbox 3620 2547 3807 2600; x_wconf 87' lang='lat' dir='ltr'><strong>eadem</strong></span> 
     </span>
    </p>
   </div>
   <div class='ocr_carea' id='block_1_56' title="bbox 2265 2635 3808 2709">
    <p class='ocr_par' dir='ltr' id='par_1_56' title="bbox 2265 2635 3808 2709">
     <span class='ocr_line' id='line_1_56' title="bbox 2265 2635 3808 2709; baseline -0.005 -15"><span class='ocrx_word' id='word_1_371' title='bbox 2265 2639 2494 2709; x_wconf 63' lang='lat' dir='ltr'><strong>Egypto</strong></span> <span class='ocrx_word' id='word_1_372' title='bbox 2539 2637 2810 2707; x_wconf 89' lang='lat' dir='ltr'><strong>quondam</strong></span> <span class='ocrx_word' id='word_1_373' title='bbox 2867 2643 2986 2691; x_wconf 85' lang='lat' dir='ltr'><strong>erat</strong></span> <span class='ocrx_word' id='word_1_374' title='bbox 3026 2635 3390 2702; x_wconf 79' lang='lat' dir='ltr'><strong>llermopniis,</strong></span> <span class='ocrx_word' id='word_1_375' title='bbox 3443 2635 3698 2689; x_wconf 81' lang='lat' dir='ltr'><strong>Mercurii</strong></span> <span class='ocrx_word' id='word_1_376' title='bbox 3733 2637 3808 2688; x_wconf 83' lang='lat' dir='ltr'><strong>ci-</strong></span> 
     </span>
    </p>
   </div>
   <div class='ocr_carea' id='block_1_57' title="bbox 2270 2725 3810 2796">
    <p class='ocr_par' dir='ltr' id='par_1_57' title="bbox 2270 2725 3810 2796">
     <span class='ocr_line' id='line_1_57' title="bbox 2270 2725 3810 2796; baseline -0.003 -14"><span class='ocrx_word' id='word_1_377' title='bbox 2270 2730 2450 2794; x_wconf 88' lang='lat' dir='ltr'><strong>vitas;</strong></span> <span class='ocrx_word' id='word_1_378' title='bbox 2486 2727 2795 2796; x_wconf 88' lang='lat' dir='ltr'><strong>Panopolis,</strong></span> <span class='ocrx_word' id='word_1_379' title='bbox 2842 2725 3008 2781; x_wconf 85' lang='lat' dir='ltr'><strong>Panis</strong></span> <span class='ocrx_word' id='word_1_380' title='bbox 3053 2726 3268 2791; x_wconf 85' lang='lat' dir='ltr'><strong>civitas,</strong></span> <span class='ocrx_word' id='word_1_381' title='bbox 3316 2733 3378 2784; x_wconf 89' lang='lat' dir='ltr'><strong>et</strong></span> <span class='ocrx_word' id='word_1_382' title='bbox 3430 2727 3552 2781; x_wconf 85' lang='lat' dir='ltr'><strong>aliis</strong></span> <span class='ocrx_word' id='word_1_383' title='bbox 3620 2741 3650 2780; x_wconf 87' lang='lat' dir='ltr'><strong>a</strong></span> <span class='ocrx_word' id='word_1_384' title='bbox 3708 2728 3810 2781; x_wconf 73' lang='lat' dir='ltr'><strong>diis</strong></span> 
     </span>
    </p>
   </div>
   <div class='ocr_carea' id='block_1_58' title="bbox 2267 2798 3808 2884">
    <p class='ocr_par' dir='ltr' id='par_1_58' title="bbox 2267 2798 3808 2884">
     <span class='ocr_line' id='line_1_58' title="bbox 2267 2798 3808 2884; baseline -0.001 -13"><span class='ocrx_word' id='word_1_385' title='bbox 2267 2818 2384 2871; x_wconf 72' lang='lat' dir='ltr'><strong>aliae</strong></span> <span class='ocrx_word' id='word_1_386' title='bbox 2417 2817 2710 2870; x_wconf 65' lang='lat' dir='ltr'><strong>nominata:</strong></span> <span class='ocrx_word' id='word_1_387' title='bbox 2740 2815 3110 2884; x_wconf 89' lang='lat' dir='ltr'><strong>reperiuntur,</strong></span> <span class='ocrx_word' id='word_1_388' title='bbox 3144 2815 3309 2868; x_wconf 89' lang='lat' dir='ltr'><strong>etiam</strong></span> <span class='ocrx_word' id='word_1_389' title='bbox 3344 2798 3374 2868; x_wconf 84' lang='lat' dir='ltr'><strong>a</strong></span> <span class='ocrx_word' id='word_1_390' title='bbox 3403 2816 3651 2869; x_wconf 83' lang='lat' dir='ltr'><strong>ridiculis</strong></span> <span class='ocrx_word' id='word_1_391' title='bbox 3705 2817 3808 2869; x_wconf 85' lang='lat' dir='ltr'><strong>illis</strong></span> 
     </span>
    </p>
   </div>
   <div class='ocr_carea' id='block_1_59' title="bbox 2266 2903 3807 2980">
    <p class='ocr_par' dir='ltr' id='par_1_59' title="bbox 2266 2903 3807 2980">
     <span class='ocr_line' id='line_1_59' title="bbox 2266 2903 3807 2980; baseline -0.005 -18"><span class='ocrx_word' id='word_1_392' title='bbox 2266 2906 2640 2976; x_wconf 66' lang='lat' dir='ltr'><strong>Egyptiorum</strong></span> <span class='ocrx_word' id='word_1_393' title='bbox 2693 2904 3008 2960; x_wconf 87' lang='lat' dir='ltr'><strong>numinibus</strong></span> <span class='ocrx_word' id='word_1_394' title='bbox 3068 2904 3334 2980; x_wconf 67' lang='lat' dir='ltr'><strong>quaedam,</strong></span> <span class='ocrx_word' id='word_1_395' title='bbox 3370 2910 3431 2957; x_wconf 91' lang='lat' dir='ltr'><strong>ut</strong></span> <span class='ocrx_word' id='word_1_396' title='bbox 3494 2917 3524 2956; x_wconf 92' lang='lat' dir='ltr'><strong>a</strong></span> <span class='ocrx_word' id='word_1_397' title='bbox 3581 2903 3807 2957; x_wconf 85' lang='lat' dir='ltr'><strong>canibus</strong></span> 
     </span>
    </p>
   </div>
   <div class='ocr_carea' id='block_1_60' title="bbox 2267 2983 3802 3066">
    <p class='ocr_par' dir='ltr' id='par_1_60' title="bbox 2267 2983 3802 3066">
     <span class='ocr_line' id='line_1_60' title="bbox 2267 2983 3802 3066; baseline -0.001 -18"><span class='ocrx_word' id='word_1_398' title='bbox 2267 2994 2559 3066; x_wconf 83' lang='lat' dir='ltr'><strong>CynOpolis</strong></span> <span class='ocrx_word' id='word_1_399' title='bbox 2593 3013 2606 3048; x_wconf 91' lang='lat'><strong>:</strong></span> <span class='ocrx_word' id='word_1_400' title='bbox 2641 3011 2672 3049; x_wconf 92' lang='lat' dir='ltr'><strong>a</strong></span> <span class='ocrx_word' id='word_1_401' title='bbox 2704 2996 2868 3064; x_wconf 84' lang='lat' dir='ltr'><strong>lupis,</strong></span> <span class='ocrx_word' id='word_1_402' title='bbox 2899 2992 3186 3064; x_wconf 82' lang='lat' dir='ltr'><strong>Lycopolis</strong></span> <span class='ocrx_word' id='word_1_403' title='bbox 3225 3012 3237 3046; x_wconf 90' lang='lat'><strong>:</strong></span> <span class='ocrx_word' id='word_1_404' title='bbox 3267 3009 3296 3046; x_wconf 89' lang='lat' dir='ltr'><strong>a</strong></span> <span class='ocrx_word' id='word_1_405' title='bbox 3324 2986 3541 3057; x_wconf 76' lang='lat' dir='ltr'><strong>felibus,</strong></span> <span class='ocrx_word' id='word_1_406' title='bbox 3596 2983 3802 3053; x_wconf 55' lang='lat' dir='ltr'><strong>[Eiuro-</strong></span> 
     </span>
    </p>
   </div>
   <div class='ocr_carea' id='block_1_61' title="bbox 637 3075 3808 3169">
    <p class='ocr_par' dir='ltr' id='par_1_61' title="bbox 637 3075 3808 3169">
     <span class='ocr_line' id='line_1_61' title="bbox 637 3075 3808 3169; baseline -0.001 -29"><span class='ocrx_word' id='word_1_407' title='bbox 637 3088 947 3156; x_wconf 87' lang='lat' dir='ltr'><strong>impositum</strong></span> <span class='ocrx_word' id='word_1_408' title='bbox 1011 3075 1094 3144; x_wconf 74' lang='lat' dir='ltr'><strong>est</strong></span> <span class='ocrx_word' id='word_1_409' title='bbox 1157 3089 1337 3156; x_wconf 70' lang='lat' dir='ltr'><strong>formae</strong></span> <span class='ocrx_word' id='word_1_410' title='bbox 1384 3093 1647 3146; x_wconf 65' lang='lat' dir='ltr'><strong>rotunda.</strong></span> <span class='ocrx_word' id='word_1_411' title='bbox 1705 3091 1836 3145; x_wconf 85' lang='lat' dir='ltr'><strong>Tale</strong></span> <span class='ocrx_word' id='word_1_412' title='bbox 1895 3091 2163 3169; x_wconf 63' lang='lat' dir='ltr'><strong>fastigium</strong></span> <span class='ocrx_word' id='word_1_413' title='bbox 2197 3104 2239 3165; x_wconf 71' lang='grc' dir='ltr'>ο</span> <span class='ocrx_word' id='word_1_414' title='bbox 2270 3088 2430 3158; x_wconf 84' lang='lat' dir='ltr'><strong>polis.</strong></span> <span class='ocrx_word' id='word_1_415' title='bbox 2467 3084 2655 3139; x_wconf 79' lang='lat' dir='ltr'><strong>Plures</strong></span> <span class='ocrx_word' id='word_1_416' title='bbox 2687 3079 2829 3139; x_wconf 77' lang='lat' dir='ltr'><strong>Elias</strong></span> <span class='ocrx_word' id='word_1_417' title='bbox 2879 3093 3067 3149; x_wconf 83' lang='lat' dir='ltr'><strong>noster</strong></span> <span class='ocrx_word' id='word_1_418' title='bbox 3099 3083 3376 3137; x_wconf 82' lang='lat' dir='ltr'><strong>Cretensis</strong></span> <span class='ocrx_word' id='word_1_419' title='bbox 3420 3082 3473 3135; x_wconf 90' lang='lat' dir='ltr'><strong>in</strong></span> <span class='ocrx_word' id='word_1_420' title='bbox 3518 3083 3808 3139; x_wconf 77' lang='lat' dir='ltr'><strong>Nazianze—</strong></span> 
     </span>
    </p>
   </div>
   <div class='ocr_carea' id='block_1_62' title="bbox 633 3177 2164 3248">
    <p class='ocr_par' dir='ltr' id='par_1_62' title="bbox 633 3177 2164 3248">
     <span class='ocr_line' id='line_1_62' title="bbox 633 3177 2164 3248; baseline 0.003 -16"><span class='ocrx_word' id='word_1_421' title='bbox 633 3177 879 3248; x_wconf 73' lang='lat' dir='ltr'><strong>Evagrio,</strong></span> <span class='ocrx_word' id='word_1_422' title='bbox 905 3178 1152 3248; x_wconf 83' lang='lat' dir='ltr'><strong>scriptori</strong></span> <span class='ocrx_word' id='word_1_423' title='bbox 1181 3181 1558 3244; x_wconf 59' lang='lat' dir='ltr'><strong>ecclesiasticae</strong></span> <span class='ocrx_word' id='word_1_424' title='bbox 1587 3177 1849 3246; x_wconf 64' lang='lat' dir='ltr'><strong>historiae,</strong></span> <span class='ocrx_word' id='word_1_425' title='bbox 1895 3181 2045 3244; x_wconf 77' lang='grc' dir='ltr'><strong>Θόλος</strong></span> <span class='ocrx_word' id='word_1_426' title='bbox 2081 3181 2164 3236; x_wconf 91' lang='lat' dir='ltr'><strong>di-</strong></span> 
     </span>
    </p>
   </div>
   <div class='ocr_carea' id='block_1_63' title="bbox 632 3267 2166 3340">
    <p class='ocr_par' dir='ltr' id='par_1_63' title="bbox 632 3267 2166 3340">
     <span class='ocr_line' id='line_1_63' title="bbox 632 3267 2166 3340; baseline 0.005 -20"><span class='ocrx_word' id='word_1_427' title='bbox 632 3269 776 3321; x_wconf 89' lang='lat' dir='ltr'><strong>citur</strong></span> <span class='ocrx_word' id='word_1_428' title='bbox 803 3284 817 3321; x_wconf 92' lang='lat'><strong>:</strong></span> <span class='ocrx_word' id='word_1_429' title='bbox 849 3268 1017 3324; x_wconf 66' lang='lat' dir='ltr'><strong>Gi-aaci</strong></span> <span class='ocrx_word' id='word_1_430' title='bbox 1062 3267 1413 3334; x_wconf 85' lang='lat' dir='ltr'><strong>recentiores,</strong></span> <span class='ocrx_word' id='word_1_431' title='bbox 1457 3274 1513 3333; x_wconf 86' lang='lat' dir='ltr'><strong>ul</strong></span> <span class='ocrx_word' id='word_1_432' title='bbox 1554 3271 1816 3340; x_wconf 81' lang='lat' dir='ltr'><strong>Zonaras,</strong></span> <span class='ocrx_word' id='word_1_433' title='bbox 1877 3271 2166 3338; x_wconf 70' lang='lat' dir='ltr'><strong>Qedrin&#39;us.</strong></span> 
     </span>
    </p>
   </div>
   <div class='ocr_carea' id='block_1_64' title="bbox 630 3356 2166 3425">
    <p class='ocr_par' dir='ltr' id='par_1_64' title="bbox 630 3356 2166 3425">
     <span class='ocr_line' id='line_1_64' title="bbox 630 3356 2166 3425; baseline 0.002 -15"><span class='ocrx_word' id='word_1_434' title='bbox 630 3358 741 3423; x_wconf 87' lang='lat' dir='ltr'><strong>alii,</strong></span> <span class='ocrx_word' id='word_1_435' title='bbox 766 3356 1007 3414; x_wconf 85' lang='lat' dir='ltr'><strong>Trullum</strong></span> <span class='ocrx_word' id='word_1_436' title='bbox 1036 3368 1088 3414; x_wconf 91' lang='lat' dir='ltr'><strong>et</strong></span> <span class='ocrx_word' id='word_1_437' title='bbox 1112 3358 1348 3415; x_wconf 75' lang='lat' dir='ltr'><strong>Trullam</strong></span> <span class='ocrx_word' id='word_1_438' title='bbox 1377 3363 1655 3418; x_wconf 86' lang='lat' dir='ltr'><strong>nominant</strong></span> <span class='ocrx_word' id='word_1_439' title='bbox 1686 3381 1698 3416; x_wconf 88' lang='lat'><strong>:</strong></span> <span class='ocrx_word' id='word_1_440' title='bbox 1731 3362 1806 3425; x_wconf 79' lang='lat' dir='ltr'><strong>liti</strong></span> <span class='ocrx_word' id='word_1_441' title='bbox 1833 3375 1954 3416; x_wconf 90' lang='lat' dir='ltr'><strong>cum</strong></span> <span class='ocrx_word' id='word_1_442' title='bbox 1978 3359 2166 3423; x_wconf 77' lang='lat' dir='ltr'><strong>Ged&#39;ri-</strong></span> 
     </span>
    </p>
   </div>
   <div class='ocr_carea' id='block_1_65' title="bbox 629 3445 2169 3523">
    <p class='ocr_par' dir='ltr' id='par_1_65' title="bbox 629 3445 2169 3523">
     <span class='ocr_line' id='line_1_65' title="bbox 629 3445 2169 3523; baseline 0.004 -22"><span class='ocrx_word' id='word_1_443' title='bbox 629 3462 730 3501; x_wconf 89' lang='lat' dir='ltr'><strong>nus</strong></span> <span class='ocrx_word' id='word_1_444' title='bbox 758 3447 836 3501; x_wconf 90' lang='lat' dir='ltr'><strong>ait</strong></span> <span class='ocrx_word' id='word_1_445' title='bbox 868 3447 1085 3510; x_wconf 82' lang='lat' dir='ltr'><strong>alicubi,</strong></span> <span class='ocrx_word' id='word_1_446' title='bbox 1121 3448 1360 3504; x_wconf 85' lang='lat' dir='ltr'><strong>Trullam</strong></span> <span class='ocrx_word' id='word_1_447' title='bbox 1417 3459 1616 3505; x_wconf 75' lang='lat' dir='ltr'><strong>sanctze</strong></span> <span class='ocrx_word' id='word_1_448' title='bbox 1652 3445 1872 3523; x_wconf 78' lang='lat' dir='ltr'><strong>majoi&#39;is</strong></span> <span class='ocrx_word' id='word_1_449' title='bbox 1923 3450 2169 3509; x_wconf 66' lang='lat' dir='ltr'><strong>ecclesia!</strong></span> 
     </span>
    </p>
   </div>
   <div class='ocr_carea' id='block_1_66' title="bbox 630 3538 2166 3614">
    <p class='ocr_par' dir='ltr' id='par_1_66' title="bbox 630 3538 2166 3614">
     <span class='ocr_line' id='line_1_66' title="bbox 630 3538 2166 3614; baseline 0.002 -25"><span class='ocrx_word' id='word_1_450' title='bbox 630 3538 897 3592; x_wconf 83' lang='lat' dir='ltr'><strong>iurnicam</strong></span> <span class='ocrx_word' id='word_1_451' title='bbox 948 3540 1223 3594; x_wconf 84' lang='lat' dir='ltr'><strong>corruisse</strong></span> <span class='ocrx_word' id='word_1_452' title='bbox 1278 3558 1292 3593; x_wconf 89' lang='lat'><strong>:</strong></span> <span class='ocrx_word' id='word_1_453' title='bbox 1349 3541 1545 3614; x_wconf 83' lang='lat' dir='ltr'><strong>quibus</strong></span> <span class='ocrx_word' id='word_1_454' title='bbox 1603 3544 1657 3593; x_wconf 90' lang='lat' dir='ltr'><strong>in</strong></span> <span class='ocrx_word' id='word_1_455' title='bbox 1722 3540 1903 3593; x_wconf 76' lang='lat' dir='ltr'><strong>verbis</strong></span> <span class='ocrx_word' id='word_1_456' title='bbox 1963 3538 2166 3593; x_wconf 83' lang='lat' dir='ltr'><strong>lurnica</strong></span> 
     </span>
    </p>
   </div>
   <div class='ocr_carea' id='block_1_67' title="bbox 630 3627 2168 3695">
    <p class='ocr_par' dir='ltr' id='par_1_67' title="bbox 630 3627 2168 3695">
     <span class='ocr_line' id='line_1_67' title="bbox 630 3627 2168 3695; baseline 0.003 -17"><span class='ocrx_word' id='word_1_457' title='bbox 630 3627 904 3695; x_wconf 74' lang='lat' dir='ltr'><strong>significat</strong></span> <span class='ocrx_word' id='word_1_458' title='bbox 935 3629 1220 3685; x_wconf 82' lang='lat' dir='ltr'><strong>habentem</strong></span> <span class='ocrx_word' id='word_1_459' title='bbox 1260 3629 1487 3682; x_wconf 81' lang='lat' dir='ltr'><strong>formam</strong></span> <span class='ocrx_word' id='word_1_460' title='bbox 1524 3629 1685 3694; x_wconf 80' lang='lat' dir='ltr'><strong>furni,</strong></span> <span class='ocrx_word' id='word_1_461' title='bbox 1726 3629 1827 3684; x_wconf 92' lang='lat' dir='ltr'><strong>hoc</strong></span> <span class='ocrx_word' id='word_1_462' title='bbox 1860 3637 1940 3683; x_wconf 90' lang='lat' dir='ltr'><strong>est</strong></span> <span class='ocrx_word' id='word_1_463' title='bbox 1968 3641 2168 3683; x_wconf 79' lang='lat' dir='ltr'><strong>rotun-</strong></span> 
     </span>
    </p>
   </div>
   <div class='ocr_carea' id='block_1_68' title="bbox 628 3718 2168 3789">
    <p class='ocr_par' dir='ltr' id='par_1_68' title="bbox 628 3718 2168 3789">
     <span class='ocr_line' id='line_1_68' title="bbox 628 3718 2168 3789; baseline 0.003 -19"><span class='ocrx_word' id='word_1_464' title='bbox 628 3719 771 3782; x_wconf 88' lang='lat' dir='ltr'><strong>dam,</strong></span> <span class='ocrx_word' id='word_1_465' title='bbox 809 3733 916 3771; x_wconf 92' lang='lat' dir='ltr'><strong>non</strong></span> <span class='ocrx_word' id='word_1_466' title='bbox 957 3718 1008 3789; x_wconf 83' lang='lat' dir='ltr'><strong>in</strong></span> <span class='ocrx_word' id='word_1_467' title='bbox 1045 3719 1258 3787; x_wconf 77' lang='lat' dir='ltr'><strong>longum</strong></span> <span class='ocrx_word' id='word_1_468' title='bbox 1293 3727 1613 3787; x_wconf 83' lang='lat' dir='ltr'><strong>porrectam,</strong></span> <span class='ocrx_word' id='word_1_469' title='bbox 1645 3719 1954 3789; x_wconf 72' lang='lat' dir='ltr'><strong>cuiusmodi</strong></span> <span class='ocrx_word' id='word_1_470' title='bbox 2009 3721 2168 3774; x_wconf 88' lang='lat' dir='ltr'><strong>tectis</strong></span> 
     </span>
    </p>
   </div>
   <div class='ocr_carea' id='block_1_69' title="bbox 630 3810 2165 3885">
    <p class='ocr_par' dir='ltr' id='par_1_69' title="bbox 630 3810 2165 3885">
     <span class='ocr_line' id='line_1_69' title="bbox 630 3810 2165 3885; baseline 0.001 -23"><span class='ocrx_word' id='word_1_471' title='bbox 630 3817 878 3878; x_wconf 78' lang='lat' dir='ltr'><strong>coopeita</strong></span> <span class='ocrx_word' id='word_1_472' title='bbox 930 3811 1124 3885; x_wconf 84' lang='lat' dir='ltr'><strong>templa</strong></span> <span class='ocrx_word' id='word_1_473' title='bbox 1157 3810 1359 3880; x_wconf 71' lang='lat' dir='ltr'><strong>Graecis</strong></span> <span class='ocrx_word' id='word_1_474' title='bbox 1412 3811 1530 3864; x_wconf 76' lang='grc' dir='ltr'><strong>ναοὶ</strong></span> <span class='ocrx_word' id='word_1_475' title='bbox 1583 3810 1829 3880; x_wconf 80' lang='grc' dir='ltr'><strong>δρομικοί</strong></span> <span class='ocrx_word' id='word_1_476' title='bbox 1884 3819 2165 3864; x_wconf 84' lang='lat' dir='ltr'><strong>vocantur.</strong></span> 
     </span>
    </p>
   </div>
   <div class='ocr_carea' id='block_1_70' title="bbox 634 3900 2166 3974">
    <p class='ocr_par' dir='ltr' id='par_1_70' title="bbox 634 3900 2166 3974">
     <span class='ocr_line' id='line_1_70' title="bbox 634 3900 2166 3974; baseline 0.001 -23"><span class='ocrx_word' id='word_1_477' title='bbox 634 3901 742 3953; x_wconf 75' lang='lat' dir='ltr'><strong>Vox</strong></span> <span class='ocrx_word' id='word_1_478' title='bbox 768 3900 934 3954; x_wconf 85' lang='lat' dir='ltr'><strong>Cubei</strong></span> <span class='ocrx_word' id='word_1_479' title='bbox 968 3917 1034 3974; x_wconf 82' lang='lat' dir='ltr'><strong>ne</strong></span> <span class='ocrx_word' id='word_1_480' title='bbox 1067 3902 1214 3954; x_wconf 83' lang='lat' dir='ltr'><strong>Italis</strong></span> <span class='ocrx_word' id='word_1_481' title='bbox 1252 3902 1467 3971; x_wconf 80' lang='lat' dir='ltr'><strong>quidem</strong></span> <span class='ocrx_word' id='word_1_482' title='bbox 1502 3908 1585 3971; x_wconf 82' lang='lat' dir='ltr'><strong>est</strong></span> <span class='ocrx_word' id='word_1_483' title='bbox 1616 3901 1817 3970; x_wconf 79' lang='lat' dir='ltr'><strong>ignota,</strong></span> <span class='ocrx_word' id='word_1_484' title='bbox 1853 3901 2016 3964; x_wconf 88' lang='lat' dir='ltr'><strong>veluti</strong></span> <span class='ocrx_word' id='word_1_485' title='bbox 2045 3915 2166 3952; x_wconf 91' lang='lat' dir='ltr'><strong>cum</strong></span> 
     </span>
    </p>
   </div>
   <div class='ocr_carea' id='block_1_71' title="bbox 632 3976 2166 4064">
    <p class='ocr_par' dir='ltr' id='par_1_71' title="bbox 632 3976 2166 4064">
     <span class='ocr_line' id='line_1_71' title="bbox 632 3976 2166 4064; baseline 0 -24"><span class='ocrx_word' id='word_1_486' title='bbox 632 3989 957 4044; x_wconf 81' lang='lat' dir='ltr'><strong>Venetorum</strong></span> <span class='ocrx_word' id='word_1_487' title='bbox 987 3991 1039 4061; x_wconf 81' lang='lat' dir='ltr'><strong>in</strong></span> <span class='ocrx_word' id='word_1_488' title='bbox 1072 3983 1355 4060; x_wconf 76' lang='lat' dir='ltr'><strong>annalibus</strong></span> <span class='ocrx_word' id='word_1_489' title='bbox 1400 3990 1616 4064; x_wconf 64' lang='lat' dir='ltr'><strong>legitur,</strong></span> <span class='ocrx_word' id='word_1_490' title='bbox 1643 3976 1790 4042; x_wconf 75' lang='lat' dir='ltr'><strong>anno</strong></span> <span class='ocrx_word' id='word_1_491' title='bbox 1827 3988 1958 4060; x_wconf 57' lang='grc'><strong>1416</strong></span> <span class='ocrx_word' id='word_1_492' title='bbox 1994 3991 2166 4059; x_wconf 74' lang='lat' dir='ltr'><strong>ignem</strong></span> 
     </span>
    </p>
   </div>
   <div class='ocr_carea' id='block_1_72' title="bbox 631 4063 2164 4149">
    <p class='ocr_par' dir='ltr' id='par_1_72' title="bbox 631 4063 2164 4149">
     <span class='ocr_line' id='line_1_72' title="bbox 631 4063 2164 4149; baseline -0.001 -17"><span class='ocrx_word' id='word_1_493' title='bbox 631 4081 907 4134; x_wconf 79' lang='lat' dir='ltr'><strong>exussisse</strong></span> <span class='ocrx_word' id='word_1_494' title='bbox 929 4078 1096 4134; x_wconf 78' lang='lat' dir='ltr'><strong>cubas</strong></span> <span class='ocrx_word' id='word_1_495' title='bbox 1123 4077 1302 4149; x_wconf 76' lang='lat' dir='ltr'><strong>templi</strong></span> <span class='ocrx_word' id='word_1_496' title='bbox 1325 4077 1506 4133; x_wconf 85' lang='lat' dir='ltr'><strong>Sancti</strong></span> <span class='ocrx_word' id='word_1_497' title='bbox 1534 4063 1714 4143; x_wconf 82' lang='lat' dir='ltr'><strong>Marci,</strong></span> <span class='ocrx_word' id='word_1_498' title='bbox 1735 4075 1952 4148; x_wconf 83' lang='lat' dir='ltr'><strong>plumbo</strong></span> <span class='ocrx_word' id='word_1_499' title='bbox 1976 4063 2164 4134; x_wconf 86' lang='lat' dir='ltr'><strong>te‘etas.</strong></span> 
     </span>
    </p>
   </div>
   <div class='ocr_carea' id='block_1_73' title="bbox 632 4167 2168 4241">
    <p class='ocr_par' dir='ltr' id='par_1_73' title="bbox 632 4167 2168 4241">
     <span class='ocr_line' id='line_1_73' title="bbox 632 4167 2168 4241; baseline 0 -21"><span class='ocrx_word' id='word_1_500' title='bbox 632 4171 948 4241; x_wconf 77' lang='lat' dir='ltr'><strong>intelligitur</strong></span> <span class='ocrx_word' id='word_1_501' title='bbox 996 4181 1172 4224; x_wconf 91' lang='lat' dir='ltr'><strong>autem</strong></span> <span class='ocrx_word' id='word_1_502' title='bbox 1234 4170 1336 4227; x_wconf 88' lang='lat' dir='ltr'><strong>hoc</strong></span> <span class='ocrx_word' id='word_1_503' title='bbox 1399 4168 1670 4223; x_wconf 85' lang='lat' dir='ltr'><strong>annalium</strong></span> <span class='ocrx_word' id='word_1_504' title='bbox 1730 4169 1850 4221; x_wconf 91' lang='lat' dir='ltr'><strong>loco</strong></span> <span class='ocrx_word' id='word_1_505' title='bbox 1876 4183 1970 4236; x_wconf 88' lang='lat' dir='ltr'><strong>per</strong></span> <span class='ocrx_word' id='word_1_506' title='bbox 2001 4167 2168 4221; x_wconf 88' lang='lat' dir='ltr'><strong>Cubci</strong></span> 
     </span>
    </p>
   </div>
   <div class='ocr_carea' id='block_1_74' title="bbox 632 4259 2170 4330">
    <p class='ocr_par' dir='ltr' id='par_1_74' title="bbox 632 4259 2170 4330">
     <span class='ocr_line' id='line_1_74' title="bbox 632 4259 2170 4330; baseline -0.005 -13"><span class='ocrx_word' id='word_1_507' title='bbox 632 4262 1135 4330; x_wconf 87' lang='lat' dir='ltr'><strong>Sahara,templum</strong></span> <span class='ocrx_word' id='word_1_508' title='bbox 1179 4260 1551 4327; x_wconf 81' lang='lat' dir='ltr'><strong>Solomonium</strong></span> <span class='ocrx_word' id='word_1_509' title='bbox 1608 4260 1927 4313; x_wconf 90' lang='lat' dir='ltr'><strong>hodiernum</strong></span> <span class='ocrx_word' id='word_1_510' title='bbox 1979 4259 2170 4312; x_wconf 82' lang='lat' dir='ltr'><strong>Hiero-</strong></span> 
     </span>
    </p>
   </div>
   <div class='ocr_carea' id='block_1_75' title="bbox 630 4346 2169 4426">
    <p class='ocr_par' dir='ltr' id='par_1_75' title="bbox 630 4346 2169 4426">
     <span class='ocr_line' id='line_1_75' title="bbox 630 4346 2169 4426; baseline -0.008 -14"><span class='ocrx_word' id='word_1_511' title='bbox 630 4356 872 4425; x_wconf 87' lang='lat' dir='ltr'><strong>solymis,</strong></span> <span class='ocrx_word' id='word_1_512' title='bbox 909 4350 1051 4426; x_wconf 67' lang='lat' dir='ltr'><strong>Quod</strong></span> <span class='ocrx_word' id='word_1_513' title='bbox 1079 4347 1132 4405; x_wconf 77' lang='lat' dir='ltr'><strong>e&#39;t</strong></span> <span class='ocrx_word' id='word_1_514' title='bbox 1163 4351 1355 4419; x_wconf 79' lang='lat' dir='ltr'><strong>cubant</strong></span> <span class='ocrx_word' id='word_1_515' title='bbox 1399 4349 1564 4403; x_wconf 87' lang='lat' dir='ltr'><strong>habet</strong></span> <span class='ocrx_word' id='word_1_516' title='bbox 1595 4348 1886 4418; x_wconf 79' lang='lat' dir='ltr'><strong>eiusmodi,</strong></span> <span class='ocrx_word' id='word_1_517' title='bbox 1924 4346 2169 4400; x_wconf 89' lang='lat' dir='ltr'><strong>Turcicis</strong></span> 
     </span>
    </p>
   </div>
   <div class='ocr_carea' id='block_1_76' title="bbox 2271 3171 3806 3244">
    <p class='ocr_par' dir='ltr' id='par_1_76' title="bbox 2271 3171 3806 3244">
     <span class='ocr_line' id='line_1_76' title="bbox 2271 3171 3806 3244; baseline -0.006 -13"><span class='ocrx_word' id='word_1_518' title='bbox 2271 3191 2400 3231; x_wconf 91' lang='lat' dir='ltr'><strong>num</strong></span> <span class='ocrx_word' id='word_1_519' title='bbox 2449 3173 2678 3244; x_wconf 82' lang='lat' dir='ltr'><strong>quodam</strong></span> <span class='ocrx_word' id='word_1_520' title='bbox 2715 3172 2832 3226; x_wconf 86' lang='lat' dir='ltr'><strong>loco</strong></span> <span class='ocrx_word' id='word_1_521' title='bbox 2882 3173 3094 3226; x_wconf 88' lang='lat' dir='ltr'><strong>recitat.</strong></span> <span class='ocrx_word' id='word_1_522' title='bbox 3144 3171 3442 3238; x_wconf 82' lang='lat' dir='ltr'><strong>Corrigitor</strong></span> <span class='ocrx_word' id='word_1_523' title='bbox 3496 3171 3601 3226; x_wconf 82' lang='lat' dir='ltr'><strong>hoc</strong></span> <span class='ocrx_word' id='word_1_524' title='bbox 3647 3171 3806 3225; x_wconf 85' lang='lat' dir='ltr'><strong>etiam</strong></span> 
     </span>
    </p>
   </div>
   <div class='ocr_carea' id='block_1_77' title="bbox 2269 3260 3807 3332">
    <p class='ocr_par' dir='ltr' id='par_1_77' title="bbox 2269 3260 3807 3332">
     <span class='ocr_line' id='line_1_77' title="bbox 2269 3260 3807 3332; baseline -0.004 -11"><span class='ocrx_word' id='word_1_525' title='bbox 2269 3267 2321 3321; x_wconf 93' lang='lat' dir='ltr'><strong>in</strong></span> <span class='ocrx_word' id='word_1_526' title='bbox 2349 3266 2442 3319; x_wconf 90' lang='lat' dir='ltr'><strong>illo</strong></span> <span class='ocrx_word' id='word_1_527' title='bbox 2472 3265 2589 3332; x_wconf 85' lang='lat' dir='ltr'><strong>ipso</strong></span> <span class='ocrx_word' id='word_1_528' title='bbox 2611 3263 2842 3332; x_wconf 81' lang='lat' dir='ltr'><strong>Aythoni</strong></span> <span class='ocrx_word' id='word_1_529' title='bbox 2870 3262 3066 3328; x_wconf 86' lang='lat' dir='ltr'><strong>capite,</strong></span> <span class='ocrx_word' id='word_1_530' title='bbox 3089 3275 3211 3322; x_wconf 85' lang='lat' dir='ltr'><strong>eum</strong></span> <span class='ocrx_word' id='word_1_531' title='bbox 3233 3260 3387 3326; x_wconf 90' lang='lat' dir='ltr'><strong>dicit,</strong></span> <span class='ocrx_word' id='word_1_532' title='bbox 3411 3261 3597 3316; x_wconf 84' lang='lat' dir='ltr'><strong>haberi</strong></span> <span class='ocrx_word' id='word_1_533' title='bbox 3621 3276 3807 3315; x_wconf 87' lang='lat' dir='ltr'><strong>carnes</strong></span> 
     </span>
    </p>
   </div>
   <div class='ocr_carea' id='block_1_78' title="bbox 2265 3345 3810 3423">
    <p class='ocr_par' dir='ltr' id='par_1_78' title="bbox 2265 3345 3810 3423">
     <span class='ocr_line' id='line_1_78' title="bbox 2265 3345 3810 3423; baseline -0.005 -13"><span class='ocrx_word' id='word_1_534' title='bbox 2265 3345 2556 3423; x_wconf 76' lang='lat' dir='ltr'><strong>crastinas,</strong></span> <span class='ocrx_word' id='word_1_535' title='bbox 2586 3350 2844 3416; x_wconf 66' lang='lat' dir='ltr'><strong>haedinas,</strong></span> <span class='ocrx_word' id='word_1_536' title='bbox 2874 3352 3199 3422; x_wconf 72' lang='lat' dir='ltr'><strong>gallinaceos</strong></span> <span class='ocrx_word' id='word_1_537' title='bbox 3220 3368 3233 3404; x_wconf 92' lang='lat'>:</span> <span class='ocrx_word' id='word_1_538' title='bbox 3257 3360 3313 3404; x_wconf 92' lang='lat' dir='ltr'><strong>ut</strong></span> <span class='ocrx_word' id='word_1_539' title='bbox 3337 3351 3508 3412; x_wconf 81' lang='lat' dir='ltr'><strong>lector</strong></span> <span class='ocrx_word' id='word_1_540' title='bbox 3528 3352 3810 3405; x_wconf 84' lang='lat' dir='ltr'><strong>malitcar-</strong></span> 
     </span>
    </p>
   </div>
   <div class='ocr_carea' id='block_1_79' title="bbox 2270 3442 3805 3509">
    <p class='ocr_par' dir='ltr' id='par_1_79' title="bbox 2270 3442 3805 3509">
     <span class='ocr_line' id='line_1_79' title="bbox 2270 3442 3805 3509; baseline -0.005 -7"><span class='ocrx_word' id='word_1_541' title='bbox 2270 3462 2364 3502; x_wconf 82' lang='lat' dir='ltr'><strong>nes</strong></span> <span class='ocrx_word' id='word_1_542' title='bbox 2386 3445 2710 3508; x_wconf 85' lang='lat' dir='ltr'><strong>castronias,</strong></span> <span class='ocrx_word' id='word_1_543' title='bbox 2735 3442 2788 3497; x_wconf 89' lang='lat' dir='ltr'><strong>id</strong></span> <span class='ocrx_word' id='word_1_544' title='bbox 2827 3453 2932 3504; x_wconf 87' lang='lat' dir='ltr'><strong>est,</strong></span> <span class='ocrx_word' id='word_1_545' title='bbox 2968 3443 3303 3503; x_wconf 79' lang='lat' dir='ltr'><strong>vervecinas,</strong></span> <span class='ocrx_word' id='word_1_546' title='bbox 3325 3457 3488 3509; x_wconf 87' lang='lat' dir='ltr'><strong>quam</strong></span> <span class='ocrx_word' id='word_1_547' title='bbox 3522 3442 3805 3497; x_wconf 82' lang='lat' dir='ltr'><strong>crastinas.</strong></span> 
     </span>
    </p>
   </div>
   <div class='ocr_carea' id='block_1_80' title="bbox 2524 3530 3548 3606">
    <p class='ocr_par' dir='ltr' id='par_1_80' title="bbox 2524 3530 3548 3606">
     <span class='ocr_line' id='line_1_80' title="bbox 2524 3530 3548 3606; baseline -0.003 -18"><span class='ocrx_word' id='word_1_548' title='bbox 2524 3536 2647 3606; x_wconf 59' lang='grc' dir='ltr'><strong>ξιξ.</strong></span> <span class='ocrx_word' id='word_1_549' title='bbox 2690 3533 2906 3600; x_wconf 65' lang='lat' dir='ltr'><strong>Hessita</strong></span> <span class='ocrx_word' id='word_1_550' title='bbox 2928 3535 3068 3586; x_wconf 82' lang='lat' dir='ltr'><strong>dicta</strong></span> <span class='ocrx_word' id='word_1_551' title='bbox 3095 3531 3348 3594; x_wconf 73' lang='lat' dir='ltr'><strong>Chasauis</strong></span> <span class='ocrx_word' id='word_1_552' title='bbox 3376 3530 3548 3600; x_wconf 55' lang='lat' dir='ltr'><strong>lapsi.</strong></span> 
     </span>
    </p>
   </div>
   <div class='ocr_carea' id='block_1_81' title="bbox 2335 3613 3804 3690">
    <p class='ocr_par' dir='ltr' id='par_1_81' title="bbox 2335 3613 3804 3690">
     <span class='ocr_line' id='line_1_81' title="bbox 2335 3613 3804 3690; baseline -0.003 -8"><span class='ocrx_word' id='word_1_553' title='bbox 2335 3628 2618 3682; x_wconf 79' lang='lat' dir='ltr'><strong>Auctorem</strong></span> <span class='ocrx_word' id='word_1_554' title='bbox 2648 3625 2810 3690; x_wconf 74' lang='lat' dir='ltr'><strong>huius</strong></span> <span class='ocrx_word' id='word_1_555' title='bbox 2851 3623 3084 3676; x_wconf 75' lang='lat' dir='ltr'><strong>messita:</strong></span> <span class='ocrx_word' id='word_1_556' title='bbox 3137 3623 3250 3676; x_wconf 87' lang='lat' dir='ltr'><strong>sive</strong></span> <span class='ocrx_word' id='word_1_557' title='bbox 3296 3613 3475 3689; x_wconf 89' lang='lat' dir='ltr'><strong>templi</strong></span> <span class='ocrx_word' id='word_1_558' title='bbox 3535 3623 3804 3684; x_wconf 83' lang='lat' dir='ltr'><strong>Cairensis</strong></span> 
     </span>
    </p>
   </div>
   <div class='ocr_carea' id='block_1_82' title="bbox 2267 3711 3799 3783">
    <p class='ocr_par' dir='ltr' id='par_1_82' title="bbox 2267 3711 3799 3783">
     <span class='ocr_line' id='line_1_82' title="bbox 2267 3711 3799 3783; baseline -0.002 -11"><span class='ocrx_word' id='word_1_559' title='bbox 2267 3718 2566 3772; x_wconf 88' lang='lat' dir='ltr'><strong>Chasanem</strong></span> <span class='ocrx_word' id='word_1_560' title='bbox 2602 3724 2796 3769; x_wconf 86' lang='lat' dir='ltr'><strong>vocant</strong></span> <span class='ocrx_word' id='word_1_561' title='bbox 2825 3711 3047 3767; x_wconf 82' lang='lat' dir='ltr'><strong>annales</strong></span> <span class='ocrx_word' id='word_1_562' title='bbox 3080 3712 3130 3764; x_wconf 80' lang='lat' dir='ltr'><strong>lii</strong></span> <span class='ocrx_word' id='word_1_563' title='bbox 3162 3711 3404 3777; x_wconf 82' lang='lat' dir='ltr'><strong>Turcici,</strong></span> <span class='ocrx_word' id='word_1_564' title='bbox 3439 3715 3643 3770; x_wconf 87' lang='lat' dir='ltr'><strong>rectius</strong></span> <span class='ocrx_word' id='word_1_565' title='bbox 3682 3731 3799 3783; x_wconf 88' lang='lat' dir='ltr'><strong>pro-</strong></span> 
     </span>
    </p>
   </div>
   <div class='ocr_carea' id='block_1_83' title="bbox 2268 3799 3798 3872">
    <p class='ocr_par' dir='ltr' id='par_1_83' title="bbox 2268 3799 3798 3872">
     <span class='ocr_line' id='line_1_83' title="bbox 2268 3799 3798 3872; baseline 0 -15"><span class='ocrx_word' id='word_1_566' title='bbox 2268 3804 2354 3859; x_wconf 91' lang='lat' dir='ltr'><strong>cul</strong></span> <span class='ocrx_word' id='word_1_567' title='bbox 2417 3802 2603 3867; x_wconf 85' lang='lat' dir='ltr'><strong>dubio,</strong></span> <span class='ocrx_word' id='word_1_568' title='bbox 2654 3816 2814 3871; x_wconf 87' lang='lat' dir='ltr'><strong>quam</strong></span> <span class='ocrx_word' id='word_1_569' title='bbox 2870 3801 2954 3855; x_wconf 87' lang='lat' dir='ltr'><strong>vel</strong></span> <span class='ocrx_word' id='word_1_570' title='bbox 3000 3799 3238 3854; x_wconf 79' lang='lat' dir='ltr'><strong>Joannes</strong></span> <span class='ocrx_word' id='word_1_571' title='bbox 3296 3800 3617 3863; x_wconf 73' lang='lat' dir='ltr'><strong>Fraxineus,</strong></span> <span class='ocrx_word' id='word_1_572' title='bbox 3669 3805 3798 3872; x_wconf 89' lang='lat' dir='ltr'><strong>apud</strong></span> 
     </span>
    </p>
   </div>
   <div class='ocr_carea' id='block_1_84' title="bbox 2268 3891 3794 3963">
    <p class='ocr_par' dir='ltr' id='par_1_84' title="bbox 2268 3891 3794 3963">
     <span class='ocr_line' id='line_1_84' title="bbox 2268 3891 3794 3963; baseline 0.001 -17"><span class='ocrx_word' id='word_1_573' title='bbox 2268 3910 2428 3963; x_wconf 83' lang='lat' dir='ltr'><strong>quem</strong></span> <span class='ocrx_word' id='word_1_574' title='bbox 2465 3894 2657 3949; x_wconf 90' lang='lat' dir='ltr'><strong>llessin</strong></span> <span class='ocrx_word' id='word_1_575' title='bbox 2690 3893 2910 3962; x_wconf 70' lang='lat' dir='ltr'><strong>legitur,</strong></span> <span class='ocrx_word' id='word_1_576' title='bbox 2935 3892 3016 3946; x_wconf 87' lang='lat' dir='ltr'><strong>vel</strong></span> <span class='ocrx_word' id='word_1_577' title='bbox 3045 3891 3380 3946; x_wconf 83' lang='lat' dir='ltr'><strong>llell&#39;erichtis</strong></span> <span class='ocrx_word' id='word_1_578' title='bbox 3418 3894 3472 3956; x_wconf 84' lang='lat' dir='ltr'><strong>in</strong></span> <span class='ocrx_word' id='word_1_579' title='bbox 3506 3893 3794 3957; x_wconf 74' lang='lat' dir='ltr'><strong>itinerario,</strong></span> 
     </span>
    </p>
   </div>
   <div class='ocr_carea' id='block_1_85' title="bbox 2270 3973 3538 4050">
    <p class='ocr_par' dir='ltr' id='par_1_85' title="bbox 2270 3973 3538 4050">
     <span class='ocr_line' id='line_1_85' title="bbox 2270 3973 3538 4050; baseline -0.005 -10"><span class='ocrx_word' id='word_1_580' title='bbox 2270 3986 2355 4040; x_wconf 84' lang='lat' dir='ltr'><strong>cui</strong></span> <span class='ocrx_word' id='word_1_581' title='bbox 2387 3986 2644 4041; x_wconf 82' lang='lat' dir='ltr'><strong>scribitur</strong></span> <span class='ocrx_word' id='word_1_582' title='bbox 2668 3983 2893 4047; x_wconf 82' lang='lat' dir='ltr'><strong>Hessen,</strong></span> <span class='ocrx_word' id='word_1_583' title='bbox 2923 3993 3020 4050; x_wconf 89' lang='lat' dir='ltr'><strong>pro</strong></span> <span class='ocrx_word' id='word_1_584' title='bbox 3044 3980 3293 4036; x_wconf 78' lang='lat' dir='ltr'><strong>Chasan.</strong></span> <span class='ocrx_word' id='word_1_585' title='bbox 3508 3973 3538 3995; x_wconf 77' lang='lat'>&quot;</span> 
     </span>
    </p>
   </div>
   <div class='ocr_carea' id='block_1_86' title="bbox 2269 4076 3798 4156">
    <p class='ocr_par' dir='ltr' id='par_1_86' title="bbox 2269 4076 3798 4156">
     <span class='ocr_line' id='line_1_86' title="bbox 2269 4076 3798 4156; baseline -0.006 -6"><span class='ocrx_word' id='word_1_586' title='bbox 2269 4093 2392 4151; x_wconf 71' lang='lat' dir='ltr'><strong>2H.</strong></span> <span class='ocrx_word' id='word_1_587' title='bbox 2434 4091 2801 4147; x_wconf 83' lang='lat' dir='ltr'><strong>Tommaubais</strong></span> <span class='ocrx_word' id='word_1_588' title='bbox 2835 4076 3356 4156; x_wconf 79' lang='lat' dir='ltr'><strong>suspenditur;_ﬁnis</strong></span> <span class='ocrx_word' id='word_1_589' title='bbox 3382 4091 3527 4156; x_wconf 74' lang='lat' dir='ltr'><strong>regni</strong></span> <span class='ocrx_word' id='word_1_590' title='bbox 3558 4090 3798 4143; x_wconf 74' lang='lat' dir='ltr'><strong>sultanini</strong></span> 
     </span>
    </p>
   </div>
   <div class='ocr_carea' id='block_1_87' title="bbox 2357 4156 3612 4217">
    <p class='ocr_par' dir='ltr' id='par_1_87' title="bbox 2357 4156 3612 4217">
     <span class='ocr_line' id='line_1_87' title="bbox 2357 4156 3612 4217; baseline -0.01 0"><span class='ocrx_word' id='word_1_591' title='bbox 2357 4158 2365 4165; x_wconf 71' lang='grc'><em>”</em></span> <span class='ocrx_word' id='word_1_592' title='bbox 2497 4175 2500 4178; x_wconf 80' lang='grc'><strong>’</strong></span> <span class='ocrx_word' id='word_1_593' title='bbox 2587 4169 2635 4214; x_wconf 82' lang='lat' dir='ltr'><strong>et</strong></span> <span class='ocrx_word' id='word_1_594' title='bbox 2663 4158 3094 4217; x_wconf 73' lang='lat' dir='ltr'><strong>Mamelucorurh,</strong></span> <span class='ocrx_word' id='word_1_595' title='bbox 3128 4157 3233 4210; x_wconf 84' lang='lat' dir='ltr'><strong>Bab</strong></span> <span class='ocrx_word' id='word_1_596' title='bbox 3265 4156 3508 4210; x_wconf 76' lang='lat' dir='ltr'><strong>Suweilc.</strong></span> <span class='ocrx_word' id='word_1_597' title='bbox 3606 4200 3612 4204; x_wconf 94' lang='lat'><strong>.</strong></span> 
     </span>
    </p>
   </div>
   <div class='ocr_carea' id='block_1_88' title="bbox 2339 4242 3797 4312">
    <p class='ocr_par' dir='ltr' id='par_1_88' title="bbox 2339 4242 3797 4312">
     <span class='ocr_line' id='line_1_88' title="bbox 2339 4242 3797 4312; baseline -0.003 -5"><span class='ocrx_word' id='word_1_598' title='bbox 2339 4242 2704 4307; x_wconf 67' lang='lat' dir='ltr'><strong>Blemorabilis</strong></span> <span class='ocrx_word' id='word_1_599' title='bbox 2737 4258 2822 4305; x_wconf 89' lang='lat' dir='ltr'><strong>est</strong></span> <span class='ocrx_word' id='word_1_600' title='bbox 2853 4250 3028 4312; x_wconf 69' lang='lat' dir='ltr'><strong>fmdtts</strong></span> <span class='ocrx_word' id='word_1_601' title='bbox 3059 4250 3146 4301; x_wconf 90' lang='lat' dir='ltr'><strong>hic</strong></span> <span class='ocrx_word' id='word_1_602' title='bbox 3200 4246 3586 4303; x_wconf 82' lang='lat' dir='ltr'><strong>Tommanhais</strong></span> <span class='ocrx_word' id='word_1_603' title='bbox 3622 4249 3797 4302; x_wconf 87' lang='lat' dir='ltr'><strong>interi-</strong></span> 
     </span>
    </p>
   </div>
   <div class='ocr_carea' id='block_1_89' title="bbox 2277 4340 3795 4411">
    <p class='ocr_par' dir='ltr' id='par_1_89' title="bbox 2277 4340 3795 4411">
     <span class='ocr_line' id='line_1_89' title="bbox 2277 4340 3795 4411; baseline -0.001 -18"><span class='ocrx_word' id='word_1_604' title='bbox 2277 4356 2382 4406; x_wconf 87' lang='lat' dir='ltr'><strong>tus,</strong></span> <span class='ocrx_word' id='word_1_605' title='bbox 2417 4351 2470 4396; x_wconf 81' lang='lat' dir='ltr'><strong>et</strong></span> <span class='ocrx_word' id='word_1_606' title='bbox 2496 4340 2710 4411; x_wconf 60' lang='grc' dir='ltr'><strong>Λίδη)ιὶ</strong></span> <span class='ocrx_word' id='word_1_607' title='bbox 2761 4341 3035 4410; x_wconf 65' lang='grc' dir='ltr'>Βγτίπιιιιε</span> <span class='ocrx_word' id='word_1_608' title='bbox 3065 4341 3402 4395; x_wconf 71' lang='lat' dir='ltr'><strong>Sullanorum</strong></span> <span class='ocrx_word' id='word_1_609' title='bbox 3460 4341 3608 4410; x_wconf 76' lang='lat' dir='ltr'><strong>regni</strong></span> <span class='ocrx_word' id='word_1_610' title='bbox 3668 4341 3795 4393; x_wconf 77' lang='lat' dir='ltr'><strong>ﬁnis.</strong></span> 
     </span>
    </p>
   </div>
   <div class='ocr_carea' id='block_1_90' title="bbox 635 4421 3794 4513">
    <p class='ocr_par' dir='ltr' id='par_1_90' title="bbox 635 4421 3794 4513">
     <span class='ocr_line' id='line_1_90' title="bbox 635 4421 3794 4513; baseline -0.005 -20"><span class='ocrx_word' id='word_1_611' title='bbox 635 4421 844 4513; x_wconf 75' lang='lat' dir='ltr'><strong>templis</strong></span> <span class='ocrx_word' id='word_1_612' title='bbox 876 4421 1216 4506; x_wconf 71' lang='lat' dir='ltr'><strong>iainiliarem,</strong></span> <span class='ocrx_word' id='word_1_613' title='bbox 1247 4447 1300 4510; x_wconf 74' lang='lat' dir='ltr'><strong>et</strong></span> <span class='ocrx_word' id='word_1_614' title='bbox 1328 4438 1714 4509; x_wconf 82' lang='lat' dir='ltr'><strong>amplissimam</strong></span> <span class='ocrx_word' id='word_1_615' title='bbox 1748 4438 1979 4503; x_wconf 58' lang='lat' dir='ltr'><strong>eirea&#39;se</strong></span> <span class='ocrx_word' id='word_1_616' title='bbox 2024 4449 2169 4489; x_wconf 93' lang='lat' dir='ltr'><strong>com-</strong></span> <span class='ocrx_word' id='word_1_617' title='bbox 2202 4425 2244 4480; x_wconf 78' lang='grc' dir='ltr'>ι)</span> <span class='ocrx_word' id='word_1_618' title='bbox 2275 4434 2580 4498; x_wconf 75' lang='lat' dir='ltr'><strong>Suspensus</strong></span> <span class='ocrx_word' id='word_1_619' title='bbox 2606 4428 2707 4483; x_wconf 81' lang='lat' dir='ltr'><strong>fuit</strong></span> <span class='ocrx_word' id='word_1_620' title='bbox 2737 4421 3121 4487; x_wconf 73' lang='lat' dir='ltr'><strong>Tommanhais</strong></span> <span class='ocrx_word' id='word_1_621' title='bbox 3143 4511 3147 4513; x_wconf 55' lang='lat'>_</span> <span class='ocrx_word' id='word_1_622' title='bbox 3170 4426 3457 4493; x_wconf 76' lang='lat' dir='ltr'><strong>undecimo</strong></span> <span class='ocrx_word' id='word_1_623' title='bbox 3491 4427 3578 4490; x_wconf 81' lang='lat' dir='ltr'><strong>die</strong></span> <span class='ocrx_word' id='word_1_624' title='bbox 3610 4427 3794 4481; x_wconf 82' lang='lat' dir='ltr'><strong>mensis</strong></span> 
     </span>
    </p>
   </div>
   <div class='ocr_carea' id='block_1_91' title="bbox 632 4530 1117 4604">
    <p class='ocr_par' dir='ltr' id='par_1_91' title="bbox 632 4530 1117 4604">
     <span class='ocr_line' id='line_1_91' title="bbox 632 4530 1117 4604; baseline -0.014 -15"><span class='ocrx_word' id='word_1_625' title='bbox 632 4535 884 4604; x_wconf 89' lang='lat' dir='ltr'><strong>plectitur</strong></span> <span class='ocrx_word' id='word_1_626' title='bbox 915 4530 1117 4596; x_wconf 74' lang='lat' dir='ltr'><strong>aream.</strong></span> 
     </span>
    </p>
   </div>
   <div class='ocr_carea' id='block_1_92' title="bbox 631 4618 2172 4718">
    <p class='ocr_par' dir='ltr' id='par_1_92' title="bbox 631 4618 2172 4718">
     <span class='ocr_line' id='line_1_92' title="bbox 631 4618 2172 4718; baseline -0.007 -17"><span class='ocrx_word' id='word_1_627' title='bbox 631 4648 755 4718; x_wconf 70' lang='lat' dir='ltr'><strong>2U.</strong></span> <span class='ocrx_word' id='word_1_628' title='bbox 791 4645 990 4699; x_wconf 80' lang='lat' dir='ltr'><strong>Rursus</strong></span> <span class='ocrx_word' id='word_1_629' title='bbox 1021 4641 1295 4718; x_wconf 58' lang='lat' dir='ltr'><strong>IEtItiopes</strong></span> <span class='ocrx_word' id='word_1_630' title='bbox 1325 4642 1440 4718; x_wconf 56' lang='lat' dir='ltr'><strong>sitae</strong></span> <span class='ocrx_word' id='word_1_631' title='bbox 1463 4618 1666 4701; x_wconf 63' lang='lat' dir='ltr'><strong>Mauri,</strong></span> <span class='ocrx_word' id='word_1_632' title='bbox 1689 4653 1780 4706; x_wconf 82' lang='lat' dir='ltr'><strong>pro</strong></span> <span class='ocrx_word' id='word_1_633' title='bbox 1816 4618 2082 4707; x_wconf 37' lang='lat' dir='ltr'><strong>{Egyptian</strong></span> <span class='ocrx_word' id='word_1_634' title='bbox 2125 4649 2172 4692; x_wconf 80' lang='lat' dir='ltr'><strong>et</strong></span> 
     </span>
    </p>
   </div>
   <div class='ocr_carea' id='block_1_93' title="bbox 1263 4709 1534 4762">
    <p class='ocr_par' dir='ltr' id='par_1_93' title="bbox 1263 4709 1534 4762">
     <span class='ocr_line' id='line_1_93' title="bbox 1263 4709 1534 4762; baseline -0.011 0"><span class='ocrx_word' id='word_1_635' title='bbox 1263 4709 1534 4762; x_wconf 79' lang='lat' dir='ltr'><strong>Arabibus.</strong></span> 
     </span>
    </p>
   </div>
   <div class='ocr_carea' id='block_1_94' title="bbox 705 4796 2175 4876">
    <p class='ocr_par' dir='ltr' id='par_1_94' title="bbox 705 4796 2175 4876">
     <span class='ocr_line' id='line_1_94' title="bbox 705 4796 2175 4876; baseline -0.008 -13"><span class='ocrx_word' id='word_1_636' title='bbox 705 4810 814 4863; x_wconf 74' lang='lat' dir='ltr'><strong>(Zur</strong></span> <span class='ocrx_word' id='word_1_637' title='bbox 837 4805 1070 4876; x_wconf 68' lang='lat' dir='ltr'><strong>Egyptii</strong></span> <span class='ocrx_word' id='word_1_638' title='bbox 1104 4810 1157 4857; x_wconf 86' lang='lat' dir='ltr'><strong>et</strong></span> <span class='ocrx_word' id='word_1_639' title='bbox 1199 4801 1424 4864; x_wconf 79' lang='lat' dir='ltr'><strong>Arabes,</strong></span> <span class='ocrx_word' id='word_1_640' title='bbox 1481 4799 1606 4852; x_wconf 91' lang='lat' dir='ltr'><strong>olim</strong></span> <span class='ocrx_word' id='word_1_641' title='bbox 1663 4797 1864 4851; x_wconf 89' lang='lat' dir='ltr'><strong>sultani</strong></span> <span class='ocrx_word' id='word_1_642' title='bbox 1903 4796 2175 4864; x_wconf 81' lang='lat' dir='ltr'><strong>Cairensis</strong></span> 
     </span>
    </p>
   </div>
   <div class='ocr_carea' id='block_1_95' title="bbox 638 4888 2177 4962">
    <p class='ocr_par' dir='ltr' id='par_1_95' title="bbox 638 4888 2177 4962">
     <span class='ocr_line' id='line_1_95' title="bbox 638 4888 2177 4962; baseline -0.01 -6"><span class='ocrx_word' id='word_1_643' title='bbox 638 4900 858 4962; x_wconf 87' lang='lat' dir='ltr'><strong>subditi,</strong></span> <span class='ocrx_word' id='word_1_644' title='bbox 919 4898 1266 4951; x_wconf 89' lang='lat' dir='ltr'><strong>nominentur</strong></span> <span class='ocrx_word' id='word_1_645' title='bbox 1318 4891 1602 4958; x_wconf 60' lang='lat' dir='ltr'><strong>Ethiopes</strong></span> <span class='ocrx_word' id='word_1_646' title='bbox 1627 4905 1688 4943; x_wconf 89' lang='lat' dir='ltr'><strong>ac</strong></span> <span class='ocrx_word' id='word_1_647' title='bbox 1712 4888 1905 4952; x_wconf 80' lang='lat' dir='ltr'><strong>Mauri,</strong></span> <span class='ocrx_word' id='word_1_648' title='bbox 1956 4890 2177 4957; x_wconf 54' lang='lat' dir='ltr'><strong>a.nigro</strong></span> 
     </span>
    </p>
   </div>
   <div class='ocr_carea' id='block_1_96' title="bbox 639 4979 2177 5057">
    <p class='ocr_par' dir='ltr' id='par_1_96' title="bbox 639 4979 2177 5057">
     <span class='ocr_line' id='line_1_96' title="bbox 639 4979 2177 5057; baseline -0.011 -11"><span class='ocrx_word' id='word_1_649' title='bbox 639 4993 820 5046; x_wconf 88' lang='lat' dir='ltr'><strong>colore</strong></span> <span class='ocrx_word' id='word_1_650' title='bbox 842 5002 1150 5057; x_wconf 89' lang='lat' dir='ltr'><strong>corporum,</strong></span> <span class='ocrx_word' id='word_1_651' title='bbox 1187 4985 1422 5037; x_wconf 75' lang='lat' dir='ltr'><strong>diximus</strong></span> <span class='ocrx_word' id='word_1_652' title='bbox 1463 4997 1647 5050; x_wconf 89' lang='lat' dir='ltr'><strong>supra,</strong></span> <span class='ocrx_word' id='word_1_653' title='bbox 1681 4981 1855 5048; x_wconf 85' lang='lat' dir='ltr'><strong>capite</strong></span> <span class='ocrx_word' id='word_1_654' title='bbox 1892 4981 2007 5033; x_wconf 85' lang='lat' dir='ltr'><strong>l65.</strong></span> <span class='ocrx_word' id='word_1_655' title='bbox 2045 4979 2177 5033; x_wconf 89' lang='lat' dir='ltr'><strong>San-</strong></span> 
     </span>
    </p>
   </div>
   <div class='ocr_carea' id='block_1_97' title="bbox 641 5066 2179 5148">
    <p class='ocr_par' dir='ltr' id='par_1_97' title="bbox 641 5066 2179 5148">
     <span class='ocr_line' id='line_1_97' title="bbox 641 5066 2179 5148; baseline -0.014 -10"><span class='ocrx_word' id='word_1_656' title='bbox 641 5083 863 5138; x_wconf 85' lang='lat' dir='ltr'><strong>soviuus</strong></span> <span class='ocrx_word' id='word_1_657' title='bbox 895 5091 1150 5148; x_wconf 76' lang='lat' dir='ltr'><strong>expresse</strong></span> <span class='ocrx_word' id='word_1_658' title='bbox 1185 5077 1284 5129; x_wconf 85' lang='lat' dir='ltr'><strong>hac</strong></span> <span class='ocrx_word' id='word_1_659' title='bbox 1313 5075 1364 5125; x_wconf 91' lang='lat' dir='ltr'><strong>in</strong></span> <span class='ocrx_word' id='word_1_660' title='bbox 1398 5072 1645 5133; x_wconf 85' lang='lat' dir='ltr'><strong>historia,</strong></span> <span class='ocrx_word' id='word_1_661' title='bbox 1668 5069 1810 5124; x_wconf 89' lang='lat' dir='ltr'><strong>Cairi</strong></span> <span class='ocrx_word' id='word_1_662' title='bbox 1846 5071 1960 5124; x_wconf 90' lang='lat' dir='ltr'><strong>sive</strong></span> <span class='ocrx_word' id='word_1_663' title='bbox 1999 5066 2179 5121; x_wconf 76' lang='lat' dir='ltr'><strong>Miszi-</strong></span> 
     </span>
    </p>
   </div>
   <div class='ocr_carea' id='block_1_98' title="bbox 643 5159 2183 5237">
    <p class='ocr_par' dir='ltr' id='par_1_98' title="bbox 643 5159 2183 5237">
     <span class='ocr_line' id='line_1_98' title="bbox 643 5159 2183 5237; baseline -0.012 -8"><span class='ocrx_word' id='word_1_664' title='bbox 643 5178 718 5230; x_wconf 84' lang='lat' dir='ltr'><strong>ris</strong></span> <span class='ocrx_word' id='word_1_665' title='bbox 748 5176 827 5235; x_wconf 85' lang='lat' dir='ltr'><strong>(ut</strong></span> <span class='ocrx_word' id='word_1_666' title='bbox 862 5186 1003 5224; x_wconf 91' lang='lat' dir='ltr'><strong>nunc</strong></span> <span class='ocrx_word' id='word_1_667' title='bbox 1038 5165 1293 5237; x_wconf 88' lang='lat' dir='ltr'><strong>appellari</strong></span> <span class='ocrx_word' id='word_1_668' title='bbox 1334 5164 1506 5234; x_wconf 77' lang='lat' dir='ltr'><strong>capite</strong></span> <span class='ocrx_word' id='word_1_669' title='bbox 1537 5162 1600 5228; x_wconf 83' lang='grc'><strong>61</strong></span> <span class='ocrx_word' id='word_1_670' title='bbox 1666 5159 1996 5226; x_wconf 85' lang='lat' dir='ltr'><strong>notavimus)</strong></span> <span class='ocrx_word' id='word_1_671' title='bbox 2030 5159 2183 5212; x_wconf 77' lang='lat' dir='ltr'><strong>inco-</strong></span> 
     </span>
    </p>
   </div>
   <div class='ocr_carea' id='block_1_99' title="bbox 646 5247 2182 5323">
    <p class='ocr_par' dir='ltr' id='par_1_99' title="bbox 646 5247 2182 5323">
     <span class='ocr_line' id='line_1_99' title="bbox 646 5247 2182 5323; baseline -0.01 -8"><span class='ocrx_word' id='word_1_672' title='bbox 646 5264 724 5316; x_wconf 89' lang='lat' dir='ltr'><strong>las</strong></span> <span class='ocrx_word' id='word_1_673' title='bbox 778 5261 993 5313; x_wconf 88' lang='lat' dir='ltr'><strong>Mauros</strong></span> <span class='ocrx_word' id='word_1_674' title='bbox 1052 5264 1229 5315; x_wconf 88' lang='lat' dir='ltr'><strong>vocat,</strong></span> <span class='ocrx_word' id='word_1_675' title='bbox 1296 5252 1497 5323; x_wconf 71' lang='lat' dir='ltr'><strong>vulgari</strong></span> <span class='ocrx_word' id='word_1_676' title='bbox 1549 5249 1956 5302; x_wconf 83' lang='lat' dir='ltr'><strong>consuetudine.</strong></span> <span class='ocrx_word' id='word_1_677' title='bbox 2016 5247 2182 5300; x_wconf 84' lang='lat' dir='ltr'><strong>Paulo</strong></span> 
     </span>
    </p>
   </div>
   <div class='ocr_carea' id='block_1_100' title="bbox 644 5337 2180 5417">
    <p class='ocr_par' dir='ltr' id='par_1_100' title="bbox 644 5337 2180 5417">
     <span class='ocr_line' id='line_1_100' title="bbox 644 5337 2180 5417; baseline -0.011 -12"><span class='ocrx_word' id='word_1_678' title='bbox 644 5353 802 5405; x_wconf 90' lang='lat' dir='ltr'><strong>etiam</strong></span> <span class='ocrx_word' id='word_1_679' title='bbox 834 5356 955 5417; x_wconf 84' lang='lat' dir='ltr'><strong>post</strong></span> <span class='ocrx_word' id='word_1_680' title='bbox 990 5345 1230 5415; x_wconf 86' lang='lat' dir='ltr'><strong>sequitur</strong></span> <span class='ocrx_word' id='word_1_681' title='bbox 1264 5343 1350 5394; x_wconf 86' lang='lat' dir='ltr'><strong>hic</strong></span> <span class='ocrx_word' id='word_1_682' title='bbox 1389 5341 1440 5392; x_wconf 91' lang='lat' dir='ltr'><strong>in</strong></span> <span class='ocrx_word' id='word_1_683' title='bbox 1485 5338 1790 5397; x_wconf 88' lang='lat' dir='ltr'><strong>annalibus,</strong></span> <span class='ocrx_word' id='word_1_684' title='bbox 1825 5337 2180 5404; x_wconf 88' lang='lat' dir='ltr'><strong>interceptum</strong></span> 
     </span>
    </p>
   </div>
   <div class='ocr_carea' id='block_1_101' title="bbox 647 5424 2184 5500">
    <p class='ocr_par' dir='ltr' id='par_1_101' title="bbox 647 5424 2184 5500">
     <span class='ocr_line' id='line_1_101' title="bbox 647 5424 2184 5500; baseline -0.013 -5"><span class='ocrx_word' id='word_1_685' title='bbox 647 5446 712 5495; x_wconf 83' lang='lat' dir='ltr'><strong>ab</strong></span> <span class='ocrx_word' id='word_1_686' title='bbox 755 5437 1019 5494; x_wconf 79' lang='lat' dir='ltr'><strong>Arabibus</strong></span> <span class='ocrx_word' id='word_1_687' title='bbox 1050 5442 1103 5486; x_wconf 90' lang='lat' dir='ltr'><strong>et</strong></span> <span class='ocrx_word' id='word_1_688' title='bbox 1157 5428 1504 5500; x_wconf 73' lang='lat' dir='ltr'><strong>Aithiopihus</strong></span> <span class='ocrx_word' id='word_1_689' title='bbox 1550 5424 1959 5494; x_wconf 87' lang='lat' dir='ltr'><strong>Tommanbain.</strong></span> <span class='ocrx_word' id='word_1_690' title='bbox 1997 5424 2184 5480; x_wconf 87' lang='lat' dir='ltr'><strong>Selimi</strong></span> 
     </span>
    </p>
   </div>
   <div class='ocr_carea' id='block_1_102' title="bbox 649 5518 2186 5603">
    <p class='ocr_par' dir='ltr' id='par_1_102' title="bbox 649 5518 2186 5603">
     <span class='ocr_line' id='line_1_102' title="bbox 649 5518 2186 5603; baseline -0.014 -13"><span class='ocrx_word' id='word_1_691' title='bbox 649 5538 810 5590; x_wconf 79' lang='lat' dir='ltr'><strong>fuisse</strong></span> <span class='ocrx_word' id='word_1_692' title='bbox 842 5529 1129 5603; x_wconf 87' lang='lat' dir='ltr'><strong>proditum.</strong></span> <span class='ocrx_word' id='word_1_693' title='bbox 1161 5525 1425 5578; x_wconf 69' lang='lat' dir='ltr'><strong>Cmterum</strong></span> <span class='ocrx_word' id='word_1_694' title='bbox 1456 5518 1744 5587; x_wconf 77' lang='lat' dir='ltr'><strong>translng:e</strong></span> <span class='ocrx_word' id='word_1_695' title='bbox 1797 5519 2057 5572; x_wconf 77' lang='lat' dir='ltr'><strong>duntaxat</strong></span> <span class='ocrx_word' id='word_1_696' title='bbox 2099 5519 2186 5570; x_wconf 90' lang='lat' dir='ltr'><strong>hic</strong></span> 
     </span>
    </p>
   </div>
   <div class='ocr_carea' id='block_1_103' title="bbox 651 5606 2187 5680">
    <p class='ocr_par' dir='ltr' id='par_1_103' title="bbox 651 5606 2187 5680">
     <span class='ocr_line' id='line_1_103' title="bbox 651 5606 2187 5680; baseline -0.014 0"><span class='ocrx_word' id='word_1_697' title='bbox 651 5627 810 5680; x_wconf 91' lang='lat' dir='ltr'><strong>unius</strong></span> <span class='ocrx_word' id='word_1_698' title='bbox 859 5621 1219 5677; x_wconf 87' lang='lat' dir='ltr'><strong>meminerunt</strong></span> <span class='ocrx_word' id='word_1_699' title='bbox 1279 5612 1498 5680; x_wconf 80' lang='lat' dir='ltr'><strong>annales</strong></span> <span class='ocrx_word' id='word_1_700' title='bbox 1540 5609 1771 5674; x_wconf 87' lang='lat' dir='ltr'><strong>Turcici,</strong></span> <span class='ocrx_word' id='word_1_701' title='bbox 1809 5609 1901 5663; x_wconf 89' lang='lat' dir='ltr'><strong>sed</strong></span> <span class='ocrx_word' id='word_1_702' title='bbox 1945 5606 2187 5675; x_wconf 87' lang='lat' dir='ltr'><strong>historici</strong></span> 
     </span>
    </p>
   </div>
   <div class='ocr_carea' id='block_1_104' title="bbox 657 5695 2186 5776">
    <p class='ocr_par' dir='ltr' id='par_1_104' title="bbox 657 5695 2186 5776">
     <span class='ocr_line' id='line_1_104' title="bbox 657 5695 2186 5776; baseline -0.016 -4"><span class='ocrx_word' id='word_1_703' title='bbox 657 5718 822 5772; x_wconf 84' lang='lat' dir='ltr'><strong>nostri</strong></span> <span class='ocrx_word' id='word_1_704' title='bbox 851 5716 1104 5771; x_wconf 87' lang='lat' dir='ltr'><strong>dn&#39;orutn,</strong></span> <span class='ocrx_word' id='word_1_705' title='bbox 1137 5708 1227 5776; x_wconf 85' lang='lat' dir='ltr'><strong>qui</strong></span> <span class='ocrx_word' id='word_1_706' title='bbox 1261 5703 1538 5759; x_wconf 77' lang='lat' dir='ltr'><strong>Mameluci</strong></span> <span class='ocrx_word' id='word_1_707' title='bbox 1567 5701 1783 5764; x_wconf 81' lang='lat' dir='ltr'><strong>iuerint,</strong></span> <span class='ocrx_word' id='word_1_708' title='bbox 1839 5698 2056 5751; x_wconf 88' lang='lat' dir='ltr'><strong>natione</strong></span> <span class='ocrx_word' id='word_1_709' title='bbox 2101 5695 2186 5748; x_wconf 79' lang='lat' dir='ltr'><strong>Al-</strong></span> 
     </span>
    </p>
   </div>
   <div class='ocr_carea' id='block_1_105' title="bbox 2276 4511 3796 4592">
    <p class='ocr_par' dir='ltr' id='par_1_105' title="bbox 2276 4511 3796 4592">
     <span class='ocr_line' id='line_1_105' title="bbox 2276 4511 3796 4592; baseline -0.006 -16"><span class='ocrx_word' id='word_1_710' title='bbox 2276 4522 2496 4592; x_wconf 79' lang='lat' dir='ltr'><strong>Aprilis,</strong></span> <span class='ocrx_word' id='word_1_711' title='bbox 2513 4536 2656 4585; x_wconf 85' lang='lat' dir='ltr'><strong>anno</strong></span> <span class='ocrx_word' id='word_1_712' title='bbox 2686 4519 2994 4584; x_wconf 79' lang='lat' dir='ltr'><strong>Christiano</strong></span> <span class='ocrx_word' id='word_1_713' title='bbox 3025 4511 3180 4581; x_wconf 72' lang='grc'><strong>1517,</strong></span> <span class='ocrx_word' id='word_1_714' title='bbox 3203 4529 3260 4572; x_wconf 80' lang='grc' dir='ltr'><strong>ιιι</strong></span> <span class='ocrx_word' id='word_1_715' title='bbox 3282 4519 3620 4592; x_wconf 76' lang='lat' dir='ltr'><strong>sansovinus</strong></span> <span class='ocrx_word' id='word_1_716' title='bbox 3647 4519 3796 4572; x_wconf 88' lang='lat' dir='ltr'><strong>adno-</strong></span> 
     </span>
    </p>
   </div>
   <div class='ocr_carea' id='block_1_106' title="bbox 2274 4600 3790 4684">
    <p class='ocr_par' dir='ltr' id='par_1_106' title="bbox 2274 4600 3790 4684">
     <span class='ocr_line' id='line_1_106' title="bbox 2274 4600 3790 4684; baseline -0.007 -17"><span class='ocrx_word' id='word_1_717' title='bbox 2274 4600 2426 4667; x_wconf 80' lang='lat' dir='ltr'><strong>tavit.</strong></span> <span class='ocrx_word' id='word_1_718' title='bbox 2507 4612 2790 4680; x_wconf 79' lang='lat' dir='ltr'><strong>Sumptum</strong></span> <span class='ocrx_word' id='word_1_719' title='bbox 2862 4610 2963 4664; x_wconf 81' lang='lat' dir='ltr'><strong>huc</strong></span> <span class='ocrx_word' id='word_1_720' title='bbox 3034 4610 3100 4663; x_wconf 92' lang='lat' dir='ltr'><strong>de</strong></span> <span class='ocrx_word' id='word_1_721' title='bbox 3179 4610 3297 4677; x_wconf 87' lang='lat' dir='ltr'><strong>ipso</strong></span> <span class='ocrx_word' id='word_1_722' title='bbox 3349 4608 3675 4684; x_wconf 71' lang='lat' dir='ltr'><strong>supplicium</strong></span> <span class='ocrx_word' id='word_1_723' title='bbox 3735 4606 3790 4658; x_wconf 84' lang='lat' dir='ltr'><strong>ad</strong></span> 
     </span>
    </p>
   </div>
   <div class='ocr_carea' id='block_1_107' title="bbox 2275 4696 3795 4774">
    <p class='ocr_par' dir='ltr' id='par_1_107' title="bbox 2275 4696 3795 4774">
     <span class='ocr_line' id='line_1_107' title="bbox 2275 4696 3795 4774; baseline -0.007 -18"><span class='ocrx_word' id='word_1_724' title='bbox 2275 4713 2482 4774; x_wconf 85' lang='lat' dir='ltr'><strong>portam</strong></span> <span class='ocrx_word' id='word_1_725' title='bbox 2521 4696 2874 4765; x_wconf 81' lang='lat' dir='ltr'><strong>Bassuellam,</strong></span> <span class='ocrx_word' id='word_1_726' title='bbox 2922 4711 2984 4753; x_wconf 86' lang='lat' dir='ltr'><strong>ut</strong></span> <span class='ocrx_word' id='word_1_727' title='bbox 3039 4699 3179 4753; x_wconf 76' lang='lat' dir='ltr'><strong>idem</strong></span> <span class='ocrx_word' id='word_1_728' title='bbox 3235 4697 3435 4759; x_wconf 83' lang='lat' dir='ltr'><strong>retulit.</strong></span> <span class='ocrx_word' id='word_1_729' title='bbox 3486 4700 3610 4751; x_wconf 88' lang='lat' dir='ltr'><strong>cuin</strong></span> <span class='ocrx_word' id='word_1_730' title='bbox 3667 4696 3795 4772; x_wconf 84' lang='lat' dir='ltr'><strong>prius</strong></span> 
     </span>
    </p>
   </div>
   <div class='ocr_carea' id='block_1_108' title="bbox 2277 4789 3794 4861">
    <p class='ocr_par' dir='ltr' id='par_1_108' title="bbox 2277 4789 3794 4861">
     <span class='ocr_line' id='line_1_108' title="bbox 2277 4789 3794 4861; baseline -0.008 -12"><span class='ocrx_word' id='word_1_731' title='bbox 2277 4795 2582 4861; x_wconf 72' lang='lat' dir='ltr'><strong>ignominia:</strong></span> <span class='ocrx_word' id='word_1_732' title='bbox 2620 4801 2780 4855; x_wconf 84' lang='lat' dir='ltr'><strong>causa</strong></span> <span class='ocrx_word' id='word_1_733' title='bbox 2823 4793 3018 4861; x_wconf 86' lang='lat' dir='ltr'><strong>laqueo</strong></span> <span class='ocrx_word' id='word_1_734' title='bbox 3049 4791 3113 4844; x_wconf 92' lang='lat' dir='ltr'><strong>ad</strong></span> <span class='ocrx_word' id='word_1_735' title='bbox 3177 4789 3374 4843; x_wconf 81' lang='lat' dir='ltr'><strong>collum</strong></span> <span class='ocrx_word' id='word_1_736' title='bbox 3407 4803 3664 4859; x_wconf 87' lang='lat' dir='ltr'><strong>appenso,</strong></span> <span class='ocrx_word' id='word_1_737' title='bbox 3715 4800 3794 4853; x_wconf 84' lang='lat' dir='ltr'><strong>per</strong></span> 
     </span>
    </p>
   </div>
   <div class='ocr_carea' id='block_1_109' title="bbox 2279 4872 3794 4936">
    <p class='ocr_par' dir='ltr' id='par_1_109' title="bbox 2279 4872 3794 4936">
     <span class='ocr_line' id='line_1_109' title="bbox 2279 4872 3794 4936; baseline -0.009 0"><span class='ocrx_word' id='word_1_738' title='bbox 2279 4875 2460 4936; x_wconf 74' lang='lat' dir='ltr'><strong>urbem</strong></span> <span class='ocrx_word' id='word_1_739' title='bbox 2495 4881 2637 4934; x_wconf 89' lang='lat' dir='ltr'><strong>mulo</strong></span> <span class='ocrx_word' id='word_1_740' title='bbox 2690 4880 2930 4935; x_wconf 84' lang='lat' dir='ltr'><strong>insidens</strong></span> <span class='ocrx_word' id='word_1_741' title='bbox 2977 4877 3383 4929; x_wconf 60' lang='lat' dir='ltr'><strong>circumductus</strong></span> <span class='ocrx_word' id='word_1_742' title='bbox 3421 4873 3631 4927; x_wconf 82' lang='lat' dir='ltr'><strong>fuisset.</strong></span> <span class='ocrx_word' id='word_1_743' title='bbox 3682 4872 3794 4924; x_wconf 81' lang='lat' dir='ltr'><strong>Peu-</strong></span> 
     </span>
    </p>
   </div>
   <div class='ocr_carea' id='block_1_110' title="bbox 2278 4960 3792 5038">
    <p class='ocr_par' dir='ltr' id='par_1_110' title="bbox 2278 4960 3792 5038">
     <span class='ocr_line' id='line_1_110' title="bbox 2278 4960 3792 5038; baseline -0.011 -10"><span class='ocrx_word' id='word_1_744' title='bbox 2278 4989 2432 5029; x_wconf 90' lang='lat' dir='ltr'><strong>cerus</strong></span> <span class='ocrx_word' id='word_1_745' title='bbox 2459 4973 2740 5030; x_wconf 81' lang='lat' dir='ltr'><strong>Basueiam</strong></span> <span class='ocrx_word' id='word_1_746' title='bbox 2781 4969 2948 5038; x_wconf 60' lang='lat' dir='ltr'><strong>Syria</strong></span> <span class='ocrx_word' id='word_1_747' title='bbox 2978 4974 3184 5035; x_wconf 86' lang='lat' dir='ltr'><strong>portam</strong></span> <span class='ocrx_word' id='word_1_748' title='bbox 3223 4965 3488 5020; x_wconf 87' lang='lat' dir='ltr'><strong>nominat.</strong></span> <span class='ocrx_word' id='word_1_749' title='bbox 3523 4960 3677 5035; x_wconf 59' lang='lat'><strong>“7</strong></span> <span class='ocrx_word' id='word_1_750' title='bbox 3707 4960 3792 5013; x_wconf 82' lang='lat' dir='ltr'><strong>Sed</strong></span> 
     </span>
    </p>
   </div>
   <div class='ocr_carea' id='block_1_111' title="bbox 2282 5042 3796 5118">
    <p class='ocr_par' dir='ltr' id='par_1_111' title="bbox 2282 5042 3796 5118">
     <span class='ocr_line' id='line_1_111' title="bbox 2282 5042 3796 5118; baseline -0.011 -1"><span class='ocrx_word' id='word_1_751' title='bbox 2282 5064 2478 5118; x_wconf 78' lang='lat' dir='ltr'><strong>melius</strong></span> <span class='ocrx_word' id='word_1_752' title='bbox 2517 5062 2739 5115; x_wconf 86' lang='lat' dir='ltr'><strong>annales</strong></span> <span class='ocrx_word' id='word_1_753' title='bbox 2788 5059 3094 5112; x_wconf 85' lang='lat' dir='ltr'><strong>indicavere</strong></span> <span class='ocrx_word' id='word_1_754' title='bbox 3133 5057 3309 5111; x_wconf 90' lang='lat' dir='ltr'><strong>locum</strong></span> <span class='ocrx_word' id='word_1_755' title='bbox 3365 5055 3416 5107; x_wconf 90' lang='lat' dir='ltr'><strong>in</strong></span> <span class='ocrx_word' id='word_1_756' title='bbox 3450 5043 3604 5110; x_wconf 81' lang='lat' dir='ltr'><strong>urbis</strong></span> <span class='ocrx_word' id='word_1_757' title='bbox 3646 5042 3796 5106; x_wconf 84' lang='lat' dir='ltr'><strong>umbi-</strong></span> 
     </span>
    </p>
   </div>
   <div class='ocr_carea' id='block_1_112' title="bbox 2284 5145 3791 5223">
    <p class='ocr_par' dir='ltr' id='par_1_112' title="bbox 2284 5145 3791 5223">
     <span class='ocr_line' id='line_1_112' title="bbox 2284 5145 3791 5223; baseline -0.009 -18"><span class='ocrx_word' id='word_1_758' title='bbox 2284 5155 2406 5214; x_wconf 83' lang='lat' dir='ltr'><strong>lico,</strong></span> <span class='ocrx_word' id='word_1_759' title='bbox 2441 5154 2527 5206; x_wconf 91' lang='lat' dir='ltr'><strong>cui</strong></span> <span class='ocrx_word' id='word_1_760' title='bbox 2575 5165 2772 5205; x_wconf 88' lang='lat' dir='ltr'><strong>nomen</strong></span> <span class='ocrx_word' id='word_1_761' title='bbox 2805 5148 2913 5201; x_wconf 89' lang='lat' dir='ltr'><strong>Bab</strong></span> <span class='ocrx_word' id='word_1_762' title='bbox 2942 5147 3159 5201; x_wconf 90' lang='lat' dir='ltr'><strong>Subeile</strong></span> <span class='ocrx_word' id='word_1_763' title='bbox 3196 5146 3278 5197; x_wconf 92' lang='lat' dir='ltr'><strong>vel</strong></span> <span class='ocrx_word' id='word_1_764' title='bbox 3308 5145 3560 5223; x_wconf 63' lang='lat' dir='ltr'><strong>Suyveile,</strong></span> <span class='ocrx_word' id='word_1_765' title='bbox 3590 5155 3791 5212; x_wconf 84' lang='lat' dir='ltr'><strong>quorum</strong></span> 
     </span>
    </p>
   </div>
   <div class='ocr_carea' id='block_1_113' title="bbox 2284 5237 3384 5310">
    <p class='ocr_par' dir='ltr' id='par_1_113' title="bbox 2284 5237 3384 5310">
     <span class='ocr_line' id='line_1_113' title="bbox 2284 5237 3384 5310; baseline -0.007 -15"><span class='ocrx_word' id='word_1_766' title='bbox 2284 5243 2414 5295; x_wconf 88' lang='lat' dir='ltr'><strong>illud</strong></span> <span class='ocrx_word' id='word_1_767' title='bbox 2439 5240 2706 5310; x_wconf 77' lang='lat' dir='ltr'><strong>signiﬁcat</strong></span> <span class='ocrx_word' id='word_1_768' title='bbox 2738 5249 2969 5306; x_wconf 88' lang='lat' dir='ltr'><strong>portam,</strong></span> <span class='ocrx_word' id='word_1_769' title='bbox 3003 5239 3104 5290; x_wconf 86' lang='lat' dir='ltr'><strong>hoc</strong></span> <span class='ocrx_word' id='word_1_770' title='bbox 3135 5237 3384 5302; x_wconf 90' lang='lat' dir='ltr'><strong>plateam.</strong></span> 
     </span>
    </p>
   </div>
   <div class='ocr_carea' id='block_1_114' title="bbox 2283 5344 3795 5414">
    <p class='ocr_par' dir='ltr' id='par_1_114' title="bbox 2283 5344 3795 5414">
     <span class='ocr_line' id='line_1_114' title="bbox 2283 5344 3795 5414; baseline -0.013 -4"><span class='ocrx_word' id='word_1_771' title='bbox 2283 5357 2406 5410; x_wconf 70' lang='grc'><strong>215.</strong></span> <span class='ocrx_word' id='word_1_772' title='bbox 2444 5352 2653 5405; x_wconf 84' lang='lat' dir='ltr'><strong>Morbus</strong></span> <span class='ocrx_word' id='word_1_773' title='bbox 2687 5361 2732 5403; x_wconf 80' lang='lat' dir='ltr'><strong>et</strong></span> <span class='ocrx_word' id='word_1_774' title='bbox 2761 5368 2896 5408; x_wconf 76' lang='lat' dir='ltr'><strong>mors</strong></span> <span class='ocrx_word' id='word_1_775' title='bbox 2916 5351 3139 5407; x_wconf 82' lang='lat' dir='ltr'><strong>Selimis,</strong></span> <span class='ocrx_word' id='word_1_776' title='bbox 3172 5350 3220 5400; x_wconf 80' lang='lat' dir='ltr'><strong>iu</strong></span> <span class='ocrx_word' id='word_1_777' title='bbox 3250 5351 3358 5414; x_wconf 77' lang='lat' dir='ltr'><strong>loco</strong></span> <span class='ocrx_word' id='word_1_778' title='bbox 3391 5348 3564 5414; x_wconf 65' lang='lat' dir='ltr'><strong>fatali,</strong></span> <span class='ocrx_word' id='word_1_779' title='bbox 3597 5344 3795 5411; x_wconf 70' lang='grc' dir='ltr'><strong>θερινω-</strong></span> 
     </span>
    </p>
   </div>
   <div class='ocr_carea' id='block_1_115' title="bbox 2366 5419 3528 5485">
    <p class='ocr_par' dir='ltr' id='par_1_115' title="bbox 2366 5419 3528 5485">
     <span class='ocr_line' id='line_1_115' title="bbox 2366 5419 3528 5485; baseline -0.002 -13"><span class='ocrx_word' id='word_1_780' title='bbox 2366 5423 2369 5425; x_wconf 70' lang='grc'><em>’</em></span> <span class='ocrx_word' id='word_1_781' title='bbox 2581 5421 2782 5481; x_wconf 82' lang='lat' dir='ltr'><strong>darlar,</strong></span> <span class='ocrx_word' id='word_1_782' title='bbox 2830 5421 3037 5472; x_wconf 82' lang='lat' dir='ltr'><strong>Bairam</strong></span> <span class='ocrx_word' id='word_1_783' title='bbox 3062 5419 3225 5485; x_wconf 74' lang='lat' dir='ltr'><strong>nmjus</strong></span> <span class='ocrx_word' id='word_1_784' title='bbox 3256 5430 3303 5478; x_wconf 68' lang='lat' dir='ltr'><strong>et</strong></span> <span class='ocrx_word' id='word_1_785' title='bbox 3335 5419 3528 5470; x_wconf 79' lang='lat' dir='ltr'><strong>minus.</strong></span> 
     </span>
    </p>
   </div>
   <div class='ocr_carea' id='block_1_116' title="bbox 2359 5502 3790 5580">
    <p class='ocr_par' dir='ltr' id='par_1_116' title="bbox 2359 5502 3790 5580">
     <span class='ocr_line' id='line_1_116' title="bbox 2359 5502 3790 5580; baseline -0.011 -14"><span class='ocrx_word' id='word_1_786' title='bbox 2359 5514 2431 5566; x_wconf 92' lang='lat' dir='ltr'><strong>De</strong></span> <span class='ocrx_word' id='word_1_787' title='bbox 2482 5527 2616 5580; x_wconf 76' lang='lat' dir='ltr'><strong>pago</strong></span> <span class='ocrx_word' id='word_1_788' title='bbox 2667 5511 2826 5563; x_wconf 87' lang='lat' dir='ltr'><strong>lnzua</strong></span> <span class='ocrx_word' id='word_1_789' title='bbox 2888 5510 3085 5559; x_wconf 89' lang='lat' dir='ltr'><strong>dictum</strong></span> <span class='ocrx_word' id='word_1_790' title='bbox 3133 5509 3402 5575; x_wconf 84' lang='lat' dir='ltr'><strong>superius,</strong></span> <span class='ocrx_word' id='word_1_791' title='bbox 3448 5511 3664 5561; x_wconf 83' lang='lat' dir='ltr'><strong>numero</strong></span> <span class='ocrx_word' id='word_1_792' title='bbox 3718 5502 3790 5553; x_wconf 69' lang='lat' dir='ltr'><strong>7i.</strong></span> 
     </span>
    </p>
   </div>
   <div class='ocr_carea' id='block_1_117' title="bbox 2292 5590 3790 5671">
    <p class='ocr_par' dir='ltr' id='par_1_117' title="bbox 2292 5590 3790 5671">
     <span class='ocr_line' id='line_1_117' title="bbox 2292 5590 3790 5671; baseline -0.009 -16"><span class='ocrx_word' id='word_1_793' title='bbox 2292 5601 2402 5654; x_wconf 86' lang='lat' dir='ltr'><strong>Non</strong></span> <span class='ocrx_word' id='word_1_794' title='bbox 2437 5603 2618 5671; x_wconf 90' lang='lat' dir='ltr'><strong>procul</strong></span> <span class='ocrx_word' id='word_1_795' title='bbox 2645 5603 2796 5661; x_wconf 80' lang='lat' dir='ltr'><strong>abest</strong></span> <span class='ocrx_word' id='word_1_796' title='bbox 2823 5611 2851 5649; x_wconf 83' lang='lat' dir='ltr'><strong>a</strong></span> <span class='ocrx_word' id='word_1_797' title='bbox 2879 5597 3058 5660; x_wconf 63' lang='lat' dir='ltr'><strong>torio,</strong></span> <span class='ocrx_word' id='word_1_798' title='bbox 3092 5599 3202 5651; x_wconf 86' lang='lat' dir='ltr'><strong>sive</strong></span> <span class='ocrx_word' id='word_1_799' title='bbox 3226 5597 3447 5660; x_wconf 72' lang='lat' dir='ltr'><strong>zurulo,</strong></span> <span class='ocrx_word' id='word_1_800' title='bbox 3476 5597 3588 5651; x_wconf 90' lang='lat' dir='ltr'><strong>sive</strong></span> <span class='ocrx_word' id='word_1_801' title='bbox 3636 5590 3790 5649; x_wconf 82' lang='lat' dir='ltr'><strong>Ciurlo</strong></span> 
     </span>
    </p>
   </div>
   <div class='ocr_carea' id='block_1_118' title="bbox 2291 5677 3788 5763">
    <p class='ocr_par' dir='ltr' id='par_1_118' title="bbox 2291 5677 3788 5763">
     <span class='ocr_line' id='line_1_118' title="bbox 2291 5677 3788 5763; baseline -0.006 -16"><span class='ocrx_word' id='word_1_802' title='bbox 2291 5693 2448 5761; x_wconf 77' lang='lat' dir='ltr'><strong>Juvii,</strong></span> <span class='ocrx_word' id='word_1_803' title='bbox 2492 5701 2554 5750; x_wconf 87' lang='lat' dir='ltr'><strong>de</strong></span> <span class='ocrx_word' id='word_1_804' title='bbox 2585 5710 2690 5763; x_wconf 79' lang='lat' dir='ltr'><strong>quo</strong></span> <span class='ocrx_word' id='word_1_805' title='bbox 2721 5692 2920 5746; x_wconf 88' lang='lat' dir='ltr'><strong>dictum</strong></span> <span class='ocrx_word' id='word_1_806' title='bbox 2953 5690 3134 5743; x_wconf 77' lang='lat' dir='ltr'><strong>itidem</strong></span> <span class='ocrx_word' id='word_1_807' title='bbox 3164 5689 3332 5757; x_wconf 81' lang='lat' dir='ltr'><strong>capite</strong></span> <span class='ocrx_word' id='word_1_808' title='bbox 3359 5688 3425 5742; x_wconf 65' lang='lat'><strong>26</strong></span> <span class='ocrx_word' id='word_1_809' title='bbox 3467 5699 3519 5742; x_wconf 88' lang='lat' dir='ltr'><strong>et</strong></span> <span class='ocrx_word' id='word_1_810' title='bbox 3553 5688 3660 5741; x_wconf 78' lang='grc'><strong>195.</strong></span> <span class='ocrx_word' id='word_1_811' title='bbox 3702 5677 3788 5732; x_wconf 67' lang='grc' dir='ltr'><strong>Νυε</strong></span> 
     </span>
    </p>
   </div>
  </div>
