4006 6338
191 401 306 465 889
482 428 485 429 '
1325 418 1713 479 PANDECTE
1757 421 1839 480 HI
1851 422 1960 485 ST.
1986 419 2282 487 TURCIC.
2577 444 2581 447 '
3151 450 3154 453 '
3267 429 3373 491 890

191 516 412 587 longea
442 517 822 577 Zurulodistat
864 525 908 579 is
931 527 1100 592 locus,
1146 529 1236 596 qui
1294 527 1479 584 Solimi
1555 533 1731 586 fatalis
1766 549 1798 597 Α
1832 534 2125 591 Soleimani
2151 537 2458 603 solvissent,
2517 552 2624 592 non
2682 537 2841 593 modo
2869 554 2974 592 non
2996 548 3250 608 exceptus
3305 543 3370 594 ab

193 612 768 703 propterimpietatem
786 630 908 684 erga
941 628 1143 684 patrem
1169 619 1251 673 bis
1275 622 1586 684 exercitam,
1611 640 1742 689 μηθ-
1838 631 1917 682 iis
1951 631 2262 694 honoriﬁce,
2295 646 2476 686 verum
2505 631 2667 686 etiam
2729 613 2990 687 tractatus
3016 621 3204 700 praeter
3233 635 3344 703 loga

190 698 268 756 lio
283 703 672 793 committenda
698 718 1005 773 venenoque
1021 708 1317 776 praebendo.
1336 710 1518 780 dequo
1536 713 1736 766 dictum
1837 726 2012 772 torum
2033 720 2124 787 jus
2154 719 2330 774 fuerat
2360 737 2376 776 :
2410 722 2570 791 idque
2600 711 2906 793 propterea,
2936 698 3073 790 quod
3101 698 3370 778 vindicare

189 791 376 880 ςέβίῑθ
403 791 671 857 ἳθίοῐυίιο
723 795 789 848 El-
821 796 904 849 υἷε
937 796 1040 878 hoc
1089 800 1206 853 1000
1265 798 1478 854 Τηΐοῑεὶ
1527 815 1738 869 quoque
1837 824 1896 862 se
1925 809 1988 863 de
2011 810 2228 865 sultano
2255 811 2480 877 Turcico
2513 791 2730 876 vellent,
2795 813 2864 866 ob
2911 814 3260 880 ignominioso
3310 830 3369 866 ac

189 878 437 934 fatentur
477 883 718 951 annales,
764 883 910 938 fatali
950 874 1203 940 Selimem
1237 887 1352 943 loco
1387 889 1526 944 diem
1578 907 1735 952 suum

190 969 417 1026 obiisse.
447 970 676 1026 Causam
713 976 900 1029 mortis
921 976 1103 1030 attulit
1125 977 1172 1031 ei
1220 979 1436 1046 pustula
1471 980 1589 1035 sive
1619 995 1736 1036 car-

189 1059 467 1116 bunculus
500 1063 773 1128 pestilens,
841 1073 896 1117 ut
962 1067 1125 1124 Turci
1165 1070 1436 1124 memoriae
1480 1071 1732 1139 produnt.

190 1146 531 1205 Sansovinus
559 1168 623 1205 ex
657 1153 783 1207 aliis
819 1155 982 1208 refert
1010 1156 1219 1224 plagam
1269 1156 1439 1213 fuisse
1501 1157 1732 1213 corrosi-

187 1252 336 1302 vam,
370 1241 536 1296 instar
566 1257 850 1311 gangrenze
882 1245 1057 1312 :quod
1103 1246 1348 1314 equidem
1415 1263 1520 1301 non
1574 1255 1732 1317 'puto,

188 1338 414 1406 propter
443 1330 713 1384 interitum
763 1332 976 1388 Selimis
1010 1335 1273 1399 subitum,
1298 1351 1421 1390 cum
1464 1353 1731 1406 gangrena

191 1416 467 1473 tardiores
501 1420 814 1489 plerumque
852 1437 1178 1492 pregressus
1238 1425 1420 1480 faciat.
1468 1427 1727 1494 Dephter-

188 1505 305 1557 dari
336 1508 451 1563 sive
514 1508 935 1575 Dephtcrdalari,
991 1518 1116 1564 sunt
1163 1512 1246 1564 vel
1280 1513 1594 1575 rationales,
1645 1516 1730 1567 vel

187 1603 512 1663 quaestores,
546 1597 625 1650 vel
655 1599 749 1665 (uti
785 1614 929 1653 nunc
989 1601 1342 1668 appellamus)
1393 1605 1643 1670 prmsides
1674 1612 1730 1656 et

187 1686 484 1741 consiliarii
511 1693 754 1741 camerae.
789 1674 1022 1754 Bairam,
1068 1690 1352 1745 maximum
1391 1692 1580 1748 Turcis
1651 1693 1731 1745 fe-

81 1825 86 1828 .
169 1784 327 1852 .stum
363 1771 465 1840 est,
497 1775 667 1830 instar
697 1767 974 1832 Paschalis
997 1779 1186 1842 nostri,
1216 1784 1357 1849 quod
1410 1798 1591 1838 mense
1624 1783 1728 1836 Ra-

1834 897 2130 954 insolenter
2181 900 2391 956 habitos
2437 917 2467 956 a
2528 902 2727 957 Selime
2785 904 2935 972 prius
2958 904 3161 968 legatos
3214 919 3364 958 suos.

1835 987 2194 1057 Burgurdelen
2223 1005 2349 1044 vero
2367 990 2694 1046 Soleimanes
2718 992 3121 1061 praecipiendam
3146 995 3369 1058 putavit,

1835 1093 1901 1131 ne
1936 1093 2038 1145 qua
2070 1078 2213 1132 Savo
2251 1083 2494 1135 secundo
2513 1082 2967 1149 Belgradensibus
3020 1084 3276 1144 obsessis,
3305 1085 3369 1135 ad

1832 1163 2061 1234 quorum
2092 1167 2136 1221 is
2166 1163 2919 1240 mmniabanubiojtmgltnr,
2978 1170 3162 1224 venire
3193 1172 3372 1224 subsi-

1831 1257 1916 1306 dia
1946 1267 2180 1323 possent.
2209 1257 2414 1326 Quippe
2444 1259 2806 1329 Burgurdelen
2830 1261 2991 1313 Turci
3025 1271 3216 1314 vocant
3241 1245 3370 1313 illud

1829 1340 1885 1395 in
1907 1345 2018 1410 ripa
2043 1343 2163 1398 Savi
2191 1334 2425 1400 ﬂuminis
2453 1351 2727 1416 oppidum,
2749 1350 2889 1417 quod
2917 1348 3148 1419 Ungaris
3169 1351 3371 1403 Sabacz

1832 1434 2149 1499 appellatur,
2182 1431 2418 1489 'cinctum
2449 1441 2689 1508 undique
2716 1439 2877 1502 Savo,
2907 1441 2959 1493 in
2982 1444 3143 1509 quem
3173 1441 3369 1493 Drinus

1832 1524 2030 1576 ibidem
2092 1540 2153 1577 ac
2202 1526 2495 1582 Baconsius
2547 1544 2736 1583 amnes
2800 1530 3047 1582 influunt.
3096 1530 3369 1583 Bontiuins

1830 1611 1994 1664 refert
2021 1627 2160 1684 anno
2184 1613 2496 1668 Christiano
2536 1615 2672 1669 M70
2703 1616 2888 1669 initam
2930 1617 3096 1670 fuisse
3147 1617 3229 1668 vel
3280 1631 3367 1668 oc-

1829 1709 2033 1766 ceptam
2062 1701 2314 1756 aadilleari
2351 1705 2540 1757 molem
2579 1703 2777 1766 Sabaz,
2813 1704 3122 1758 cul‘nomen
3155 1694 3397 1757 Turcus'

1830 1789 2101 1853 iudiderit,
2131 1791 2207 1843 uti
2229 1791 2400 1860 Saba;
2434 1797 2897 1860 vocareturhquod
2925 1793 3148 1848 Tureica
3188 1795 3365 1860 lingua

186 1878 415 1940 unusne
438 1866 730 1929 celebmnt,
762 1881 868 1935 quo
898 1876 952 1922 et
996 1868 1254 1952 jejunium
1286 1886 1442 1925 suum
1476 1862 1720 1940 servant,
1754 1854 1798 1913 Β
1825 1879 2068 1933 mirabile
2097 1881 2225 1947 quid
2252 1857 2537 1946 significet.
2575 1885 2825 1952 lntelligit
2860 1895 3036 1939 autem
3072 1886 3232 1938 Turci
3264 1901 3361 1938 uo-

185 1956 399 2026 integro
431 1971 618 2012 mense
683 1957 898 2026 triginta
933 1941 1223 2026 dierum,"a
1252 1963 1564 2027 crepusculo
1612 1979 1723 2018 ma-

185 2046 381 2109 tutino,
412 2061 582 2116 usque
605 2047 668 2100 ad
697 2049 827 2102 solis
856 2061 1132 2114 occasum,
1170 2047 1301 2102 nihil
1331 2051 1436 2105 cibi
1478 2038 1722 2120 ipotusve

184 2146 461 2198 sumentes
495 2144 583 2191 :et
614 2137 863 2192 absoluto
889 2136 1111 2206 jejunio,
1138 2153 1294 2193 suum
1327 2140 1428 2196 hoc
1486 2141 1719 2204 Bairam,

182 2209 464 2279 Paschalis
495 2224 554 2292 in.
585 2240 807 2288 morem,
830 2237 1111 2296 peragunt.
1139 2227 1337 2297 Duplex
1370 2238 1542 2283 autem
1599 2230 1722 2284 Bai-

186 2326 296 2367 ram
333 2311 598 2367 Turcisin
627 2330 722 2368 usu
752 2324 853 2386 est.
888 2316 1090 2382 Unum,
1151 2333 1336 2375 mense
1393 2318 1716 2388 Ramazane,
1746 2368 1749 2369 ν

135 2463 138 2467 λ
181 2401 248 2454 de
273 2416 380 2476 quo
400 2417 544 2458 nunc.
578 2404 807 2472 agimus,
856 2407 1073 2473 etquod
1112 2406 1305 2476 Bujuc,
1355 2410 1469 2471 sive
1523 2411 1716 2479 majus,

181 2499 272 2544 aut
315 2491 560 2560 magnum
618 2494 912 2562 appellant.
961 2485 1089 2564 Ejus
1141 2512 1300 2566 supra
1354 2500 1715 2566 meminimus,

180 2581 357 2648 capite
386 2582 444 2633 11
470 2591 523 2640 et
553 2584 639 2642 '53.
672 2585 936 2647 Alterum,
976 2588 1252 2656 sexaginta
1278 2590 1397 2658 plus
1431 2592 1609 2645 minus
1641 2582 1719 2654 ab

178 2669 284 2722 hoc
312 2671 502 2726 diebus
552 2660 882 2739 celebratur,
931 2683 984 2728 et
1019 2673 1445 2732 Cbazilariorum
1506 2680 1715 2734 Bairam

178 2757 400 2821 dicitur,
434 2752 556 2832 hoc~
587 2770 670 2814 est
731 2762 1126 2832 religiosorum,
1179 2767 1271 2835 qui
1330 2770 1717 2840 peregrinatio-

178 2861 303 2905 nem
333 2848 442 2900 voti
464 2863 592 2917 ergo
618 2851 944 2920 suscipiunt,
975 2855 1041 2908 ad
1066 2856 1394 2912 visitandum
1436 2858 1715 2916 Mahume«

175 2939 246 2992 tis
275 2939 549 3007 prophetae
578 2939 660 2996 sui
695 2943 1005 3010 sepulcrum
1039 2944 1413 3011 Mecchanum,
1453 2959 1511 3003 ut
1538 2951 1718 3005 indul~

174 3029 382 3094 gentias
403 3030 743 3096 peccatorum
767 3033 1134 3086 suorumristic
1165 3035 1476 3104 impetrent.
1508 3038 1716 3109 Quippe

1833 1969 1976 2020 mine
2037 1971 2308 2024 sultanum
2361 1971 2771 2036 Mucbemetem,
2824 1974 3080 2042 Bajazitis
3139 1988 3361 2042 patrem.

1823 2055 2038 2112 Selimis
2065 2073 2244 2121 avum,
2273 2059 2598 2114 Soleimanis
2619 2077 2898 2129 proavum.
2923 2063 3248 2133 QuippeMur
3266 2064 3359 2115 hc-

1822 2159 2011 2210 metes,
2043 2161 2070 2200 a
2101 2147 2342 2218 Belgradi
2367 2150 2663 2209 obsidione,
2688 2165 2829 2203 anno
2856 2149 3165 2219 Christiano
3195 2151 3356 2210 1136.

1821 2237 2002 2291 invicti
2037 2238 2190 2294 ducis
2242 2239 2506 2293 Huniadis
2565 2242 2762 2294 virtute
2820 2242 3077 2308 turpiter.
3108 2238 3377 2307 rejectus,’

1824 2327 1961 2380 hanc
2016 2337 2290 2383 exstruere
2346 2330 2753 2398 quatuordccim
2805 2339 2924 2399 post
2977 2317 3138 2386 anuis
3185 2348 3358 2386 arcem

1822 2414 1989 2467 voluit
2031 2414 2096 2468 ad
2131 2415 2351 2482 Savutn,
2395 2433 2426 2472 e
2486 2419 2701 2486 regione
2737 2414 3063 2472 'Sirmiensis
3109 2421 3242 2487 agri,
3306 2429 3362 2473 ut

1821 2504 1942 2560 inde
1977 2506 2111 2568 fines
2155 2499 2450 2575 Ungaricos
2498 2509 2751 2561 invadere
2802 2525 2900 2577 pro
2938 2503 3103 2561 lub‘itu
3164 2521 3359 2576 posset.

1819 2594 1955 2653 l-linc
1980 2610 2132 2650 novae
2152 2597 2437 2652 munitioni
2456 2597 2751 2665 superbum
2783 2611 2976 2650 nomen
3005 2599 3187 2651 datum
3219 2599 3358 2651 Bun-

1819 2684 1979 2739 flnius
1999 2685 2226 2754 putavit.
2272 2685 2374 2739 Sed
2416 2695 2598 2752 postea
2639 2696 2817 2738 tamen
2850 2685 3145 2748 Sabatiam,
3196 2689 3360 2740 veluti

1819 2775 2110 2838 Savatiam,
2145 2791 2172 2828 a
2210 2776 2353 2830 Savo
2403 2775 2619 2830 flumine
2662 2779 2839 2850 potius
2893 2772 3085 2830 dictam
3141 2777 3358 2834 fatetur.

1816 2868 1928 2921 Rex
1966 2875 2147 2921 autem
2181 2866 2460 2932 Matthias,
2486 2867 2751 2922 lluniadis
2782 2867 2941 2929 illius,
3001 2883 3144 2923 auuo
3192 2869 3357 2921 Chri-

1815 2958 1992 3011 stiano
2019 2956 2544 3035 M75,Muchemete
2597 2957 2770 3010 adhuc
2830 2961 3140 3036 superstite.
3194 2959 3362 3012 Saba-

1815 3047 1939 3114 tiam
1963 3047 2011 3100 vi
2046 3054 2402 3116 expugnatam
2433 3048 2634 3114 recepit
2666 3063 2678 3097 :
2712 3061 2740 3097 a
2766 3060 2873 3113 quo
2886 3054 3124 3114 tempore
3148 3057 3358 3100 nostro-

171 3115 457 3219 (πειρᾷ-δά
484 3117 644 3219 huius
666 3119 1102 3219 _0bse:vationem
1133 3123 1349 3219 Bairani
1380 3141 1488 3180 non
1520 3136 1711 3183 tenen-
1735 3155 1782 3219 ο
1815 3153 1928 3190 rum
1953 3139 2006 3190 in
2039 3115 2303 3206 potestate
2330 3138 2528 3191 mansit
2552 3137 2615 3189 ad
2650 3135 2755 3190 hoc
2797 3150 2983 3205 usque
3022 3137 3219 3189 bellum
3255 3139 3356 3190 So-

172 3218 281 3263 tur.
319 3204 549 3275 Ideoque
571 3206 776 3277 Cutzug
802 3209 1012 3269 Bairam
1051 3212 1119 3270 ab
1147 3213 1227 3268 eis
1281 3216 1600 3284 appellatur,
1631 3220 1711 3274 uti

169 3297 372 3350 festum
395 3299 688 3360 minus,aut
705 3311 948 3366 parvum.
963 3299 1146 3370 Neque
1165 3317 1291 3359 vero
1307 3301 1407 3368 sibi
1426 3307 1714 3378 quidquam

167 3387 236 3440 ad
261 3385 653 3454 impetrandum
698 3387 912 3442 veniam
996 3390 1360 3447 admissurum
1411 3395 1713 3452 facinorum

166 3477 429 3554 prodesse
446 3485 630 3546 putant
645 3470 810 3532 solam
829 3476 1102 3533 Meccbanl
1126 3483 1309 3549 templi
1329 3483 1710 3552 visitationem,

168 3569 860 3642 ui-Bethleemamrquoq‘ue
908 3586 1031 3629 cum
1067 3570 1452 3647 Hierosolymis
1497 3561 1710 3643 adeant,

167 3664 250 3717 uti
280 3661 439 3731 paulo
469 3673 593 3719 ante
616 3726 619 3729 ,
642 3665 1098 3734 significabamus.
1148 3665 1298 3725 Hinc,
1327 3684 1456 3723 vero
1500 3678 1709 3727 .certum

164 3753 366 3813 mortis
386 3753 580 3806 sultani
612 3751 827 3812 Selimis
842 3762 1051 3826 tempus
1073 3749 1339 3823 colligitur
1355 3759 1555 3827 alioqui
1584 3774 1712 3812 con-

167 3854 496 3895 troversum.
531 3838 964 3911 Quippe'legltur
1033 3843 1196 3911 apud.
1224 3844 1478 3912 .lovium,~
1506 3848 1710 3900 exstin-

162 3939 312 3984 ctum
355 3929 610 3985 Selimem
675 3947 822 3988 anno
865 3934 1174 3994 Christiano
1210 3928 1366 4002 1519,
1433 3939 1520 3992 die
1564 3939 1711 3998 deci-

163 4037 256 4076 mo
287 4029 486 4091 quarto
539 4023 741 4086 mensis
769 4023 1047 4080 Februarii
1082 4043 1241 4082 :cum
1279 4020 1609 4086 Sansovinus
1654 4037 1710 4086 et

161 4115 256 4171 alii
307 4116 490 4168 verius
536 4117 758 4179 omnino
813 4103 1048 4180 tradant,
1090 4120 1140 4170 id
1205 4122 1471 4178 accidisse
1523 4137 1708 4178 mense

161 4204 495 4272 Septembri,
535 4219 677 4258 anno
713 4192 867 4260 1520.
895 4207 1102 4274 Quippe
1142 4206 1546 4275 Bujucllairam
1578 4223 1708 4270 tuuc

160 4294 417 4361 instabat,
451 4293 591 4362 quod
619 4295 846 4352 Seliines
897 4297 1268 4359 celebraturus
1317 4310 1431 4356 erat
1477 4288 1703 4364 Hadria-

156 4385 367 4454 nopoll,
398 4385 444 4441 si
468 4393 743 4454 superstes
770 4376 981 4448 luisset.

153 4499 281 4556 216.
306 4496 624 4552 Soloimattes
650 4497 801 4552 initio
822 4501 965 4566 regni
987 4498 1300 4566 Belgradum
1325 4503 1540 4566 obsidet,
1569 4504 1700 4558 Bur-

330 4566 577 4633 gurdelen
617 4582 730 4618 cum
763 4583 824 4619 ea
859 4569 1018 4634 capit,
1050 4567 1267 4629 Sabaea,
1303 4568 1543 4627 Sabatia.

223 4655 428 4719 Causa,
459 4670 556 4709 cur
605 4671 826 4726 regnum
857 4658 1170 4732 auspicatus
1205 4659 1561 4724 Soleimancs,
1597 4662 1706 4716 Un-

157 4749 305 4817 garis
346 4759 470 4800 mox
502 4745 702 4799 bellum
738 4747 979 4813 inferret,
1017 4764 1123 4802 non
1150 4759 1266 4803 erat
1322 4749 1424 4803 alia
1494 4767 1704 4819 reapse,

155 4854 321 4907 quam
340 4846 484 4893 certa
515 4851 637 4905 spes
669 4838 970 4904 occupandi
1021 4839 1289 4908 Belgradi,
1329 4855 1450 4894 cum
1499 4845 1705 4897 caeteris

155 4930 271 4995 ejus
307 4927 458 4998 regni
493 4925 782 4994 provinciis
828 4933 884 4979 et
927 4928 1157 4994 oppidis,
1224 4943 1350 4997 rege
1411 4927 1704 4998 Ludovico,

159 5016 418 5078 V'ladislai
448 5016 582 5081 filio,
621 5015 850 5074 necdum
875 5030 969 5085 per
1002 5025 1212 5071 aetatem
1274 5021 1338 5075 ad
1397 5019 1706 5088 guberna“.

156 5109 280 5162 dum
315 5108 530 5171 idoneo,
553 5116 606 5161 et
629 5120 909 5175 procerum
937 5120 1181 5170 suorum,
1213 5114 1321 5160 tam
1365 5111 1702 5164 saecularium

154 5214 317 5267 quam
344 5199 834 5252 ecclesiasticarum
857 5197 1189 5266 contemptui
1253 5200 1496 5265 exposito
1527 5217 1540 5253 :
1611 5203 1700 5272 qui

156 5289 461 5355 posthabita
515 5280 777 5356 dignitate
831 5289 971 5355 regis
1046 5296 1100 5340 et
1145 5287 1317 5340 salute
1372 5290 1700 5356 reipubliczc,

155 5381 266 5433 suis
294 5379 559 5432 duntaxat
585 5377 904 5442 commodis,
936 5377 1237 5438 ambitioni,
1296 5378 1441 5429 luxui
1513 5378 1700 5431 fastui-

155 5482 253 5532 que
303 5468 373 5522 ab
428 5466 708 5520 hominum
756 5466 1010 5520 memoria
1067 5467 1329 5527 inaudito,
1389 5468 1695 5520 studebant.

156 5555 505 5612 Occasionem
538 5570 666 5609 vero
698 5559 847 5624 pacis
871 5557 1279 5623 abrumpendas,
1316 5555 1696 5625 Spauduginas

157 5643 291 5699 hanc
315 5648 564 5714 exposuit
593 5664 607 5702 :
637 5647 780 5715 quod
822 5647 1043 5716 legatus
1080 5645 1424 5708 Soleimanis,
1479 5645 1542 5698 ad
1598 5637 1694 5697 dc-

159 5737 514 5801 nuntiandum
548 5737 779 5806 Ungaris
806 5737 1001 5792 bellum
1050 5739 1266 5799 missus,
1328 5737 1377 5789 ni
1439 5736 1688 5790 tributum

1727 4464 1774 4523 ο

1814 3224 2335 3284 leimanicum.Alba
2358 3223 2540 3299 Graeca
2587 3227 2786 3293 potitos
2842 3225 3052 3281 Turcos
3106 3239 3359 3282 n0tavere

1814 3314 1988 3374 nostri
2013 3328 2157 3370 anno
2189 3309 2345 3382 1521,
2376 3315 2466 3371 die
2493 3316 2754 3373 vicesimo
2810 3327 3010 3389 quarto
3053 3317 3221 3374 Junii.

2050 3426 2175 3480 an.
2216 3426 2397 3495 alicae
2430 3428 2659 3488 obsidio.
2719 3429 2985 3495 Marmore,
3032 3428 3319 3491 Marmora,
3368 3414 3372 3419 “

2011 3557 2014 3561 ν
2306 3557 2310 3560 _
2341 3493 2530 3550 Portus
2569 3497 2838 3565 Physicus.

1883 3561 1953 3640 D'e
1975 3583 2306 3640 Mentesiana
2337 3583 2538 3638 ditione
2568 3561 2771 3638 dictum
2805 3595 2993 3653 Supra,
3053 3585 3227 3653 capite
3265 3587 3353 3646 13.

1810 3668 2052 3731 Videnda
2122 3689 2338 3744 quoque
2387 3672 2849 3735 Natolitetabula
2925 3669 3352 3744 geOgraphorum

1810 3762 2070 3836 principis
2095 3763 2307 3818 Ortelii.
2343 3762 2606 3817 Mermere
2639 3762 2829 3816 Turcis
2852 3764 3155 3828 appellatur
3194 3764 3349 3831 oppi-

1808 3855 1932 3907 dum
1958 3852 2221 3906 Anatolia:
2257 3852 2610 3914 maritimum,
2639 3867 2666 3903 a
2695 3851 2855 3918 cujus
2881 3859 3032 3918 portu
3063 3851 3229 3905 distat
3262 3853 3349 3903 in-
3392 3921 3395 3924 _

1810 3942 2038 3997 tervallo
2069 3957 2173 3999 non
2207 3955 2401 4011 magno
2433 3939 2675 3996 Rhodus.
2708 3941 2914 4009 Oppidi
2944 3955 3136 3994 nomen
3151 3939 3356 4004 Graecis

1805 4041 1888 4086 est
1919 4021 2205 4096 Marmora,
2239 4040 2428 4099 portus
2460 4039 2664 4092 autem,
2692 4032 2912 4096 Pltisco,
2944 4045 3042 4100 pro
3086 4046 3193 4099 quo
3217 4031 3352 4098 legis

1806 4133 1891 4175 tur
1925 4122 1978 4174 in
2001 4120 2190 4178 Ortelii
2229 4120 2441 4174 Natalia
2501 4120 2739 4184 Fischio,
2801 4137 2908 4180 non
2967 4132 3112 4176 recte
3149 4131 3348 4184 tamen,

1804 4211 2019 4281 quando
2045 4211 2288 4280 Physcus
2327 4210 2488 4264 etiam
2546 4211 2822 4278 Sophiano
2890 4211 3165 4266 scribitur.
3203 4211 3354 4277 Situs

1804 4310 1886 4354 cst
1915 4315 1944 4353 e
1974 4301 2195 4368 regione
2223 4307 2412 4366 portus
2449 4299 2670 4360 Rhodii,
2732 4300 2822 4367 qui
2859 4300 2925 4353 ab
2955 4298 3057 4352 hoc
3086 4300 3348 4369 duntaxat

1803 4387 2102 4443 octodecim
2133 4384 2456 4442 milliaribus
2486 4386 2689 4442 Graecis
2715 4388 3067 4456 disiungitur.

1889 4477 2014 4531 218.
2046 4477 2243 4544 Megale
2271 4476 2470 4530 Παειον
2513 4476 2700 4542 Rhodi,
2734 4477 2971 4542 Staukoi,
3006 4478 3254 4532 Bedrum.

1875 4567 2055 4621 Gmca
2079 4581 2210 4621 voce
2238 4566 2396 4620 Turci
2417 4581 2628 4641 quoque
2654 4568 2882 4637 μεγάλαν
2900 4570 3140 4637 μάστορα
3157 4577 3349 4623 vocant

1808 4672 2057 4724 magnum
2096 4657 2268 4712 Rhodi
2309 4659 2653 4728 magistrum,
2712 4659 2794 4713 vel
2843 4659 3049 4712 ordinis
3110 4659 3346 4725 equitum

1808 4747 2141 4800 Rhodiorum
2169 4747 2488 4813 principem.
2520 4747 2568 4801 Is
2589 4745 3052 4813 eratid‘temporis
3072 4745 3347 4818 Philippus

1807 4835 2056 4888 Villerius
2085 4827 2414 4896 Liladamus,
2452 4835 2668 4888 natione
2693 4835 2877 4889 Gallus
2917 4853 2930 4888 :
2977 4835 3069 4903 qui
3102 4834 3349 4904 Fabricio

1805 4924 1869 4977 de
1894 4923 2107 4977 Caretto
2121 4925 2247 4976 nam
2271 4937 2300 4979 e
2333 4923 2531 4977 familia
2552 4924 2919 4992 marchionum
2950 4925 3346 4990 Finariensium

1806 5015 1858 5067 iu
1882 5013 2104 5081 Liguria
2137 5014 2418 5068 Saxonica:
2445 5014 2655 5083 stirpis,
2689 5031 2791 5078 nec
2825 5017 2900 5082 ita
2947 5017 3147 5069 dudum
3199 5032 3343 5070 mor-

1806 5113 1914 5164 tuo,
1941 5113 2298 5170 successerat.
2361 5103 2570 5161 Deditio
2631 5089 2816 5170 Rhodi,
2860 5106 3000 5161 facta
3052 5105 3150 5159 fuit
3201 5122 3345 5169 anno

1801 5196 2107 5253 Christiano
2145 5195 2304 5254 1522,
2335 5194 2422 5255 die
2451 5195 2709 5254 vicesimo
2765 5196 2953 5263 quinto
3007 5200 3208 5250 mensis
3244 5199 3342 5251 De-

1801 5285 2053 5349 cembris,
2120 5284 2370 5338 videlicet
2437 5283 2682 5336 natalitio
2747 5284 2966 5347 Christi,
3025 5300 3132 5352 quo
3177 5287 3340 5342 etiam

1802 5374 2134 5428 Soleimanes
2163 5376 2350 5427 urbem
2371 5372 2578 5441 ingredi
2606 5374 2793 5427 voluit.
2821 5374 2950 5428 Erat
2977 5375 3030 5427 in
3064 5385 3325 5441 potestate

1802 5464 2126 5518 Rhodiorum
2157 5465 2397 5531 equitum
2435 5463 2626 5518 nobilis
2689 5479 2903 5532 quoque
2963 5464 3067 5517 Cos
3137 5466 3334 5523 insula,

1801 5557 2137 5622 Hippocratis
2161 5556 2351 5609 medici
2387 5538 2579 5624 patria,
2610 5570 2768 5622 quam
2806 5555 2922 5606 Itali
2944 5560 3116 5605 nautze
3148 5551 3334 5618 Lange

1799 5645 2095 5706 nominant,
2118 5644 2285 5699 Graeci
2310 5647 2438 5711 στῆν
2471 5645 2580 5709 Κῶ,
2601 5645 2746 5697 velut
2786 5644 2862 5703 εἰς
2883 5641 2978 5709 τὴν
3010 5640 3141 5702 κῶν,
3168 5639 3333 5715 Τυπςὶ

1801 5734 2040 5789 Staukoi.
2080 5735 2198 5790 llaec
2231 5735 2408 5791 itidem
2444 5734 2760 5796 Sulcimanis
2795 5732 2846 5786 in
2879 5744 3090 5796 manus,
3133 5731 3331 5792 ami~sa
