4006 6338
681 401 777 463 891

1885 416 2205 481 JUANNlS
2242 422 2703 487 LEUNCLAVII

3787 441 3890 502 8'92

680 515 890 614 llltodo,
918 517 1082 614 venit.
1108 519 1306 614 _Arcem
1337 536 1549 592 quoque
1567 516 1792 581 Bedrum
1827 542 2065 584 secutam
2093 547 2211 585 mox
2249 539 2291 595 Α
2323 547 2474 606 parte
2500 541 2649 609 regni
2688 541 2951 612 Ungariaz.
2979 558 3098 614 qua!
3125 559 3152 598 a
3212 545 3632 614 Salankemenc,
3684 551 3884 607 Tiliisri

675 603 826 656 aiunt
857 605 1077 660 annales
1108 605 1296 661 borum
1319 614 1640 681 exemplum.
1671 617 1798 670 Eam
1833 617 2032 674 Marius
2062 621 2215 690 Νίκη

679 695 1009 749 existimavit
1038 711 1155 751 esse
1187 698 1516 759 Branchidas
1569 706 1739 761 Cariae
1811 710 2113 778 Strabonis,
2162 722 2213 768 et

677 782 890 840 Petrum
919 801 1089 843 vocat.
1129 791 1271 846 idem
1314 793 1748 854 Halicarnassum
1779 811 2010 857 veterem
2067 814 2218 873 putat

675 876 1000 941 respondere
1031 878 1267 935 Castello
1312 883 1494 939 Sancti
1519 886 1680 954 Petri,
1711 905 1819 958 quo
1843 893 1911 945 de
1947 909 2090 949 nune
2119 911 2217 949 an-

672 969 820 1018 nales
858 965 911 1019 hi
943 965 1258 1037 loquuntur.
1288 972 1459 1029 Notus
1487 977 1702 1045 quidem
1727 989 1809 1036 est
1841 983 1996 1038 sinus
2026 984 2216 1042 Sa-cti

669 1054 834 1119 Petri,
864 1057 990 1111 sica
1015 1059 1248 1117 Castello
1265 1062 1448 1120 Sancti
1474 1066 1616 1122 Petri
1646 1071 1824 1126 dictus
1856 1091 1868 1127 :
1895 1075 1988 1129 sed
2036 1088 2213 1132 utrum

669 1145 983 1204 referendus
1015 1151 1086 1207 sit
1116 1153 1181 1207 ad
1223 1154 1680 1228 Halicarnassum,
1715 1179 1782 1217 an
1813 1165 1879 1219 ad
1911 1165 2093 1221 Jasnm
2118 1170 2217 1225 Ca-

669 1236 780 1293 riaa.
819 1238 972 1293 sinus
997 1251 1054 1294 ut
1075 1241 1254 1299 Jasius
1276 1246 1363 1300 ille
1391 1249 1676 1306 Plinianus
1701 1255 1793 1317 sit,
1817 1257 2068 1322 equidem
2096 1260 2216 1315 aliis

666 1325 1032 1383 definiendum
1086 1333 1353 1405 relinquo.

667 1435 789 1492 219.
849 1439 998 1496 Finis
1046 1444 1274 1529 ducatus
1315 1449 1756 1529 _Dulgndirensis,
1792 1462 1944 1514 scaclt
1995 1461 2215 1529 Suwar,

1174 1517 1217 1572 Ζ
1221 1521 1323 1571 uiri
1329 1538 1378 1586 a,
1430 1508 1704 1582 Tzanisas.

737 1599 1200 1666 Quemadmodum
1227 1619 1403 1678 antea,
1425 1615 1599 1684 capite
1619 1619 1740 1683 £57,
1762 1623 2018 1688 quosdam
2036 1637 2217 1681 esten-

666 1690 846 1759 dimus
877 1695 1198 1766 anticipasse
1227 1701 1382 1757 finem
1419 1709 1569 1775 regni
1610 1708 1932 1782 familia‘que
1957 1715 2212 1770 Carama—

667 1782 844 1836 nictez
878 1785 955 1840 sic
992 1788 1150 1842 ctiam
1215 1792 1411 1847 factum
1463 1796 1513 1850 in
1569 1799 1968 1858 Aladeuiiotum
2018 1805 2216 1862 familia

667 1871 877 1965 fineque
908 1877 1241 1948 principatus
1264 1882 1667 1954 Dulgadirensis
1714 1894 1983 1948 videmus.
2010 1895 2214 1965 Quippe
2247 1884 2287 1941 Β

661 1964 834 2018 nostri
869 1969 1055 2026 volunt
1111 1988 1228 2027 eam
1263 1976 1487 2034 desiisse
1541 1981 1643 2037 sub
1696 1984 1922 2054 imperio
1977 1964 2211 2053 Selitnis,

662 2071 808 2110 anno
835 2058 1150 2119 Christiano
1185 2065 1344 2132 15H,
1373 2086 1482 2140 quo
1516 2081 1758 2144 tempore
1812 2085 2005 2146 captus
2037 2085 2091 2133 et
2122 2093 2214 2133 oc-

656 2150 804 2204 cisus
836 2151 937 2207 fuit
967 2152 1300 2226 Ustazelves,
1335 2163 1410 2215 uti
1452 2178 1617 2232 supra
1668 2166 2023 2222 declaratum.
2050 2167 2213 2223 Turci

657 2255 783 2297 vero
814 2245 1031 2302 tradunt
1059 2249 1133 2304 illi
1169 2251 1336 2308 fuisse
1361 2255 1712 2310 substitutum
1743 2273 1771 2311 a
1797 2258 1994 2314 Selime
2032 2261 2214 2318 fratris

658 2336 847 2406 lilium,
884 2341 1022 2395 Alim
1058 2343 1273 2412 begum,
1301 2347 1392 2415 qui
1426 2349 1608 2402 scaclii
1637 2349 1925 2405 Suarensis
1955 2352 2094 2409 ﬁlius
2127 2354 2214 2409 hic

657 2431 977 2499 appellatur.
1017 2431 1066 2487 ls
1097 2443 1300 2502 septem
1332 2437 1489 2495 annis
1525 2451 1553 2491 a
1587 2448 1758 2493 morte
1793 2443 1966 2509 patrui
2011 2443 2214 2512 potitus

657 2521 903 2590 imperio,
947 2539 1091 2580 nunc
1135 2526 1350 2581 tandem
1409 2529 1511 2585 sub
1573 2529 1883 2586 Soloimane
1932 2535 2213 2590 sceleratis

657 2613 867 2669 insidiis
905 2631 934 2670 e
964 2617 1143 2672 medio
1177 2619 1405 2674 tollitur.
1456 2618 1674 2676 Scaclti~
1705 2637 1900 2677 nomen
1935 2623 2004 2679 iis
2039 2626 2214 2692 genti-

659 2705 760 2761 bus
793 2707 1178 2772 estfamiliare,
1237 2709 1305 2764 de
1353 2726 1460 2779 quo
1512 2715 1988 2771 commentationis
2055 2715 2213 2786 hujus

657 2799 814 2852 initio
844 2800 1100 2855 diximus.
1139 2801 1230 2856 Sic
1257 2803 1310 2855 in
1341 2803 1640 2872 appendice
1665 2805 1941 2861 Reineccii
1963 2809 2026 2862 ad
2053 2819 2214 2878 caput

654 2901 903 2944 octavum
940 2892 1190 2962 Aytltoni,
1227 2894 1483 2949 Sirvansa
1519 2911 1622 2951 non
1651 2912 1746 2966 pro
1774 2899 1880 2952 alio
1935 2899 2095 2955 debet
2126 2916 2216 2955 ac-

654 2984 783 3051 cipi,
825 2999 984 3052 quam
1020 2999 1113 3053 pro
1143 2989 1340 3042 seacbo
1393 2989 1627 3054 Sirvani,
1685 2990 1775 3058 qui
1829 2990 2017 3047 Media:
2085 3008 2214 3048 sca-

656 3074 791 3130 elms
821 3076 936 3130 sive
971 3092 1061 3130 rex
1095 3086 1176 3132 est
1208 3096 1221 3132 :
1254 3081 1333 3134 sic
1356 3089 1408 3133 et
1435 3078 1684 3149 Philippo
1739 3080 2041 3150 Bergomati
2092 3085 2216 3152 qui-

650 3169 781 3220 dam
825 3171 1134 3223 nominatur
1183 3169 1469 3233 Tzanisas,
1523 3172 1790 3225 vocabulo
1833 3168 2092 3244 corruptb
2146 3192 2211 3232 ex

657 3261 823 3312 'l‘zani
859 3263 1040 3324 scach,
1095 3263 1184 3330 qui
1241 3260 1544 3326 Tzanorum
1593 3263 1823 3321 scachus
1877 3274 1979 3332 est,
2042 3270 2212 3340 gentis

660 3353 848 3406 itidem
878 3352 1136 3420 Ponticae,
1163 3354 1303 3410 sicut
1337 3367 1389 3410 et
1428 3344 1726 3412 Suarenses
1741 3356 1807 3411 ad
1839 3356 2066 3413 Pontum
2093 3362 2214 3417 Col-

657 3446 941 3503 cliidemve
970 3447 1265 3515 pertinent,
1302 3448 1384 3502 vel
1412 3446 1559 3513 Lazi,
1587 3448 1669 3503 vel
1710 3449 1790 3504 eis
1841 3452 2089 3519 proximi.
2141 3452 2215 3507 Ac

658 3547 784 3592 sunt
811 3536 968 3592 iidem
999 3538 1050 3590 bi
1082 3537 1400 3602 Suarenses,
1430 3553 1658 3606 quorum
1682 3540 1951 3597 regionem
1977 3540 2214 3612 Ortejius

658 3641 718 3679 ex
754 3626 1030 3693 Alphonso
1064 3624 1329 3679 Hadriano
1364 3626 1599 3681 Zuiriam
1627 3628 1941 3682 nominavit.

659 3739 782 3799 220.
818 3739 976 3807 Aigas
1011 3737 1188 3814 basia,
1232 3738 1556 3814 ‘Cknsnmlari
1585 3741 1747 3806 bassi,
1791 3743 2214 3814 apochrysiarius

1098 3809 1346 3878 Bon/inii,
1379 3813 1770 3878 apocrisiarius.

728 3903 897 3957 Habet
923 3903 1010 3958 hic
1046 3903 1211 3957 lector
1243 3902 1389 3957 illttm
1454 3905 1705 3974 Aigasem
1760 3906 1999 3974 bassam,
2049 3905 2212 3979 quem

655 4010 818 4062 supra
861 3993 1214 4048 indicavimus
1245 4008 1272 4046 a
1318 3991 1470 4048 Jovio
1518 4010 1648 4050 voce
1708 3996 1891 4051 Graeca
1942 3999 2214 4052 nominari

658 4086 896 4150 Ajacem.
915 4082 1191 4136 Oriundns
1219 4091 1335 4137 erat
1359 4098 1388 4138 e
1410 4083 1644 4147 Cimera,
1676 4100 1783 4139 non
1809 4088 1999 4153 procul
2032 4103 2057 4139 a
2088 4089 2217 4143 Coro

660 4189 804 4238 cyra,
837 4182 987 4226 trans
1012 4173 1190 4226 sinum
1220 4173 1344 4233 sita.
1375 4188 1534 4242 quam
1560 4174 1668 4228 Leo
1687 4174 1915 4244 Sapiens
1939 4179 2216 4247 Augustus

656 4265 962 4318 Chimaram
1009 4263 1062 4318 in
1095 4263 1306 4320 Novella
1362 4266 1429 4320 de
1492 4266 1699 4320 tlironis
1729 4267 1994 4336 appellat,
2018 4279 2069 4324 et
2095 4288 2215 4326 cum

661 4356 938 4419 Buthroto,
967 4357 1167 4411 ibidem
1197 4357 1264 4411 ad
1297 4358 1547 4425 quintum
1585 4373 1614 4409 a
1661 4357 1910 4428 Corcyrzc
1937 4361 2134 4430 oppido
2162 4372 2216 4416 et

2319 630 2477 685 ostiis
2509 632 2733 688 obversa
2770 635 3018 704 (dictum
3083 637 3150 692 de
3176 639 3278 694 hac
3325 641 3504 708 capite
3556 646 3881 710 centesima)

2321 736 2490 790 usque
2521 723 2586 775 ad
2622 722 2950 782 Varadinum
2979 727 3082 784 hoc
3107 728 3278 795 Petri,
3314 731 3576 787 Sﬁmium
3625 749 3878 790 vocatur.

2321 813 2511 880 Graaci,
2534 815 2860 872 Francorum
2895 833 2922 872 a
2954 819 3116 885 caede,
3148 823 3574 894 Φραγκοχωρεον
3609 831 3880 881 recentio-

2317 906 2468 960 ribus
2491 909 2543 960 in
2575 908 2814 975 historiis
2850 910 3056 967 dixere.
3093 911 3247 978 Quod
3277 915 3496 971 annales
3552 920 3724 983 aiunt,
3782 939 3882 989 pu-

2319 1007 2534 1067 gnatum
2570 1001 2709 1054 inter
2743 1002 3100 1058 Soleimanem
3125 1013 3184 1058 et
3201 1004 3536 1062 Lndovicum
3559 1009 3704 1064 circa
3739 1021 3874 1065 tem-

2316 1104 2415 1158 pus
2439 1091 2629 1153 lkindi,
2647 1092 2712 1146 de
2749 1096 2946 1149 notatis
2965 1096 3138 1164 capite
3157 1096 3261 1150 9l0
3303 1098 3469 1153 lector
3491 1100 3768 1169 intelligit.
3788 1103 3876 1156 Et-

2319 1179 2428 1230 nim
2458 1182 2600 1248 quod
2627 1183 2952 1237 Christianis
2979 1189 3404 1254 vespertinarum
3420 1204 3643 1257 precum
3666 1197 3876 1258 tempus

2318 1272 2556 1329 cst,bora
2575 1274 3003 1330 nimirnmtertia
3019 1270 3137 1346 post
3153 1278 3454 1344 meridiem,
3491 1279 3685 1336 Turcis
3701 1281 3870 1336 lkindi

2320 1379 2506 1418 nemas
2533 1366 2786 1434 appellari
2818 1369 3150 1423 notavimus.
3185 1369 3492 1438 Stephanus
3518 1372 3871 1427 Broderithus

2319 1454 2371 1507 in
2403 1454 2624 1511 historia
2658 1455 2824 1529 489
2853 1459 2919 1515 de
2953 1461 3056 1515 hac
3088 1459 3347 1517 Ludovici
3370 1463 3512 1532 regis
3533 1465 3736 1533 Ungari
3765 1467 3875 1518 ela-

2322 1545 2409 1609 de,
2446 1546 2689 1601 dimicari
2727 1560 2960 1619 carptum
3015 1551 3180 1607 refert
3229 1553 3360 1606 liora
3423 1567 3545 1623 post
3585 1560 3867 1612 meridiem

2318 1635 2427 1694 fere
2460 1640 2636 1705 tertia,
2677 1657 2797 1712 quae
2831 1643 3034 1701 scilicet
3053 1660 3082 1700 a
3102 1643 3297 1700 Turcis
3321 1645 3482 1701 etiam
3507 1664 3868 1705 memoratur.

2320 1729 2416 1784 llic
2443 1740 2622 1788 autem
2645 1731 2972 1799 Ludovicus,
2999 1736 3118 1806 ejus
3147 1739 3384 1795 nominis
3429 1741 3571 1809 apud
3627 1738 3874 1809 Ungaros

2319 1824 2614 1887 secundus.
2652 1824 2901 1895 Ungarlze
2934 1821 3313 1900 Bohemireque
3330 1847 3447 1896 rex,
3499 1833 3566 1886 ad
3613 1836 3914 1901 oppidum‘

2317 1915 2644 1970 hioltatzium
2678 1917 3003 1988 (Mugacium
3041 1919 3196 1974 libuit
3224 1921 3346 1975 aliis
3384 1921 3717 1989 nominare),
3742 1937 3845 1991 pro

2313 2007 2494 2060 stratis
2524 2006 2761 2076 undique
2806 2009 2976 2079 copiis
3005 2010 3140 2074 suis,
3176 2011 3366 2079 praelio
3391 2023 3562 2066 semet
3601 2013 3866 2082 eripiens.

2312 2097 2366 2152 in
2392 2097 2565 2152 vicina
2592 2099 2812 2167 palude,
2837 2114 2959 2154 cum
2987 2100 3041 2153 in
3075 2100 3320 2157 altiorem
3352 2103 3512 2172 paulo
3546 2103 3719 2172 ripam
3747 2117 3865 2156 eva-

2313 2190 2439 2244 dere
2463 2199 2776 2253 conaretur.
2800 2201 2854 2246 et
2885 2206 3054 2259 equus
3085 2193 3271 2264 regius
3294 2187 3688 2263 posterioribus
3721 2194 3874 2263 pedi-

2312 2279 2416 2334 bus
2449 2280 2730 2346 insistens,
2763 2282 3074 2351 frustraque
3107 2285 3303 2339 saltum
3339 2286 3392 2338 in
3454 2286 3629 2355 ripam
3682 2285 3875 2340 adver-

2313 2387 2426 2427 sam
2451 2373 2698 2436 moliens,
2739 2375 2793 2427 in
2842 2374 3062 2430 dorsum
3091 2389 3198 2428 una
3229 2390 3350 2430 cum
3404 2385 3625 2432 vectore
3650 2392 3875 2433 corrue-

2315 2473 2437 2528 ret;
2471 2465 2542 2519 ita
2575 2474 2634 2518 ut
2685 2475 2801 2519 erat
2825 2475 3087 2531 armatus,
3151 2468 3540 2536 sesquipalmis
3595 2469 3650 2522 in
3721 2483 3873 2538 aquae

2314 2556 2581 2612 lutulento
2614 2557 2828 2629 gurgite
2857 2559 3153 2627 depressus
3188 2569 3243 2612 et
3303 2559 3603 2615 suffocatus
3643 2559 3872 2624 interiit,

2313 2663 2455 2705 anno
2483 2649 2796 2705 Christiano
2837 2649 2996 2713 1526,
3019 2650 3106 2704 die
3147 2651 3349 2706 mensis
3380 2651 3595 2705 sextilis
3615 2651 3874 2706 vicesimo
3921 2719 3926 2723 η

2314 2754 2478 2806 nono,
2502 2739 2727 2796 Joann’is
2756 2741 3007 2807 Baptista:
3033 2742 3414 2796 decollationis
3446 2743 3724 2796 memoriae
3792 2743 3872 2793 ιΙῘο

2313 2841 2454 2896 cato,
2489 2846 2586 2898 pro
2621 2847 2727 2900 quo
2755 2832 2985 2886 natalem
3011 2832 3099 2885 alii
3126 2847 3232 2887 non
3261 2841 3408 2887 recte
3439 2841 3668 2900 Donnnt,
3696 2834 3748 2886 id
3783 2845 3865 2885 est

2313 2920 2569 2974 vicesimo
2597 2930 2790 2988 quarto
2820 2917 3001 2974 Junii.
3036 2919 3210 2974 Filius
3235 2930 3352 2975 erat
3401 2920 3664 2974 Vladislai
3693 2919 3864 2985 Jagel-

2314 3011 2471 3073 lonii,
2503 3009 2757 3064 Casimiri
2800 3009 3039 3066 Polonia:
3072 3011 3217 3080 regis
3273 3026 3462 3080 nepos.
3514 3009 3736 3063 Matrem
3774 3011 3866 3060 lia-

2315 3100 2432 3154 buit
2454 3099 2663 3154 Annam
2699 3100 3116 3161 Candalensem,
3138 3100 3298 3168 regite
3319 3099 3640 3153 Navarrena:
3681 3097 3866 3163 stirpis

2315 3191 2454 3260 apud
2483 3189 2780 3255 Vascones,
2814 3196 2867 3244 lu
2891 3189 3062 3243 Gallia
3086 3204 3238 3258 mum
3273 3188 3420 3242 nulla
3451 3196 3576 3243 cute
3605 3188 3688 3241 vel
3733 3188 3867 3254 pelli:

2315 3291 2514 3338 tectum
2543 3284 2594 3337 in
2619 3283 2792 3339 lucem
2823 3280 3192 3350 edidit,quatn
3253 3286 3438 3352 postea
3484 3279 3709 3333 medicis
3759 3287 3868 3330 arti:

2314 3381 2563 3426 naturam
2624 3371 2945 3440 juvantibns
2975 3381 3060 3425 est
3091 3380 3433 3425 consecutus.
3478 3369 3735 3423 Habitum
3771 3369 3866 3421 hoc

2317 3463 2556 3519 infelicis
2583 3463 2782 3518 ominis
2834 3464 2974 3517 loco.
3009 3463 3170 3516 Pater
3222 3460 3545 3529 baptizando
3597 3474 3694 3530 pro
3726 3474 3866 3511 more

2313 3552 2644 3615 Christiano,
2671 3553 2797 3607 Julii
2849 3568 3039 3608 nomen
3107 3552 3288 3606 indere
3339 3551 3650 3605 decreverat
3707 3565 3724 3607 :
3774 3549 3860 3602 sed

2316 3642 2461 3696 aliud
2491 3644 2753 3699 suadente
2786 3651 2977 3706 matre,
3039 3642 3351 3696 Ludovicus
3388 3640 3489 3694 fuit
3542 3639 3857 3708 appellatus.

2315 3734 2429 3790 Hoc
2465 3735 2651 3790 itidem
2687 3736 2993 3789 ominosum
3025 3731 3299 3802 plerisque
3330 3723 3527 3796 viSum',
3562 3729 3704 3802 quod
3727 3745 3860 3785 unus

2315 3826 2419 3882 hoc
2448 3827 2665 3881 nomine
2696 3841 2788 3879 rex
2817 3824 3088 3894 quondam
3130 3822 3270 3892 apud
3298 3821 3547 3892 Ungaros
3592 3823 3792 3892 pariter
3808 3832 3854 3876 et

2315 3918 2550 3972 Polonos
2604 3932 2784 3972 rerum
2811 3917 3010 3984 potitus
3069 3913 3285 3978 fuisset,
3347 3913 3676 3983 Sigismundi
3725 3915 3854 3980 regis

2314 4018 2368 4061 et
2401 4016 2522 4075 post
2550 4006 2896 4075 imperatoris
2926 4019 3097 4067 socer,
3133 4019 3160 4057 e
3190 4002 3395 4057 Gallica
3427 4003 3628 4056 familia
3681 4019 3849 4071 regunt

2276 4156 2279 4158 _
2316 4095 2786 4166 Neapolitanorum
2813 4107 2988 4156 ortus,
3021 4094 3245 4163 ideoque
3274 4093 3467 4148 Loisus
3490 4095 3645 4164 vulgo
3661 4094 3846 4170 dictae,

2315 4186 2405 4254 qui
2436 4184 2670 4239 moriens
2695 4183 2994 4239 masculum
3021 4182 3288 4238 heredem
3318 4194 3438 4253 post
3468 4199 3527 4239 se
3551 4183 3743 4238 nullum
3775 4196 3850 4232 re-

2316 4275 2573 4345 liquerat.
2602 4274 2908 4327 Narrantur
2959 4281 3012 4326 ct
3071 4272 3201 4338 alia,
3257 4289 3378 4340 qua:
3439 4273 3642 4326 infelici
3685 4269 3849 4340 juveni

2318 4366 2534 4435 (quippe
2559 4365 2871 4418 vicesimmn
2929 4363 3160 4432 primum
3215 4363 3390 4416 aetatis
3435 4362 3845 4430 agebatannum,

658 4452 870 4502 :ll’tjlilllS
896 4448 1122 4503 milliare
1146 4450 1272 4512 sito,
1303 4446 1565 4517 Naupacti
1595 4439 2019 4517 metropolitano
2045 4437 2244 4520 subji-'
2319 4472 2441 4510 cum
2469 4457 2730 4523 interiret)
2761 4454 3085 4536 tristissima
3117 4468 3343 4520 quaeque
3406 4452 3714 4521 portendere
3737 4465 3844 4504 cre-

658 4543 750 4594 cit.
786 4540 1081 4608 Supremos
1129 4542 1498 4594 tltcsaurarius
1528 4541 1579 4593 in
1601 4541 1796 4595 Oﬂiciis
1821 4542 1994 4596 Porta:
2021 4542 2209 4597 Osma-
2238 4536 2288 4595 D
2313 4546 2600 4601 debautur.
2629 4545 2828 4601 Retulit
2859 4544 3153 4614 aliquando
3230 4543 3359 4596 milii
3393 4559 3685 4611 generosus
3711 4552 3756 4596 et
3786 4541 3843 4592 il-

660 4634 795 4698 nica:
834 4632 1150 4691 (Iliasnadar
1182 4632 1326 4684 bassi
1378 4632 1600 4685 dicitur.
1661 4631 1858 4686 Eorum
1921 4636 2207 4703 explicatio

659 4739 840 4783 ειμι-ιι,
874 4739 977 4774 non
1014 4721 1180 4773 multo
1212 4729 1350 4787 post,
1389 4720 1567 4772 letum
1599 4720 1859 4772 inveniet.
1918 4720 1976 4771 Et
2005 4729 2132 4773 sunt
2155 4721 2208 4772 in

661 4814 921 4866 outnibus
957 4812 1138 4882 regnis
1192 4810 1542 4873 thesaurarii,
1576 4825 1714 4876 quos
1771 4808 2049 4871 Bonftnius
2105 4811 2208 4864 dici

663 4906 698 4971 μ
729 4906 918 4957 utiauis
960 4914 1276 4972 qnzestores.
1307 4900 1510 4955 Gratcis
1538 4898 1981 4968 apoclirysiarios
2016 4899 2208 4954 existi-

661 4998 1065 5052 mauslallitur.
1113 4995 1228 5049 NOn
1284 4993 1426 5048 enim
1484 4989 1624 5059 apud
1673 4989 1770 5043 hos
1820 4989 2210 5063 apochrysiarii

665 5091 999 5161 reperiuntur
1038 5103 1289 5158 usquam,
1321 5085 1414 5140 sed
1440 5082 1782 5154 apocrisiarii
1810 5100 1823 5147 ;
1856 5084 2012 5150 longe
2035 5081 2214 5134 diver-

663 5186 704 5238 Si
733 5198 922 5236 nomen
953 5180 1131 5247 oliicii,
1165 5193 1273 5249 quo
1321 5179 1631 5244 fungentes.
1677 5189 1704 5225 a
1729 5176 2008 5241 responsis
2042 5172 2209 5241 aliqui

663 5269 853 5325 Latine
889 5282 1174 5327 vocarunt.
1208 5269 1382 5324 (ἓτωεί
1411 5265 1572 5321 hodie
1617 5264 1698 5318 sic
1742 5264 2104 5318 internuntios
2162 5271 2214 5316 et

665 5365 866 5433 legatos
895 5365 1187 5432 appellant.

667 5482 792 5532 221.
849 5481 1118 5542 Pctrovar,
1165 5478 1436 5538 Sirmium,
1489 5473 1935 5534 Fraucochorion,
1979 5443 2216 5524 inierim:

770 5551 1014 5601 Ludovici
1047 5551 1178 5616 regis
1221 5546 1466 5613 Ungariu:
1490 5545 1767 5609 prwdirtns
1803 5562 1833 5596 (ι
1889 5555 2112 5608 spectro.

747 5644 894 5704 Quod
923 5641 1249 5694 Varadinum
1285 5638 1425 5692 l’etri
1459 5637 1683 5700 dicitur,
1726 5635 1924 5704 Ungari
1960 5634 2218 5685 Petrovar

678 5751 689 5782 ;
714 5734 966 5798 ppellant,
1001 5737 1101 5785 hoc
1127 5740 1227 5795 est,
1253 5713 1525 5783 civitatem
1562 5729 1723 5792 l‘ctri,
1752 5729 1832 5780 vel
1854 5722 2214 5790 ἰἶετρὸπο).ιν.

689 5822 853 5875 Sitaxn
884 5826 932 5874 in
957 5823 1121 5876 libero
1153 5824 1283 5876 colle
1312 5821 1544 5875 vidimus
1572 5820 1637 5872 λι]
1677 5817 2001 5876 Danubium,
2050 5813 2101 5865 in
2159 5830 2218 5868 ca

2315 4640 2500 4692 lustris
2534 4640 2684 4692 Bairo
2742 4637 3060 4690 Kitlizianus
3114 4632 3370 4700 Joannes,
3430 4652 3588 4706 quem
3647 4632 3842 4688 honoris

2315 4742 2476 4782 causa
2503 4728 2746 4789 nomino,
2788 4726 2888 4779 sibi
2920 4737 3096 4778 notam
3151 4725 3315 4779 fuisse
3366 4737 3663 4780 matronam
3695 4724 3840 4775 bono-

2315 4821 2636 4880 stissitnam,
2674 4826 2832 4886 gente
2865 4817 3128 4871 Bocciana
3163 4817 3330 4871 nobili
3356 4831 3477 4868 cum
3514 4816 3697 4881 primis
3721 4808 3839 4878 apud

2318 4909 2540 4962 Silesios
2573 4906 2794 4968 editam,
2830 4913 2880 4957 et
2919 4906 3088 4974 equiti
3131 4905 3308 4959 Suevo
3348 4904 3624 4957 Stainana:
3653 4901 3837 4956 famiiim

2318 5003 2562 5064 nuptam.
2589 4979 2668 5045 Ea
2695 4992 2980 5058 jttveneula
3016 4992 3180 5046 missa
3209 4991 3380 5042 fuerat
3428 4988 3481 5040 in
3533 4989 3701 5040 aulam
3752 4986 3840 5040 Lu-

2318 5076 2492 5141 dovici
2525 5083 2686 5151 regis,
2736 5089 2792 5136 ut
2823 5091 2968 5136 esset
3017 5082 3073 5135 in
3123 5078 3367 5148 gynarcio
3429 5078 3625 5146 reginae
3673 5076 3835 5130 Maria’.

2319 5176 2506 5230 Karuli
2541 5175 2580 5227 V
2612 5183 2666 5228 et
2715 5173 3042 5227 Ferdinandi
3101 5172 3276 5240 Augg.
3339 5170 3570 5234 sororis,
3617 5163 3833 5222 Luderici

2320 5267 2604 5336 conjugis:
2647 5275 2700 5321 et
2731 5265 2946 5334 quidem
2976 5279 3004 5317 a
3058 5271 3232 5316 morte
3287 5263 3426 5331 regis
3451 5262 3686 5315 omnium
3736 5269 3837 5308 cnn-

2321 5359 2578 5416 sternatis
2605 5357 2825 5423 animis,
2857 5366 2911 5410 et
2932 5355 3001 5408 ob
3026 5365 3225 5409 metum
3249 5353 3648 5406 adventantium
3668 5346 3830 5402 Barba-

2325 5466 2502 5505 rorum
2539 5449 2742 5517 trepide
2785 5447 3024 5516 gynaecio
3071 5444 3370 5514 praesertim
3400 5443 3654 5511 fuglente,
3706 5448 3834 5490 corn-

2326 5558 2447 5594 nam
2483 5543 2706 5609 regiam,
2737 5539 2804 5592 ab
2831 5538 2953 5591 aliis
2979 5552 3086 5604 prae
3109 5534 3399 5589 formidine
3417 5535 3830 5600 neglectam,con-

2327 5647 2573 5689 servasse
2601 5630 2824 5687 dicitur.
2859 5626 3333 5682 Commemorabat
3360 5625 3499 5680 hanc
3523 5622 3655 5675 Baro
3682 5629 3829 5672 noster

2328 5725 2554 5777 recitare
2583 5722 2798 5775 solitam
2833 5734 2938 5771 non
2990 5721 3160 5786 multo
3215 5727 3341 5769 ante
3377 5715 3517 5780 regis
3567 5713 3823 5764 inlcrilttm.

2329 5831 2446 5870 cum
2482 5813 2639 5868 Beda:
2668 5823 2756 5863 rex
2789 5814 2989 5876 ageret,
3019 5824 3078 5862 ac
3140 5821 3236 5879 pro
3296 5817 3445 5858 more
3468 5802 3659 5857 clausis
3711 5795 3821 5852 arcis
