4006 6338
131 484 247 546 893

1278 478 1637 538 PANDEC'I’.
1687 480 1884 540 lliST.
1921 481 1958 538 Ἰ
1977 481 2222 541 ΙΙΠΕΙΟ.

3231 473 3334 536 895.

137 595 349 648 foribus
384 593 669 660 pranderet
694 590 914 658 (misere
948 588 1164 657 quidem
1211 598 1358 642 certe
1411 590 1684 644 victitasse

1799 610 1874 643 “ns
1905 609 2096 648 mares.
2126 593 2319 647 Postea
2352 605 2502 645 suam
2527 588 2723 643 Joanni
2751 586 2913 640 filiam
2934 584 3234 644 Isabellazu,
3265 598 3330 651 ex

138 701 323 755 regem
353 685 514 741 hunc.
549 682 924 739 defraudatum
948 687 1000 733 et
1023 680 1370 748 contemptim
1395 679 1635 732 habitum
1661 695 1688 731 a

137 776 457 846 proceribus
492 773 746 841 Ungaris,
781 771 926 839 regio
950 770 1161 824 interim
1213 769 1342 823 luxu
1397 769 1690 823 difﬂuenti-

142 866 266 927 bus,
299 863 452 917 testis
482 863 763 919 occulatus
813 859 1198 915 Hcrbestainus
1233 858 1369 910 Baro
1419 859 1692 912 memoriae

139 952 720 1025 prodidit),acoessisse
751 953 814 1004 ad
835 951 972 1004 areis
1000 959 1202 1018 portam
1223 957 1496 1018 spcetrttm
1524 949 1694 1016 quod-

139 1047 286 1107 dam,
312 1051 374 1102 ut
396 1054 620 1098 eventus
642 1044 840 1104 docuit,
874 1042 926 1109 in
981 1041 1152 1094 forma
1201 1040 1436 1093 hominis
1490 1038 1690 1093 foedum

142 1138 194 1191 in
223 1136 442 1190 modum
467 1135 685 1193 distorti
712 1144 765 1186 et
795 1132 1172 1194 claudicantis,
1195 1131 1410 1198 altaque
1437 1144 1566 1184 voce
1594 1132 1693 1182 lla-

142 1229 346 1297 gitasse
371 1225 696 1293 colloquium
745 1224 903 1292 regis,
962 1227 1045 1274 cui
1096 1220 1406 1276 necessario
1443 1221 1691 1290 quaedam

142 1318 480 1374 indicaturus
497 1322 659 1378 esset,
685 1314 750 1367 ad
787 1315 986 1381 regiam
1019 1312 1277 1381 regnique
1314 1312 1542 1367 salutem
1571 1325 1698 1380 per-

143 1412 396 1466 liuentia.
428 1408 673 1477 Cumque
699 1407 975 1478 neglectus
1029 1404 1202 1469 initio,
1234 1406 1377 1472 quod
1439 1405 1492 1456 iit
1557 1405 1696 1457 aulis

145 1503 262 1554 fieri
298 1503 453 1565 solut,
489 1515 632 1560 nunc
662 1499 836 1553 aitiori
873 1494 1127 1560 clamore,
1160 1510 1303 1549 nunc
1361 1495 1563 1563 ejulatu
1599 1495 1698 1549 ad-

144 1593 340 1657 hibito,
372 1593 421 1646 id
454 1594 526 1659 uti
550 1589 943 1659 quamprimum
968 1589 1075 1656 regi
1107 1587 1528 1656 significaretur,
1554 1592 1699 1652 pete-

147 1695 233 1739 ret
264 1703 277 1738 :
317 1683 526 1738 tandem
549 1682 778 1737 hominis
808 1681 1210 1749 importunitate
1227 1687 1693 1744 commotosquos-

146 1777 299 1840 dam,
328 1789 448 1828 cum
516 1782 666 1828 ostra
716 1785 897 1840 regem
941 1769 1118 1838 ipsum
1168 1766 1369 1821 nemini
1433 1773 1697 1820 secretum

148 1869 258 1922 hoc
277 1865 735 1934 sepatefacturum
755 1861 973 1923 diceret,
1001 1873 1110 1911 rem
1131 1856 1195 1909 ad
1214 1871 1390 1924 regem
1409 1854 1660 1906 detulisse
1679 1870 1693 1906 :

147 1959 244 2029 qui
275 1973 398 2013 mox
433 1957 581 2012 abire
610 1953 894 2024 quemdam
923 1965 952 2004 e
985 1946 1437 2017 splendidioribus
1486 1944 1698 2006 aulicis,

145 2057 200 2105 et
223 2050 476 2104 simulata
511 2041 1078 2116 personat-egia,quid
1132 2038 1254 2101 istic
1303 2036 1485 2090 arcani
1534 2043 1696 2098 esset,

147 2154 390 2209 quaerere
413 2136 659 2210 jusserit.
693 2134 829 2187 Tum
859 2145 986 2186 vero
1043 2129 1297 2186 claudum
1332 2126 1483 2180 illum
1521 2124 1587 2178 de
1615 2138 1700 2177 ar-

146 2247 288 2288 cano
311 2231 599 2285 revelando
629 2227 771 2280 velut
798 2240 827 2279 a
871 2237 995 2291 rege
1039 2227 1308 2296 praesente
1351 2216 1696 2285 appellatum,

146 2337 380 2394 negasse
409 2321 644 2392 primum
681 2318 826 2371 hunc
854 2329 975 2370 esse
1022 2325 1226 2376 regem,
1294 2307 1485 2361 deinde
1516 2304 1701 2374 subje-

145 2415 290 2471 cisse
323 2426 523 2482 regem,
556 2408 648 2479 qui
678 2423 736 2463 se
762 2405 947 2461 audire
975 2402 1158 2465 nollet,
1182 2399 1330 2454 brevi
1362 2395 1688 2466 periturum,

146 2511 311 2571 atque
349 2501 433 2555 bis
476 2497 721 2569 prolatis,
774 2495 828 2548 in
878 2491 1050 2548 oculis
1091 2488 1329 2543 omnium
1390 2484 1697 2539 evanuisse.

145 2592 520 2649 Memorabilis
553 2605 682 2646 sane
707 2588 883 2658 plures
907 2585 976 2640 ob
1033 2597 1229 2636 causas
1259 2578 1503 2642 historia,
1538 2588 1698 2642 quam

145 2685 400 2754 equidem
425 2683 546 2737 loco
594 2690 700 2735 tam
728 2677 924 2733 idoneo
973 2674 1196 2730 minime
1251 2667 1432 2740 putavi
1485 2665 1701 2721 silentio

143 2774 593 2845 praetereundam.

421 2862 544 2916 222.
583 2860 758 2913 Novus
786 2859 1218 2915 Deruislariorum
1243 2864 1433 2909 motus.

216 2957 323 3022 Qui
351 2954 678 3008 Czilcnileres
715 2951 905 3004 Turcis
929 2952 1201 3016 dit-untur,
1235 2947 1326 3016 qui
1367 2941 1696 3003 Dervislarii,

145 3056 486 3109 declaratum
544 3050 795 3118 superius
825 3045 1002 3114 capite
1038 3044 1155 3096 ΓΗ.
1191 3041 1549 3095 Dervislurios
1577 3036 1698 3104 qni-

145 3148 268 3199 dem
303 3158 426 3198 csse
468 3157 662 3195 nomen
703 3137 973 3208 generale,
1023 3148 1131 3202 quo
1159 3133 1480 3208 Calcuderes
1528 3139 1580 3180 et
1608 3128 1697 3180 alii

143 3237 334 3304 'capitc
381 3235 529 3288 dicto
573 3229 822 3284 recensiti
873 3207 1425 3293 comprehendantur,
1461 3222 1562 3290 .vel
1597 3221 1697 3272 hee

144 3323 316 3380 t-tiain
347 3341 410 3379 ex
464 3325 579 3377 loco
614 3321 955 3391 perspicitur.
986 3315 1248 3372 Caiender
1311 3321 1488 3368 autem
1520 3311 1697 3364 Zelelxi

147 3415 419 3485 significat
449 3413 797 3473 Caicuderem
842 3409 956 3464 sive
993 3408 1307 3475 religiosum
1341 3403 1596 3460 ιιοιιὶιιιηι.
1637 3416 1700 3452 es

146 3521 320 3559 causa
379 3504 433 3555 itt
471 3503 606 3570 ipsis
636 3499 925 3554 annalibus
956 3496 1226 3567 exposita,
1255 3497 1394 3565 quod
1442 3497 1699 3562 originem

147 3595 602 3666 generis,scilicet
625 3593 687 3648 ad
713 3593 925 3648 Chasim
951 3590 1503 3653 Bectasem,rclerrct;
1523 3587 1699 3654 cujus,

149 3700 209 3744 nt
240 3687 586 3742 auctoritatis
618 3688 744 3739 olim
782 3699 1006 3740 summm
1037 3682 1160 3742 viri,
1195 3678 1395 3736 mentio
1441 3679 1577 3732 facta
1604 3681 1701 3730 fuit

150 3782 204 3836 in
272 3777 684 3840 rita-Urcbauis
717 3777 894 3841 Gasis,
931 3774 1184 3830 Osmanis
1217 3773 1334 3835 ﬁlii,
1371 3787 1476 3827 non
1514 3771 1698 3837 procul

149 3880 218 3928 ab
241 3875 519 3929 annalium
551 3873 726 3924 initio.

149 3989 281 4044 2‘25.
343 3985 546 4038 Barium
599 3980 801 4036 Erdelii
852 3979 1170 4033 Solet'manes
1227 3974 1470 4044 θησαν-ἕω
1533 3989 1701 4040 regem

223 4065 386 4110 Crent.
435 4053 620 4106 Causa:
663 4065 1050 4120 progressiiam,
1094 4064 1220 4116 quos
1278 4043 1432 4097 Turci
1476 4046 1701 4112 fecerunt

220 4129 275 4178 in
314 4123 570 4192 Ungaria.

226 4241 302 4294 De
341 4235 469 4288 Batti
523 4234 782 4302 dignitate
833 4230 1183 4284 tractavimus
1240 4226 1414 4295 capite
1478 4225 1598 4286 174,
1639 4225 1703 4277 de

153 4331 384 4384 Ardclio
413 4327 497 4381 vel
533 4323 747 4377 Erdeiio
802 4322 979 4389 capite
1015 4320 1133 4374 103.
1165 4320 1366 4371 Battum
1417 4317 1504 4369 hic
1532 4315 1700 4368 Erde-

156 4423 208 4472 lii
243 4428 441 4473 vocant
473 4414 715 4475 annales,
775 4427 933 4480 quem
989 4415 1158 4461 nostri
1213 4425 1314 4460 non
1353 4407 1577 4466 Battum,
1607 4405 1700 4460 sed

152 4508 444 4561 vaivodam
479 4505 671 4557 Erdelii
701 4504 813 4555 sive
852 4499 1284 4566 Transsylvanim
1332 4507 1588 4566 perpetuo
1616 4497 1699 4549 di-

1789 699 1960 741 altero
1989 687 2241 754 coiijugio
2261 694 2461 749 natam,
2489 683 2867 750 Sigismundus
2899 695 3120 732 uxorem
3146 679 3316 736 dedit,

1793 790 1848 834 ut
1873 779 2012 832 infra
2032 779 2225 832 dicturi
2256 778 2516 844 prolixius
2538 790 2745 828 sumus.
2777 771 3087 828 Creduntttr
3109 768 3335 822 Joannis

1791 887 1965 925 causa:
2005 871 2202 924 favisse
2227 867 2430 929 Poloni,
2456 877 2682 933 eamque
2715 860 2908 918 studiis
2940 859 3189 913 maximis
3211 872 3333 908 eum
3374 883 3377 887 -

1791 980 1884 1033 per
1914 964 2069 1020 alios.
2099 972 2205 1014 tum
2264 975 2359 1024 per
2415 957 2799 1025 Hieronymum
2836 952 3090 1012 Lascutn,
3130 949 3332 1000 Alberti

1792 1069 2018 1125 patrem,
2041 1054 2332 1109 Soleiutani
2362 1052 2687 1112 Osutattidtc,
2707 1063 2769 1101 ac
2799 1045 3092 1100 Francisco
3120 1042 3336 1096 Valesio

1792 1151 2063 1202 Gallorum
2101 1147 2234 1215 regi,
2281 1146 2437 1198 bonis
2473 1142 2682 1196 scilicet
2720 1139 2826 1192 illis
2856 1134 3242 1190 confmderatis
3274 1147 3337 1186 ac

1794 1243 1977 1294 sociis.
2012 1240 2060 1290 in
2093 1237 2471 1290 detrimentum
2497 1231 2802 1300 reipublicae
2827 1228 3149 1281 Christiana!
3188 1239 3336 1276 corr».-

1795 1334 2081 1388 niendasse
2112 1349 2126 1385 :
2156 1346 2223 1382 ne
2253 1330 2431 1399 quieta
2464 1325 2630 1380 totius
2661 1320 2912 1390 Ungarici
2943 1319 3088 1382 regni
3121 1330 3338 1382 posscs-

1797 1427 1948 1478 sione
1980 1423 2132 1490 petiti
2155 1420 2426 1488 principes
2467 1415 2761 1473 Austriaci.
2792 1409 3165 1465 formidabiles
3201 1405 3336 1470 ipsis

1797 1519 1956 1570 etiam
1991 1513 2205 1567 Polonis
2240 1511 2429 1564 fierent
2460 1526 2476 1569 ς
2507 1507 2598 1576 qui
2644 1519 2774 1558 sane
2829 1501 3080 1556 stimulus
3119 1497 3339 1551 aemula-

1797 1606 1961 1657 tionis
1997 1601 2274 1656 Francisci
2317 1612 2530 1667 quoque
2584 1597 2724 1665 regis
2784 1593 3024 1646 animum
3082 1597 3341 1658 perpetuo

1802 1709 2067 1764 pungens,
2106 1708 2226 1747 eum
2259 1691 2327 1744 ad
2360 1689 2589 1743 consilia
2622 1685 2878 1749 nefanda,
2899 1683 3082 1750 reique
3113 1679 3340 1748 publica:

1801 1787 2133 1855 perniciosa,
2186 1799 2308 1837 cum
2360 1781 2632 1836 indelebili
2667 1778 2732 1832 ad
2775 1789 2987 1831 omnem
3024 1771 3338 1825 memoriam

1804 1879 2129 1948 posteritatis
2160 1874 2378 1929 infamia
2413 1889 2531 1937 sua,
2562 1870 2811 1941 perpulit.
2854 1867 2929 1918 ita
2964 1863 3217 1917 nimirum
3252 1874 3344 1928 per

1802 1970 2149 2023 ambitionem
2178 1976 2231 2021 et
2267 1965 2523 2018 invidiam
2579 1962 2677 2014 fttit
2726 1965 2988 2013 attractus
3023 1955 3077 2008 in
3136 1953 3344 2005 viscera

1805 2071 1986 2113 nostra
2021 2072 2198 2112 saivus
2253 2062 2307 2108 et
2362 2055 2576 2121 juratus
2633 2049 2826 2102 hastis.
2863 2045 3078 2098 Utinam
3104 2056 3170 2095 ne
3201 2052 3347 2092 nunc-

1802 2151 1962 2206 etiam
1997 2149 2173 2202 fucata
2197 2146 2417 2199 libertas
2447 2139 2746 2199 electionis.
2769 2146 2822 2189 ct
2844 2133 3064 2188 fmderis
3093 2129 3342 2183 Osmani-

1802 2246 1991 2297 darum
2024 2255 2145 2294 cum
2169 2237 2345 2291 vicina
2370 2230 2643 2287 Sarmatia
2672 2235 2987 2298 praetexitis.
3022 2237 3084 2274 ae
3114 2220 3343 2273 detesta-

1803 2335 1926 2388 bilis
1949 2329 2304 2401 quorumdam
2337 2323 2581 2385 ambitio,
2616 2319 2815 2372 malum
2857 2312 3072 2382 aliquod
3120 2309 3345 2376 Europae

1801 2423 2012 2492 pariant
2043 2437 2058 2479 ;
2091 2418 2232 2483 quod
2260 2415 2400 2469 Deus
2427 2423 2606 2466 tamen
2633 2409 2868 2478 optimus
2899 2404 3165 2458 maximus
3186 2414 3344 2453 omen

1802 2488 2047 2564 avertat!
2106 2504 2291 2562 Notari
2336 2502 2551 2572 quidem
2604 2488 2875 2551 annalium
2925 2493 3085 2545 verba
3124 2489 3343 2547 debent.

1802 2601 1997 2671 quibus
2029 2597 2262 2653 Joannes
2292 2595 2380 2649 hic
2401 2591 2596 2645 Turcis
2641 2602 2747 2641 non
2788 2584 2992 2640 eiectus
3017 2581 3086 2633 ab
3115 2577 3346 2648 Ungaris

1808 2709 1924 2758 res,
1982 2692 2074 2745 sed
2133 2692 2313 2743 Bautis
2369 2679 2805 2753 Transsylvauim
2860 2674 3170 2729 nominatur
3222 2679 3351 2722 ante

1801 2801 1962 2855 quam
1992 2781 2315 2837 Soieimanis
2337 2777 2602 2830 beneficio
2629 2771 2840 2827 scilicet
2880 2781 3101 2835 regnum
3139 2762 3344 2817 obtine-

1802 2886 1905 2930 ret.
1934 2876 2076 2928 idem
2128 2874 2309 2926 llanus
2360 2868 2621 2922 detulisse
2663 2879 2762 2916 sua
2817 2860 3015 2914 dicitur
3052 2852 3346 2909 Soieimani

1800 2967 2072 3036 obsequia.
2105 2965 2239 3030 Quid
2259 2963 2402 3014 aliud
2434 2955 2553 3026 ltoe',
2576 2970 2735 3022 quam
2759 2953 2954 3005 factum
2990 2950 3156 3002 fuisse
3178 2946 3344 3000 clien-

1803 3072 1930 3120 tem,
1974 3057 2053 3110 vel
2096 3054 2420 3122 mancipium
2454 3050 2632 3115 potius
2657 3042 2978 3098 Soleimanis
3006 3040 3027 3091 ?
3096 3037 3261 3104 Magis
3292 3036 3342 3086 id

1800 3155 1958 3208 etiam
1989 3157 2136 3218 paret
2166 3163 2227 3201 ex
2269 3160 2333 3198 eo
2367 3141 2509 3211 quod
2548 3137 2797 3206 sequitur
2830 3150 2842 3187 :
2876 3130 3200 3185 Soleimauis
3253 3127 3348 3178 im-

1759 3273 1766 3314 ξ
1803 3245 1951 3314 perio
1984 3243 2186 3296 Bonum
2218 3254 2275 3291 se
2300 3231 2646 3291 submisisse,
2674 3228 2754 3279 vel
2791 3223 3062 3278 subditum
3090 3219 3349 3272 Soleima—

1749 3310 1766 3330 Δ
1804 3341 1886 3391 nis
1919 3337 2115 3388 factum
2145 3332 2444 3395 csse,sicut
2475 3327 2584 3393 ipsa
2617 3321 2776 3376 verba
2795 3316 3091 3369 Turcorum
3125 3318 3340 3365 sonant.

1803 3429 1923 3482 llzrc
1955 3427 2163 3480 scilicet
2221 3424 2307 3476 illa
2341 3424 2560 3474 libertas
2601 3422 2703 3476 est,
2743 3425 2902 3480 quam
2935 3421 3028 3461 ore
3074 3403 3342 3473 iactitant,

1800 3521 1890 3588 qui
1919 3518 2110 3570 Turcis
2136 3513 2311 3569 semet
2346 3511 2667 3576 adjungunt.
2705 3503 2936 3557 Fructus
2982 3504 3162 3550 autem
3194 3493 3344 3546 bona:

1802 3586 2151 3680 protei-tionis
2175 3600 2336 3671 bujhs
2361 3611 2414 3655 et
2443 3598 2728 3668 patrocinii
2762 3592 3000 3654 'l‘uroici,
3035 3586 3199 3659 paulo
3224 3589 3346 3656 post

1801 3676 1862 3754 ex
1893 3699 2069 3765 capite
2097 3695 2223 3755 250,
2259 3705 2312 3747 et
2336 3693 2469 3760 ipsis
2512 3706 2572 3744 ex
2607 3687 2922 3749 annalibus,
2959 3676 3047 3735 ubi
3080 3681 3146 3738 de
3172 3687 3346 3745 morte

1800 3789 2022 3841 Joannis
2062 3796 2113 3838 et
2161 3785 2250 3837 lilii
2294 3783 2589 3848 matrisque
2623 3781 2673 3828 in
2699 3771 3172 3840 Traussylvaniam
3209 3769 3349 3830 rele-,
3416 3766 3420 3770 ⁷

1802 3877 2014 3940 gatioue
2067 3882 2337 3930 narratur,
2372 3871 2488 3919 luce
2536 3866 2827 3917 meridiana
2877 3861 3077 3912 clarius
3116 3872 3344 3925 appare—

1805 3967 1935 4018 bunt
1963 3981 1974 4016 :
2013 3962 2246 4028 itemque
2277 3960 2342 4011 de
2372 3957 2756 4024 Supplementa
2790 3951 3072 4023 annalium
3131 3949 3343 4008 nostro,

1804 4056 1889 4109 tibi
1915 4054 2125 4106 tandem
2162 4050 2424 4111 videmus,
2450 4020 2742 4097 ambitiosi
2779 4020 3054 4111 patris,ﬁet
3087 4020 3371 4109 reipubli-i

1802 4162 1877 4199 cm
1929 4143 2073 4198 noxii
2096 4143 2283 4203 filium,
2313 4139 2525 4192 Arianzr.
2551 4145 2710 4192 secta:
2751 4143 3058 4202 patronum,
3083 4143 3200 4198 quae
3229 4126 3338 4180 Mu-

1803 4234 2111 4290 humctanis
2144 4232 2287 4285 fores
2315 4230 2503 4296 aperit,
2536 4228 2652 4283 sine
2692 4227 2898 4288 liberis,
2933 4225 2985 4278 in
3018 4225 3135 4294 ipso
3170 4221 3341 4275 aetatis

1802 4328 1952 4387 flore,
1978 4326 2125 4394 justo
2159 4323 2248 4375 Dei
2277 4319 2506 4390 judicio,
2537 4317 2702 4372 rebus
2737 4315 2990 4368 humanis
3028 4321 3336 4380 exemptum

1802 4418 1987 4471 fuisse.
2015 4414 2209 4468 Notum
2239 4420 2394 4466 vetus
2444 4423 2508 4463 ac
2536 4405 2874 4461 verissimum
2908 4401 3124 4470 quidem
3155 4416 3343 4454 oracu-

1793 4513 1908 4569 lum
1938 4509 2061 4562 illud
2092 4525 2107 4565 :

153 4604 371 4652 serunt.
405 4594 454 4645 Is
485 4603 613 4645 tunc
659 4589 918 4658 temporis
947 4599 1064 4642 erat
1094 4583 1332 4640 Joannes
1361 4587 1428 4640 de
1451 4587 1692 4656 Zapoiie,

1871 4619 2148 4673 Εὐσεόἐων
2201 4616 2446 4668 παίδεσσι
2492 4613 2557 4668 τὰ
2611 4610 2769 4676 λώῖα,
2815 4607 3116 4662 δυσσεϐἐων
3161 4608 3204 4659 δ’
3253 4606 3337 4659 cii.

151 4699 342 4740 comes
364 4679 711 4748 Gepisiensis,
740 4677 986 4747 Ungariae
1016 4676 1218 4746 pestis:
1259 4676 1348 4742 qui
1382 4683 1507 4729 ante
1559 4691 1695 4744 prm-

155 4777 290 4830 lium
331 4771 400 4826 de
455 4769 714 4822 industria
778 4768 984 4822 tardius
1042 4767 1105 4820 ad
1154 4761 1481 4819 Ludovicum
1518 4782 1693 4834 regem

154 4865 346 4934 copias
371 4860 658 4915 auxiliares
679 4855 907 4919 ducens,
931 4873 1106 4923 regem
1147 4871 1267 4911 cum
1298 4857 1410 4909 suis
1443 4856 1493 4909 in
1522 4866 1697 4910 εχιτ-ει

157 4964 306 5008 mum
339 4952 467 5008 illud
490 4949 777 5006 discrimen
805 4947 1104 5013 conjecisse
1119 4947 1374 5007 creditur.
1397 4957 1454 5001 ut
1483 4947 1688 5001 ambitu

157 5043 374 5098 nefario
407 5042 706 5109 pervenire,
763 5051 902 5091 cazso
936 5036 1224 5098 Ludovico,
1265 5039 1529 5104 genuinus
1557 5041 1701 5093 scili-

158 5145 243 5187 t-et
281 5131 553 5198 Ungarus,
602 5130 664 5184 ad
700 5143 924 5202 regnum
954 5135 1152 5196 posset.
1201 5127 1329 5181 Eam
1370 5131 1439 5182 ob
1475 5146 1694 5185 oausam

160 5224 369 5277 dudum
396 5236 609 5288 quoque
648 5220 908 5274 Ludovici
955 5233 1195 5272 sororem
1242 5220 1471 5280 Annam,
1521 5223 1702 5274 Fcrdi-

160 5315 364 5375 nando,
399 5313 576 5378 magni
604 5311 949 5367 Maximiliani
978 5311 1205 5366 Cresam
1232 5312 1409 5378 nepoti
1459 5313 1696 5380 despon-

162 5421 277 5459 sam
325 5418 353 5453 a
415 5398 687 5454 Vladislao
737 5412 886 5468 patre
921 5401 1255 5468 pauio'aute,
1303 5415 1464 5467 quam
1500 5418 1528 5453 e
1565 5404 1698 5457 vivis

163 5499 471 5554 excederet,
492 5492 691 5546 frustra
716 5495 840 5548 licet
868 5495 1166 5548 ambiverat
1193 5512 1208 5559 ;
1242 5500 1297 5545 ut
1321 5507 1385 5546 eo
1417 5494 1536 5560 plus
1560 5496 1701 5562 juris

166 5587 229 5638 ad
260 5598 512 5654 regnum,
553 5581 713 5653 L90
743 5583 1008 5653 siquidem
1039 5586 1285 5640 sororius
1320 5584 1463 5650 regis
1501 5585 1692 5640 fuisset

170 5675 368 5740 factus,
401 5675 642 5728 haberet.
684 5673 863 5751 ipsius
897 5685 1075 5731 autem
1105 5678 1327 5731 Joannis
1362 5672 1700 5742 Zapoliensis

173 5779 418 5818 sororem
445 5765 616 5831 primo
645 5765 747 5820 sibi
801 5769 1143 5822 matrimonio
1191 5767 1366 5830 junsit
1399 5765 1699 5832 Sigismun-

173 5855 273 5912 dus
291 5855 529 5910 l‘olonia:
559 5872 671 5913 rex.
691 5872 718 5910 e
744 5872 848 5912 uua
876 5869 1052 5913 tamen
1077 5861 1254 5913 nullos
1307 5835 1547 5912 susccntt
1571 5856 1698 5911 iibc-

1873 4729 2072 4784 l"austa
2105 4729 2308 4797 piorum
2338 4706 2638 4795 posteritas,
2684 4721 2920 4790 infausta
2973 4719 3267 4771 scelestum.

1800 4861 1924 4914 εει.
1967 4861 2211 4912 Viennam
2245 4860 2468 4909 Anan-iw
2507 4855 2821 4908 Soleimancs
2854 4852 3083 4912 obsidet;
3112 4847 3341 4910 Wctsch,

2246 4928 2588 4986 Viudouiana,
2626 4923 2912 5000 Ostrilrt'on.
3062 4988 3065 4990 _
3350 4918 3355 4923 ’

1877 5042 2046 5108 Ilujus
2076 5040 2374 5094 obsidionis
2409 5049 2596 5092 auctor
2644 5035 2934 5091 Soleitttani
2965 5034 3064 5088 fuit
3104 5031 3352 5096 Joannes

1809 5133 2162 5200 Zapulicnsis,
2190 5132 2359 5186 hostis
2379 5129 2792 5194 Germanorum,
2811 5141 2932 5180 cum
2954 5121 3181 5191 Uttgaris
3206 5126 3356 5193 suis,

1807 5239 1988 5292 partim
2041 5223 2210 5289 aequis
2249 5221 2450 5276 nationi
2490 5220 2626 5274 bene
2685 5219 2749 5272 dc
2783 5234 2839 5271 se
2878 5215 3097 5268 meritae.
3129 5211 3238 5266 Nec
3288 5213 3352 5275 in

1809 5317 1892 5370 illa
1922 5314 2159 5367 excitate
2191 5329 2286 5366 sua
2322 5312 2602 5366 dementes
2633 5305 3050 5378 perspiciebant,
3092 5304 3135 5357 si
3170 5304 3351 5357 Soleir

1808 5406 1949 5458 mani
1984 5406 2221 5458 licuisset
2241 5406 2292 5457 iu
2322 5402 2604 5458 Germania
2631 5400 2814 5468 pedem
2843 5398 3003 5467 figere
3024 5395 3185 5468 (quod
3213 5411 3348 5448 sane.

1808 5497 2095 5569 quominus
2124 5498 2291 5561 lieret,
2328 5511 2421 5564 per
2455 5495 2599 5562 ipsos
2625 5507 2732 5544 non
2761 5493 2930 5556 stetit,
2967 5491 3084 5543 solo
3125 5486 3343 5553 benigni

1808 5587 2058 5641 Numinis
2086 5588 2267 5640 favore
2295 5598 2496 5656 pestem
2527 5586 2669 5659 illam
2700 5585 2897 5637 nostris
2927 5600 2954 5635 a
2979 5583 3171 5634 finibus
3195 5595 3338 5631 aver-

1813 5678 2000 5744 tcntc),
2030 5693 2133 5730 non
2163 5679 2337 5733 minus
2373 5677 2706 5747 Ungarorum
2732 5675 3024 5727 libertatem
3053 5685 3343 5738 oppressu-

1812 5787 1927 5823 rum
1972 5768 2139 5823 I‘uisse
2191 5771 2503 5830 barbarum,
2533 5783 2699 5834 quam
2756 5773 2991 5817 nostram
3030 5781 3043 5815 :
3077 5780 3103 5813 a
3162 5762 3343 5817 fronte

1812 5859 2013 5914 scilicet
2071 5867 2115 5909 cl
2151 5873 2178 5908 a
2205 5867 2353 5916 lci-23o
2404 5860 2506 5915 iam
2550 5857 2679 5919 ipsis
2725 5854 2862 5906 intra
2901 5864 3046 5920 septa
3082 5868 3177 5905 sua
3207 5869 3340 5907 con-
