4006 6338
2140 224 2146 272 l

636 372 742 431 8’l5

1805 358 2124 431 JOANNIS
2167 309 2616 428 LEU‘NCLAVII

3734 361 3833 424 896

635 480 819 530 clusis.
863 475 1063 528 Vienna
1101 476 1295 531 Turcis
1334 485 1415 531 est
1446 478 1688 533 Wctsch.
1741 478 1907 534 Vetus
1937 481 2172 548 appella-
2203 482 2248 539 Λ
2275 479 2398 532 226.
2433 478 2657 543 Cor-one,
2699 478 2871 530 insula
2904 477 3056 539 Balu,
3091 476 3295 540 Badra,
3325 484 3492 542 capta
3531 491 3564 527 a
3611 477 3828 528 nostris.

639 569 712 619 tio
744 564 1079 620 Vindomaua
1107 567 1303 634 legitur
1328 567 1378 620 in
1405 568 1604 622 Notitia
1633 570 1916 636 utriusque
1945 571 2176 637 imperii,

627 676 798 724 .quam
816 659 1060 727 equidem
1083 662 1424 730 integriorem
1453 671 1602 730 puto,
1622 679 1779 731 quam
1802 662 2134 717 Viudobonaa
2163 681 2176 716 :

638 751 930 814 [tamenim
990 750 1033 803 si
1094 751 1264 804 divisa
1297 751 1476 805 littera
1513 753 1559 805 Μ
1599 754 1649 806 in
1697 753 1738 805 Ν
1781 761 1834 807 et
1887 753 1931 817 l,
1967 754 2180 807 dicatur

637 838 1015 893 Vindoniana:
1077 842 1215 895 sicut
1247 841 1423 896 obiter
1481 843 1732 909 superius
1785 845 1947 896 etiam
2002 842 2179 910 capite

640 929 811 990 primo
849 932 1324 984 commentationis
1356 931 1519 1000 hujus
1544 932 1929 986 indicavimus.
1955 933 2181 1001 Regioni

642 1034 834 1071 nomen
865 1034 968 1072 non
1004 1020 1069 1071 ah
1100 1029 1284 1073 austro
1320 1020 1524 1084 datum,
1555 1022 1698 1090 quod
1731 1023 1796 1075 ab
1829 1021 2031 1075 austris
2067 1009 2183 1087 pcr-

639 1109 752 1163 llari
781 1111 972 1164 crebro
992 1111 1177 1174 soleat,
1203 1119 1260 1164 ut
1286 1111 1480 1166 Lazius
1508 1114 1747 1182 scripsit,
1779 1114 1873 1168 sed
1905 1113 1971 1166 ab
2001 1113 2182 1167 orien-

645 1202 740 1255 tali,
765 1203 891 1266 situ,
918 1211 1164 1270 respectu
1190 1204 1412 1269 reliquae
1439 1203 1761 1266 Germaniae,
1787 1203 1868 1271 vel
1897 1218 1926 1256 e
1954 1211 2183 1271 praetore

642 1291 861 1344 Graeciae
923 1300 1110 1345 nostro
1165 1300 1339 1358 paret,
1400 1291 1491 1359 qui
1549 1291 1750 1345 Graecis
1780 1269 2054 1359 ὀςέτρῑκιον
2085 1306 2186 1346 suo

647 1395 862 1445 quoque
888 1387 1130 1447 tempore
1183 1382 1380 1435 dictam
1423 1381 1682 1436 ostendit.
1712 1382 1767 1435 id
1811 1382 1952 1442 enim
1988 1395 2182 1435 nomen

650 1467 888 1530 Ostrich,
928 1468 1010 1522 vel
1044 1467 1358 1533 Ost-Reieh,
1380 1470 1664 1529 Germanis
1685 1471 2005 1540 simpliciter
2031 1478 2185 1523 sonat

651 1575 872 1627 regnum
904 1562 1252 1624 orientis,vel
1287 1563 1351 1616 ad
1385 1565 1648 1617 orientem
1685 1566 1871 1620 situm.
1911 1563 2063 1630 Quod
2094 1564 2188 1619 fri-

580 1716 583 1720 η
654 1650 798 1717 geris
840 1651 891 1703 vi
943 1662 1164 1705 narrant
1202 1651 1363 1707 Turci
1407 1654 1762 1708 Solelmanem
1802 1655 1870 1708 ab
1910 1655 2187 1709 obsidione

649 1739 927 1794 discedere
954 1752 1225 1805 coactum,
1257 1745 1551 1796 excusandi
1576 1746 1776 1798 sultani
1824 1747 1905 1798 sui
1937 1760 2188 1799 suorum-

651 1845 755 1896 que
805 1845 966 1910 causa
1024 1830 1250 1886 faciunt.
1276 1833 1484 1902 Quippe
1523 1844 1736 1889 constat
1781 1836 1988 1892 Turcos
2022 1838 2185 1890 vicies
2223 1815 2259 1870 Β

653 1933 835 1973 muros
867 1920 1018 1973 urbis
1046 1921 1302 1984 subiisse,
1360 1925 1527 1980 vicies
1581 1940 1609 1979 a
1665 1927 1931 1979 moenibus
1988 1927 2187 1980 virtute

651 2017 1102 2076 propugnatorum
1160 2012 1326 2067 fuisse
1380 2017 1646 2082 repulsos,
1677 2016 1921 2082 adeoque
1970 2017 2185 2069 tandem

652 2095 867 2152 frameis
888 2097 1010 2152 licet
1035 2114 1097 2153 ac
1129 2101 1364 2157 fustibus
1387 2105 1661 2163 adhibitis,
1680 2097 1895 2174 adigere
1926 2121 2054 2160 suos
2075 2120 2209 2169 am-_

653 2187 791 2251 plius
829 2189 894 2242 ad
953 2193 1402 2259 oppugnationem
1455 2196 1922 2266 redintegrandam
1959 2197 2101 2250 nulla
2140 2196 2189 2249 vi

653 2277 911 2342 potuisse.
950 2279 1085 2333 llinc
1125 2283 1274 2337 urbis
1308 2285 1580 2352 capienda:
1604 2286 1907 2354 desperatio
1935 2287 2191 2340 Solcima-

653 2365 738 2418 nis
773 2359 1012 2421 animum
1051 2371 1318 2433 subiit,ut
1355 2381 1579 2442 apparet
1621 2390 1682 2428 ex
1720 2375 1834 2444 ipsa
1870 2374 2195 2428 Viennensis

650 2455 1258 2545 ubsidiiidescriptione.
1279 2462 1452 2530 Carpit
1477 2465 1530 2529 in
1556 2479 1756 2519 morem
1776 2464 2191 2545 fuga§oleima-

654 2558 748 2597 nes
777 2544 996 2614 reliquis
1015 2562 1136 2604 cum
1157 2552 1327 2619 ecpiis
1346 2552 1656 2626 abscedere,
1674 2555 1760 2609 dic
1775 2544 1982 2608 decimo
2001 2561 2194 2623 quarto

564 2649 568 2659 ‘
657 2634 925 2703 Octobris,
952 2655 1094 2696 anno
1115 2642 1424 2699 Christiano
1447 2645 1736 2700 millesimo
1760 2644 2194 2714 quingentesimo

654 2729 911 2783 vicesimo
950 2746 1118 2787 nono.
1172 2735 1514 2791 Atmintlanis
1548 2751 1766 2798 nomen.
1805 2737 1960 2806 cujus
1994 2734 2196 2790 mentio

653 2810 914 2885 sequitur,
942 2823 1290 2890 exposuimus
1320 2841 1503 2894 supra,
1524 2827 1700 2895 capite
1727 2827 1848 2881 150.

654 2931 778 3008 ἓὲξξ.
821 2933 998 3008 Aftqu
1038 2934 1351 3008 Soleimanis
1392 2949 1571 2992 contra
1602 2939 1887 2994 Germanos
1919 2940 2194 3008 expeditio.

726 3001 899 3092 (iason
919 3001 1358 3092 utdftttiogli'ctlpt
1379 3010 1486 3066 suis
1509 3027 1542 3091 tr
1561 3001 2070 3092 Fridericlonprinc'ipe
2095 3009 2199 3092 ξα-

2353 568 2426 623 De
2461 569 2671 623 Coronc
2700 568 2902 622 dictum
2932 583 3051 637 cap.
3088 567 3208 621 177.
3239 566 3420 622 Insula
3470 565 3628 629 Balu,
3678 567 3832 620 locus

2283 668 2364 713 est
2399 658 2463 712 ad
2497 660 2667 727 ipsam
2698 657 2969 723 Coronen,
3001 659 3168 714 littori
3193 658 3496 729 proximus,
3541 671 3705 727 quem
3747 657 3831 710 in-

2282 749 2689 812 coluntGrazci,
2742 748 2941 803 Turcis
2994 736 3442 804 inhabitantibus.
3473 745 3610 800 Hinc
3666 745 3832 799 intel-

2283 843 2372 909 ligi
2404 849 2600 909 potest,
2628 841 2769 910 quod
2811 839 2951 909 apud
2993 839 3252 894 Ortelium
3302 837 3546 906 legimus,
3578 836 3830 891 Coronen

2285 931 2337 983 in
2385 930 2656 984 Messenia
2709 928 3088 1000 Peloponnesi,
3141 927 3411 997 Sophiano
3469 925 3577 980 dici
3623 925 3831 985 Coron.

2286 1019 2450 1074 Mario
2484 1019 2644 1089 Nigro
2669 1018 2802 1074 Nisi.
2831 1019 3038 1088 Quippe
3065 1017 3193 1086 νησῑ
3242 1016 3444 1072 Graecis
3478 1015 3716 1070 insulam
3761 1015 3834 1068 si-

2285 1109 2522 1179 gnificat,
2577 1109 2891 1178 integreque
2919 1108 3022 1162 dici
3075 1105 3308 1162 debebat
3368 1106 3572 1175 νησίον.
3613 1105 3692 1158 Ac
3738 1104 3834 1156 toti

2287 1215 2484 1255 nomen
2526 1198 2646 1252 urhl
2679 1213 2707 1257 a
2737 1205 2890 1267 patre
2931 1197 3094 1268 Niger
3122 1196 3290 1252 dedit.
3322 1194 3491 1248 Badra
3527 1191 3730 1247 Turcis
3762 1194 3836 1245 cf-

2289 1292 2460 1346 fertur
2478 1289 2833 1356 Peloponnesi
2856 1289 3019 1360 urba:
3046 1286 3305 1341 Patrasso
3321 1295 3516 1340 vocant
3537 1284 3655 1338 Itali
3683 1303 3697 1337 :
3735 1285 3836 1336 Pa-

2287 1389 2382 1436 traa
2414 1383 2684 1450 quondam
2737 1380 2942 1436 Graecis
2997 1394 3222 1435 nurnero
3249 1378 3607 1434 multitudinis
3654 1389 3837 1430 enun-

2289 1474 2544 1528 tiabatur.

2514 1564 2640 1617 227.
2684 1563 2969 1616 Chairatlt'n
3007 1561 3353 1624 Barburossa,
3402 1558 3604 1614 Cesair.

2359 1653 2641 1710 Notionem
2665 1654 2911 1709 vocabuli
2942 1653 3230 1706 Chairadin
3260 1651 3434 1720 capite
3464 1651 3533 1705 36
3565 1650 3834 1705 dedimus.

2289 1748 2389 1799 llic
2449 1734 2593 1800 nulla
2636 1747 2694 1800 fit
2754 1744 3002 1800 lioruecii
3066 1745 3268 1800 mentio
3322 1751 3632 1813 prepterea,
3685 1743 3835 1809 quod

2290 1838 2512 1908 perierit
2552 1845 2678 1891 ante
2753 1851 2914 1905 quam
2955 1849 3052 1905 pro
3101 1834 3294 1890 Turcis
3354 1835 3554 1902 aliquid
3606 1833 3837 1900 insignis

2288 1929 2367 1981 rei
2409 1926 2688 1995 gessisSet,
2742 1925 2967 1993 privatis
2998 1931 3284 1978 contentus
3311 1921 3632 1977 commodis.
3669 1920 3837 1989 Major

2290 2018 2336 2072 is
2373 2026 2500 2072 natu
2567 2017 2737 2070 frater
2784 2015 3151 2078 Chairadinis,
3205 2014 3307 2068 sub
3359 2013 3682 2081 archipirata
3732 2011 3836 2066 Kc-

2291 2107 2429 2160 male
2452 2121 2648 2176 nomen
2672 2114 2726 2160 et
2769 2121 2900 2165 rem
2932 2111 3260 2159 consecutus
3302 2117 3331 2156 e
3376 2103 3630 2173 piratica,
3687 2103 3826 2157 Seli-

2298 2213 2434 2250 mem
2469 2196 2720 2255 A'rabem.
2750 2195 2901 2264 regni
2953 2194 3284 2265 Algericnsis
3309 2193 3603 2259 heredem,
3640 2196 3723 2249 cui
3765 2209 3840 2249 ro-

2294 2297 2448 2355 gatus
2502 2287 2783 2355 suppetias
2840 2286 3059 2350 tulerat,
3100 2301 3196 2356 per
3250 2284 3480 2342 insidias
3531 2286 3583 2339 in
3643 2287 3837 2340 balneo

2295 2376 2524 2440 necavit,
2555 2385 2609 2430 ct
2636 2378 2823 2432 urbem
2849 2393 2915 2446 cq
2931 2367 2987 2431 Ῡ
3000 2393 3167 2449 regno
3196 2379 3297 2433 sibi
3330 2394 3426 2448 per
3447 2380 3554 2434 vim
3580 2381 3837 2434 asseruit.

2295 2467 2577 2522 Exstincto
2610 2469 2807 2524 deinde
2838 2468 3124 2529 liorucclo,
3151 2467 3307 2537 cuius
3347 2469 3624 2523 interitum
3651 2468 3838 2524 Jovins

2295 2558 2608 2629 descripsit,
2640 2561 2989 2628 Ghalradines
3021 2560 3211 2625 frater,
3242 2571 3297 2614 et
3331 2560 3444 2630 ipse
3483 2561 3655 2630 pirata
3693 2563 3839 2616 uolti-

2297 2647 2384 2709 lis,
2437 2648 2490 2700 in
2548 2649 2893 2717 possessione
2954 2650 3103 2717 regni
3166 2649 3473 2715 successit,
3517 2649 3838 2719 tandemque

2298 2735 2591 2789 Soleimani
2658 2735 2835 2790 factus
2888 2737 3045 2806 longe
3098 2737 3480 2801 charissimus.
3535 2753 3598 2793 ea
3653 2742 3837 2807 gessit,

2297 2841 2417 2896 qua:
2439 2826 2692 2896 deinceps
2726 2827 2781 2880 in
2817 2828 3108 2883 annalibus
3160 2837 3524 2898 exponuntur.
3571 2829 3646 2882 Ad
3700 2830 3838 2882 hunc

2302 2931 2399 2986 per
2429 2933 2670 2973 errorem
2704 2918 2886 2973 omnia
2922 2918 3236 2981 referuntur
3258 2919 3367 2984 hic,
3401 2918 3471 2988 de
3519 2927 3676 2987 capta
3712 2934 3838 2986 pra--

2300 3009 2484 3064 sci-tim
2515 3009 2767 3073 Cesaire,
2798 3022 2919 3078 qua:
2947 3025 2977 3064 a
3011 3010 3197 3076 fratre,
3241 3011 3383 3075 dum
3417 3010 3642 3074 viveret,
3698 3021 3836 3078 gesta

730 3069 893 3124 latino
921 3089 1115 3138 casas;
1144 3069 1506 3133 Palatinarum
1527 3081 1580 3133 in
1603 3069 1969 3148 rempublicam
1990 3069 2196 3134 merita.

2302 3098 2533 3154 fuerant.
2586 3069 2775 3154 Cesair
2817 3069 3121 3153 'Numidiar
3161 3069 3515 3168 metropolis,
3569 3069 3834 3167 Aligerinm

729 3182 1044 3251 lntelligunt
1088 3187 1311 3242 annales
1367 3188 1588 3257 ilispani
1622 3192 1836 3245 nomine
1867 3191 2120 3248 Karulutn
2155 3191 2194 3244 V

658 3273 980 3340 Augustum,
1016 3275 1392 3355 Hispaniarum
1437 3293 1612 3348 regem
1646 3298 1661 3334 :
1696 3298 1855 3350 quem
1891 3284 2197 3351 imperato-

661 3377 770 3422 rem
805 3363 1165 3419 Romanorum
1193 3368 1408 3422 inﬁtiari
1434 3371 1643 3426 solebat
1670 3372 2024 3435 Soleimancs,
2054 3375 2198 3439 quod

661 3467 717 3504 se
741 3452 860 3506 belli
887 3453 1007 3520 jure
1025 3471 1390 3512 successorem
1408 3459 1748 3520 Constantini
1771 3464 1942 3532 magni
1971 3464 2198 3524 diceret,

661 3544 749 3608 qui
788 3554 892 3595 tam
931 3545 1432 3616 Occidentis.quam
1459 3550 1716 3618 Orientis,
1741 3551 1936 3607 fuisset
1967 3554 2201 3621 impera-

664 3640 768 3683 tur.
821 3631 1046 3686 Casanis
1090 3635 1424 3707 lliicbaloglis
1473 3645 1667 3692 nomen
1717 3641 1857 3707 apud
1907 3640 2199 3706 Soiterum,

664 3723 754 3789 qui
808 3738 871 3776 ex
930 3728 1132 3779 nostris
1183 3728 1285 3783 hoc
1343 3729 1542 3783 bellum
1597 3732 1871 3800 eleganter
1932 3731 2201 3800 ascripsit,

664 3828 770 3877 non
800 3812 1011 3884 legitur.
1054 3818 1298 3877 Vaivodae
1331 3819 1637 3887 appellatio,
1679 3836 1797 3888 qua:
1844 3820 2042 3876 Casani
2108 3822 2204 3874 tri-

667 3903 872 3966 buitur,
916 3906 1254 3973 capitaneum
1313 3908 1607 3974 significat.
1664 3908 1854 3965 Caesus
1904 3923 2025 3965 cum
2084 3911 2205 3964 suis

668 3994 1003 4048 memorabili
1028 3995 1178 4048 clade
1206 3995 1306 4050 fuit
1331 4011 1356 4048 a
1377 3997 1652 4052 Friderico
1682 3999 1926 4066 principe
1950 3999 2205 4058 Palatino

671 4079 960 4146 Rhenensi,
995 4084 1315 4137 auxiliorum
1366 4086 1575 4155 imperii
1612 4103 1864 4157 supremo
1922 4089 2078 4152 duce,
2111 4091 2202 4159 qui

673 4181 790 4236 post
821 4175 1185 4241 scplemrirali
1212 4176 1471 4246 dignitate
1494 4177 1726 4248 fulgens.
1750 4179 1905 4250 491
1937 4183 2204 4234 honorata

668 4261 922 4329 gravique
977 4276 1195 4316 senecta
1250 4267 1412 4318 vitam
1468 4267 1521 4320 in
1577 4270 1739 4326 terris
1776 4272 1972 4322 clausit
2025 4285 2202 4324 suam.

668 4351 1024 4406 Sereuissima
1069 4369 1200 4408 sane
1252 4356 1622 4411 Palatinorum
1659 4359 1960 4428 principum
2006 4359 2204 4414 familia

2304 3189 2466 3258 vulgo
2493 3188 2717 3243 dicitur.
2741 3188 2940 3243 Priscis
2977 3195 3092 3243 erat
3123 3186 3263 3242 Julia
3290 3189 3556 3245 Caesarea.
3607 3189 3838 3244 Nicolai-

2257 3355 2270 3360 ἡ
2303 3282 2401 3335 des
2453 3295 2483 3333 a
2511 3278 2719 3333 Mauris
2763 3277 2976 3344 Gezeir,
3007 3279 3274 3336 Arabibus
3309 3279 3556 3351 Elgezair
3603 3280 3711 3334 dici
3753 3295 3839 3348 pu-

2307 3381 2405 3434 tat,
2441 3371 2662 3425 nomine
2699 3369 3039 3440 significante
3083 3371 3343 3431 insulam,
3384 3380 3611 3440 propter
3659 3371 3831 3423 Balea-

2305 3462 2445 3516 rium
2475 3469 2528 3515 et
2552 3461 2776 3515 aliarum
2800 3461 3097 3514 insularum
3123 3460 3401 3523 viciniam,
3426 3474 3555 3514 sane
3579 3453 3834 3514 ridicule:

2307 3569 2428 3607 cum
2464 3560 2755 3620 utrumque
2783 3549 2850 3606 sit
2902 3549 3069 3614 idem,
3098 3549 3198 3603 nisi
3254 3549 3401 3618 quod
3434 3548 3588 3604 alteri
3633 3549 3837 3603 additus

2307 3651 2388 3695 cst
2435 3657 2498 3694 si.
2542 3639 2625 3693 vel
2681 3655 2746 3693 AL
2795 3637 3055 3694 articulus
3106 3637 3408 3705 Arabicus,
3460 3647 3515 3692 et
3563 3646 3838 3704 utrumque

2309 3737 2627 3804 corruptum
2653 3729 2726 3784 sit
2753 3742 2817 3783 ex
2857 3727 3136 3790 Casarea,
3161 3727 3302 3784 sicut
3328 3738 3380 3783 et
3413 3727 3621 3784 Cesair.
3651 3725 3838 3781 Barba—

2309 3824 2442 3876 riam
2492 3820 2669 3875 vocari
2720 3806 3047 3875 maritimam
3092 3819 3372 3883 Africam,
3419 3820 3576 3875 initio
3625 3817 3838 3887 Supple-

2310 3912 2474 3964 menti
2537 3909 2830 3963 Annalium
2900 3909 3076 3963 nostri
3153 3909 3486 3976 monuimus.
3549 3911 3832 3977 Asprorum

2309 4003 2632 4068 quadragies
2664 4008 2880 4055 centum
2934 3997 3103 4053 millia
3133 3997 3340 4054 faciunt
3402 4005 3625 4054 centum
3683 3997 3832 4052 millia

2311 4091 2664 4153 tbalerorum,
2691 4088 2866 4156 pretio
2890 4088 3082 4143 thaleri
3120 4088 3281 4141 unius
3298 4077 3362 4141 ad
3385 4087 3735 4157 quadraginta
3763 4101 3832 4139 as-

2312 4196 2437 4249 pros
2463 4186 2741 4243 revocato,
2769 4177 2912 4232 sicut
2937 4186 3214 4232 ostensum
3242 4183 3327 4230 est
3355 4177 3531 4245 capite
3559 4176 3643 4232 i8.

2309 4293 2433 4347 Eis.
2471 4290 2662 4362 Ofﬁcia
2693 4289 2868 4344 Poma
2905 4287 3202 4409 Osm’arzicf
3233 4288 3519 4356 principle,
3554 4284 3836 4355 cujusmodi

2468 4385 2471 4396 ν
2921 4373 3017 4409 sun
3111 4374 3142 4409 ο
3179 4372 3243 4409 te.

2468 4385 2471 4396 ν
2921 4372 3040 4410 SI"!
3077 4372 3243 4412 ηοαιε.

669 4451 776 4498 iam
811 4446 1102 4511 superiori.
1127 4462 1288 4514 quam
1317 4450 1416 4506 hoc
1435 4458 1624 4503 contra
1645 4450 2000 4507 Soicimanem
2045 4451 2206 4516 bello,
2238 4459 2289 4519 ι)
2382 4450 2562 4513 Prius,
2599 4463 2761 4517 quam
2787 4448 3112 4503 accedamus
3139 4447 3204 4502 ad
3230 4445 3646 4517 explicationem
3673 4441 3834 4503 ofﬁcii,

671 4533 952 4599 perutilem
1016 4535 1305 4589 immortali
1361 4552 1480 4591 cum
1532 4533 1691 4592 laude
1741 4554 1838 4592 sua
1899 4537 2209 4608 reipublicae

670 4619 991 4695 Christianae
1019 4625 1234 4677 navavit
1281 4639 1498 4693 operam
1531 4644 1546 4680 :
1581 4642 1706 4681 cum
1747 4629 1970 4682 obsessa
1998 4628 2210 4684 Vienna

677 4712 976 4782 Philippus,
1001 4730 1030 4769 e
1060 4715 1320 4774 Friderici
1344 4719 1506 4773 fratre
1530 4719 1771 4788 Ruperto
1802 4731 1983 4786 natus,
2010 4723 2064 4775 in
2095 4722 2212 4776 loco

673 4802 803 4856 nihil
833 4803 884 4858 id
927 4808 1183 4876 temporis
1205 4812 1435 4874 munito,
1473 4820 1662 4881 contra
1707 4817 1814 4866 vim
1852 4814 2211 4881 potentissimi

675 4890 844 4944 hostis
875 4893 1242 4962 defendendo,
1287 4916 1445 4954 suum
1494 4917 1589 4969 pro
1617 4902 1789 4956 salute
1821 4904 2009 4971 patriae
2052 4914 2213 4972 caput

671 4981 956 5044 devoveret
983 5009 995 5041 ;
1021 4986 1328 5044 Fridercus
1350 5001 1402 5046 et
1431 4993 1746 5064 Wolfaugus
1769 4996 1962 5050 fratres
1996 4998 2216 5054 Crcmb-

675 5076 764 5138 sii,
791 5077 855 5131 ad
883 5079 1149 5133 decimum
1188 5097 1215 5133 a
1247 5081 1447 5138 Vienna
1483 5087 1738 5153 lapidem,
1796 5103 1919 5142 cum
1955 5091 2124 5157 copiis
2163 5090 2215 5141 in
2260 5120 2270 5130 -

677 5179 890 5223 omnem
926 5169 1061 5224 bene
1080 5176 1325 5241 gerenda:
1350 5177 1424 5230 rei
1449 5178 1790 5233 occasionem
1822 5183 2010 5234 intenti
2041 5180 2220 5234 subsi-

2312 4542 2455 4611 quod
2485 4541 2841 4596 Chairadines
2868 4539 2955 4593 hic
2977 4545 3304 4593 consecutus
3333 4535 3588 4600 traditur,
3618 4531 3834 4601 supremi

2313 4633 2559 4688 videlicet
2610 4629 2912 4701 beglerbegi
2940 4627 3144 4692 maris,
3195 4639 3304 4680 uno
3355 4625 3571 4680 tandem
3625 4621 3834 4690 complc-

2314 4737 2525 4778 ctamur
2547 4723 2668 4778 loco
2695 4721 2864 4776 totius
2897 4717 3052 4783 aulae,
3084 4716 3168 4770 vel
3195 4714 3369 4771 Porta:
3398 4715 3578 4785 potius
3611 4709 3830 4767 Osmani-

2317 4831 2393 4871 ere
2422 4814 2599 4870 ofﬁcia
2632 4812 2930 4880 praecipua,
2968 4808 3239 4877 rebusque
3288 4806 3538 4865 Turcicis
3587 4802 3830 4872 explican-

2314 4905 2398 4958 dis
2427 4890 2484 4956 ‘et
2516 4898 2878 4969 intelligendis
2909 4897 3237 4952 necessaria.

2387 4991 2625 5043 Primum
2657 4987 2769 5041 haec
2795 4987 2921 5041 sciri
2950 4994 3162 5055 oportet
3193 4997 3314 5038 esse
3351 4977 3521 5038 duum
3580 4980 3727 5049 plane
3756 4992 3828 5045 ge.-

2319 5093 2530 5140 nerum,
2588 5076 2711 5130 aliis
2767 5077 2908 5131 intra
2942 5075 3180 5130 saraium
3242 5071 3518 5141 deputatis
3581 5069 3831 5139 ipsiusmct

2320 5169 2517 5224 sultani
2554 5168 2896 5230 ministeriis,
2924 5179 2988 5219 ac
3021 5178 3214 5219 rursus
3252 5164 3375 5218 aliis
3408 5169 3571 5216 extra
3622 5159 3826 5216 saraimn

681 5263 914 5323 sterent,
975 5277 1036 5315 ac
1100 5280 1243 5320 nunc
1298 5267 1505 5325 demum
1564 5285 1705 5324 anno
1758 5272 1919 5324 tertio
1965 5269 2202 5322 redeuntt

2322 5274 2418 5315 sua
2462 5260 2789 5315 obeuntibus
2823 5267 3068 5309 munera.

679 5343 1000 5416 Soleimanc,
1024 5356 1228 5421 primus
1262 5358 1569 5412 Fridericus
1603 5361 1664 5411 ad
1692 5358 2082 5413 defendendam
2111 5359 2220 5412 Au-
2322 5359 2328 5362 ’

682 5445 868 5498 striam
901 5445 1193 5512 advolaret,
1224 5459 1276 5502 et
1301 5461 1520 5518 paratus
1549 5452 1662 5518 ipse
1695 5449 1959 5504 Barbaros
1992 5452 2219 5519 impara-

685 5552 768 5594 tos
800 5551 851 5595 et
888 5542 1250 5612 imprudentes
1286 5543 1581 5605 invaderet,
1615 5542 1861 5604 caederet,
1896 5543 2218 5611 proiligaret.

688 5633 869 5687 llosﬁs
915 5635 1126 5701 quidem
1158 5635 1415 5705 elogium,
1450 5635 1512 5688 dc
1543 5649 1683 5688 c.1350
1714 5634 1779 5688 ab
1815 5632 2090 5685 Alamanis
2122 5632 2221 5683 Ca-

687 5738 813 5797 sanc
851 5724 1170 5801 Miclialngli,
1195 5728 1258 5782 ad
1285 5727 1446 5798 hujus
1477 5727 1692 5786 familia:
1730 5725 1936 5790 laudem
1965 5723 2217 5792 pertinet.

2567 5350 2720 5402 Intra
2759 5344 2992 5398 saraium
3021 5343 3073 5396 hi
3102 5345 3310 5396 sititane
3336 5343 3562 5396 serviunt
3587 5357 3606 5396 :

2391 5441 2521 5508 Capi
2553 5440 2686 5506 Aga,
2717 5435 2800 5489 vel
2832 5426 3171 5504 GapiAgasi.
3215 5431 3512 5489 Praefectus
3563 5440 3653 5487 aut
3692 5423 3824 5493 Capi-

2328 5542 2521 5586 tancus
2564 5528 2757 5581 Porta.

2395 5619 2505 5673 Oda
2539 5617 2716 5680 Bassi,
2747 5614 3116 5670 cubicularius
3151 5598 3415 5670 maximus
3480 5624 3535 5667 ct
3579 5609 3821 5680 praefectus

2329 5711 2616 5781 ltwglanis
2646 5709 2829 5770 saraii.
2865 5707 3249 5760 Adolescentes
3274 5714 3424 5768 sunt,
3457 5704 3546 5772 qui
3594 5703 3654 5755 ab
3677 5697 3820 5753 aetatis
