4006 6338
151 395 287 494 897"

1290 404 1676 503 PANDECCI‘E
1706 443 1903 505 msr.
1954 446 2247 510 TURCIC.

3199 456 3348 518 198

153 553 356 599 octavo
386 550 452 600 ad
485 551 1033 605 vicesimum'annom
1098 567 1284 620 usque,
1317 570 1415 623 pro
1475 557 1694 611 sultano
1725 564 1771 619 Α
1809 561 1813 568 ‘
1871 557 2188 629 Sequuntur
2223 553 2365 614 vez'ir
2412 551 2602 626 bassis,
2658 562 2831 632 capita
2882 563 3092 619 scilicet
3130 567 3344 620 consilii

149 635 380 690 aluntur
411 644 465 691 et
499 637 800 695 educantur
832 643 974 696 intra
1004 646 1270 709 saraium,
1326 646 1578 712 varieque
1607 662 1702 717 pro

152 725 347 781 indole
379 742 478 784 sua
510 729 892 799 instituuntur,
930 737 1232 804 praesertim
1289 745 1350 791 ut
1402 737 1578 806 legere
1606 739 1704 803 ,di-

149 827 344 884 scant,
367 829 425 874 et
453 822 714 889 scribere,
741 833 796 880 et
820 825 1069 895 jaculari,
1097 839 1151 883 et
1168 827 1414 897 equitare
1435 866 1453 894 ,
1493 831 1704 901 legum-

145 921 264 976 que
286 907 793 969 Mahumetanarum
819 931 1088 972 summam
1135 919 1478 993 percipiant.
1535 903 1544 910 ’

220 995 546 1060 Chasnadar
571 1001 736 1063 bassi.
769 994 1169 1065 Thesaurarius
1204 1007 1491 1062 maximus.

226 1089 460 1144 Kilertzi
497 1092 668 1149 bassi.
697 1093 1051 1166 Dispensator
1081 1098 1376 1154 maximus.

229 1179 387 1237 Serui
420 1181 524 1238 Dar
574 1185 760 1257 Agasl,
790 1187 875 1243 vel
900 1188 1054 1244 Serai
1085 1190 1256 1246 bassi.
1286 1191 1585 1261 Suprcmns
1616 1208 1703 1248 sa-

126 1270 259 1325 .raii
296 1273 608 1343 praefectus,
637 1280 861 1334 absente
885 1281 1127 1340 sultano.
1402 1353 1405 1356 ί

230 1360 299 1417 Et
329 1364 382 1418 hi
411 1366 632 1435 quidem
657 1383 846 1425 omnes
880 1375 1146 1440 spadones
1176 1376 1256 1430 vel
1297 1379 1517 1433 castrati
1553 1388 1701 1444 sunt,

155 1467 228 1509 ac
258 1455 456 1524 singuli
496 1458 598 1512 sub
658 1475 716 1514 se
739 1461 924 1530 plures
982 1464 1138 1529 alios,
1194 1466 1378 1535 itidem
1435 1479 1704 1526 castratos

154 1545 245 1601 vel
277 1549 581 1615 eunuchos,
629 1551 848 1607 habent.
1684 1611 1686 1613 ,

231 1639 545 1697 Secundum
576 1642 694 1708 hos,
726 1651 836 1699 tres
863 1645 917 1699 in
942 1645 1132 1716 primis
1154 1647 1524 1707 adolescentes
1556 1661 1701 1721 sunt,

155 1733 340 1802 ipsius
391 1733 594 1787 sultani
652 1734 973 1792 ministeriis
1022 1737 1412 1806 inscrvientes,
1468 1756 1702 1809 quorum

152 1823 275 1878 haec
305 1825 526 1878 nomina
552 1839 567 1876 :

229 1912 510 1982 Silicbtar,
546 1913 640 1985 qui
668 1929 878 1983 arcum,
906 1916 1153 1987 sagittas,
1186 1931 1338 1973 arma
1368 1927 1562 1976 cetera
1589 1920 1701 1974 sul-
1731 1931 1772 1986 Β

153 2006 269 2060 tani
312 2013 520 2075 portat.

229 2096 517 2152 Tzohadar
547 2133 566 2162 ,
612 2097 705 2166 qui
759 2099 991 2155 vestium
1041 2102 1239 2156 sultani
1298 2115 1482 2156 curam
1541 2100 1697 2171 gerit,

152 2189 385 2259 ejusque
417 2187 855 2257 scaramangium
890 2196 1100 2257 portat,
1134 2191 1204 2245 ad
1260 2191 1548 2245 arcendam
1582 2192 1702 2258 plu-

153 2281 294 2335 viam
330 2280 554 2335 factum.
582 2277 676 2335 De
709 2279 813 2335 hoc
860 2280 1072 2350 plenius
1126 2281 1332 2336 dictum
1378 2281 1699 2352 capite199.

227 2369 478 2440 Kiuptar,
509 2368 598 2424 cui
629 2375 791 2439 potus
822 2369 1023 2426 sultani
1075 2372 1487 2426 commendatus
1513 2381 1617 2436 est,
1649 2379 1701 2426 et

144 2461 247 2530 qui
273 2473 488 2529 semper
522 2474 687 2530 eques
727 2459 886 2514 etiam
937 2473 1035 2530 pro
1083 2459 1298 2516 sultano
1348 2459 1453 2514 fert
1505 2474 1699 2531 aquam

155 2563 344 2607 secum
375 2550 428 2604 in
453 2552 658 2620 lagena.

232 2643 479 2698 Pertinet
510 2643 619 2700 huc
645 2643 830 2708 etiam,
863 2643 916 2699 id
947 2652 1049 2709 est,
1094 2641 1330 2698 refertur
1353 2643 1494 2697 inter
1523 2642 1703 2696 officia

158 2733 350 2796 saraii,
377 2732 638 2803 Bostangi
673 2734 845 2797 bassi,
885 2732 1177 2804 praefectus
1207 2732 1514 2790 hortulanis
1544 2751 1558 2788 :
1613 2733 1702 2788 cui

158 2828 494 2882 delectorum
526 2839 556 2878 e
589 2824 1025 2880 Christianorum
1058 2825 1245 2881 liberis
1292 2824 1705 2897 Atzamoglano-

160 2935 280 2972 rum
313 2932 477 2988 supra
511 2925 745 2986 qua-tuor
772 2916 938 2971 millia
972 2927 1182 2986 parent.
1448 2930 1451 2932 '

235 3010 380 3064 Sunt
412 3015 592 3062 autem
624 3007 710 3062 his
737 3007 992 3064 omnibus
1029 3008 1112 3062 sui
1135 3016 1241 3061 tam
1271 3008 1486 3074 vicarii,
1539 3023 1704 3078 quam

159 3082 253 3156 alii
280 3099 544 3156 officiales
571 3097 842 3163 attributi,
870 3097 962 3168 qui
999 3112 1098 3168 pro
1143 3099 1368 3168 antiquo
1403 3111 1554 3154 more
1583 3114 1706 3169 gra-

156 3190 326 3244 datim
360 3187 430 3241 ad
473 3187 768 3258 dignitates
829 3200 1108 3255 supremas
1164 3185 1327 3258 492
1382 3188 1699 3243 ascendunt.

156 3267 471 3334 Inserviunt
509 3286 689 3333 autem
728 3277 982 3334 recensiti
1015 3278 1276 3333 hactenus
1326 3277 1427 3346 ipsi
1454 3333 1459 3338 λ
1486 3277 1702 3332 sultano

159 3371 302 3424 intra
334 3368 592 3435 saraium,
647 3383 710 3422 ac
744 3367 1011 3438 siquidem
1043 3383 1210 3438 eques
1230 3383 1261 3422 c
1300 3367 1478 3422 saraio
1506 3367 1704 3436 prodit,

124 3441 128 3443 ἢ
157 3474 349 3515 omnes
397 3472 521 3512 eum
550 3458 923 3523 comitantur;
983 3457 1066 3512 sin
1096 3457 1278 3526 aliquo
1312 3469 1370 3511 se
1402 3456 1540 3510 mari
1573 3469 1706 3511 con-

157 3553 284 3616 fert,
326 3550 444 3621 ipse
480 3547 762 3618 Bostangis
797 3548 954 3604 bassa
983 3549 1196 3602 clavum
1229 3547 1411 3611 caicaz,
1449 3548 1563 3604 sive
1596 3562 1726 3611 na-_

160 3643 312 3712 vigii,
345 3656 455 3710 quo
485 3641 734 3695 sultanus
761 3639 996 3702 vehitur,
1030 3647 1172 3694 tenet
1215 3655 1278 3695 ac
1315 3640 1606 3708 gubernat.‘

138 3727 140 3730 ’
219 3731 310 3803 ,Λα
336 3729 572 3783 saraium
599 3742 814 3801 quoque
832 3730 1104 3797 pertinent
1130 3729 1209 3797 hi,
1243 3744 1470 3800 quorum
1494 3727 1708 3782 nomina

159 3833 498 3890 sequuntur:
533 3867 537 3872 .

233 3909 562 3977 Zesclinegir
589 3907 762 3970 bassi,
791 3916 1144 3984 praegustath
1173 3911 1462 3973 maximus,
1493 3921 1547 3966 et
1574 3927 1707 3980 prte-

158 4000 539 4071 gustatoribus
577 3997 812 4060 caeteris,
872 3997 992 4065 plus
1020 4000 1199 4060 minus
1248 4012 1487 4065 centum,
1525 4001 1709 4069 praefe-

161 4104 306 4150 ctus.
1181 4084 1216 4120 9
1243 4150 1252 4153 _

230 4184 454 4252 Mutpac
475 4181 674 4248 Emini,
721 4181 1006 4251 prafectus
1060 4184 1272 4249 culinae,
1313 4183 1396 4239 vel
1436 4183 1514 4239 rei
1566 4185 1711 4240 coci-

159 4277 350 4330 nariae.
985 4287 1006 4338 ζ

190 4359 192 4361 ’
231 4368 399 4424 Achsi
431 4367 598 4434 bassi,
637 4381 848 4436 coquus
874 4366 1181 4420 inteximus;

357 4459 522 4534 Extra
555 4460 789 4512 saraium
811 4459 918 4512 hac
951 4459 1130 4526 ofﬁcia
1179 4467 1517 4513 numerantur
1556 4473 1574 4512 :

1802 648 2082 702 sultanini.
2115 651 2397 716 Quondam
2433 654 2653 706 nonnisi
2720 664 2828 708 tres
2855 663 2951 709 aut
2997 665 3230 724 quatuor
3260 671 3346 709 rec

1801 739 1942 792 zires
1975 750 2152 805 erant,
2197 744 2272 795 uti
2323 744 2483 814 paulo
2528 754 2646 810 post
2672 759 3025 813 exponemus.
3069 745 3172 799 Sed
3201 762 3345 799 nunc

1802 827 1886 882 vel
1916 828 2100 899 plures
2147 830 2230 892 vel
2261 821 2570 900 pauciores,
2601 844 2760 903 prout
2787 835 2962 889 visum
3017 836 3178 890 fuerit
3229 839 3341 889 sul-

1801 922 1930 970 tano
1958 916 2291 987 deliguntur.
2323 919 2643 991 Supremas,
2681 923 2773 991 qui
2824 923 2969 978 vezir
3003 940 3151 977 azetu
3206 918 3344 978 Tur-

1802 1006 1881 1062 cis
1902 1008 2226 1078 appellatur,
2274 1010 2422 1064 solus
2455 1011 2770 1066 universum
2820 1014 3050 1073 maxima
3083 1028 3206 1066 eum
3233 1029 3346 1081 po-

1805 1105 1995 1152 testate
2028 1100 2375 1154 administrat
2422 1101 2731 1170 imperium,
2783 1103 2994 1156 caeteris
3047 1104 3102 1158 in
3144 1094 3349 1156 Ditano

1802 1186 1968 1256 (quod
1994 1190 2318 1258 explicatum
2345 1205 2539 1246 nomen
2591 1201 2672 1247 cst
2705 1191 3011 1262 sub_linem
3073 1192 3167 1246 171
3204 1198 3348 1260 capi—

1801 1278 1893 1347 tis)
1925 1279 2005 1334 sic
2044 1279 2452 1353 assidentibus,
2503 1281 2639 1336 nihil
2687 1291 2744 1336 ut
2777 1283 2874 1351 ipsi
2935 1283 3344 1354 proloqttanlur.

1802 1367 1896 1422 Ex.
1931 1369 2024 1425 ltis'
2061 1370 2224 1424 etiam
2281 1371 2532 1440 deligitur
2582 1374 2787 1442 judicio
2844 1373 3067 1438 sultani,
3116 1375 3207 1444 qui
3247 1375 3346 1429 Ser

1805 1459 2024 1524 Asker,7
2042 1469 2094 1515 et
2133 1460 2235 1515 Ser
2277 1461 2379 1515 Dar
2429 1464 2764 1532 appellatur.
2809 1465 3142 1532 explicandis
3191 1467 3348 1535 paulo
3373 1498 3381 1518 .-

1804 1561 1928 1628 post
1955 1552 2253 1607 vocabulis.
2289 1551 2434 1606 Cum
2487 1568 2585 1607 nos
2641 1541 3108 1624 Constantinopoli
3164 1570 3348 1626 agere-

1805 1656 1950 1709 mus,
1997 1642 2238 1700 vezirum
2283 1642 2521 1712 dignitas
2593 1659 2621 1696 a
2681 1645 2894 1699 sultano
2939 1645 3167 1709 Μαι-λιιι,
3213 1662 3350 1702 novo

1805 1733 2092 1802 caeteroqui
2116 1732 2380 1805 exemplo,
2406 1746 2597 1789 novem
2630 1733 2807 1789 bassis
2823 1744 2942 1790 erat
2964 1737 3187 1803 tributa,
3217 1751 3350 1806 quo-

1807 1837 1925 1876 rum
1952 1821 2225 1892 subjicere
2253 1825 2478 1878 nomina
2527 1823 2661 1881 libet
2701 1841 2716 1880 :
2894 1882 2897 1883 ν
3063 1891 3090 1905 κ

1876 1914 1928 1967 1.
1969 1912 2170 1968 Osman
2203 1913 2384 1981 bassa,
2421 1913 2749 1985 Vezirazem,
2791 1907 2850 1973 et
2875 1907 2975 1973 Ser
3029 1917 3133 1973 Der
3159 1925 3348 1980 centra

1804 2001 2018 2058 Persas.

1869 2093 1922 2148 2.
1946 2093 2174 2152 Messich
2201 2096 2379 2153 bassa.

1871 2187 1924 2241 '5.
1967 2185 2267 2242 Mecbemet
2298 2189 2480 2244 bassa.
2534 2188 2536 2194 “

1871 2273 1928 2330 4.
1969 2267 2064 2330 Ali
2106 2275 2333 2346 Capitan
2364 2278 2548 2346 bassa,
2597 2279 2951 2352 beglcrbegtts
2998 2279 3196 2348 utaris;
3255 2297 3350 2337 no-

1806 2354 1941 2419 stris
1971 2363 2110 2419 Uluz‘
2133 2366 2240 2431 Ali,
2267 2366 2373 2421 hoc
2396 2377 2501 2432 est,
2532 2369 2617 2422 Ali
2640 2377 2900 2439 apostata.

1875 2454 1933 2508 5.
1973 2455 2208 2509 lbrabim
2245 2455 2404 2510 bassa
2435 2457 2789 2528 beglerbegus
2815 2460 2960 2532 Cairi
2986 2463 3068 2517 vel
3113 2463 3345 2534 Egypti.

1871 2546 1930 2601 6.
1968 2545 2168 2601 Fet-hat
2191 2547 2381 2614 bassa,
2401 2547 2524 2602 belli
2562 2548 2672 2603 dux’
2709 2535 2899 2603 contra
2924 2549 3139 2611 Persas.

1877 2637 1929 2692 7.
1971 2635 2171 2691 Giaﬁ‘er
2198 2637 2379 2693 bassa.
2561 2697 2567 2702 _

1874 2726 1927 2782 8.
1969 2725 2056 2780 Ali
2091 2725 2272 2791 ha'ssa,
2309 2727 2515 2783 sororis
2537 2728 3002 2786 sultanimaritus.

1874 2819 1935 2876 9.
1972 2821 2230 2891 Cicalogli
2259 2823 2441 2890 bassa,
2469 2823 2818 2896 helgerbegus
2848 2811 3072 2881 Revani.

1874 2911 2007 2967 Post
2033 2914 2259 2978 vezires,
2291 2914 2616 2969 auctoritate
2666 2917 2900 2970 maxima
2941 2928 3066 2972 sunt
3110 2921 3218 2973 tres
3259 2919 3348 2973 be-

1805 3001 2064 3072 glerbegi,
2099 3016 2334 3070 quorum
2380 3003 2470 3056 hic
2497 3003 2630 3057 ordo
2672 3018 2689 3056 :

1875 3088 2091 3145 Rumeli
2120 3088 2452 3159 belgcrbeg,u
2481 3091 2582 3145 hoc
2612 3099 2695 3145 est
2738 3090 3015 3146 Romaniae
3053 3095 3167 3148 sive
3199 3093 3346 3150 Grac-

1809 3178 1928 3234 ciae.
2868 3167 2877 3177 ’

1879 3288 2096 3346 Anatoli
2127 3287 2434 3357 beglerbeg,
2485 3288 2586 3342 hoc
2624 3294 2728 3353 est,
2777 3287 3040 3354 Anatolite
3073 3289 3158 3344 vel
3187 3285 3346 3343 Asiae.

1879 3378 2066 3434 Denizi
2091 3379 2394 3446 beglerbeg,
2425 3379 2526 3431 hoc
2547 3386 2650 3442 est,
2677 3378 2882 3432 maris:
2911 3378 3004 3447 qui
3033 3381 3189 3450 vulgo
3208 3377 3348 3432 Tur-

1808 3470 1889 3526 cis
1918 3486 2061 3525 nunc
2095 3477 2316 3540 recepto
2343 3469 2626 3542 vocabulo,
2670 3469 2896 3539 Capitan
2935 3473 3094 3527 bassa
3135 3488 3350 3542 quoque

1809 3564 2140 3618 nominatur.
2979 3577 2989 3587 ·

1879 3654 1944 3709 Hi
1975 3665 2082 3709 trcs
2107 3669 2288 3724 parem
2316 3655 2368 3709 in
2404 3655 2640 3712 sedendo
2670 3653 2845 3708 locum
2878 3663 2931 3708 et
2967 3653 3225 3708 honorem
3253 3657 3348 3708 ob-

1811 3747 1987 3802 tinent
2009 3761 2128 3800 cum
2163 3749 2296 3814 ipsis
2329 3747 2507 3801 bassis
2534 3745 2827 3808 veziribus,
2863 3747 3074 3813 quoties
3105 3747 3158 3799 in
3198 3745 3352 3799 Diva-

1810 3853 1939 3894 nuat
1973 3837 2242 3904 publicum
2271 3836 2514 3891 veniunt.

1880 3927 2134 3994 Sequitur
2161 3924 2450 3979 Niscltanzi
2497 3926 2582 3979 vel
2616 3925 2863 3995 Nissanzi
2915 3927 3093 3987 bassa,
3124 3922 3214 3992 qui
3266 3917 3348 3977 lit-

1811 4027 1954 4072 teras
2011 4030 2222 4080 omnes,
2259 4012 2551 4090 omniaque
2577 4016 2836 4069 mandata
2875 4022 2929 4068 et
2975 4007 3347 4078 in‘struutenta,

1810 4114 2076 4175 quotquot
2101 4105 2240 4174 apud
2273 4104 2489 4158 Portam
2518 4105 2903 4173 expediuntur,
2946 4103 3210 4171 obsignat,
3264 4119 3351 4156 ve-

1812 4201 1907 4254 luti
1943 4212 2236 4268 supremus
2264 4199 2445 4253 Porta:
2479 4197 2866 4252 cancellarius.

1884 4290 2018 4346 Tres
2041 4290 2428 4366 ‘Dcpbterdari,
2457 4275 2688 4358 quorum
2733 4288 2962 4357 primus,
2992 4293 3175 4340 nostro
3205 4281 3353 4359 more

1815 4381 2104 4450 loquendo,
2139 4369 2345 4448 praeses
2386 4392 2614 4432 camerae
2654 4375 2737 4430 vel
2768 4374 3054 4446 praefectus
3103 4382 3187 4449 est
3218 4387 3350 4426 aera-

1816 4474 1879 4526 rii
1909 4472 2214 4533 maximus;
2248 4470 2356 4522 duo
2386 4468 2614 4535 reliqui,
2644 4465 2789 4520 velut
2822 4466 3039 4537 collega:
3074 4467 3270 4536 ipsius,
3299 4475 3353 4521 et

235 4551 454 4604 Primus
479 4550 721 4603 omnium
748 4549 905 4603 locus
933 4557 1017 4603 est
1046 4549 1271 4617 Mupbti,
1301 4553 1389 4618 qui
1425 4566 1710 4619 supremus
1743 4558 1785 4611 D
1812 4561 2110 4618 gonsiliarii
2145 4559 2378 4614 ﬁscales.

161 4651 252 4700 est
279 4640 538 4698 Alcorani
567 4640 682 4696 sive
733 4639 1122 4692 Mahumetanm
1151 4637 1283 4708 legis
1329 4641 1625 4707 interpres,
1654 4647 1709 4693 et

163 4733 543 4789 auctoritatem
573 4729 711 4799 apud
729 4727 936 4782 Turcos
963 4728 1082 4781 bam
1122 4728 1348 4795 obtinet,
1377 4743 1534 4796 quam
1568 4727 1710 4797 Papa

163 4823 286 4884 sive
317 4819 567 4893 pontifex
599 4817 876 4897 maximus
907 4816 1046 4887 apud
1086 4815 1340 4883 Latinos,
1377 4820 1516 4889 apud
1566 4819 1714 4875 Gras-

161 4929 285 4982 cos,
316 4911 650 4984 patriarcha.

246 5005 384 5060 lluic
417 5004 810 5073 proximisunt
842 5000 1208 5057 Cadilescberi
1239 5001 1320 5056 vel
1343 4999 1715 5069 Cadlascheri,

169 5095 512 5165 supremiget
541 5093 801 5163 ordinarii
831 5093 1144 5147 militarium
1203 5093 1550 5161 civiliumque
1592 5109 1719 5146 cau-

173 5199 362 5241 sarum
391 5182 640 5252 iudices;
694 5197 836 5236 unus
869 5197 962 5251 per
1003 5183 1261 5238 Graiciam
1305 5172 1716 5261 velEuropam,

176 5278 362 5333 dictus
393 5270 608 5327 Rumeli
635 5271 1017 5337 (ladilescher;
1056 5273 1192 5328 alter
1219 5287 1314 5344 per
1337 5274 1539 5337 Asiam,
1575 5273 1722 5323 Ana-

176 5370 273 5424 toli
310 5364 688 5423 Cadilescbet‘;
734 5363 931 5432 quibus
983 5366 1199 5419 tertium
1252 5364 1478 5420 Selimes
1515 5363 1721 5432 primus

178 5459 449 5526 adiunxit,
482 5463 605 5528 post
635 5455 896 5511 subactos
942 5455 1230 5510 Armenios
1279 5455 1567 5523 quosdam,
1603 5454 1725 5509 Dul-

177 5553 518 5621 gadirenscs,
541 5545 847 5616 IEgyptios,
868 5545 1056 5615 Syros,
1085 5543 1321 5610 Arabes;
1358 5545 1582 5614 ideoque
1612 5559 1724 5599 ma-

175 5642 266 5710 jus
298 5645 384 5693 est
418 5636 582 5706 hujus
615 5637 875 5701 officium,
929 5646 1148 5706 propter
1198 5635 1594 5691 multitudinem
1632 5651 1724 5706 po—

180 5733 471 5800 polorum,
521 5733 574 5782 et
639 5728 877 5796 ipsarum
953 5729 1227 5798 regionum
1287 5728 1718 5797 amplitudinem.

180 5821 344 5879 Plura
374 5819 441 5874 de
471 5818 560 5874 his
589 5818 825 5873 diximus
862 5833 1023 5888 supra
1051 5835 1169 5889 cap.
1194 5819 1286 5873 29.

1885 4650 2014 4704 Bais
2048 4647 2268 4719 Kiutap,
2312 4647 2470 4716 cujus
2517 4647 2570 4701 in
2600 4648 2849 4703 manibus
2887 4655 3016 4704 sunt
3067 4631 3255 4702 omnes
3285 4648 3352 4700 li-

1815 4742 1922 4805 bri,
1982 4738 2392 4803 commentarii,
2457 4752 2541 4792 res
2590 4738 2658 4791 ad
2700 4738 2942 4806 tarcbiva
3002 4739 3350 4807 pertinentes.

1819 4831 2049 4897 Ideoque
2069 4830 2294 4898 gradum
2331 4825 2762 4882 vicecancella‘rii
2788 4831 3063 4891 tenet,aut
3086 4823 3242 4893 primi
3273 4824 3350 4874 vel

1819 4920 2047 4976 maximi
2086 4917 2386 4973 secretarli.
2445 4961 2447 4963 ,

1885 5007 2087 5062 Omnes
2123 5013 2299 5058 autem
2365 5004 2628 5072 hactenus
2675 5004 2973 5063 enumerati
3029 5017 3127 5058 suo
3181 5003 3232 5055 in
3262 4997 3381 5053 Di-'

1820 5111 1956 5151 vano
1989 5095 2201 5166 publico
2247 5096 2544 5149 sessionem
2583 5093 2802 5150 habent.

1888 5186 1946 5240 In
1973 5185 2160 5238 eodem
2203 5181 2412 5236 Dlvano
2449 5182 2641 5239 sedent
2660 5181 2822 5237 etiam
2853 5181 3204 5252 quadraginta
3233 5183 3352 5249 plus

1822 5280 2000 5332 minus
2029 5273 2301 5338 lasitsclti,
2333 5274 2449 5328 sive
2474 5274 2779 5336 secretarii,
2826 5274 2910 5332 vel
2946 5269 3218 5335 actuarii,
3258 5273 3348 5336 qui

1821 5369 2114 5436 scripturas
2157 5364 2361 5432 absque
2417 5379 2565 5418 mora
2597 5363 2880 5433 perﬁciunt
2932 5372 2986 5417 et
3040 5365 3351 5432 expediunt.

1823 5461 1899 5514 Ac
1952 5465 2097 5510 tanta
2144 5455 2360 5524 quidem
2428 5456 2719 5511 sedulitate
2775 5463 3040 5525 geruntur
3068 5457 3270 5517 Omnia,
3301 5467 3356 5522 ut

1825 5553 1939 5621 ipsa
1969 5547 2183 5614 negotia
2213 5548 2594 5614 propemodum
2624 5547 2810 5600 eodem
2873 5555 3105 5614 tempore
3164 5561 3355 5612 propo-

1825 5649 2038 5699 nantur,
2077 5633 2461 5688 consultationi
2510 5633 2883 5700 subjiciuntur,
2911 5641 2964 5686 et
3021 5631 3352 5684 exsecutioui

1827 5729 2169 5786 mandentur.
3158 5713 3163 5717 ’

1900 5824 2208 5886 Sequuntur
2239 5820 2382 5886 Agat,
2418 5817 2608 5872 Turris
2662 5816 2874 5885 Agalati
2925 5813 3084 5882 dicti,
3133 5823 3359 5870 numero
