4006 6338
642 381 748 459 899

1822 368 2141 427 J0.\NNIS
2174 369 2625 429 LEIENCLAVII
2676 453 2695 467 χ

3750 359 3853 423 suo

642 494 1021 557 multitudinis,
1060 490 1141 545 vel
1174 489 1453 553 ofﬁciales,
1486 489 1598 540 sive
1637 486 1865 545 tribuni.
1916 486 2009 553 qui
2072 500 2177 538 non
2214 492 2259 547 Α
2367 483 2741 554 Mulapheraki
2776 484 2940 544 bassi,
2970 481 3281 551 rapitanens
3310 481 3573 534 baronum
3614 493 3674 533 ac
3713 495 3852 548 pm-

643 591 841 644 babent
902 584 1197 638 sessionem
1244 583 1299 635 in
1350 582 1551 639 Djvano
1590 579 1670 630 vel
1709 578 2020 647 synliedrio,
2062 580 2175 630 sive

642 674 1118 751 consilii‘p'ublici
1174 674 1329 737 loco,
1392 672 1671 738 nihiloque
1726 669 1904 721 minus
1966 667 2217 737 obligati.

641 780 788 832 sunt,
826 767 898 819 uti
932 764 1173 834 quotidie
1231 770 1583 830 compareant
1629 762 1680 812 in
1722 761 1922 825 saraio,
1975 759 2185 827 sibique

648 850 914 925 drputatis
951 860 1002 910 in
1054 856 1187 909 locis
1236 853 1356 907 aliis
1395 853 1661 916 sedeant.
1699 848 1984 907 Netionem
2037 851 2184 904 vocis

639 947 749 1021 liga
779 949 972 1002 lectori
1004 962 1123 1016 cap.
1160 946 1263 999 175
1294 942 1565 998 dedimus.
2050 925 2061 931 i

711 1041 1012 1107 Principem
1045 1054 1172 1091 vero
1203 1037 1344 1089 inter
1376 1037 1471 1087 bos
1502 1032 1783 1101 Agalarios
1825 1032 2000 1101 locum
2032 1031 2180 1084 obti-

644 1142 735 1184 net
790 1133 1161 1199 genizarorum
1194 1143 1291 1197 aga
1334 1127 1447 1179 sive
1478 1127 1751 1185 tribunus.
1793 1125 1884 1192 qui
1930 1123 2181 1175 Kibaiam

644 1223 756 1276 sive
789 1221 1049 1274 vicarium
1102 1233 1279 1281 suum,
1315 1226 1369 1270 et
1408 1217 1745 1283 capitaneos,
1781 1225 1835 1267 et
1870 1214 2186 1266 cohortium

643 1312 830 1373 duces.
880 1318 935 1363 et
983 1308 1116 1363 alios
1155 1306 1349 1362 ofﬁciis
1387 1304 1665 1374 prefectos
1722 1304 1901 1357 habet.
1939 1299 2189 1367 Adeoque

646 1404 747 1455 sub
775 1403 894 1471 ejus
925 1398 1121 1452 vexillo
1147 1405 1256 1451 tam
1288 1400 1683 1466 genizarorum.
1717 1407 1875 1460 quam
1906 1389 2188 1444 solaccbo-

648 1506 791 1554 rum,
818 1491 1009 1559 viginti
1040 1489 1259 1543 circiter
1302 1487 1581 1540 hominum
1619 1484 1779 1536 millia
1810 1481 2061 1535 militant.

717 1585 1005 1638 Proximus
1036 1582 1161 1635 huic
1196 1580 1329 1633 emir
1379 1576 1561 1631 llalem
1585 1613 1600 1637 ,
1656 1574 1744 1644 qui
1794 1586 2077 1640 supremus
2107 1575 2191 1623 est

649 1677 934 1740 vexillifer,
961 1684 1014 1730 et
1062 1674 1116 1727 in
1168 1670 1606 1741 expeditionibus
1649 1667 1904 1721 vexillum
1957 1663 2192 1719 sultani-

651 1784 775 1821 nutu
817 1772 1013 1836 gestat,
1050 1773 1104 1817 et
1132 1761 1330 1831 alioqui
1360 1761 1548 1815 vexilla
1572 1758 1928 1828 beglerbegis,
1958 1757 2012 1807 in
2046 1768 2190 1806 mor-

2289 578 2555 645 cipnurun
2591 578 2845 644 begorum
2877 574 3032 638 aulae,
3053 574 3143 643 qui
3180 588 3284 627 non
3322 580 3585 626 tenentur
3609 572 3668 624 in
3699 571 3849 623 mili-

2292 669 2417 721 tiam
2452 670 2744 737 proﬁcisci,
2782 667 2885 720 nisi
2922 667 3158 736 aliquam
3196 666 3248 719 in
3280 664 3688 733 expeditionem
3730 665 3849 715 sul-

2292 768 2451 813 tanus
2502 760 2615 827 ipse
2651 759 2903 827 prodeat.
2941 757 3173 825 Ideoque
3217 766 3526 811 nostrorum
3560 756 3629 809 ad
3682 756 3853 808 Baio-

2292 867 2420 904 num
2447 851 2881 917 similitudinem,
2916 851 3067 905 liberi
3087 866 3208 905 esse
3229 850 3431 903 volunt.
3461 848 3649 918 Μαίοτί
3679 851 3851 902 etian

2293 958 2354 997 ex
2393 952 2541 1010 parte
2565 942 2656 995 ﬁlii
2716 952 2845 997 sunt
2887 944 3193 1007 bassarnm,
3224 954 3533 1009 procerum,
3594 940 3850 1009 beneque

2296 1034 2611 1088 meritorum
2643 1032 2880 1086 virorum
2912 1034 2978 1085 de
3008 1031 3337 1085 (ismanidis.

2364 1125 2468 1178 Sex
2503 1127 2713 1193 Agalari
2751 1126 2864 1179 sive
2918 1123 3118 1178 tribuni
3182 1122 3563 1191 Spaehiorum.
3628 1122 3680 1175 id
3745 1133 3852 1185 est,

2294 1216 2566 1283 equitatus
2628 1214 2937 1267 immediate
3005 1213 3244 1281 deputati
3300 1211 3564 1266 custodiae
3587 1199 3851 1267 °sultani.

2296 1297 2498 1361 Horum
2532 1307 2643 1358 haec
2676 1306 2895 1358 nomina
2929 1315 3055 1359 sunt
3097 1323 3113 1359 :
3174 1348 3183 1359 .

2366 1398 2417 1452 1.
2450 1397 2753 1464 Spaboglan
2786 1398 2916 1465 Aga,
2965 1395 3044 1450 vel
3086 1395 3269 1464 Agasi.

2371 1490 2424 1543 2.
2466 1488 2721 1541 Silichtar
2743 1488 2926 1557 Agasi.

2362 1582 2416 1634 5.
2448 1581 2552 1650 Sag
2576 1579 2805 1634 Ulefetzi
2839 1580 3010 1634 bassi.

2369 1673 2423 1726 4.
2455 1670 2544 1724 Sol
2570 1671 2797 1725 Ulefetzi
2829 1667 2995 1725 ba‘ssl.

2371 1763 2419 1815 5.
2455 1762 2559 1831 Sag
2582 1761 2746 1817 Garib
2780 1762 2965 1833 Agasi.
3006 1814 3009 1815 ,

650 1825 862 1911 tuorum
888 1825 1010 1910 ioca:
1054 1825 1362 1909 substitutis
1386 1890 1403 1916 ,
1448 1825 1742 1917 itidemque
1796 1845 2190 1915 sangiaebegis,
2221 1825 2269 1890 Β
2363 1852 2415 1906 6.
2450 1825 2731 1907 Soiuar-ib
2758 1825 2945 1922 Agasi.

650 1946 829 2001 offert.
858 1945 1064 2014 Quippe
1093 1959 1214 1998 eum
1240 1943 1362 2012 quis
1387 1942 1578 1995 borum
1611 1954 1640 1992 a
1664 1938 1839 1993 bassis
1874 1936 1926 1990 in
1952 1936 2193 1989 defuncti

653 2041 833 2093 locum
866 2037 1078 2091 electus
1118 2043 1221 2100 est,
1259 2048 1383 2088 mox
1421 2032 1559 2085 emir
1597 2026 1781 2084 llalem
1818 2027 2120 2098 symbolum
2147 2027 2195 2081 ei

655 2128 933 2197 dignitatis
993 2126 1253 2180 vexillum
1300 2123 1463 2177 tradit
1496 2139 1510 2187 ;
1547 2120 1707 2175 simul
1745 2120 2103 2189 tympanistas
2142 2124 2195 2171 et

656 2197 908 2277 tibicines
945 2219 1011 2272 ad
1047 2218 1264 2271 domum
1301 2214 1385 2267 vel
1423 2210 1709 2267 tentorium
1736 2210 1897 2264 electi
1962 2210 2063 2281 sub
2107 2223 2197 2262 ve.

657 2323 867 2379 speram
905 2305 1092 2370 mittit,
1122 2312 1176 2357 et
1201 2301 1322 2356 istic
1366 2300 1578 2370 pulsare
1643 2311 1912 2369 tympana,
1949 2299 2107 2350 tibias
2138 2308 2199 2348 ac

656 2400 864 2455 ﬁstulas
895 2394 1054 2467 493
1085 2395 1285 2447 instare
1328 2390 1500 2461 jubet.
1547 2388 1799 2444 Ofﬁcium
1859 2388 2195 2442 fructuosum

654 2499 756 2552 est,
791 2499 844 2543 et
878 2488 1037 2555 primi
1095 2484 1391 2540 secundum
1446 2484 1820 2551 genizarorum
1896 2493 2050 2548 agam
2103 2495 2199 2534 no-

657 2582 817 2638 minis
843 2593 907 2633 ac
932 2578 1057 2633 loci.

722 2693 935 2762 Capitzi
981 2690 1176 2749 bassaa,
1216 2669 1378 2741 modo
1407 2696 1663 2754 quatuor,
1707 2682 1867 2739 modo
1924 2699 2040 2748 sex,
2099 2699 2198 2753 pro

658 2782 884 2838 arbitrio
918 2779 1117 2834 sultani
1143 2784 1414 2831 creantur.
1446 2775 1508 2829 Et
1538 2774 1776 2844 praefecti
1804 2781 1933 2829 sunt
1979 2771 2202 2842 eapitzi-

663 2871 828 2933 lariis,
855 2869 905 2920 id
932 2874 1037 2932 est,
1068 2864 1393 2935 janitoribus
1435 2884 1449 2919 :
1512 2862 1816 2931 habentque
1871 2860 2064 2931 singuli
2099 2859 2201 2914 sub

660 2976 717 3015 se
743 2967 1012 3014 trecentos
1068 2966 1162 3010 aut
1192 2954 1617 3025 quadringentos
1640 2952 2029 3020 capitzilarios,
2066 2964 2202 3019 quo-

660 3066 776 3105 rum
808 3060 889 3105 est
924 3048 1191 3103 inservire
1224 3046 1393 3115 ipsius
1422 3058 1666 3113 personae
1695 3042 1919 3105 sultani.
1967 3056 2200 3110 eumque

659 3138 1036 3198 circumstare,
1079 3134 1294 3201 quoties
1356 3130 1568 3198 publice
1603 3129 1910 3181 facultatem
1968 3128 2202 3183 adeundi

659 3237 717 3275 se
744 3221 964 3291 prmbet,
996 3220 1139 3289 quod
1167 3218 1495 3273 audientiam
1540 3217 1671 3270 dare
1700 3217 1927 3271 dicunt:
1971 3224 2024 3270 et
2074 3218 2199 3272 belli

661 3323 924 3381 tempore,
961 3311 1177 3381 quando
1224 3312 1473 3365 sultanus
1524 3312 1799 3364 incastris
1834 3317 1937 3372 est,
1988 3310 2194 3363 circum

663 3407 832 3469 ipsum
858 3403 1114 3456 excubias
1147 3402 1316 3454 instar
1353 3400 1812 3455 cubiculariorum
1839 3410 2025 3471 agunt.

733 3496 845 3547 Duo
890 3490 1130 3561 prafecti
1167 3491 1398 3555 stabulo,
1438 3490 1611 3558 major
1641 3500 1694 3544 et
1750 3491 1948 3545 minor.
1979 3490 2198 3546 Primus

664 3585 797 3654 ipsis
847 3582 1013 3651 Bujuc
1064 3579 1214 3634 Emir
1258 3579 1435 3643 Abor',
1480 3578 1562 3632 vel
1607 3579 1807 3643 Achor,
1868 3582 1948 3634 vel
1982 3580 2197 3635 Achar:

662 3672 817 3731 alter,
842 3668 1042 3736 (Jutng
1073 3667 1221 3721 Emir
1259 3666 1463 3728 Acbur,
1496 3664 1812 3733 appellatur.
1848 3664 2017 3735 Vulgo
2054 3680 2201 3721 nter-

662 3777 765 3833 que
792 3759 991 3814 dicitur
1042 3756 1320 3811 hnbrahor
1353 3754 1519 3808 bassi.
1553 3752 1705 3821 Apud
1761 3754 1978 3807 Graeciae
2010 3766 2200 3823 priete-

662 3866 772 3904 rem
808 3859 1051 3903 nostrum
1094 3863 1193 3902 vox
1244 3856 1327 3901 est
1371 3844 1781 3914 ἀμυραχούρης,
1833 3860 1897 3898 cx
1941 3843 2088 3898 Emir
2143 3855 2198 3899 et

663 3943 846 3996 Aebur
883 3944 1065 3995 itidem
1120 3940 1284 3993 facta.
1342 3938 1470 3994 Vide
1505 3954 1533 3992 a
1566 3938 1721 3993 nobis
1758 3939 2022 4006 explicata
2074 3956 2195 4008 cap.

668 4034 752 4095 Η,
781 4039 830 4085 et
847 4045 963 4098 cap.
985 4029 1111 4090 200,
1140 4029 1204 4080 ad
1231 4044 1364 4081 xxttt
1387 4038 1594 4095 portam
1617 4027 2186 4098 Constantinopoleos.

671 4122 876 4176 llabent
913 4122 965 4173 bi
1001 4136 1125 4175 suos
1156 4120 1318 4173 etiam
1350 4119 1595 4180 Kiliaias,
1616 4119 1667 4171 id
1693 4128 1799 4183 est,
1832 4120 2083 4181 vicarios,
2144 4130 2199 4174 et

672 4216 806 4269 alios
835 4211 1117 4283 praefectos
1145 4210 1385 4274 oﬂiciis,‘
1415 4222 1708 4277 eorumque
1737 4214 1927 4277 pareat
1956 4209 2198 4277 imperiis

666 4307 941 4358 hominum
968 4302 1034 4357 ad
1058 4304 1167 4356 duo
1202 4301 1390 4357 millia.

734 4393 909 4447 Tzaus
939 4392 1103 4456 bassi,
1139 4393 1453 4462 capitaneus
1482 4389 1595 4445 sive
1620 4388 1903 4459 praefectus
1940 4388 2197 4443 Tzausio-

665 4500 807 4547 rum,
847 4484 939 4551 qui
965 4497 1192 4535 numero
1220 4482 1341 4549 plus
1372 4481 1549 4535 minus
1580 4493 1706 4536 sunt
1764 4482 2110 4552 septingenti,
2145 4491 2200 4536 et

666 4591 783 4626 sum
814 4572 1086 4627 nobilibus
1112 4570 1303 4624 aulicis
1329 4572 1629 4638 comparari
1674 4582 1929 4640 possunt,
1971 4590 2201 4642 quorum
2241 4553 2281 4606 θ

668 4665 875 4719 scilicet
907 4677 1069 4729 opera
1120 4661 1284 4713 variis
1330 4659 1599 4728 principes
1629 4660 1683 4714 in
1719 4663 2200 4717 commissionibus

669 4768 720 4809 et
762 4756 1022 4809 mandatis
1060 4754 1413 4821 expediundis
1461 4765 1515 4806 et
1536 4752 1863 4809 deducendis
1894 4764 2203 4811 exterorum

674 4847 972 4915 principum
1008 4847 1217 4915 legatis,
1242 4854 1488 4899 utuntur.

742 4934 1209 5002 Capitzilariorum
1272 4934 1530 4996 Kicliaia,
1598 4936 1864 4989 maximus
1933 4936 2206 5001 vicarius,

673 5028 938 5097 quasique
992 5024 1382 5095 sulipraefeetus
1438 5030 1679 5082 oumium
1731 5028 2200 5097 Capitzilariorum

672 5117 783 5172 sive
806 5118 1123 5187 jauitorum.
1164 5116 1293 5185 Ejus
1336 5116 1567 5171 olIicium
1618 5122 1808 5185 poscit,
1839 5129 1896 5173 ut
1942 5135 2047 5172 una
2083 5137 2203 5173 cum

675 5207 1024 5263 TzausiOrum
1063 5208 1218 5263 bassa
1270 5209 1433 5278 pedes
1469 5210 1520 5261 in
1554 5210 1749 5263 divauo
1782 5226 1965 5264 coram
2024 5210 2207 5265 Bessis

674 5308 833 5363 astet,
876 5310 1184 5366 argenteum
1255 5316 1413 5352 manu
1470 5299 1720 5353 baculum
1762 5312 1975 5367 tenens,
2044 5318 2203 5371 quem

670 5391 883 5446 Graecos
906 5392 1107 5444 dixisse
1137 5391 1409 5459 σκῆπτρον
1442 5392 1555 5444 sive
1604 5404 1869 5461 sceptrum
1928 5410 2047 5461 cap.
2105 5395 2203 5447 175

672 5482 972 5535 notavimus
993 5499 1003 5533 :
1027 5491 1081 5532 ut
1108 5481 1543 5545 introducateos,
1573 5484 1661 5551 qui
1686 5484 1853 5536 audiri
1891 5484 2199 5551 postulant:

670 5582 728 5623 ut
765 5570 1055 5637 scripturas
1084 5586 1113 5621 e
1153 5568 1374 5631 Dimuo,
1406 5583 1525 5621 cum
1560 5586 1688 5624 usus
1722 5573 1909 5641 exigit,
1939 5573 2003 5624 ad
2032 5575 2203 5625 sulta-

672 5673 796 5712 num
830 5656 995 5709 ferat:
1022 5660 1242 5725 ejusque
1279 5658 1512 5709 vicissim
1548 5662 1844 5715 sententias
1890 5661 2199 5731 (resolutio-

674 5762 769 5804 nes
795 5747 951 5815 vulgo
990 5748 1188 5816 dicunt)
1222 5749 1530 5803 vezirazemi
1563 5748 1779 5805 referat.

2368 1942 2568 1997 Horum
2616 1959 2745 1998 vero
2800 1945 3138 1998 tribunorum
3195 1945 3577 2015 unusquisque
3642 1945 3849 2001 duobus

2298 2045 2387 2087 aut
2415 2035 2590 2090 tribus
2636 2036 2878 2103 equitum
2919 2037 3160 2091 millibus
3190 2047 3405 2105 praeest.

2371 2126 2680 2193 Sequuntur
2736 2140 2842 2178 non
2906 2127 3102 2194 pauci,
3173 2142 3404 2194 quorum
3461 2127 3849 2196 appellationes

2303 2214 2621 2285 simpliciter
2669 2209 2756 2270 hic
2792 2230 3073 2284 ponemus,
3101 2218 3153 2269 in
3184 2218 3605 2271 commodiorem
3628 2218 3842 2271 dilaturi

2302 2306 2477 2360 locum
2505 2316 2608 2360 tam
2641 2307 2987 2375 prolixiorem
3029 2309 3098 2363 de
3131 2309 3235 2374 his,
3262 2324 3423 2377 quam
3472 2310 3541 2362 de
3602 2310 3849 2377 plurimis

2301 2408 2563 2468 pra-terea
2630 2415 2774 2455 nune
2831 2401 3049 2455 silentio
3099 2392 3490 2471 prietereundis
3537 2402 3848 2467 explicatio-

2303 2507 2443 2545 DCIII.

2371 2585 2534 2652 Topzi
2565 2586 2733 2649 bassi,
2761 2582 3045 2653 prchectus
3072 2585 3389 2649 artilliarim,
3437 2585 3555 2640 sive
3589 2585 3748 2639 rebus
3782 2583 3845 2635 ad

2304 2683 2567 2729 tormenta
2589 2676 2777 2729 bellica
2814 2676 3201 2742 spectantibus.

2373 2763 2684 2832 Tzegebetzi
2738 2764 2919 2831 bassi,
2973 2765 3263 2836 praefectus
3296 2767 3502 2829 armis,
3555 2765 3638 2819 vel
3673 2778 3848 2816 arma-

2306 2862 2454 2909 turae.

2375 2946 2583 3001 Tzader
2606 2945 2801 3004 Mecter
2825 2948 2992 3015 bassi,
3040 2950 3325 3019 praefectus
3357 2952 3629 3007 tentoriis.

2308 3083 2313 3087 .
2378 3028 2601 3092 Tzalitzi
2636 3039 2833 3094 Mecter
2885 3042 3049 3105 bassi,
3079 3041 3368 3110 praefectura
3422 3044 3759 3101 tubicinibns
3797 3055 3845 3099 et

2308 3128 2530 3181 musica:
2550 3130 2838 3184 sultaniaat
2864 3133 3156 3185 castrensi.
3210 3120 3217 3131 ³

2381 3221 2534 3272 Autzi
2568 3221 2735 3286 bassi,
2775 3237 3061 3290 supremus
3102 3224 3177 3277 rei
3226 3228 3516 3282 venatorire
3543 3229 3843 3298 praefectus.

2379 3308 2614 3377 Doganzi
2647 3312 2813 3373 bassi,
2843 3312 3127 3381 praefectus
3181 3318 3545 3386 accipitrariis
3587 3323 3702 3379 sive
3754 3324 3844 3376 fal-

2308 3416 2567 3456 (ῖοηεπιιε.

2383 3491 2706 3559 Tzagersclii
2739 3495 2908 3563 bassi,
2934 3499 3223 3568 prmleetus
3255 3503 3410 3568 nisis,
3438 3520 3577 3574 quos
3601 3518 3843 3575 sparave-

2307 3595 2397 3635 I'OS
2428 3596 2707 3639 vocamus.

2382 3672 2683 3729 Samsoulzi
2723 3677 2888 3742 bassi,
2946 3682 3234 3748 praafeetus
3297 3686 3526 3741 canibus
3560 3689 3835 3743 venaticis.

2310 3764 2420 3820 Hoc
2450 3765 2678 3820 ofﬁcium
2706 3768 2847 3824 inter
2876 3773 3141 3843 praecipua
3199 3784 3536 3835 numeratur.
3584 3781 3646 3834 Et
3674 3799 3839 3850 quou-

2307 3856 2428 3910 dam
2459 3873 2523 3911 ex
2553 3858 2617 3912 iis
2648 3860 2737 3929 qui
2771 3873 3059 3930 praeerant,
3097 3867 3256 3939 deligi
3295 3870 3668 3940 geninrorum
3700 3875 3833 3940 Aga-

2300 3945 2427 3998 larii
2479 3948 2589 3999 sive
2628 3949 2851 4013 tribuni,
2908 3953 3177 4011 solebant.

2379 4029 2607 4101 Seguam
2642 4034 2810 4100 bassi,
2833 4037 3118 4106 praefectus"
3139 4041 3398 4109 jumentis
3424 4046 3754 4116 sagmatariis
3780 4047 3835 4099 in

2304 4124 2563 4187 exercitu,
2598 4126 2674 4178 vel
2710 4128 2762 4179 in
2797 4128 3059 4183 comitatu
3095 4134 3317 4186 sultani.
3348 4132 3597 4191 Jumenta
3622 4151 3736 4192 vero
3754 4152 3838 4190 sa-

2308 4213 2588 4276 gmataria,
2604 4214 2684 4268 vel
2704 4219 2992 4284 sagmaria,
3011 4221 3089 4275 vel
3111 4224 3342 4277 samaria
3358 4218 3484 4293 (pro
3496 4229 3685 4297 quibus
3705 4243 3837 4283 sum-

2309 4301 2479 4356 maria
2498 4318 2602 4357 non
2619 4314 2761 4359 recte
2777 4308 2937 4361 scribi
2954 4310 3090 4378 apud
3109 4310 3508 4383 Belvaeensem,
3520 4319 3834 4375 ostendimus

2308 4389 2481 4458 capite
2496 4390 2585 4460 20)
2618 4392 2790 4449 Graeci
2852 4412 3045 4452 vocare
3074 4401 3274 4467 solent,
3305 4417 3427 4471 qua
3456 4408 3631 4463 nostri
3660 4409 3826 4462 clitel-

2310 4480 2459 4537 Iaria.
2487 4482 2624 4538 Sunt
2656 4486 2710 4539 in
2740 4487 2825 4542 his
2848 4490 2991 4557 equi,
3028 4491 3177 4554 muli,
3215 4496 3444 4551 cameli:
3502 4502 3723 4553 rariores
3747 4509 3828 4551 ta-

2311 4590 2431 4629 men
2465 4579 2604 4644 apud
2633 4580 2840 4635 Turcos
2872 4583 2937 4636 ad
2973 4584 3116 4638 hunc
3141 4601 3296 4640 usum
3325 4589 3477 4657 equi,
3514 4593 3685 4661 plures
3713 4591 3828 4645 muli

2309 4670 2363 4714 et
2418 4666 2631 4719 cameli.
2670 4668 3005 4738 Quapropter
3046 4687 3073 4725 a
3105 4672 3354 4743 Seguane
3382 4679 3691 4733 recensendi
3746 4693 3827 4731 ve-

2313 4762 2487 4807 munt.

2324 4910 2327 4911 ν
2380 4842 2591 4897 Devctzi
2624 4846 2787 4909 bassi,
2828 4850 3110 4917 praefectus
3160 4855 3227 4910 iis
3280 4858 3369 4915 qui
3397 4862 3632 4917 camelos
3659 4870 3824 4931 agunt.

2380 4936 2609 4989 (ἔπιθι-ικί
2651 4938 2818 5002 bassi,
2850 4940 3135 5010 pracfectus
3168 4951 3515 5018 agasonibus,
3546 4957 3625 5010 vel
3672 4956 3822 5008 mulos

2314 5025 2617 5096 agentibus.

2383 5115 2559 5185 Harp:
2583 5118 2785 5183 Emini.
2820 5124 3103 5192 praefectus
3134 5143 3394 5199 equorum
3424 5137 3641 5204 pabulo.

2383 5207 2583 5261 Prmter
2609 5211 2704 5265 hos
2746 5228 2850 5265 non
2873 5218 3046 5284 exigui
3079 5222 3315 5275 nominis
3344 5224 3412 5276 ad
3451 5235 3656 5292 portam
3680 5228 3815 5277 sunt:

2384 5296 2615 5366 Depliter
2650 5300 2819 5357 Emiui
2863 5308 3147 5375 prarfeetus
3179 5311 3349 5371 libris.
3382 5315 3581 5381 quibus
3609 5314 3813 5367 Timan-

2312 5389 2667 5444 contiueutur.
2698 5394 2762 5446 Et
2790 5412 2951 5466 supra
3007 5402 3225 5466 copiose
3254 5401 3481 5464 dictum,
3540 5419 3656 5473 cap.
3711 5403 3809 5461 186.

2308 5477 2371 5531 de
2397 5482 2621 5537 timariis
2649 5495 2700 5539 et
2721 5487 3025 5553 timariotis,
3051 5494 3163 5545 sive
3186 5493 3545 5550 timaratis.Et
3572 5495 3813 5562 Eminigc-

2308 5574 2559 5625 neraliter
2581 5575 2781 5646 alioqui
2816 5578 3087 5646 signiﬁcat
3115 5596 3258 5642 eum,
3292 5586 3380 5651 qui
3417 5598 3695 5654 proventus
3719 5588 3807 5639 sive

2306 5657 2510 5712 reditus
2569 5662 2777 5730 aliquos
2806 5667 2997 5734 recipit
3028 5678 3081 5721 et
3116 5668 3480 5729 administrat.

2377 5748 2535 5803 Kihat
2562 5751 2757 5820 Emini,
2786 5758 3240 5825 superintcndens
3292 5768 3638 5832 cancellariae,
3664 5759 3793 5821 veluti
