  <div class='ocr_page' id='page_1' title='image "/cluster/home/n/w/nwhite01/storage/ocr_20150623/159/pst.000005714797/544.png"; bbox 0 0 4006 6338; ppageno 0'>
   <div class='ocr_carea' id='block_1_1' title="bbox 148 405 257 470">
    <p class='ocr_par' dir='ltr' id='par_1_1' title="bbox 148 405 257 470">
     <span class='ocr_line' id='line_1_1' title="bbox 148 405 257 470; baseline -0.009 0"><span class='ocrx_word' id='word_1_1' title='bbox 148 405 257 470; x_wconf 83' lang='grc' dir='ltr'><strong>9οι</strong></span> 
     </span>
    </p>
   </div>
   <div class='ocr_carea' id='block_1_2' title="bbox 1294 376 2254 466">
    <p class='ocr_par' dir='ltr' id='par_1_2' title="bbox 1294 376 2254 466">
     <span class='ocr_line' id='line_1_2' title="bbox 1294 376 2254 466; baseline 0.002 -2"><span class='ocrx_word' id='word_1_2' title='bbox 1294 403 1685 465; x_wconf 78' lang='lat' dir='ltr'><strong>PANDEC’I‘E</strong></span> <span class='ocrx_word' id='word_1_3' title='bbox 1727 402 1927 464; x_wconf 84' lang='lat' dir='ltr'><strong>IIlST.</strong></span> <span class='ocrx_word' id='word_1_4' title='bbox 1956 376 2254 466; x_wconf 74' lang='lat' dir='ltr'><strong>mnam.</strong></span> 
     </span>
    </p>
   </div>
   <div class='ocr_carea' id='block_1_3' title="bbox 3252 406 3355 471">
    <p class='ocr_par' dir='ltr' id='par_1_3' title="bbox 3252 406 3355 471">
     <span class='ocr_line' id='line_1_3' title="bbox 3252 406 3355 471; baseline 0 0"><span class='ocrx_word' id='word_1_5' title='bbox 3252 406 3355 471; x_wconf 79' lang='lat'><strong>902</strong></span> 
     </span>
    </p>
   </div>
   <div class='ocr_carea' id='block_1_4' title="bbox 150 518 3353 593">
    <p class='ocr_par' dir='ltr' id='par_1_4' title="bbox 150 518 3353 593">
     <span class='ocr_line' id='line_1_4' title="bbox 150 518 3353 593; baseline 0.002 -20"><span class='ocrx_word' id='word_1_6' title='bbox 150 526 375 573; x_wconf 84' lang='lat' dir='ltr'><strong>taxator</strong></span> <span class='ocrx_word' id='word_1_7' title='bbox 403 518 695 588; x_wconf 70' lang='lat' dir='ltr'><strong>quispiam;</strong></span> <span class='ocrx_word' id='word_1_8' title='bbox 728 527 918 575; x_wconf 90' lang='lat' dir='ltr'><strong>nostro</strong></span> <span class='ocrx_word' id='word_1_9' title='bbox 961 533 1140 576; x_wconf 89' lang='lat' dir='ltr'><strong>more:</strong></span> <span class='ocrx_word' id='word_1_10' title='bbox 1175 522 1265 588; x_wconf 86' lang='lat' dir='ltr'><strong>qui</strong></span> <span class='ocrx_word' id='word_1_11' title='bbox 1323 519 1524 591; x_wconf 86' lang='lat' dir='ltr'><strong>regalia</strong></span> <span class='ocrx_word' id='word_1_12' title='bbox 1576 534 1703 574; x_wconf 81' lang='lat' dir='ltr'><strong>can-</strong></span> <span class='ocrx_word' id='word_1_13' title='bbox 1741 532 1782 584; x_wconf 70' lang='grc' dir='ltr'>Α</span> <span class='ocrx_word' id='word_1_14' title='bbox 1813 522 2082 582; x_wconf 89' lang='lat' dir='ltr'><strong>heremus.</strong></span> <span class='ocrx_word' id='word_1_15' title='bbox 2100 527 2157 575; x_wconf 92' lang='lat' dir='ltr'><strong>et</strong></span> <span class='ocrx_word' id='word_1_16' title='bbox 2188 518 2425 591; x_wconf 86' lang='lat' dir='ltr'><strong>aliquem</strong></span> <span class='ocrx_word' id='word_1_17' title='bbox 2460 533 2490 576; x_wconf 90' lang='lat' dir='ltr'><strong>e</strong></span> <span class='ocrx_word' id='word_1_18' title='bbox 2511 522 2715 591; x_wconf 90' lang='lat' dir='ltr'><strong>nostris</strong></span> <span class='ocrx_word' id='word_1_19' title='bbox 2743 520 2931 576; x_wconf 88' lang='lat' dir='ltr'><strong>eodem</strong></span> <span class='ocrx_word' id='word_1_20' title='bbox 2958 522 3353 593; x_wconf 81' lang='lat' dir='ltr'><strong>ablegarcmus.</strong></span> 
     </span>
    </p>
   </div>
   <div class='ocr_carea' id='block_1_5' title="bbox 149 610 1702 682">
    <p class='ocr_par' dir='ltr' id='par_1_5' title="bbox 149 610 1702 682">
     <span class='ocr_line' id='line_1_5' title="bbox 149 610 1702 682; baseline -0.001 -19"><span class='ocrx_word' id='word_1_21' title='bbox 149 610 421 672; x_wconf 70' lang='lat' dir='ltr'><strong>cellarim,</strong></span> <span class='ocrx_word' id='word_1_22' title='bbox 485 625 601 678; x_wconf 72' lang='lat' dir='ltr'><strong>qua:</strong></span> <span class='ocrx_word' id='word_1_23' title='bbox 656 622 873 673; x_wconf 88' lang='lat' dir='ltr'><strong>vocant,</strong></span> <span class='ocrx_word' id='word_1_24' title='bbox 929 611 1131 680; x_wconf 83' lang='lat' dir='ltr'><strong>exigit,</strong></span> <span class='ocrx_word' id='word_1_25' title='bbox 1180 625 1476 682; x_wconf 88' lang='lat' dir='ltr'><strong>eorumque</strong></span> <span class='ocrx_word' id='word_1_26' title='bbox 1518 625 1702 665; x_wconf 88' lang='lat' dir='ltr'><strong>curam</strong></span> 
     </span>
    </p>
   </div>
   <div class='ocr_carea' id='block_1_6' title="bbox 152 699 1737 779">
    <p class='ocr_par' dir='ltr' id='par_1_6' title="bbox 152 699 1737 779">
     <span class='ocr_line' id='line_1_6' title="bbox 152 699 1737 779; baseline -0.002 -27"><span class='ocrx_word' id='word_1_27' title='bbox 152 701 520 753; x_wconf 70' lang='lat' dir='ltr'><strong>necessariam</strong></span> <span class='ocrx_word' id='word_1_28' title='bbox 561 700 721 768; x_wconf 84' lang='lat' dir='ltr'><strong>gerit.</strong></span> <span class='ocrx_word' id='word_1_29' title='bbox 753 699 862 754; x_wconf 90' lang='lat' dir='ltr'><strong>lloc</strong></span> <span class='ocrx_word' id='word_1_30' title='bbox 914 700 1151 755; x_wconf 80' lang='lat' dir='ltr'><strong>cilicium</strong></span> <span class='ocrx_word' id='word_1_31' title='bbox 1180 702 1482 779; x_wconf 71' lang='lat' dir='ltr'><strong>ceniparari</strong></span> <span class='ocrx_word' id='word_1_32' title='bbox 1533 702 1737 770; x_wconf 26' lang='lat' dir='ltr'><strong>pretioe</strong></span> 
     </span>
    </p>
   </div>
   <div class='ocr_carea' id='block_1_7' title="bbox 151 788 1703 860">
    <p class='ocr_par' dir='ltr' id='par_1_7' title="bbox 151 788 1703 860">
     <span class='ocr_line' id='line_1_7' title="bbox 151 788 1703 860; baseline 0.001 -18"><span class='ocrx_word' id='word_1_33' title='bbox 151 790 364 853; x_wconf 89' lang='lat' dir='ltr'><strong>decem,</strong></span> <span class='ocrx_word' id='word_1_34' title='bbox 416 788 496 843; x_wconf 93' lang='lat' dir='ltr'><strong>vel</strong></span> <span class='ocrx_word' id='word_1_35' title='bbox 550 789 712 843; x_wconf 88' lang='lat' dir='ltr'><strong>etiam</strong></span> <span class='ocrx_word' id='word_1_36' title='bbox 763 790 1070 860; x_wconf 81' lang='lat' dir='ltr'><strong>quindecim</strong></span> <span class='ocrx_word' id='word_1_37' title='bbox 1118 791 1344 845; x_wconf 85' lang='lat' dir='ltr'><strong>millium</strong></span> <span class='ocrx_word' id='word_1_38' title='bbox 1382 792 1703 845; x_wconf 88' lang='lat' dir='ltr'><strong>ducatorutn</strong></span> 
     </span>
    </p>
   </div>
   <div class='ocr_carea' id='block_1_8' title="bbox 154 879 1701 953">
    <p class='ocr_par' dir='ltr' id='par_1_8' title="bbox 154 879 1701 953">
     <span class='ocr_line' id='line_1_8' title="bbox 154 879 1701 953; baseline 0.003 -21"><span class='ocrx_word' id='word_1_39' title='bbox 154 879 411 951; x_wconf 85' lang='lat' dir='ltr'><strong>singulos</strong></span> <span class='ocrx_word' id='word_1_40' title='bbox 461 880 515 934; x_wconf 93' lang='lat' dir='ltr'><strong>in</strong></span> <span class='ocrx_word' id='word_1_41' title='bbox 548 894 737 947; x_wconf 85' lang='lat' dir='ltr'><strong>annos,</strong></span> <span class='ocrx_word' id='word_1_42' title='bbox 771 885 942 938; x_wconf 88' lang='lat' dir='ltr'><strong>solet:</strong></span> <span class='ocrx_word' id='word_1_43' title='bbox 990 896 1099 952; x_wconf 90' lang='lat' dir='ltr'><strong>quo</strong></span> <span class='ocrx_word' id='word_1_44' title='bbox 1156 883 1319 951; x_wconf 88' lang='lat' dir='ltr'><strong>potiri</strong></span> <span class='ocrx_word' id='word_1_45' title='bbox 1373 882 1465 953; x_wconf 86' lang='lat' dir='ltr'><strong>qui</strong></span> <span class='ocrx_word' id='word_1_46' title='bbox 1502 889 1701 952; x_wconf 85' lang='lat' dir='ltr'><strong>potest,</strong></span> 
     </span>
    </p>
   </div>
   <div class='ocr_carea' id='block_1_9' title="bbox 156 958 836 1043">
    <p class='ocr_par' dir='ltr' id='par_1_9' title="bbox 156 958 836 1043">
     <span class='ocr_line' id='line_1_9' title="bbox 156 958 836 1043; baseline 0.007 -18"><span class='ocrx_word' id='word_1_47' title='bbox 156 973 427 1029; x_wconf 76' lang='lat' dir='ltr'><strong>maximas</strong></span> <span class='ocrx_word' id='word_1_48' title='bbox 458 958 588 1043; x_wconf 51' lang='lat' dir='ltr'><strong>cpias</strong></span> <span class='ocrx_word' id='word_1_49' title='bbox 608 974 836 1043; x_wconf 75' lang='lat' dir='ltr'><strong>colligit.</strong></span> 
     </span>
    </p>
   </div>
   <div class='ocr_carea' id='block_1_10' title="bbox 223 1062 1697 1137">
    <p class='ocr_par' dir='ltr' id='par_1_10' title="bbox 223 1062 1697 1137">
     <span class='ocr_line' id='line_1_10' title="bbox 223 1062 1697 1137; baseline 0.002 -22"><span class='ocrx_word' id='word_1_50' title='bbox 223 1062 465 1120; x_wconf 86' lang='lat' dir='ltr'><strong>Tersaue</strong></span> <span class='ocrx_word' id='word_1_51' title='bbox 526 1064 729 1130; x_wconf 87' lang='lat' dir='ltr'><strong>Emini,</strong></span> <span class='ocrx_word' id='word_1_52' title='bbox 782 1067 1230 1137; x_wconf 87' lang='lat' dir='ltr'><strong>superinteudcns</strong></span> <span class='ocrx_word' id='word_1_53' title='bbox 1284 1065 1600 1130; x_wconf 82' lang='lat' dir='ltr'><strong>Arsenalis,</strong></span> <span class='ocrx_word' id='word_1_54' title='bbox 1647 1065 1697 1119; x_wconf 91' lang='lat' dir='ltr'><strong>id</strong></span> 
     </span>
    </p>
   </div>
   <div class='ocr_carea' id='block_1_11' title="bbox 150 1146 1704 1228">
    <p class='ocr_par' dir='ltr' id='par_1_11' title="bbox 150 1146 1704 1228">
     <span class='ocr_line' id='line_1_11' title="bbox 150 1146 1704 1228; baseline -0.001 -21"><span class='ocrx_word' id='word_1_55' title='bbox 150 1164 254 1216; x_wconf 85' lang='lat' dir='ltr'><strong>est,</strong></span> <span class='ocrx_word' id='word_1_56' title='bbox 288 1155 381 1225; x_wconf 88' lang='lat' dir='ltr'><strong>qui</strong></span> <span class='ocrx_word' id='word_1_57' title='bbox 418 1146 640 1225; x_wconf 77' lang='lat' dir='ltr'><strong>vstoptou</strong></span> <span class='ocrx_word' id='word_1_58' title='bbox 680 1158 975 1228; x_wconf 78' lang='grc' dir='ltr'><strong>φροντισής</strong></span> <span class='ocrx_word' id='word_1_59' title='bbox 1002 1165 1107 1224; x_wconf 90' lang='lat' dir='ltr'><strong>est,</strong></span> <span class='ocrx_word' id='word_1_60' title='bbox 1136 1157 1250 1211; x_wconf 84' lang='lat' dir='ltr'><strong>sive</strong></span> <span class='ocrx_word' id='word_1_61' title='bbox 1283 1156 1601 1226; x_wconf 80' lang='grc' dir='ltr'><strong>προνοητής,</strong></span> <span class='ocrx_word' id='word_1_62' title='bbox 1643 1162 1704 1207; x_wconf 80' lang='grc' dir='ltr'><strong>ιιι</strong></span> 
     </span>
    </p>
   </div>
   <div class='ocr_carea' id='block_1_12' title="bbox 150 1242 1494 1314">
    <p class='ocr_par' dir='ltr' id='par_1_12' title="bbox 150 1242 1494 1314">
     <span class='ocr_line' id='line_1_12' title="bbox 150 1242 1494 1314; baseline 0.001 -18"><span class='ocrx_word' id='word_1_63' title='bbox 150 1244 329 1297; x_wconf 76' lang='lat' dir='ltr'><strong>Graeci</strong></span> <span class='ocrx_word' id='word_1_64' title='bbox 355 1242 566 1308; x_wconf 89' lang='lat' dir='ltr'><strong>dicunt,</strong></span> <span class='ocrx_word' id='word_1_65' title='bbox 601 1246 714 1299; x_wconf 89' lang='lat' dir='ltr'><strong>sive</strong></span> <span class='ocrx_word' id='word_1_66' title='bbox 741 1244 831 1314; x_wconf 88' lang='lat' dir='ltr'><strong>qui</strong></span> <span class='ocrx_word' id='word_1_67' title='bbox 874 1245 1082 1299; x_wconf 87' lang='lat' dir='ltr'><strong>navalis</strong></span> <span class='ocrx_word' id='word_1_68' title='bbox 1120 1259 1305 1298; x_wconf 90' lang='lat' dir='ltr'><strong>curam</strong></span> <span class='ocrx_word' id='word_1_69' title='bbox 1334 1244 1494 1313; x_wconf 80' lang='lat' dir='ltr'><strong>gerit.</strong></span> 
     </span>
    </p>
   </div>
   <div class='ocr_carea' id='block_1_13' title="bbox 224 1331 1705 1411">
    <p class='ocr_par' dir='ltr' id='par_1_13' title="bbox 224 1331 1705 1411">
     <span class='ocr_line' id='line_1_13' title="bbox 224 1331 1705 1411; baseline -0.001 -26"><span class='ocrx_word' id='word_1_70' title='bbox 224 1331 367 1387; x_wconf 91' lang='lat' dir='ltr'><strong>Sunt</strong></span> <span class='ocrx_word' id='word_1_71' title='bbox 397 1334 500 1388; x_wconf 89' lang='lat' dir='ltr'><strong>alia</strong></span> <span class='ocrx_word' id='word_1_72' title='bbox 527 1350 743 1404; x_wconf 77' lang='lat' dir='ltr'><strong>quoque</strong></span> <span class='ocrx_word' id='word_1_73' title='bbox 766 1346 872 1387; x_wconf 88' lang='lat' dir='ltr'><strong>tam</strong></span> <span class='ocrx_word' id='word_1_74' title='bbox 904 1334 1097 1397; x_wconf 76' lang='lat' dir='ltr'><strong>cilicia.</strong></span> <span class='ocrx_word' id='word_1_75' title='bbox 1132 1349 1291 1402; x_wconf 85' lang='lat' dir='ltr'><strong>quam</strong></span> <span class='ocrx_word' id='word_1_76' title='bbox 1334 1332 1588 1411; x_wconf 68' lang='lat' dir='ltr'><strong>olljciales</strong></span> <span class='ocrx_word' id='word_1_77' title='bbox 1605 1332 1705 1387; x_wconf 82' lang='lat' dir='ltr'><strong>Os-</strong></span> 
     </span>
    </p>
   </div>
   <div class='ocr_carea' id='block_1_14' title="bbox 154 1423 1703 1495">
    <p class='ocr_par' dir='ltr' id='par_1_14' title="bbox 154 1423 1703 1495">
     <span class='ocr_line' id='line_1_14' title="bbox 154 1423 1703 1495; baseline 0.001 -21"><span class='ocrx_word' id='word_1_78' title='bbox 154 1424 383 1478; x_wconf 61' lang='lat' dir='ltr'><strong>manica?</strong></span> <span class='ocrx_word' id='word_1_79' title='bbox 402 1423 599 1490; x_wconf 64' lang='lat' dir='ltr'><strong>Porta},</strong></span> <span class='ocrx_word' id='word_1_80' title='bbox 631 1427 898 1478; x_wconf 89' lang='lat' dir='ltr'><strong>minorum</strong></span> <span class='ocrx_word' id='word_1_81' title='bbox 921 1432 1100 1478; x_wconf 90' lang='lat' dir='ltr'><strong>tamen</strong></span> <span class='ocrx_word' id='word_1_82' title='bbox 1129 1426 1206 1478; x_wconf 88' lang='lat' dir='ltr'><strong>illi</strong></span> <span class='ocrx_word' id='word_1_83' title='bbox 1234 1424 1399 1495; x_wconf 86' lang='lat' dir='ltr'><strong>(quod</strong></span> <span class='ocrx_word' id='word_1_84' title='bbox 1417 1424 1523 1479; x_wconf 89' lang='lat' dir='ltr'><strong>dici</strong></span> <span class='ocrx_word' id='word_1_85' title='bbox 1544 1423 1703 1493; x_wconf 81' lang='lat' dir='ltr'><strong>solet)</strong></span> 
     </span>
    </p>
   </div>
   <div class='ocr_carea' id='block_1_15' title="bbox 152 1514 1707 1587">
    <p class='ocr_par' dir='ltr' id='par_1_15' title="bbox 152 1514 1707 1587">
     <span class='ocr_line' id='line_1_15' title="bbox 152 1514 1707 1587; baseline 0.003 -20"><span class='ocrx_word' id='word_1_86' title='bbox 152 1516 444 1585; x_wconf 84' lang='lat' dir='ltr'><strong>gentium:</strong></span> <span class='ocrx_word' id='word_1_87' title='bbox 480 1524 535 1569; x_wconf 90' lang='lat' dir='ltr'><strong>et</strong></span> <span class='ocrx_word' id='word_1_88' title='bbox 585 1528 647 1569; x_wconf 92' lang='lat' dir='ltr'><strong>co</strong></span> <span class='ocrx_word' id='word_1_89' title='bbox 695 1516 910 1585; x_wconf 85' lang='lat' dir='ltr'><strong>quidem</strong></span> <span class='ocrx_word' id='word_1_90' title='bbox 942 1514 1105 1587; x_wconf 63' lang='grc'><strong>494</strong></span> <span class='ocrx_word' id='word_1_91' title='bbox 1164 1530 1409 1581; x_wconf 90' lang='lat' dir='ltr'><strong>numero,</strong></span> <span class='ocrx_word' id='word_1_92' title='bbox 1445 1516 1616 1586; x_wconf 87' lang='lat' dir='ltr'><strong>magis</strong></span> <span class='ocrx_word' id='word_1_93' title='bbox 1649 1526 1707 1571; x_wconf 89' lang='lat' dir='ltr'><strong>ut</strong></span> 
     </span>
    </p>
   </div>
   <div class='ocr_carea' id='block_1_16' title="bbox 156 1605 1705 1677">
    <p class='ocr_par' dir='ltr' id='par_1_16' title="bbox 156 1605 1705 1677">
     <span class='ocr_line' id='line_1_16' title="bbox 156 1605 1705 1677; baseline 0.003 -20"><span class='ocrx_word' id='word_1_94' title='bbox 156 1606 416 1660; x_wconf 87' lang='lat' dir='ltr'><strong>idoneum</strong></span> <span class='ocrx_word' id='word_1_95' title='bbox 448 1605 627 1661; x_wconf 82' lang='lat' dir='ltr'><strong>locum</strong></span> <span class='ocrx_word' id='word_1_96' title='bbox 660 1607 763 1660; x_wconf 90' lang='lat' dir='ltr'><strong>sibi</strong></span> <span class='ocrx_word' id='word_1_97' title='bbox 788 1617 1037 1677; x_wconf 90' lang='lat' dir='ltr'><strong>poscant,</strong></span> <span class='ocrx_word' id='word_1_98' title='bbox 1070 1605 1160 1660; x_wconf 91' lang='lat' dir='ltr'><strong>ubi</strong></span> <span class='ocrx_word' id='word_1_99' title='bbox 1194 1607 1406 1675; x_wconf 89' lang='lat' dir='ltr'><strong>plenius</strong></span> <span class='ocrx_word' id='word_1_100' title='bbox 1435 1608 1705 1677; x_wconf 86' lang='lat' dir='ltr'><strong>explicen-</strong></span> 
     </span>
    </p>
   </div>
   <div class='ocr_carea' id='block_1_17' title="bbox 154 1696 1705 1766">
    <p class='ocr_par' dir='ltr' id='par_1_17' title="bbox 154 1696 1705 1766">
     <span class='ocr_line' id='line_1_17' title="bbox 154 1696 1705 1766; baseline 0.002 -17"><span class='ocrx_word' id='word_1_101' title='bbox 154 1704 267 1749; x_wconf 90' lang='lat' dir='ltr'><strong>tur.</strong></span> <span class='ocrx_word' id='word_1_102' title='bbox 297 1696 509 1751; x_wconf 88' lang='lat' dir='ltr'><strong>Interea</strong></span> <span class='ocrx_word' id='word_1_103' title='bbox 551 1699 880 1762; x_wconf 89' lang='lat' dir='ltr'><strong>vero,..dum</strong></span> <span class='ocrx_word' id='word_1_104' title='bbox 941 1697 1298 1752; x_wconf 89' lang='lat' dir='ltr'><strong>luculentiora</strong></span> <span class='ocrx_word' id='word_1_105' title='bbox 1351 1710 1622 1766; x_wconf 88' lang='lat' dir='ltr'><strong>paramus,</strong></span> <span class='ocrx_word' id='word_1_106' title='bbox 1653 1707 1705 1752; x_wconf 93' lang='lat' dir='ltr'><strong>et</strong></span> 
     </span>
    </p>
   </div>
   <div class='ocr_carea' id='block_1_18' title="bbox 156 1787 1699 1858">
    <p class='ocr_par' dir='ltr' id='par_1_18' title="bbox 156 1787 1699 1858">
     <span class='ocr_line' id='line_1_18' title="bbox 156 1787 1699 1858; baseline 0.001 -19"><span class='ocrx_word' id='word_1_107' title='bbox 156 1787 376 1856; x_wconf 85' lang='lat' dir='ltr'><strong>quidem</strong></span> <span class='ocrx_word' id='word_1_108' title='bbox 430 1788 625 1842; x_wconf 88' lang='lat' dir='ltr'><strong>horum</strong></span> <span class='ocrx_word' id='word_1_109' title='bbox 655 1788 1008 1843; x_wconf 88' lang='lat' dir='ltr'><strong>collationum</strong></span> <span class='ocrx_word' id='word_1_110' title='bbox 1031 1802 1155 1843; x_wconf 87' lang='lat' dir='ltr'><strong>cum</strong></span> <span class='ocrx_word' id='word_1_111' title='bbox 1180 1788 1367 1857; x_wconf 82' lang='lat' dir='ltr'><strong>palatii</strong></span> <span class='ocrx_word' id='word_1_112' title='bbox 1400 1796 1454 1843; x_wconf 88' lang='lat' dir='ltr'><strong>et</strong></span> <span class='ocrx_word' id='word_1_113' title='bbox 1488 1789 1699 1858; x_wconf 91' lang='lat' dir='ltr'><strong>imperii</strong></span> 
     </span>
    </p>
   </div>
   <div class='ocr_carea' id='block_1_19' title="bbox 160 1878 1699 1950">
    <p class='ocr_par' dir='ltr' id='par_1_19' title="bbox 160 1878 1699 1950">
     <span class='ocr_line' id='line_1_19' title="bbox 160 1878 1699 1950; baseline 0.003 -20"><span class='ocrx_word' id='word_1_114' title='bbox 160 1878 334 1935; x_wconf 79' lang='lat' dir='ltr'><strong>Graeci</strong></span> <span class='ocrx_word' id='word_1_115' title='bbox 394 1880 783 1949; x_wconf 78' lang='lat' dir='ltr'><strong>dignitatibus,</strong></span> <span class='ocrx_word' id='word_1_116' title='bbox 838 1882 953 1936; x_wconf 61' lang='lat' dir='ltr'><strong>haec</strong></span> <span class='ocrx_word' id='word_1_117' title='bbox 1005 1880 1251 1937; x_wconf 82' lang='lat' dir='ltr'><strong>benevoli</strong></span> <span class='ocrx_word' id='word_1_118' title='bbox 1291 1880 1524 1937; x_wconf 86' lang='lat' dir='ltr'><strong>lectores</strong></span> <span class='ocrx_word' id='word_1_119' title='bbox 1565 1882 1699 1950; x_wconf 85' lang='lat' dir='ltr'><strong>aequi</strong></span> 
     </span>
    </p>
   </div>
   <div class='ocr_carea' id='block_1_20' title="bbox 157 1958 820 2038">
    <p class='ocr_par' dir='ltr' id='par_1_20' title="bbox 157 1958 820 2038">
     <span class='ocr_line' id='line_1_20' title="bbox 157 1958 820 2038; baseline 0.005 -15"><span class='ocrx_word' id='word_1_120' title='bbox 157 1969 395 2038; x_wconf 81' lang='lat' dir='ltr'><strong>bonique</strong></span> <span class='ocrx_word' id='word_1_121' title='bbox 433 1969 655 2026; x_wconf 83' lang='lat' dir='ltr'><strong>faciant.</strong></span> <span class='ocrx_word' id='word_1_122' title='bbox 797 1958 820 1969; x_wconf 27' lang='lat'>~</span> 
     </span>
    </p>
   </div>
   <div class='ocr_carea' id='block_1_21' title="bbox 155 2103 1701 2177">
    <p class='ocr_par' dir='ltr' id='par_1_21' title="bbox 155 2103 1701 2177">
     <span class='ocr_line' id='line_1_21' title="bbox 155 2103 1701 2177; baseline 0.002 -20"><span class='ocrx_word' id='word_1_123' title='bbox 155 2103 283 2177; x_wconf 65' lang='lat'><strong>229.</strong></span> <span class='ocrx_word' id='word_1_124' title='bbox 318 2104 530 2160; x_wconf 81' lang='lat' dir='ltr'><strong>Primus</strong></span> <span class='ocrx_word' id='word_1_125' title='bbox 554 2106 736 2177; x_wconf 72' lang='lat' dir='ltr'><strong>Denisi</strong></span> <span class='ocrx_word' id='word_1_126' title='bbox 762 2106 1093 2177; x_wconf 85' lang='lat' dir='ltr'><strong>beglerbegus</strong></span> <span class='ocrx_word' id='word_1_127' title='bbox 1124 2107 1296 2177; x_wconf 79' lang='lat' dir='ltr'><strong>foetus</strong></span> <span class='ocrx_word' id='word_1_128' title='bbox 1320 2105 1701 2177; x_wconf 78' lang='lat' dir='ltr'><strong>Chairadiues;</strong></span> 
     </span>
    </p>
   </div>
   <div class='ocr_carea' id='block_1_22' title="bbox 228 2173 1704 2244">
    <p class='ocr_par' dir='ltr' id='par_1_22' title="bbox 228 2173 1704 2244">
     <span class='ocr_line' id='line_1_22' title="bbox 228 2173 1704 2244; baseline 0.001 -18"><span class='ocrx_word' id='word_1_129' title='bbox 228 2173 523 2242; x_wconf 81' lang='lat' dir='ltr'><strong>Sangiacus</strong></span> <span class='ocrx_word' id='word_1_130' title='bbox 549 2173 1077 2244; x_wconf 58' lang='lat' dir='ltr'><strong>Gallipolis&#39;nuttuni</strong></span> <span class='ocrx_word' id='word_1_131' title='bbox 1108 2173 1335 2230; x_wconf 74' lang='lat' dir='ltr'><strong>Muralis</strong></span> <span class='ocrx_word' id='word_1_132' title='bbox 1359 2176 1515 2243; x_wconf 82' lang='lat' dir='ltr'><strong>hujus</strong></span> <span class='ocrx_word' id='word_1_133' title='bbox 1549 2178 1704 2241; x_wconf 78' lang='lat' dir='ltr'><strong>justi-</strong></span> 
     </span>
    </p>
   </div>
   <div class='ocr_carea' id='block_1_23' title="bbox 225 2244 1707 2381">
    <p class='ocr_par' dir='ltr' id='par_1_23' title="bbox 225 2244 1707 2381">
     <span class='ocr_line' id='line_1_23' title="bbox 229 2244 1707 2313; baseline 0.003 -20"><span class='ocrx_word' id='word_1_134' title='bbox 229 2244 342 2305; x_wconf 82' lang='lat' dir='ltr'><strong>tia;</strong></span> <span class='ocrx_word' id='word_1_135' title='bbox 372 2260 400 2293; x_wconf 88' lang='grc' dir='ltr'>σ</span> <span class='ocrx_word' id='word_1_136' title='bbox 441 2245 660 2312; x_wconf 72' lang='grc' dir='ltr'><strong>πηγός,</strong></span> <span class='ocrx_word' id='word_1_137' title='bbox 690 2246 792 2299; x_wconf 79' lang='lat' dir='ltr'><strong>sive</strong></span> <span class='ocrx_word' id='word_1_138' title='bbox 820 2255 1013 2311; x_wconf 64' lang='lat' dir='ltr'><strong>praeter</strong></span> <span class='ocrx_word' id='word_1_139' title='bbox 1044 2244 1503 2313; x_wconf 79' lang='lat' dir='ltr'><strong>Calliopofituuus,</strong></span> <span class='ocrx_word' id='word_1_140' title='bbox 1534 2254 1580 2298; x_wconf 84' lang='lat' dir='ltr'><strong>et</strong></span> <span class='ocrx_word' id='word_1_141' title='bbox 1608 2246 1707 2299; x_wconf 81' lang='grc' dir='ltr'><strong>δω-</strong></span> 
     </span>
     <span class='ocr_line' id='line_1_24' title="bbox 225 2260 1289 2381; baseline 0.007 -19"><span class='ocrx_word' id='word_1_142' title='bbox 225 2260 557 2381; x_wconf 51' lang='grc' dir='ltr'>δεκανέσους</span> <span class='ocrx_word' id='word_1_143' title='bbox 598 2313 812 2367; x_wconf 76' lang='lat' dir='ltr'><strong>Cedrini</strong></span> <span class='ocrx_word' id='word_1_144' title='bbox 842 2326 1074 2369; x_wconf 80' lang='lat' dir='ltr'><strong>correcta</strong></span> <span class='ocrx_word' id='word_1_145' title='bbox 1100 2316 1289 2370; x_wconf 71' lang='lat' dir='ltr'><strong>uenio.</strong></span> 
     </span>
    </p>
   </div>
   <div class='ocr_carea' id='block_1_24' title="bbox 257 2350 1289 2379">
    <p class='ocr_par' dir='ltr' id='par_1_24' title="bbox 257 2350 1289 2379">
     <span class='ocr_line' id='line_1_25' title="bbox 257 2350 1289 2379; baseline 0.008 -18"><span class='ocrx_word' id='word_1_146' title='bbox 257 2350 522 2379; x_wconf 62' lang='grc' dir='ltr'><strong>νηυινσινσνυ</strong></span> <span class='ocrx_word' id='word_1_147' title='bbox 543 2354 557 2379; x_wconf 73' lang='grc'><strong>,</strong></span> <span class='ocrx_word' id='word_1_148' title='bbox 598 2350 721 2367; x_wconf 62' lang='lat' dir='ltr'><strong>vv“.</strong></span> <span class='ocrx_word' id='word_1_149' title='bbox 737 2350 811 2367; x_wconf 68' lang='grc' dir='ltr'><strong>ἰιι</strong></span> <span class='ocrx_word' id='word_1_150' title='bbox 842 2350 1074 2369; x_wconf 67' lang='grc' dir='ltr'><strong>ννσιινιιο</strong></span> <span class='ocrx_word' id='word_1_151' title='bbox 1103 2350 1289 2370; x_wconf 67' lang='grc' dir='ltr'><strong><em>υῠιοουο</em></strong></span> 
     </span>
    </p>
   </div>
   <div class='ocr_carea' id='block_1_25' title="bbox 235 2421 1707 2496">
    <p class='ocr_par' dir='ltr' id='par_1_25' title="bbox 235 2421 1707 2496">
     <span class='ocr_line' id='line_1_26' title="bbox 235 2421 1707 2496; baseline 0.004 -21"><span class='ocrx_word' id='word_1_152' title='bbox 235 2421 456 2477; x_wconf 84' lang='lat' dir='ltr'><strong>Solebat</strong></span> <span class='ocrx_word' id='word_1_153' title='bbox 485 2432 609 2478; x_wconf 87' lang='lat' dir='ltr'><strong>aute</strong></span> <span class='ocrx_word' id='word_1_154' title='bbox 630 2425 720 2478; x_wconf 91' lang='lat' dir='ltr'><strong>illa</strong></span> <span class='ocrx_word' id='word_1_155' title='bbox 759 2434 1002 2495; x_wconf 88' lang='lat' dir='ltr'><strong>tempora</strong></span> <span class='ocrx_word' id='word_1_156' title='bbox 1032 2426 1224 2481; x_wconf 86' lang='lat' dir='ltr'><strong>classis</strong></span> <span class='ocrx_word' id='word_1_157' title='bbox 1252 2425 1541 2481; x_wconf 75' lang='lat' dir='ltr'><strong>sultanina:</strong></span> <span class='ocrx_word' id='word_1_158' title='bbox 1576 2439 1707 2496; x_wconf 75' lang='lat' dir='ltr'><strong>pm-</strong></span> 
     </span>
    </p>
   </div>
   <div class='ocr_carea' id='block_1_26' title="bbox 157 2512 1706 2585">
    <p class='ocr_par' dir='ltr' id='par_1_26' title="bbox 157 2512 1706 2585">
     <span class='ocr_line' id='line_1_27' title="bbox 157 2512 1706 2585; baseline 0.002 -19"><span class='ocrx_word' id='word_1_159' title='bbox 157 2512 338 2569; x_wconf 76' lang='lat' dir='ltr'><strong>fectus</strong></span> <span class='ocrx_word' id='word_1_160' title='bbox 368 2529 488 2569; x_wconf 87' lang='lat' dir='ltr'><strong>esse</strong></span> <span class='ocrx_word' id='word_1_161' title='bbox 511 2515 777 2570; x_wconf 82' lang='lat' dir='ltr'><strong>maximus</strong></span> <span class='ocrx_word' id='word_1_162' title='bbox 804 2525 861 2569; x_wconf 89' lang='lat' dir='ltr'><strong>et</strong></span> <span class='ocrx_word' id='word_1_163' title='bbox 888 2515 1194 2571; x_wconf 88' lang='lat' dir='ltr'><strong>ordinarius</strong></span> <span class='ocrx_word' id='word_1_164' title='bbox 1232 2517 1299 2579; x_wconf 88' lang='lat' dir='ltr'><strong>is,</strong></span> <span class='ocrx_word' id='word_1_165' title='bbox 1324 2517 1415 2585; x_wconf 88' lang='lat' dir='ltr'><strong>qui</strong></span> <span class='ocrx_word' id='word_1_166' title='bbox 1440 2516 1706 2583; x_wconf 82' lang='lat' dir='ltr'><strong>Calliopa-</strong></span> 
     </span>
    </p>
   </div>
   <div class='ocr_carea' id='block_1_27' title="bbox 160 2602 1707 2675">
    <p class='ocr_par' dir='ltr' id='par_1_27' title="bbox 160 2602 1707 2675">
     <span class='ocr_line' id='line_1_28' title="bbox 160 2602 1707 2675; baseline 0.002 -20"><span class='ocrx_word' id='word_1_167' title='bbox 160 2602 226 2657; x_wconf 93' lang='lat' dir='ltr'><strong>lis</strong></span> <span class='ocrx_word' id='word_1_168' title='bbox 257 2604 545 2673; x_wconf 82' lang='lat' dir='ltr'><strong>sangiacus</strong></span> <span class='ocrx_word' id='word_1_169' title='bbox 583 2612 721 2658; x_wconf 89' lang='lat' dir='ltr'><strong>erat.</strong></span> <span class='ocrx_word' id='word_1_170' title='bbox 756 2604 869 2659; x_wconf 83' lang='lat' dir='ltr'><strong>Hoc</strong></span> <span class='ocrx_word' id='word_1_171' title='bbox 913 2621 979 2660; x_wconf 86' lang='lat' dir='ltr'><strong>ex</strong></span> <span class='ocrx_word' id='word_1_172' title='bbox 1011 2604 1232 2660; x_wconf 86' lang='lat' dir='ltr'><strong>Laonici</strong></span> <span class='ocrx_word' id='word_1_173' title='bbox 1273 2619 1489 2675; x_wconf 88' lang='lat' dir='ltr'><strong>quoque</strong></span> <span class='ocrx_word' id='word_1_174' title='bbox 1536 2604 1707 2673; x_wconf 82' lang='lat' dir='ltr'><strong>pluri-</strong></span> 
     </span>
    </p>
   </div>
   <div class='ocr_carea' id='block_1_28' title="bbox 164 2693 1707 2764">
    <p class='ocr_par' dir='ltr' id='par_1_28' title="bbox 164 2693 1707 2764">
     <span class='ocr_line' id='line_1_29' title="bbox 164 2693 1707 2764; baseline 0.003 -18"><span class='ocrx_word' id='word_1_175' title='bbox 164 2693 267 2746; x_wconf 83' lang='lat' dir='ltr'><strong>bus</strong></span> <span class='ocrx_word' id='word_1_176' title='bbox 304 2693 441 2748; x_wconf 80' lang='lat' dir='ltr'><strong>locis</strong></span> <span class='ocrx_word' id='word_1_177' title='bbox 479 2695 775 2764; x_wconf 76' lang='lat' dir='ltr'><strong>intelligere</strong></span> <span class='ocrx_word' id='word_1_178' title='bbox 807 2695 952 2761; x_wconf 84' lang='lat' dir='ltr'><strong>licet,</strong></span> <span class='ocrx_word' id='word_1_179' title='bbox 990 2696 1064 2751; x_wconf 89' lang='lat' dir='ltr'><strong>uti</strong></span> <span class='ocrx_word' id='word_1_180' title='bbox 1114 2711 1235 2752; x_wconf 91' lang='lat' dir='ltr'><strong>cum</strong></span> <span class='ocrx_word' id='word_1_181' title='bbox 1289 2697 1343 2751; x_wconf 92' lang='lat' dir='ltr'><strong>in</strong></span> <span class='ocrx_word' id='word_1_182' title='bbox 1374 2695 1707 2751; x_wconf 79' lang='lat' dir='ltr'><strong>Muchemete</strong></span> 
     </span>
    </p>
   </div>
   <div class='ocr_carea' id='block_1_29' title="bbox 165 2785 1705 2856">
    <p class='ocr_par' dir='ltr' id='par_1_29' title="bbox 165 2785 1705 2856">
     <span class='ocr_line' id='line_1_30' title="bbox 165 2785 1705 2856; baseline 0.001 -18"><span class='ocrx_word' id='word_1_183' title='bbox 165 2786 203 2838; x_wconf 91' lang='lat' dir='ltr'><strong>ll</strong></span> <span class='ocrx_word' id='word_1_184' title='bbox 236 2785 567 2840; x_wconf 84' lang='lat' dir='ltr'><strong>mentionem</strong></span> <span class='ocrx_word' id='word_1_185' title='bbox 625 2787 752 2841; x_wconf 83' lang='lat' dir='ltr'><strong>facit</strong></span> <span class='ocrx_word' id='word_1_186' title='bbox 797 2785 1022 2842; x_wconf 84' lang='lat' dir='ltr'><strong>Jonuzis</strong></span> <span class='ocrx_word' id='word_1_187' title='bbox 1076 2786 1312 2856; x_wconf 69' lang='lat' dir='ltr'><strong>praafecti</strong></span> <span class='ocrx_word' id='word_1_188' title='bbox 1370 2786 1705 2855; x_wconf 82' lang='lat' dir='ltr'><strong>(sangiacum</strong></span> 
     </span>
    </p>
   </div>
   <div class='ocr_carea' id='block_1_30' title="bbox 161 2874 1708 2946">
    <p class='ocr_par' dir='ltr' id='par_1_30' title="bbox 161 2874 1708 2946">
     <span class='ocr_line' id='line_1_31' title="bbox 161 2874 1708 2946; baseline 0.003 -19"><span class='ocrx_word' id='word_1_189' title='bbox 161 2874 573 2944; x_wconf 89' lang='lat' dir='ltr'><strong>interpretatur)</strong></span> <span class='ocrx_word' id='word_1_190' title='bbox 601 2874 940 2946; x_wconf 88' lang='lat' dir='ltr'><strong>Calliopolis,</strong></span> <span class='ocrx_word' id='word_1_191' title='bbox 987 2877 1225 2946; x_wconf 88' lang='lat' dir='ltr'><strong>itemque</strong></span> <span class='ocrx_word' id='word_1_192' title='bbox 1255 2875 1459 2945; x_wconf 86' lang='lat' dir='ltr'><strong>Zogani</strong></span> <span class='ocrx_word' id='word_1_193' title='bbox 1516 2874 1708 2946; x_wconf 63' lang='lat' dir='ltr'><strong>praefe-</strong></span> 
     </span>
    </p>
   </div>
   <div class='ocr_carea' id='block_1_31' title="bbox 162 2965 1704 3037">
    <p class='ocr_par' dir='ltr' id='par_1_31' title="bbox 162 2965 1704 3037">
     <span class='ocr_line' id='line_1_32' title="bbox 162 2965 1704 3037; baseline 0 -17"><span class='ocrx_word' id='word_1_194' title='bbox 162 2966 239 3020; x_wconf 89' lang='lat' dir='ltr'><strong>cti</strong></span> <span class='ocrx_word' id='word_1_195' title='bbox 273 2965 609 3037; x_wconf 82' lang='lat' dir='ltr'><strong>CalliOpolis,</strong></span> <span class='ocrx_word' id='word_1_196' title='bbox 641 2975 697 3021; x_wconf 90' lang='lat' dir='ltr'><strong>et</strong></span> <span class='ocrx_word' id='word_1_197' title='bbox 722 2976 906 3037; x_wconf 87' lang='lat' dir='ltr'><strong>postea</strong></span> <span class='ocrx_word' id='word_1_198' title='bbox 936 2974 1117 3021; x_wconf 88' lang='lat' dir='ltr'><strong>tamen</strong></span> <span class='ocrx_word' id='word_1_199' title='bbox 1145 2968 1305 3037; x_wconf 72' lang='lat' dir='ltr'><strong>regiae</strong></span> <span class='ocrx_word' id='word_1_200' title='bbox 1362 2966 1557 3022; x_wconf 86' lang='lat' dir='ltr'><strong>classis</strong></span> <span class='ocrx_word' id='word_1_201' title='bbox 1598 2967 1704 3022; x_wconf 88' lang='lat' dir='ltr'><strong>im-</strong></span> 
     </span>
    </p>
   </div>
   <div class='ocr_carea' id='block_1_32' title="bbox 114 3056 1706 3127">
    <p class='ocr_par' dir='ltr' id='par_1_32' title="bbox 114 3056 1706 3127">
     <span class='ocr_line' id='line_1_33' title="bbox 114 3056 1706 3127; baseline 0.001 -16"><span class='ocrx_word' id='word_1_202' title='bbox 114 3056 122 3066; x_wconf 84' lang='lat'>&#39;</span> <span class='ocrx_word' id='word_1_203' title='bbox 160 3066 468 3127; x_wconf 85' lang='lat' dir='ltr'><strong>peratorem</strong></span> <span class='ocrx_word' id='word_1_204' title='bbox 498 3056 627 3114; x_wconf 87' lang='lat' dir='ltr'><strong>facit</strong></span> <span class='ocrx_word' id='word_1_205' title='bbox 648 3058 896 3114; x_wconf 89' lang='lat' dir='ltr'><strong>eumdem</strong></span> <span class='ocrx_word' id='word_1_206' title='bbox 924 3071 1043 3111; x_wconf 91' lang='lat' dir='ltr'><strong>cum</strong></span> <span class='ocrx_word' id='word_1_207' title='bbox 1062 3056 1317 3125; x_wconf 76' lang='lat' dir='ltr'><strong>prmfecto</strong></span> <span class='ocrx_word' id='word_1_208' title='bbox 1340 3056 1706 3127; x_wconf 79' lang='lat' dir='ltr'><strong>CalliOpnlita-</strong></span> 
     </span>
    </p>
   </div>
   <div class='ocr_carea' id='block_1_33' title="bbox 163 3144 1778 3240">
    <p class='ocr_par' dir='ltr' id='par_1_33' title="bbox 163 3144 1778 3240">
     <span class='ocr_line' id='line_1_34' title="bbox 163 3144 1778 3240; baseline 0 -40"><span class='ocrx_word' id='word_1_209' title='bbox 163 3162 255 3200; x_wconf 88' lang='lat' dir='ltr'><strong>no.</strong></span> <span class='ocrx_word' id='word_1_210' title='bbox 290 3146 446 3200; x_wconf 83' lang='lat' dir='ltr'><strong>Nunc</strong></span> <span class='ocrx_word' id='word_1_211' title='bbox 478 3146 638 3200; x_wconf 87' lang='lat' dir='ltr'><strong>etiam</strong></span> <span class='ocrx_word' id='word_1_212' title='bbox 685 3145 1029 3216; x_wconf 88' lang='lat' dir='ltr'><strong>sangiacatus</strong></span> <span class='ocrx_word' id='word_1_213' title='bbox 1086 3152 1170 3200; x_wconf 88' lang='lat' dir='ltr'><strong>est</strong></span> <span class='ocrx_word' id='word_1_214' title='bbox 1222 3144 1559 3215; x_wconf 90' lang='lat' dir='ltr'><strong>Calliopolis,</strong></span> <span class='ocrx_word' id='word_1_215' title='bbox 1610 3144 1703 3201; x_wconf 88' lang='lat' dir='ltr'><strong>sed</strong></span> <span class='ocrx_word' id='word_1_216' title='bbox 1730 3174 1778 3240; x_wconf 67' lang='grc' dir='ltr'>α</span> 
     </span>
    </p>
   </div>
   <div class='ocr_carea' id='block_1_34' title="bbox 159 3237 1706 3309">
    <p class='ocr_par' dir='ltr' id='par_1_34' title="bbox 159 3237 1706 3309">
     <span class='ocr_line' id='line_1_35' title="bbox 159 3237 1706 3309; baseline 0 -17"><span class='ocrx_word' id='word_1_217' title='bbox 159 3239 330 3292; x_wconf 87' lang='lat' dir='ltr'><strong>maris</strong></span> <span class='ocrx_word' id='word_1_218' title='bbox 384 3238 502 3293; x_wconf 88' lang='lat' dir='ltr'><strong>sive</strong></span> <span class='ocrx_word' id='word_1_219' title='bbox 535 3237 722 3293; x_wconf 84' lang='lat' dir='ltr'><strong>Denizi</strong></span> <span class='ocrx_word' id='word_1_220' title='bbox 780 3237 1122 3309; x_wconf 86' lang='lat' dir='ltr'><strong>beglerbego,</strong></span> <span class='ocrx_word' id='word_1_221' title='bbox 1189 3246 1445 3307; x_wconf 82' lang='lat' dir='ltr'><strong>tanquam</strong></span> <span class='ocrx_word' id='word_1_222' title='bbox 1491 3237 1706 3308; x_wconf 82' lang='lat' dir='ltr'><strong>majori,</strong></span> 
     </span>
    </p>
   </div>
   <div class='ocr_carea' id='block_1_35' title="bbox 160 3328 1712 3401">
    <p class='ocr_par' dir='ltr' id='par_1_35' title="bbox 160 3328 1712 3401">
     <span class='ocr_line' id='line_1_36' title="bbox 160 3328 1712 3401; baseline 0.001 -17"><span class='ocrx_word' id='word_1_223' title='bbox 160 3328 456 3384; x_wconf 85' lang='lat' dir='ltr'><strong>subditus:</strong></span> <span class='ocrx_word' id='word_1_224' title='bbox 510 3335 565 3384; x_wconf 94' lang='lat' dir='ltr'><strong>et</strong></span> <span class='ocrx_word' id='word_1_225' title='bbox 613 3328 814 3385; x_wconf 87' lang='lat' dir='ltr'><strong>ibidem</strong></span> <span class='ocrx_word' id='word_1_226' title='bbox 872 3328 1033 3398; x_wconf 81' lang='lat' dir='ltr'><strong>hujus</strong></span> <span class='ocrx_word' id='word_1_227' title='bbox 1067 3330 1372 3401; x_wconf 86' lang='lat' dir='ltr'><strong>beglerbegi</strong></span> <span class='ocrx_word' id='word_1_228' title='bbox 1419 3331 1573 3387; x_wconf 81' lang='lat' dir='ltr'><strong>sedes</strong></span> <span class='ocrx_word' id='word_1_229' title='bbox 1626 3339 1712 3387; x_wconf 84' lang='lat' dir='ltr'><strong>est</strong></span> 
     </span>
    </p>
   </div>
   <div class='ocr_carea' id='block_1_36' title="bbox 157 3419 1711 3492">
    <p class='ocr_par' dir='ltr' id='par_1_36' title="bbox 157 3419 1711 3492">
     <span class='ocr_line' id='line_1_37' title="bbox 157 3419 1711 3492; baseline 0.001 -16"><span class='ocrx_word' id='word_1_230' title='bbox 157 3419 459 3485; x_wconf 86' lang='lat' dir='ltr'><strong>ordinaria,</strong></span> <span class='ocrx_word' id='word_1_231' title='bbox 491 3433 653 3489; x_wconf 90' lang='lat' dir='ltr'><strong>quam</strong></span> <span class='ocrx_word' id='word_1_232' title='bbox 703 3420 1060 3476; x_wconf 85' lang='lat' dir='ltr'><strong>residentiam</strong></span> <span class='ocrx_word' id='word_1_233' title='bbox 1108 3423 1266 3492; x_wconf 80' lang='lat' dir='ltr'><strong>vulgo</strong></span> <span class='ocrx_word' id='word_1_234' title='bbox 1320 3432 1537 3478; x_wconf 86' lang='lat' dir='ltr'><strong>vocant.</strong></span> <span class='ocrx_word' id='word_1_235' title='bbox 1587 3422 1711 3479; x_wconf 87' lang='lat' dir='ltr'><strong>Fuit</strong></span> 
     </span>
    </p>
   </div>
   <div class='ocr_carea' id='block_1_37' title="bbox 159 3511 1709 3585">
    <p class='ocr_par' dir='ltr' id='par_1_37' title="bbox 159 3511 1709 3585">
     <span class='ocr_line' id='line_1_38' title="bbox 159 3511 1709 3585; baseline 0.003 -17"><span class='ocrx_word' id='word_1_236' title='bbox 159 3515 329 3584; x_wconf 79' lang='lat' dir='ltr'><strong>igitur</strong></span> <span class='ocrx_word' id='word_1_237' title='bbox 355 3527 386 3567; x_wconf 89' lang='lat' dir='ltr'><strong>a</strong></span> <span class='ocrx_word' id='word_1_238' title='bbox 408 3511 720 3569; x_wconf 89' lang='lat' dir='ltr'><strong>Soleimane</strong></span> <span class='ocrx_word' id='word_1_239' title='bbox 747 3528 883 3568; x_wconf 88' lang='lat' dir='ltr'><strong>nova</strong></span> <span class='ocrx_word' id='word_1_240' title='bbox 935 3522 1151 3583; x_wconf 86' lang='lat' dir='ltr'><strong>reperta</strong></span> <span class='ocrx_word' id='word_1_241' title='bbox 1184 3515 1440 3585; x_wconf 81' lang='lat' dir='ltr'><strong>dignitas,</strong></span> <span class='ocrx_word' id='word_1_242' title='bbox 1463 3527 1519 3569; x_wconf 91' lang='lat' dir='ltr'><strong>ut</strong></span> <span class='ocrx_word' id='word_1_243' title='bbox 1544 3517 1709 3573; x_wconf 81' lang='lat' dir='ltr'><strong>maris</strong></span> 
     </span>
    </p>
   </div>
   <div class='ocr_carea' id='block_1_38' title="bbox 156 3605 1711 3679">
    <p class='ocr_par' dir='ltr' id='par_1_38' title="bbox 156 3605 1711 3679">
     <span class='ocr_line' id='line_1_39' title="bbox 156 3605 1711 3679; baseline 0.003 -19"><span class='ocrx_word' id='word_1_244' title='bbox 156 3615 365 3679; x_wconf 70' lang='lat' dir='ltr'><strong>praetor</strong></span> <span class='ocrx_word' id='word_1_245' title='bbox 392 3620 498 3661; x_wconf 93' lang='lat' dir='ltr'><strong>non</strong></span> <span class='ocrx_word' id='word_1_246' title='bbox 533 3605 768 3677; x_wconf 83' lang='lat' dir='ltr'><strong>amplius</strong></span> <span class='ocrx_word' id='word_1_247' title='bbox 798 3617 942 3663; x_wconf 85' lang='lat' dir='ltr'><strong>esset</strong></span> <span class='ocrx_word' id='word_1_248' title='bbox 968 3607 1277 3677; x_wconf 77' lang='lat' dir='ltr'><strong>sangiacus,</strong></span> <span class='ocrx_word' id='word_1_249' title='bbox 1314 3607 1412 3663; x_wconf 89' lang='lat' dir='ltr'><strong>sed</strong></span> <span class='ocrx_word' id='word_1_250' title='bbox 1440 3608 1711 3678; x_wconf 86' lang='lat' dir='ltr'><strong>beglerbe-</strong></span> 
     </span>
    </p>
   </div>
   <div class='ocr_carea' id='block_1_39' title="bbox 158 3697 1725 3769">
    <p class='ocr_par' dir='ltr' id='par_1_39' title="bbox 158 3697 1725 3769">
     <span class='ocr_line' id='line_1_40' title="bbox 158 3697 1725 3769; baseline -0.001 -15"><span class='ocrx_word' id='word_1_251' title='bbox 158 3713 283 3769; x_wconf 84' lang='lat' dir='ltr'><strong>gus.</strong></span> <span class='ocrx_word' id='word_1_252' title='bbox 315 3697 451 3753; x_wconf 83' lang='lat' dir='ltr'><strong>Huic</strong></span> <span class='ocrx_word' id='word_1_253' title='bbox 473 3697 650 3754; x_wconf 77' lang='lat' dir='ltr'><strong>ofﬁcio</strong></span> <span class='ocrx_word' id='word_1_254' title='bbox 684 3707 813 3752; x_wconf 90' lang='lat' dir='ltr'><strong>tunc</strong></span> <span class='ocrx_word' id='word_1_255' title='bbox 841 3698 1219 3753; x_wconf 85' lang='lat' dir='ltr'><strong>Chairadiuem</strong></span> <span class='ocrx_word' id='word_1_256' title='bbox 1259 3713 1380 3751; x_wconf 86' lang='lat' dir='ltr'><strong>cum</strong></span> <span class='ocrx_word' id='word_1_257' title='bbox 1416 3699 1571 3753; x_wconf 86' lang='lat' dir='ltr'><strong>titulo</strong></span> <span class='ocrx_word' id='word_1_258' title='bbox 1619 3715 1725 3753; x_wconf 80' lang='lat' dir='ltr'><strong>ve-&#39;</strong></span> 
     </span>
    </p>
   </div>
   <div class='ocr_carea' id='block_1_40' title="bbox 157 3787 1707 3858">
    <p class='ocr_par' dir='ltr' id='par_1_40' title="bbox 157 3787 1707 3858">
     <span class='ocr_line' id='line_1_41' title="bbox 157 3787 1707 3858; baseline 0.001 -16"><span class='ocrx_word' id='word_1_259' title='bbox 157 3789 292 3843; x_wconf 84' lang='lat' dir='ltr'><strong>ziris</strong></span> <span class='ocrx_word' id='word_1_260' title='bbox 332 3787 611 3858; x_wconf 58' lang='lat' dir='ltr'><strong>praefecit:</strong></span> <span class='ocrx_word' id='word_1_261' title='bbox 660 3787 737 3842; x_wconf 90' lang='lat' dir='ltr'><strong>uti</strong></span> <span class='ocrx_word' id='word_1_262' title='bbox 768 3802 913 3841; x_wconf 90' lang='lat' dir='ltr'><strong>nunc</strong></span> <span class='ocrx_word' id='word_1_263' title='bbox 972 3787 1238 3843; x_wconf 87' lang='lat' dir='ltr'><strong>Ulutzalis</strong></span> <span class='ocrx_word' id='word_1_264' title='bbox 1273 3801 1491 3857; x_wconf 91' lang='lat' dir='ltr'><strong>quoque</strong></span> <span class='ocrx_word' id='word_1_265' title='bbox 1542 3788 1707 3843; x_wconf 86' lang='lat' dir='ltr'><strong>maris</strong></span> 
     </span>
    </p>
   </div>
   <div class='ocr_carea' id='block_1_41' title="bbox 158 3877 1706 3949">
    <p class='ocr_par' dir='ltr' id='par_1_41' title="bbox 158 3877 1706 3949">
     <span class='ocr_line' id='line_1_42' title="bbox 158 3877 1706 3949; baseline -0.002 -14"><span class='ocrx_word' id='word_1_266' title='bbox 158 3888 247 3936; x_wconf 88' lang='lat' dir='ltr'><strong>est</strong></span> <span class='ocrx_word' id='word_1_267' title='bbox 286 3878 659 3949; x_wconf 86' lang='lat' dir='ltr'><strong>beglerbegus,</strong></span> <span class='ocrx_word' id='word_1_268' title='bbox 691 3887 745 3932; x_wconf 91' lang='lat' dir='ltr'><strong>et</strong></span> <span class='ocrx_word' id='word_1_269' title='bbox 798 3880 946 3932; x_wconf 84' lang='lat' dir='ltr'><strong>vezir</strong></span> <span class='ocrx_word' id='word_1_270' title='bbox 1002 3880 1182 3933; x_wconf 88' lang='lat' dir='ltr'><strong>bassa.</strong></span> <span class='ocrx_word' id='word_1_271' title='bbox 1240 3877 1473 3933; x_wconf 65' lang='lat' dir='ltr'><strong>Prmerat</strong></span> <span class='ocrx_word' id='word_1_272' title='bbox 1535 3877 1706 3946; x_wconf 89' lang='lat' dir='ltr'><strong>ipsius</strong></span> 
     </span>
    </p>
   </div>
   <div class='ocr_carea' id='block_1_42' title="bbox 160 3968 1705 4039">
    <p class='ocr_par' dir='ltr' id='par_1_42' title="bbox 160 3968 1705 4039">
     <span class='ocr_line' id='line_1_43' title="bbox 160 3968 1705 4039; baseline -0.003 -13"><span class='ocrx_word' id='word_1_273' title='bbox 160 3971 386 4026; x_wconf 88' lang='lat' dir='ltr'><strong>nomine</strong></span> <span class='ocrx_word' id='word_1_274' title='bbox 435 3969 739 4039; x_wconf 85' lang='lat' dir='ltr'><strong>Calliopoli,</strong></span> <span class='ocrx_word' id='word_1_275' title='bbox 794 3983 919 4023; x_wconf 90' lang='lat' dir='ltr'><strong>cum</strong></span> <span class='ocrx_word' id='word_1_276' title='bbox 983 3968 1108 4023; x_wconf 92' lang='lat' dir='ltr'><strong>istic</strong></span> <span class='ocrx_word' id='word_1_277' title='bbox 1170 3983 1299 4032; x_wconf 92' lang='lat' dir='ltr'><strong>uno,</strong></span> <span class='ocrx_word' id='word_1_278' title='bbox 1333 3969 1451 4036; x_wconf 89' lang='lat' dir='ltr'><strong>plus</strong></span> <span class='ocrx_word' id='word_1_279' title='bbox 1504 3969 1705 4036; x_wconf 86' lang='lat' dir='ltr'><strong>minus,</strong></span> 
     </span>
    </p>
   </div>
   <div class='ocr_carea' id='block_1_43' title="bbox 162 4048 1709 4130">
    <p class='ocr_par' dir='ltr' id='par_1_43' title="bbox 162 4048 1709 4130">
     <span class='ocr_line' id='line_1_44' title="bbox 162 4048 1709 4130; baseline -0.002 -12"><span class='ocrx_word' id='word_1_280' title='bbox 162 4076 351 4118; x_wconf 80' lang='lat' dir='ltr'><strong>mense</strong></span> <span class='ocrx_word' id='word_1_281' title='bbox 391 4076 489 4116; x_wconf 89' lang='lat' dir='ltr'><strong>nos</strong></span> <span class='ocrx_word' id='word_1_282' title='bbox 536 4062 885 4125; x_wconf 79' lang='lat' dir='ltr'><strong>baereremus,</strong></span> <span class='ocrx_word' id='word_1_283' title='bbox 942 4048 1182 4115; x_wconf 83' lang='lat' dir='ltr'><strong>Subassa</strong></span> <span class='ocrx_word' id='word_1_284' title='bbox 1222 4061 1444 4130; x_wconf 86' lang='lat' dir='ltr'><strong>quidam</strong></span> <span class='ocrx_word' id='word_1_285' title='bbox 1490 4061 1709 4116; x_wconf 88' lang='lat' dir='ltr'><strong>natione</strong></span> 
     </span>
    </p>
   </div>
   <div class='ocr_carea' id='block_1_44' title="bbox 163 4148 1709 4220">
    <p class='ocr_par' dir='ltr' id='par_1_44' title="bbox 163 4148 1709 4220">
     <span class='ocr_line' id='line_1_45' title="bbox 163 4148 1709 4220; baseline -0.004 -11"><span class='ocrx_word' id='word_1_286' title='bbox 163 4153 490 4218; x_wconf 85' lang='lat' dir='ltr'><strong>Genuensis,</strong></span> <span class='ocrx_word' id='word_1_287' title='bbox 516 4152 593 4205; x_wconf 88' lang='lat' dir='ltr'><strong>vir</strong></span> <span class='ocrx_word' id='word_1_288' title='bbox 618 4151 904 4218; x_wconf 87' lang='lat' dir='ltr'><strong>humanus,</strong></span> <span class='ocrx_word' id='word_1_289' title='bbox 921 4159 973 4205; x_wconf 88' lang='lat' dir='ltr'><strong>et</strong></span> <span class='ocrx_word' id='word_1_290' title='bbox 997 4148 1138 4220; x_wconf 90' lang='lat' dir='ltr'><strong>quod</strong></span> <span class='ocrx_word' id='word_1_291' title='bbox 1161 4150 1214 4203; x_wconf 91' lang='lat' dir='ltr'><strong>in</strong></span> <span class='ocrx_word' id='word_1_292' title='bbox 1237 4158 1474 4219; x_wconf 85' lang='lat' dir='ltr'><strong>apostata</strong></span> <span class='ocrx_word' id='word_1_293' title='bbox 1497 4150 1709 4216; x_wconf 88' lang='lat' dir='ltr'><strong>mirere,</strong></span> 
     </span>
    </p>
   </div>
   <div class='ocr_carea' id='block_1_45' title="bbox 165 4241 1707 4311">
    <p class='ocr_par' dir='ltr' id='par_1_45' title="bbox 165 4241 1707 4311">
     <span class='ocr_line' id='line_1_46' title="bbox 165 4241 1707 4311; baseline -0.001 -14"><span class='ocrx_word' id='word_1_294' title='bbox 165 4245 327 4298; x_wconf 79' lang='lat' dir='ltr'><strong>nobis</strong></span> <span class='ocrx_word' id='word_1_295' title='bbox 362 4244 417 4296; x_wconf 92' lang='lat' dir='ltr'><strong>in</strong></span> <span class='ocrx_word' id='word_1_296' title='bbox 447 4256 609 4297; x_wconf 87' lang='lat' dir='ltr'><strong>causa</strong></span> <span class='ocrx_word' id='word_1_297' title='bbox 635 4242 866 4311; x_wconf 86' lang='lat' dir='ltr'><strong>quadam</strong></span> <span class='ocrx_word' id='word_1_298' title='bbox 917 4249 1102 4296; x_wconf 89' lang='lat' dir='ltr'><strong>nostra</strong></span> <span class='ocrx_word' id='word_1_299' title='bbox 1151 4255 1408 4311; x_wconf 88' lang='lat' dir='ltr'><strong>perquam</strong></span> <span class='ocrx_word' id='word_1_300' title='bbox 1460 4241 1707 4296; x_wconf 87' lang='lat' dir='ltr'><strong>addictus</strong></span> 
     </span>
    </p>
   </div>
   <div class='ocr_carea' id='block_1_46' title="bbox 164 4331 1706 4405">
    <p class='ocr_par' dir='ltr' id='par_1_46' title="bbox 164 4331 1706 4405">
     <span class='ocr_line' id='line_1_47' title="bbox 164 4331 1706 4405; baseline -0.002 -16"><span class='ocrx_word' id='word_1_301' title='bbox 164 4344 217 4389; x_wconf 91' lang='lat' dir='ltr'><strong>et</strong></span> <span class='ocrx_word' id='word_1_302' title='bbox 263 4334 444 4389; x_wconf 86' lang='lat' dir='ltr'><strong>utilis.</strong></span> <span class='ocrx_word' id='word_1_303' title='bbox 503 4334 709 4403; x_wconf 85' lang='lat' dir='ltr'><strong>Quippe</strong></span> <span class='ocrx_word' id='word_1_304' title='bbox 768 4339 985 4389; x_wconf 91' lang='lat' dir='ltr'><strong>mortuo</strong></span> <span class='ocrx_word' id='word_1_305' title='bbox 1046 4332 1113 4387; x_wconf 91' lang='lat' dir='ltr'><strong>ad</strong></span> <span class='ocrx_word' id='word_1_306' title='bbox 1158 4331 1521 4405; x_wconf 69' lang='lat' dir='ltr'><strong>Calliopolim,</strong></span> <span class='ocrx_word' id='word_1_307' title='bbox 1561 4333 1706 4386; x_wconf 89' lang='lat' dir='ltr'><strong>utin</strong></span> 
     </span>
    </p>
   </div>
   <div class='ocr_carea' id='block_1_47' title="bbox 168 4424 1706 4498">
    <p class='ocr_par' dir='ltr' id='par_1_47' title="bbox 168 4424 1706 4498">
     <span class='ocr_line' id='line_1_48' title="bbox 168 4424 1706 4498; baseline -0.003 -16"><span class='ocrx_word' id='word_1_308' title='bbox 168 4428 560 4498; x_wconf 86' lang='lat' dir='ltr'><strong>Supplemento</strong></span> <span class='ocrx_word' id='word_1_309' title='bbox 598 4426 870 4483; x_wconf 87' lang='lat' dir='ltr'><strong>annalium</strong></span> <span class='ocrx_word' id='word_1_310' title='bbox 903 4428 1266 4490; x_wconf 85' lang='lat' dir='ltr'><strong>narravimus,</strong></span> <span class='ocrx_word' id='word_1_311' title='bbox 1298 4424 1523 4479; x_wconf 84' lang='lat' dir='ltr'><strong>Henrico</strong></span> <span class='ocrx_word' id='word_1_312' title='bbox 1548 4425 1706 4478; x_wconf 85' lang='lat' dir='ltr'><strong>baro-</strong></span> 
     </span>
    </p>
   </div>
   <div class='ocr_carea' id='block_1_48' title="bbox 1804 602 3351 690">
    <p class='ocr_par' dir='ltr' id='par_1_48' title="bbox 1804 602 3351 690">
     <span class='ocr_line' id='line_1_49' title="bbox 1804 602 3351 690; baseline 0.006 -28"><span class='ocrx_word' id='word_1_313' title='bbox 1804 608 1892 662; x_wconf 90' lang='lat' dir='ltr'><strong>cui</strong></span> <span class='ocrx_word' id='word_1_314' title='bbox 1921 611 2257 665; x_wconf 72' lang='lat' dir='ltr'><strong>veredarium</strong></span> <span class='ocrx_word' id='word_1_315' title='bbox 2290 612 2431 665; x_wconf 89' lang='lat' dir='ltr'><strong>ultro</strong></span> <span class='ocrx_word' id='word_1_316' title='bbox 2462 626 2520 667; x_wconf 91' lang='lat' dir='ltr'><strong>se</strong></span> <span class='ocrx_word' id='word_1_317' title='bbox 2542 602 2935 690; x_wconf 73' lang='lat' dir='ltr'><strong>adiuncturum</strong></span> <span class='ocrx_word' id='word_1_318' title='bbox 2972 613 3351 683; x_wconf 86' lang='lat' dir='ltr'><strong>pollicebatur.</strong></span> 
     </span>
    </p>
   </div>
   <div class='ocr_carea' id='block_1_49' title="bbox 1805 700 3350 775">
    <p class='ocr_par' dir='ltr' id='par_1_49' title="bbox 1805 700 3350 775">
     <span class='ocr_line' id='line_1_50' title="bbox 1805 700 3350 775; baseline 0.007 -23"><span class='ocrx_word' id='word_1_319' title='bbox 1805 701 1877 752; x_wconf 89' lang='lat' dir='ltr'><strong>lta</strong></span> <span class='ocrx_word' id='word_1_320' title='bbox 1912 715 1969 754; x_wconf 88' lang='lat' dir='ltr'><strong>re</strong></span> <span class='ocrx_word' id='word_1_321' title='bbox 2001 700 2472 773; x_wconf 86' lang='lat' dir='ltr'><strong>Constantinopoli</strong></span> <span class='ocrx_word' id='word_1_322' title='bbox 2516 705 2731 775; x_wconf 83' lang='lat' dir='ltr'><strong>cognita</strong></span> <span class='ocrx_word' id='word_1_323' title='bbox 2758 715 2808 760; x_wconf 88' lang='lat' dir='ltr'><strong>et</strong></span> <span class='ocrx_word' id='word_1_324' title='bbox 2849 705 2915 759; x_wconf 89' lang='lat' dir='ltr'><strong>ad</strong></span> <span class='ocrx_word' id='word_1_325' title='bbox 2954 706 3213 761; x_wconf 84' lang='lat' dir='ltr'><strong>Divanutn</strong></span> <span class='ocrx_word' id='word_1_326' title='bbox 3255 709 3350 764; x_wconf 88' lang='lat' dir='ltr'><strong>de-</strong></span> 
     </span>
    </p>
   </div>
   <div class='ocr_carea' id='block_1_50' title="bbox 1806 790 3352 864">
    <p class='ocr_par' dir='ltr' id='par_1_50' title="bbox 1806 790 3352 864">
     <span class='ocr_line' id='line_1_51' title="bbox 1806 790 3352 864; baseline 0.006 -21"><span class='ocrx_word' id='word_1_327' title='bbox 1806 790 1947 856; x_wconf 90' lang='lat' dir='ltr'><strong>lata,</strong></span> <span class='ocrx_word' id='word_1_328' title='bbox 2011 792 2295 851; x_wconf 77' lang='lat' dir='ltr'><strong>confestim</strong></span> <span class='ocrx_word' id='word_1_329' title='bbox 2361 795 2565 850; x_wconf 89' lang='lat' dir='ltr'><strong>sultani</strong></span> <span class='ocrx_word' id='word_1_330' title='bbox 2633 795 2862 852; x_wconf 81' lang='lat' dir='ltr'><strong>Muratis</strong></span> <span class='ocrx_word' id='word_1_331' title='bbox 2924 797 3083 864; x_wconf 83' lang='lat' dir='ltr'><strong>jussu</strong></span> <span class='ocrx_word' id='word_1_332' title='bbox 3156 800 3352 853; x_wconf 83' lang='lat' dir='ltr'><strong>missus</strong></span> 
     </span>
    </p>
   </div>
   <div class='ocr_carea' id='block_1_51' title="bbox 1805 882 3352 960">
    <p class='ocr_par' dir='ltr' id='par_1_51' title="bbox 1805 882 3352 960">
     <span class='ocr_line' id='line_1_52' title="bbox 1805 882 3352 960; baseline 0.007 -27"><span class='ocrx_word' id='word_1_333' title='bbox 1805 882 2046 937; x_wconf 88' lang='lat' dir='ltr'><strong>tzausius</strong></span> <span class='ocrx_word' id='word_1_334' title='bbox 2084 885 2301 953; x_wconf 90' lang='lat' dir='ltr'><strong>quidam</strong></span> <span class='ocrx_word' id='word_1_335' title='bbox 2366 885 2626 948; x_wconf 74' lang='lat' dir='ltr'><strong>Murates,</strong></span> <span class='ocrx_word' id='word_1_336' title='bbox 2676 890 2898 944; x_wconf 83' lang='lat' dir='ltr'><strong>natione</strong></span> <span class='ocrx_word' id='word_1_337' title='bbox 2925 889 3227 957; x_wconf 88' lang='lat' dir='ltr'><strong>Circassus,</strong></span> <span class='ocrx_word' id='word_1_338' title='bbox 3257 892 3352 960; x_wconf 90' lang='lat' dir='ltr'><strong>qui</strong></span> 
     </span>
    </p>
   </div>
   <div class='ocr_carea' id='block_1_52' title="bbox 1804 970 3344 1051">
    <p class='ocr_par' dir='ltr' id='par_1_52' title="bbox 1804 970 3344 1051">
     <span class='ocr_line' id='line_1_53' title="bbox 1804 970 3344 1051; baseline 0.008 -26"><span class='ocrx_word' id='word_1_339' title='bbox 1804 986 1911 1026; x_wconf 92' lang='lat' dir='ltr'><strong>non</strong></span> <span class='ocrx_word' id='word_1_340' title='bbox 1932 974 2107 1029; x_wconf 90' lang='lat' dir='ltr'><strong>solum</strong></span> <span class='ocrx_word' id='word_1_341' title='bbox 2135 975 2236 1031; x_wconf 87' lang='lat' dir='ltr'><strong>hac</strong></span> <span class='ocrx_word' id='word_1_342' title='bbox 2274 977 2367 1033; x_wconf 91' lang='lat' dir='ltr'><strong>lite</strong></span> <span class='ocrx_word' id='word_1_343' title='bbox 2419 993 2519 1034; x_wconf 90' lang='lat' dir='ltr'><strong>nos</strong></span> <span class='ocrx_word' id='word_1_344' title='bbox 2547 970 3127 1051; x_wconf 18' lang='lat' dir='ltr'><strong>liberarct‘Calliopoli,</strong></span> <span class='ocrx_word' id='word_1_345' title='bbox 3155 998 3344 1037; x_wconf 87' lang='lat' dir='ltr'><strong>verum</strong></span> 
     </span>
    </p>
   </div>
   <div class='ocr_carea' id='block_1_53' title="bbox 1806 1064 3351 1140">
    <p class='ocr_par' dir='ltr' id='par_1_53' title="bbox 1806 1064 3351 1140">
     <span class='ocr_line' id='line_1_54' title="bbox 1806 1064 3351 1140; baseline 0.006 -23"><span class='ocrx_word' id='word_1_346' title='bbox 1806 1064 1966 1117; x_wconf 87' lang='lat' dir='ltr'><strong>etiam</strong></span> <span class='ocrx_word' id='word_1_347' title='bbox 2021 1076 2173 1120; x_wconf 81' lang='lat' dir='ltr'><strong>extra</strong></span> <span class='ocrx_word' id='word_1_348' title='bbox 2225 1068 2595 1135; x_wconf 89' lang='lat' dir='ltr'><strong>Dardanellos,</strong></span> <span class='ocrx_word' id='word_1_349' title='bbox 2643 1085 2671 1123; x_wconf 90' lang='lat' dir='ltr'><strong>a</strong></span> <span class='ocrx_word' id='word_1_350' title='bbox 2701 1072 3072 1140; x_wconf 75' lang='lat' dir='ltr'><strong>Calliopoli27</strong></span> <span class='ocrx_word' id='word_1_351' title='bbox 3113 1074 3351 1127; x_wconf 88' lang='lat' dir='ltr'><strong>milliari-</strong></span> 
     </span>
    </p>
   </div>
   <div class='ocr_carea' id='block_1_54' title="bbox 1806 1153 3353 1230">
    <p class='ocr_par' dir='ltr' id='par_1_54' title="bbox 1806 1153 3353 1230">
     <span class='ocr_line' id='line_1_55' title="bbox 1806 1153 3353 1230; baseline 0.006 -24"><span class='ocrx_word' id='word_1_352' title='bbox 1806 1153 1906 1209; x_wconf 92' lang='lat' dir='ltr'><strong>bus</strong></span> <span class='ocrx_word' id='word_1_353' title='bbox 1937 1155 2141 1212; x_wconf 67' lang='lat' dir='ltr'><strong>Graecis</strong></span> <span class='ocrx_word' id='word_1_354' title='bbox 2167 1157 2389 1213; x_wconf 87' lang='lat' dir='ltr'><strong>dissitas</strong></span> <span class='ocrx_word' id='word_1_355' title='bbox 2420 1174 2599 1225; x_wconf 83' lang='lat' dir='ltr'><strong>arces,</strong></span> <span class='ocrx_word' id='word_1_356' title='bbox 2657 1162 2757 1214; x_wconf 82' lang='lat' dir='ltr'><strong>ubi</strong></span> <span class='ocrx_word' id='word_1_357' title='bbox 2782 1177 2943 1217; x_wconf 87' lang='lat' dir='ltr'><strong>naves</strong></span> <span class='ocrx_word' id='word_1_358' title='bbox 2980 1164 3214 1230; x_wconf 81' lang='lat' dir='ltr'><strong>perquiri</strong></span> <span class='ocrx_word' id='word_1_359' title='bbox 3264 1180 3353 1219; x_wconf 87' lang='lat' dir='ltr'><strong>so-</strong></span> 
     </span>
    </p>
   </div>
   <div class='ocr_carea' id='block_1_55' title="bbox 1805 1246 3353 1322">
    <p class='ocr_par' dir='ltr' id='par_1_55' title="bbox 1805 1246 3353 1322">
     <span class='ocr_line' id='line_1_56' title="bbox 1805 1246 3353 1322; baseline 0.006 -24"><span class='ocrx_word' id='word_1_360' title='bbox 1805 1246 1938 1309; x_wconf 90' lang='lat' dir='ltr'><strong>lent,</strong></span> <span class='ocrx_word' id='word_1_361' title='bbox 1984 1263 2058 1301; x_wconf 90' lang='lat' dir='ltr'><strong>ne.</strong></span> <span class='ocrx_word' id='word_1_362' title='bbox 2107 1250 2377 1319; x_wconf 82' lang='lat' dir='ltr'><strong>mancipia</strong></span> <span class='ocrx_word' id='word_1_363' title='bbox 2435 1252 2679 1307; x_wconf 69' lang='lat' dir='ltr'><strong>vetitaave</strong></span> <span class='ocrx_word' id='word_1_364' title='bbox 2718 1269 2923 1307; x_wconf 87' lang='lat' dir='ltr'><strong>merces</strong></span> <span class='ocrx_word' id='word_1_365' title='bbox 2983 1264 3353 1322; x_wconf 84' lang='lat' dir='ltr'><strong>cxportentur,</strong></span> 
     </span>
    </p>
   </div>
   <div class='ocr_carea' id='block_1_56' title="bbox 1805 1334 3348 1414">
    <p class='ocr_par' dir='ltr' id='par_1_56' title="bbox 1805 1334 3348 1414">
     <span class='ocr_line' id='line_1_57' title="bbox 1805 1334 3348 1414; baseline 0.006 -24"><span class='ocrx_word' id='word_1_366' title='bbox 1805 1338 2113 1394; x_wconf 79' lang='lat' dir='ltr'><strong>deduceret.</strong></span> <span class='ocrx_word' id='word_1_367' title='bbox 2139 1340 2310 1395; x_wconf 88' lang='lat' dir='ltr'><strong>Simul</strong></span> <span class='ocrx_word' id='word_1_368' title='bbox 2332 1344 2559 1398; x_wconf 90' lang='lat' dir='ltr'><strong>remissa</strong></span> <span class='ocrx_word' id='word_1_369' title='bbox 2581 1334 2742 1409; x_wconf 76' lang='lat' dir='ltr'><strong>cstlii,</strong></span> <span class='ocrx_word' id='word_1_370' title='bbox 2776 1344 2935 1398; x_wconf 89' lang='lat' dir='ltr'><strong>nobis</strong></span> <span class='ocrx_word' id='word_1_371' title='bbox 2961 1345 3165 1414; x_wconf 89' lang='lat' dir='ltr'><strong>injurii,</strong></span> <span class='ocrx_word' id='word_1_372' title='bbox 3194 1360 3348 1414; x_wconf 75' lang='lat' dir='ltr'><strong>pruna</strong></span> 
     </span>
    </p>
   </div>
   <div class='ocr_carea' id='block_1_57' title="bbox 1806 1427 3349 1497">
    <p class='ocr_par' dir='ltr' id='par_1_57' title="bbox 1806 1427 3349 1497">
     <span class='ocr_line' id='line_1_58' title="bbox 1806 1427 3349 1497; baseline 0.008 -17"><span class='ocrx_word' id='word_1_373' title='bbox 1806 1427 1905 1482; x_wconf 87' lang='lat' dir='ltr'><strong>fuit</strong></span> <span class='ocrx_word' id='word_1_374' title='bbox 1953 1429 2241 1484; x_wconf 88' lang='lat' dir='ltr'><strong>arbitrium</strong></span> <span class='ocrx_word' id='word_1_375' title='bbox 2293 1432 2525 1487; x_wconf 84' lang='lat' dir='ltr'><strong>oratoris</strong></span> <span class='ocrx_word' id='word_1_376' title='bbox 2581 1427 2846 1497; x_wconf 69' lang='lat' dir='ltr'><strong>Caesarei,</strong></span> <span class='ocrx_word' id='word_1_377' title='bbox 2918 1436 3069 1489; x_wconf 83' lang='lat' dir='ltr'><strong>Pauli</strong></span> <span class='ocrx_word' id='word_1_378' title='bbox 3130 1438 3349 1492; x_wconf 73' lang='lat' dir='ltr'><strong>harenis</strong></span> 
     </span>
    </p>
   </div>
   <div class='ocr_carea' id='block_1_58' title="bbox 1806 1519 3344 1597">
    <p class='ocr_par' dir='ltr' id='par_1_58' title="bbox 1806 1519 3344 1597">
     <span class='ocr_line' id='line_1_59' title="bbox 1806 1519 3344 1597; baseline 0.007 -27"><span class='ocrx_word' id='word_1_379' title='bbox 1806 1519 2128 1589; x_wconf 84' lang='lat' dir='ltr'><strong>Eitzingani,</strong></span> <span class='ocrx_word' id='word_1_380' title='bbox 2162 1522 2573 1593; x_wconf 82' lang='lat' dir='ltr'><strong>collaudataque</strong></span> <span class='ocrx_word' id='word_1_381' title='bbox 2606 1525 2847 1580; x_wconf 66' lang='lat' dir='ltr'><strong>subassae</strong></span> <span class='ocrx_word' id='word_1_382' title='bbox 2890 1529 3199 1595; x_wconf 79' lang='lat' dir='ltr'><strong>prudentia,</strong></span> <span class='ocrx_word' id='word_1_383' title='bbox 3254 1531 3344 1597; x_wconf 88' lang='lat' dir='ltr'><strong>qui</strong></span> 
     </span>
    </p>
   </div>
   <div class='ocr_carea' id='block_1_59' title="bbox 1808 1607 3350 1689">
    <p class='ocr_par' dir='ltr' id='par_1_59' title="bbox 1808 1607 3350 1689">
     <span class='ocr_line' id='line_1_60' title="bbox 1808 1607 3350 1689; baseline 0.009 -28"><span class='ocrx_word' id='word_1_384' title='bbox 1808 1624 1905 1676; x_wconf 91' lang='lat' dir='ltr'><strong>pro</strong></span> <span class='ocrx_word' id='word_1_385' title='bbox 1938 1610 2094 1664; x_wconf 88' lang='lat' dir='ltr'><strong>nobis</strong></span> <span class='ocrx_word' id='word_1_386' title='bbox 2122 1610 2389 1668; x_wconf 87' lang='lat' dir='ltr'><strong>adversus</strong></span> <span class='ocrx_word' id='word_1_387' title='bbox 2409 1615 2621 1669; x_wconf 88' lang='lat' dir='ltr'><strong>cadium</strong></span> <span class='ocrx_word' id='word_1_388' title='bbox 2661 1618 2921 1673; x_wconf 85' lang='lat' dir='ltr'><strong>stetisset.</strong></span> <span class='ocrx_word' id='word_1_389' title='bbox 2955 1607 3179 1673; x_wconf 80' lang='lat' dir='ltr'><strong>Missum</strong></span> <span class='ocrx_word' id='word_1_390' title='bbox 3213 1636 3350 1689; x_wconf 86' lang='lat' dir='ltr'><strong>quo-</strong></span> 
     </span>
    </p>
   </div>
   <div class='ocr_carea' id='block_1_60' title="bbox 1806 1698 3351 1780">
    <p class='ocr_par' dir='ltr' id='par_1_60' title="bbox 1806 1698 3351 1780">
     <span class='ocr_line' id='line_1_61' title="bbox 1806 1698 3351 1780; baseline 0.009 -31"><span class='ocrx_word' id='word_1_391' title='bbox 1806 1714 1911 1767; x_wconf 89' lang='lat' dir='ltr'><strong>que</strong></span> <span class='ocrx_word' id='word_1_392' title='bbox 1939 1698 2175 1767; x_wconf 84' lang='lat' dir='ltr'><strong>diploma</strong></span> <span class='ocrx_word' id='word_1_393' title='bbox 2203 1716 2398 1756; x_wconf 90' lang='lat' dir='ltr'><strong>novum</strong></span> <span class='ocrx_word' id='word_1_394' title='bbox 2435 1703 2566 1764; x_wconf 82' lang='lat' dir='ltr'><strong>salvi</strong></span> <span class='ocrx_word' id='word_1_395' title='bbox 2595 1716 2952 1768; x_wconf 83' lang='lat' dir='ltr'><strong>commeatus.</strong></span> <span class='ocrx_word' id='word_1_396' title='bbox 2991 1710 3157 1778; x_wconf 81' lang='lat' dir='ltr'><strong>ptiuri</strong></span> <span class='ocrx_word' id='word_1_397' title='bbox 3192 1712 3351 1780; x_wconf 85' lang='lat' dir='ltr'><strong>longe</strong></span> 
     </span>
    </p>
   </div>
   <div class='ocr_carea' id='block_1_61' title="bbox 1806 1789 3351 1869">
    <p class='ocr_par' dir='ltr' id='par_1_61' title="bbox 1806 1789 3351 1869">
     <span class='ocr_line' id='line_1_62' title="bbox 1806 1789 3351 1869; baseline 0.01 -29"><span class='ocrx_word' id='word_1_398' title='bbox 1806 1789 2084 1845; x_wconf 86' lang='lat' dir='ltr'><strong>severius:</strong></span> <span class='ocrx_word' id='word_1_399' title='bbox 2132 1806 2241 1859; x_wconf 90' lang='lat' dir='ltr'><strong>quo</strong></span> <span class='ocrx_word' id='word_1_400' title='bbox 2292 1793 2666 1859; x_wconf 86' lang='lat' dir='ltr'><strong>interdicebat,</strong></span> <span class='ocrx_word' id='word_1_401' title='bbox 2716 1812 2784 1850; x_wconf 90' lang='lat' dir='ltr'><strong>ne</strong></span> <span class='ocrx_word' id='word_1_402' title='bbox 2821 1812 2925 1865; x_wconf 91' lang='lat' dir='ltr'><strong>qua</strong></span> <span class='ocrx_word' id='word_1_403' title='bbox 2966 1792 3117 1854; x_wconf 85' lang='lat' dir='ltr'><strong>nobis</strong></span> <span class='ocrx_word' id='word_1_404' title='bbox 3156 1816 3183 1853; x_wconf 87' lang='lat' dir='ltr'><strong>a</strong></span> <span class='ocrx_word' id='word_1_405' title='bbox 3220 1817 3351 1869; x_wconf 88' lang='lat' dir='ltr'><strong>quo-</strong></span> 
     </span>
    </p>
   </div>
   <div class='ocr_carea' id='block_1_62' title="bbox 1804 1884 3349 1946">
    <p class='ocr_par' dir='ltr' id='par_1_62' title="bbox 1804 1884 3349 1946">
     <span class='ocr_line' id='line_1_63' title="bbox 1804 1884 3349 1946; baseline 0.009 -17"><span class='ocrx_word' id='word_1_406' title='bbox 1804 1892 1963 1946; x_wconf 87' lang='lat' dir='ltr'><strong>quam</strong></span> <span class='ocrx_word' id='word_1_407' title='bbox 1994 1894 2220 1934; x_wconf 88' lang='lat' dir='ltr'><strong>suorum</strong></span> <span class='ocrx_word' id='word_1_408' title='bbox 2248 1884 2599 1941; x_wconf 89' lang='lat' dir='ltr'><strong>exhiberetur</strong></span> <span class='ocrx_word' id='word_1_409' title='bbox 2630 1887 2916 1943; x_wconf 83' lang='lat' dir='ltr'><strong>molestia:</strong></span> <span class='ocrx_word' id='word_1_410' title='bbox 2947 1890 3041 1943; x_wconf 89' lang='lat' dir='ltr'><strong>sed</strong></span> <span class='ocrx_word' id='word_1_411' title='bbox 3082 1901 3139 1943; x_wconf 91' lang='lat' dir='ltr'><strong>ut</strong></span> <span class='ocrx_word' id='word_1_412' title='bbox 3169 1892 3349 1945; x_wconf 90' lang='lat' dir='ltr'><strong>omni-</strong></span> 
     </span>
    </p>
   </div>
   <div class='ocr_carea' id='block_1_63' title="bbox 1804 1968 3349 2055">
    <p class='ocr_par' dir='ltr' id='par_1_63' title="bbox 1804 1968 3349 2055">
     <span class='ocr_line' id='line_1_64' title="bbox 1804 1968 3349 2055; baseline 0.01 -33"><span class='ocrx_word' id='word_1_413' title='bbox 1804 1968 1903 2023; x_wconf 87' lang='lat' dir='ltr'><strong>bus</strong></span> <span class='ocrx_word' id='word_1_414' title='bbox 1936 1972 2098 2025; x_wconf 89' lang='lat' dir='ltr'><strong>rebus</strong></span> <span class='ocrx_word' id='word_1_415' title='bbox 2122 1987 2221 2027; x_wconf 89' lang='lat' dir='ltr'><strong>nos</strong></span> <span class='ocrx_word' id='word_1_416' title='bbox 2253 1979 2435 2042; x_wconf 88' lang='lat' dir='ltr'><strong>potius</strong></span> <span class='ocrx_word' id='word_1_417' title='bbox 2462 1990 2650 2033; x_wconf 87' lang='lat' dir='ltr'><strong>omnes</strong></span> <span class='ocrx_word' id='word_1_418' title='bbox 2676 1979 2855 2034; x_wconf 85' lang='lat' dir='ltr'><strong>ubivis</strong></span> <span class='ocrx_word' id='word_1_419' title='bbox 2888 1978 3133 2036; x_wconf 87' lang='lat' dir='ltr'><strong>locorum</strong></span> <span class='ocrx_word' id='word_1_420' title='bbox 3158 1982 3213 2055; x_wconf 82' lang='lat' dir='ltr'><strong>in</strong></span> <span class='ocrx_word' id='word_1_421' title='bbox 3253 1984 3349 2037; x_wconf 89' lang='lat' dir='ltr'><strong>im-</strong></span> 
     </span>
    </p>
   </div>
   <div class='ocr_carea' id='block_1_64' title="bbox 1805 2061 3354 2139">
    <p class='ocr_par' dir='ltr' id='par_1_64' title="bbox 1805 2061 3354 2139">
     <span class='ocr_line' id='line_1_65' title="bbox 1805 2061 3354 2139; baseline 0.012 -28"><span class='ocrx_word' id='word_1_422' title='bbox 1805 2061 1955 2129; x_wconf 84' lang='lat' dir='ltr'><strong>perio</strong></span> <span class='ocrx_word' id='word_1_423' title='bbox 1984 2074 2084 2117; x_wconf 87' lang='lat' dir='ltr'><strong>suo</strong></span> <span class='ocrx_word' id='word_1_424' title='bbox 2109 2064 2384 2133; x_wconf 89' lang='lat' dir='ltr'><strong>juvarent.</strong></span> <span class='ocrx_word' id='word_1_425' title='bbox 2422 2062 2687 2123; x_wconf 87' lang='lat' dir='ltr'><strong>Tzausius</strong></span> <span class='ocrx_word' id='word_1_426' title='bbox 2745 2073 2859 2139; x_wconf 84' lang='lat' dir='ltr'><strong>ipse</strong></span> <span class='ocrx_word' id='word_1_427' title='bbox 2897 2084 3021 2126; x_wconf 89' lang='lat' dir='ltr'><strong>cum</strong></span> <span class='ocrx_word' id='word_1_428' title='bbox 3050 2074 3267 2128; x_wconf 80' lang='lat' dir='ltr'><strong>sultano</strong></span> <span class='ocrx_word' id='word_1_429' title='bbox 3294 2090 3354 2130; x_wconf 87' lang='lat' dir='ltr'><strong>se</strong></span> 
     </span>
    </p>
   </div>
   <div class='ocr_carea' id='block_1_65' title="bbox 1804 2149 3351 2232">
    <p class='ocr_par' dir='ltr' id='par_1_65' title="bbox 1804 2149 3351 2232">
     <span class='ocr_line' id='line_1_66' title="bbox 1804 2149 3351 2232; baseline 0.011 -29"><span class='ocrx_word' id='word_1_430' title='bbox 1804 2149 2043 2207; x_wconf 84' lang='lat' dir='ltr'><strong>locutum</strong></span> <span class='ocrx_word' id='word_1_431' title='bbox 2079 2164 2134 2208; x_wconf 90' lang='lat' dir='ltr'><strong>et</strong></span> <span class='ocrx_word' id='word_1_432' title='bbox 2164 2156 2384 2213; x_wconf 87' lang='lat' dir='ltr'><strong>audisse</strong></span> <span class='ocrx_word' id='word_1_433' title='bbox 2416 2159 2684 2215; x_wconf 83' lang='lat' dir='ltr'><strong>referebat</strong></span> <span class='ocrx_word' id='word_1_434' title='bbox 2746 2174 2808 2216; x_wconf 87' lang='lat' dir='ltr'><strong>ex</strong></span> <span class='ocrx_word' id='word_1_435' title='bbox 2869 2164 3039 2232; x_wconf 89' lang='lat' dir='ltr'><strong>ipsius</strong></span> <span class='ocrx_word' id='word_1_436' title='bbox 3085 2178 3201 2228; x_wconf 87' lang='lat' dir='ltr'><strong>ore,</strong></span> <span class='ocrx_word' id='word_1_437' title='bbox 3228 2181 3351 2220; x_wconf 90' lang='lat' dir='ltr'><strong>cum</strong></span> 
     </span>
    </p>
   </div>
   <div class='ocr_carea' id='block_1_66' title="bbox 1804 2239 3350 2320">
    <p class='ocr_par' dir='ltr' id='par_1_66' title="bbox 1804 2239 3350 2320">
     <span class='ocr_line' id='line_1_67' title="bbox 1804 2239 3350 2320; baseline 0.012 -28"><span class='ocrx_word' id='word_1_438' title='bbox 1804 2239 2030 2306; x_wconf 87' lang='lat' dir='ltr'><strong>diceret,</strong></span> <span class='ocrx_word' id='word_1_439' title='bbox 2062 2245 2211 2299; x_wconf 87' lang='lat' dir='ltr'><strong>nullo</strong></span> <span class='ocrx_word' id='word_1_440' title='bbox 2236 2249 2396 2303; x_wconf 87' lang='lat' dir='ltr'><strong>modo</strong></span> <span class='ocrx_word' id='word_1_441' title='bbox 2425 2263 2484 2304; x_wconf 90' lang='lat' dir='ltr'><strong>se</strong></span> <span class='ocrx_word' id='word_1_442' title='bbox 2533 2250 2953 2319; x_wconf 85' lang='lat' dir='ltr'><strong>permissurum,</strong></span> <span class='ocrx_word' id='word_1_443' title='bbox 2989 2263 3048 2308; x_wconf 92' lang='lat' dir='ltr'><strong>ut</strong></span> <span class='ocrx_word' id='word_1_444' title='bbox 3104 2255 3211 2309; x_wconf 85' lang='lat' dir='ltr'><strong>ulla</strong></span> <span class='ocrx_word' id='word_1_445' title='bbox 3270 2272 3350 2320; x_wconf 91' lang='lat' dir='ltr'><strong>re,</strong></span> 
     </span>
    </p>
   </div>
   <div class='ocr_carea' id='block_1_67' title="bbox 1804 2332 3352 2408">
    <p class='ocr_par' dir='ltr' id='par_1_67' title="bbox 1804 2332 3352 2408">
     <span class='ocr_line' id='line_1_68' title="bbox 1804 2332 3352 2408; baseline 0.008 -24"><span class='ocrx_word' id='word_1_446' title='bbox 1804 2332 1887 2385; x_wconf 90' lang='lat' dir='ltr'><strong>vel</strong></span> <span class='ocrx_word' id='word_1_447' title='bbox 1920 2334 2165 2399; x_wconf 91' lang='lat' dir='ltr'><strong>minima,</strong></span> <span class='ocrx_word' id='word_1_448' title='bbox 2202 2345 2374 2406; x_wconf 68' lang='lat' dir='ltr'><strong>pactm</strong></span> <span class='ocrx_word' id='word_1_449' title='bbox 2418 2353 2538 2391; x_wconf 89' lang='lat' dir='ltr'><strong>cum</strong></span> <span class='ocrx_word' id='word_1_450' title='bbox 2567 2340 2891 2408; x_wconf 89' lang='lat' dir='ltr'><strong>imperatore</strong></span> <span class='ocrx_word' id='word_1_451' title='bbox 2919 2341 3352 2399; x_wconf 86' lang='lat' dir='ltr'><strong>Christianorum</strong></span> 
     </span>
    </p>
   </div>
   <div class='ocr_carea' id='block_1_68' title="bbox 1806 2425 3353 2502">
    <p class='ocr_par' dir='ltr' id='par_1_68' title="bbox 1806 2425 3353 2502">
     <span class='ocr_line' id='line_1_69' title="bbox 1806 2425 3353 2502; baseline 0.008 -25"><span class='ocrx_word' id='word_1_452' title='bbox 1806 2425 2037 2479; x_wconf 82' lang='lat' dir='ltr'><strong>induciae</strong></span> <span class='ocrx_word' id='word_1_453' title='bbox 2068 2428 2416 2487; x_wconf 87' lang='lat' dir='ltr'><strong>violarentur.</strong></span> <span class='ocrx_word' id='word_1_454' title='bbox 2448 2429 2677 2500; x_wconf 85' lang='lat' dir='ltr'><strong>Ideoque</strong></span> <span class='ocrx_word' id='word_1_455' title='bbox 2703 2444 2824 2486; x_wconf 91' lang='lat' dir='ltr'><strong>cum</strong></span> <span class='ocrx_word' id='word_1_456' title='bbox 2865 2432 3160 2502; x_wconf 87' lang='lat' dir='ltr'><strong>aliquando</strong></span> <span class='ocrx_word' id='word_1_457' title='bbox 3192 2436 3353 2493; x_wconf 86' lang='lat' dir='ltr'><strong>nobis</strong></span> 
     </span>
    </p>
   </div>
   <div class='ocr_carea' id='block_1_69' title="bbox 1816 2510 3353 2591">
    <p class='ocr_par' dir='ltr' id='par_1_69' title="bbox 1816 2510 3353 2591">
     <span class='ocr_line' id='line_1_70' title="bbox 1816 2510 3353 2591; baseline 0.01 -25"><span class='ocrx_word' id='word_1_458' title='bbox 1816 2510 2073 2570; x_wconf 65' lang='lat' dir='ltr'><strong>llebrmus</strong></span> <span class='ocrx_word' id='word_1_459' title='bbox 2120 2517 2337 2588; x_wconf 85' lang='lat' dir='ltr'><strong>quidam</strong></span> <span class='ocrx_word' id='word_1_460' title='bbox 2380 2520 2698 2589; x_wconf 81' lang='lat' dir='ltr'><strong>publicanus</strong></span> <span class='ocrx_word' id='word_1_461' title='bbox 2734 2522 2753 2591; x_wconf 93' lang='lat'>(</span> <span class='ocrx_word' id='word_1_462' title='bbox 2787 2532 2913 2577; x_wconf 87' lang='lat' dir='ltr'><strong>sunt</strong></span> <span class='ocrx_word' id='word_1_463' title='bbox 2953 2525 3096 2577; x_wconf 91' lang='lat' dir='ltr'><strong>enim</strong></span> <span class='ocrx_word' id='word_1_464' title='bbox 3144 2526 3208 2579; x_wconf 69' lang='lat' dir='ltr'><strong>&#39;in</strong></span> <span class='ocrx_word' id='word_1_465' title='bbox 3244 2526 3353 2581; x_wconf 84' lang='lat' dir='ltr'><strong>He-</strong></span> 
     </span>
    </p>
   </div>
   <div class='ocr_carea' id='block_1_70' title="bbox 1803 2602 3351 2681">
    <p class='ocr_par' dir='ltr' id='par_1_70' title="bbox 1803 2602 3351 2681">
     <span class='ocr_line' id='line_1_71' title="bbox 1803 2602 3351 2681; baseline 0.01 -25"><span class='ocrx_word' id='word_1_466' title='bbox 1803 2602 2068 2660; x_wconf 73' lang='lat' dir='ltr'><strong>braeorum</strong></span> <span class='ocrx_word' id='word_1_467' title='bbox 2108 2608 2355 2663; x_wconf 88' lang='lat' dir='ltr'><strong>manibus</strong></span> <span class='ocrx_word' id='word_1_468' title='bbox 2384 2610 2566 2665; x_wconf 91' lang='lat' dir='ltr'><strong>omnia</strong></span> <span class='ocrx_word' id='word_1_469' title='bbox 2605 2625 2700 2679; x_wconf 88' lang='lat' dir='ltr'><strong>per</strong></span> <span class='ocrx_word' id='word_1_470' title='bbox 2727 2612 3011 2681; x_wconf 88' lang='lat' dir='ltr'><strong>imperium</strong></span> <span class='ocrx_word' id='word_1_471' title='bbox 3055 2613 3351 2672; x_wconf 89' lang='lat' dir='ltr'><strong>Turcicum</strong></span> 
     </span>
    </p>
   </div>
   <div class='ocr_carea' id='block_1_71' title="bbox 1806 2693 3355 2776">
    <p class='ocr_par' dir='ltr' id='par_1_71' title="bbox 1806 2693 3355 2776">
     <span class='ocr_line' id='line_1_72' title="bbox 1806 2693 3355 2776; baseline 0.01 -30"><span class='ocrx_word' id='word_1_472' title='bbox 1806 2693 2156 2765; x_wconf 76' lang='lat' dir='ltr'><strong>telonia,qua:</strong></span> <span class='ocrx_word' id='word_1_473' title='bbox 2173 2698 2405 2753; x_wconf 91' lang='lat' dir='ltr'><strong>nummis</strong></span> <span class='ocrx_word' id='word_1_474' title='bbox 2434 2714 2460 2751; x_wconf 89' lang='lat' dir='ltr'><strong>a</strong></span> <span class='ocrx_word' id='word_1_475' title='bbox 2486 2701 2699 2755; x_wconf 90' lang='lat' dir='ltr'><strong>sultano</strong></span> <span class='ocrx_word' id='word_1_476' title='bbox 2731 2702 3046 2774; x_wconf 88' lang='lat' dir='ltr'><strong>redimunt),</strong></span> <span class='ocrx_word' id='word_1_477' title='bbox 3075 2705 3191 2776; x_wconf 89' lang='lat' dir='ltr'><strong>ipso</strong></span> <span class='ocrx_word' id='word_1_478' title='bbox 3218 2722 3355 2776; x_wconf 70' lang='lat' dir='ltr'><strong>prae-</strong></span> 
     </span>
    </p>
   </div>
   <div class='ocr_carea' id='block_1_72' title="bbox 1807 2790 3352 2866">
    <p class='ocr_par' dir='ltr' id='par_1_72' title="bbox 1807 2790 3352 2866">
     <span class='ocr_line' id='line_1_73' title="bbox 1807 2790 3352 2866; baseline 0.009 -26"><span class='ocrx_word' id='word_1_479' title='bbox 1807 2796 1981 2849; x_wconf 86' lang='lat' dir='ltr'><strong>sente,</strong></span> <span class='ocrx_word' id='word_1_480' title='bbox 2010 2791 2194 2843; x_wconf 89' lang='lat' dir='ltr'><strong>nescio</strong></span> <span class='ocrx_word' id='word_1_481' title='bbox 2238 2790 2364 2858; x_wconf 90' lang='lat' dir='ltr'><strong>quid</strong></span> <span class='ocrx_word' id='word_1_482' title='bbox 2413 2791 2672 2848; x_wconf 78' lang='lat' dir='ltr'><strong>molestia:</strong></span> <span class='ocrx_word' id='word_1_483' title='bbox 2714 2795 2983 2861; x_wconf 83' lang='lat' dir='ltr'><strong>navicula,</strong></span> <span class='ocrx_word' id='word_1_484' title='bbox 3025 2812 3132 2866; x_wconf 84' lang='lat' dir='ltr'><strong>qua</strong></span> <span class='ocrx_word' id='word_1_485' title='bbox 3190 2797 3352 2866; x_wconf 81' lang='lat' dir='ltr'><strong>vehe-</strong></span> 
     </span>
    </p>
   </div>
   <div class='ocr_carea' id='block_1_73' title="bbox 1817 2862 3354 2954">
    <p class='ocr_par' dir='ltr' id='par_1_73' title="bbox 1817 2862 3354 2954">
     <span class='ocr_line' id='line_1_74' title="bbox 1817 2862 3354 2954; baseline 0.009 -24"><span class='ocrx_word' id='word_1_486' title='bbox 1817 2876 2009 2931; x_wconf 87' lang='lat' dir='ltr'><strong>bamur</strong></span> <span class='ocrx_word' id='word_1_487' title='bbox 2036 2877 2104 2931; x_wconf 89' lang='lat' dir='ltr'><strong>ad</strong></span> <span class='ocrx_word' id='word_1_488' title='bbox 2150 2893 2325 2932; x_wconf 90' lang='lat' dir='ltr'><strong>arcem</strong></span> <span class='ocrx_word' id='word_1_489' title='bbox 2356 2881 2670 2947; x_wconf 81' lang='lat' dir='ltr'><strong>Asiaticam,</strong></span> <span class='ocrx_word' id='word_1_490' title='bbox 2704 2884 3063 2954; x_wconf 85' lang='lat' dir='ltr'><strong>perquirenda</strong></span> <span class='ocrx_word' id='word_1_491' title='bbox 3099 2862 3354 2945; x_wconf 73' lang='lat' dir='ltr'><strong>exhibere</strong></span> 
     </span>
    </p>
   </div>
   <div class='ocr_carea' id='block_1_74' title="bbox 1808 2964 3351 3036">
    <p class='ocr_par' dir='ltr' id='par_1_74' title="bbox 1808 2964 3351 3036">
     <span class='ocr_line' id='line_1_75' title="bbox 1808 2964 3351 3036; baseline 0.006 -18"><span class='ocrx_word' id='word_1_492' title='bbox 1808 2964 1989 3029; x_wconf 84' lang='lat' dir='ltr'><strong>vellet,</strong></span> <span class='ocrx_word' id='word_1_493' title='bbox 2021 2966 2072 3020; x_wconf 88' lang='lat' dir='ltr'><strong>ei</strong></span> <span class='ocrx_word' id='word_1_494' title='bbox 2113 2973 2256 3020; x_wconf 87' lang='lat' dir='ltr'><strong>tanta</strong></span> <span class='ocrx_word' id='word_1_495' title='bbox 2288 2967 2337 3022; x_wconf 88' lang='lat' dir='ltr'><strong>vi</strong></span> <span class='ocrx_word' id='word_1_496' title='bbox 2371 2969 2725 3036; x_wconf 82' lang='lat' dir='ltr'><strong>pusdjganum</strong></span> <span class='ocrx_word' id='word_1_497' title='bbox 2751 2970 2863 3025; x_wconf 88' lang='lat' dir='ltr'><strong>sive</strong></span> <span class='ocrx_word' id='word_1_498' title='bbox 2885 2971 3090 3026; x_wconf 89' lang='lat' dir='ltr'><strong>clavam</strong></span> <span class='ocrx_word' id='word_1_499' title='bbox 3119 2972 3351 3028; x_wconf 84' lang='lat' dir='ltr'><strong>ferream</strong></span> 
     </span>
    </p>
   </div>
   <div class='ocr_carea' id='block_1_75' title="bbox 1808 3052 3356 3126">
    <p class='ocr_par' dir='ltr' id='par_1_75' title="bbox 1808 3052 3356 3126">
     <span class='ocr_line' id='line_1_76' title="bbox 1808 3052 3356 3126; baseline 0.008 -17"><span class='ocrx_word' id='word_1_500' title='bbox 1808 3052 1861 3109; x_wconf 86' lang='lat' dir='ltr'><strong>in</strong></span> <span class='ocrx_word' id='word_1_501' title='bbox 1888 3066 2048 3124; x_wconf 86' lang='lat' dir='ltr'><strong>caput</strong></span> <span class='ocrx_word' id='word_1_502' title='bbox 2078 3057 2322 3126; x_wconf 76' lang='lat' dir='ltr'><strong>impegit,</strong></span> <span class='ocrx_word' id='word_1_503' title='bbox 2353 3066 2407 3109; x_wconf 93' lang='lat' dir='ltr'><strong>ut</strong></span> <span class='ocrx_word' id='word_1_504' title='bbox 2439 3058 2590 3126; x_wconf 90' lang='lat' dir='ltr'><strong>quasi</strong></span> <span class='ocrx_word' id='word_1_505' title='bbox 2642 3068 2892 3116; x_wconf 85' lang='lat' dir='ltr'><strong>mortuus</strong></span> <span class='ocrx_word' id='word_1_506' title='bbox 2922 3061 3073 3116; x_wconf 86' lang='lat' dir='ltr'><strong>humi</strong></span> <span class='ocrx_word' id='word_1_507' title='bbox 3122 3065 3356 3120; x_wconf 87' lang='lat' dir='ltr'><strong>collabe-</strong></span> 
     </span>
    </p>
   </div>
   <div class='ocr_carea' id='block_1_76' title="bbox 1809 3146 3351 3220">
    <p class='ocr_par' dir='ltr' id='par_1_76' title="bbox 1809 3146 3351 3220">
     <span class='ocr_line' id='line_1_77' title="bbox 1809 3146 3351 3220; baseline 0.003 -20"><span class='ocrx_word' id='word_1_508' title='bbox 1809 3154 1980 3209; x_wconf 85' lang='lat' dir='ltr'><strong>retur,</strong></span> <span class='ocrx_word' id='word_1_509' title='bbox 2018 3153 2072 3201; x_wconf 87' lang='lat' dir='ltr'><strong>et</strong></span> <span class='ocrx_word' id='word_1_510' title='bbox 2105 3146 2461 3202; x_wconf 89' lang='lat' dir='ltr'><strong>moribundus</strong></span> <span class='ocrx_word' id='word_1_511' title='bbox 2494 3162 2523 3201; x_wconf 90' lang='lat' dir='ltr'><strong>a</strong></span> <span class='ocrx_word' id='word_1_512' title='bbox 2556 3148 2670 3204; x_wconf 88' lang='lat' dir='ltr'><strong>suis</strong></span> <span class='ocrx_word' id='word_1_513' title='bbox 2701 3148 2920 3219; x_wconf 82' lang='lat' dir='ltr'><strong>domum</strong></span> <span class='ocrx_word' id='word_1_514' title='bbox 2949 3151 3351 3220; x_wconf 85' lang='lat' dir='ltr'><strong>deportaretur.</strong></span> 
     </span>
    </p>
   </div>
   <div class='ocr_carea' id='block_1_77' title="bbox 1814 3235 3353 3312">
    <p class='ocr_par' dir='ltr' id='par_1_77' title="bbox 1814 3235 3353 3312">
     <span class='ocr_line' id='line_1_78' title="bbox 1814 3235 3353 3312; baseline 0.006 -21"><span class='ocrx_word' id='word_1_515' title='bbox 1814 3235 1921 3292; x_wconf 87' lang='lat' dir='ltr'><strong>Sed</strong></span> <span class='ocrx_word' id='word_1_516' title='bbox 1948 3238 2090 3290; x_wconf 89' lang='lat' dir='ltr'><strong>enim</strong></span> <span class='ocrx_word' id='word_1_517' title='bbox 2118 3236 2184 3291; x_wconf 87' lang='lat' dir='ltr'><strong>ad</strong></span> <span class='ocrx_word' id='word_1_518' title='bbox 2210 3252 2321 3291; x_wconf 88' lang='lat' dir='ltr'><strong>rem</strong></span> <span class='ocrx_word' id='word_1_519' title='bbox 2346 3247 2403 3291; x_wconf 93' lang='lat' dir='ltr'><strong>ut</strong></span> <span class='ocrx_word' id='word_1_520' title='bbox 2425 3240 2732 3306; x_wconf 88' lang='lat' dir='ltr'><strong>redeamus,</strong></span> <span class='ocrx_word' id='word_1_521' title='bbox 2761 3240 2862 3297; x_wconf 87' lang='lat' dir='ltr'><strong>hoc</strong></span> <span class='ocrx_word' id='word_1_522' title='bbox 2893 3243 3134 3312; x_wconf 85' lang='lat' dir='ltr'><strong>sangiaci</strong></span> <span class='ocrx_word' id='word_1_523' title='bbox 3156 3245 3353 3301; x_wconf 59' lang='lat' dir='ltr'><strong>Callim</strong></span> 
     </span>
    </p>
   </div>
   <div class='ocr_carea' id='block_1_78' title="bbox 1816 3325 3352 3396">
    <p class='ocr_par' dir='ltr' id='par_1_78' title="bbox 1816 3325 3352 3396">
     <span class='ocr_line' id='line_1_79' title="bbox 1816 3325 3352 3396; baseline 0.008 -19"><span class='ocrx_word' id='word_1_524' title='bbox 1816 3325 2039 3394; x_wconf 90' lang='lat' dir='ltr'><strong>politani</strong></span> <span class='ocrx_word' id='word_1_525' title='bbox 2080 3325 2311 3381; x_wconf 77' lang='lat' dir='ltr'><strong>cilicium</strong></span> <span class='ocrx_word' id='word_1_526' title='bbox 2338 3337 2584 3396; x_wconf 69' lang='lat' dir='ltr'><strong>prauum</strong></span> <span class='ocrx_word' id='word_1_527' title='bbox 2616 3332 2901 3387; x_wconf 60' lang='lat' dir='ltr'><strong>maritimae</strong></span> <span class='ocrx_word' id='word_1_528' title='bbox 2939 3332 3102 3388; x_wconf 90' lang='lat' dir='ltr'><strong>Turci</strong></span> <span class='ocrx_word' id='word_1_529' title='bbox 3142 3350 3171 3387; x_wconf 90' lang='lat' dir='ltr'><strong>a</strong></span> <span class='ocrx_word' id='word_1_530' title='bbox 3202 3334 3352 3390; x_wconf 64' lang='lat' dir='ltr'><strong>Gras-</strong></span> 
     </span>
    </p>
   </div>
   <div class='ocr_carea' id='block_1_79' title="bbox 1810 3416 3352 3490">
    <p class='ocr_par' dir='ltr' id='par_1_79' title="bbox 1810 3416 3352 3490">
     <span class='ocr_line' id='line_1_80' title="bbox 1810 3416 3352 3490; baseline 0.007 -19"><span class='ocrx_word' id='word_1_531' title='bbox 1810 3416 1889 3472; x_wconf 89' lang='lat' dir='ltr'><strong>cis</strong></span> <span class='ocrx_word' id='word_1_532' title='bbox 1918 3424 2264 3486; x_wconf 87' lang='lat' dir='ltr'><strong>acceperunt,</strong></span> <span class='ocrx_word' id='word_1_533' title='bbox 2292 3432 2431 3487; x_wconf 89' lang='lat' dir='ltr'><strong>quos</strong></span> <span class='ocrx_word' id='word_1_534' title='bbox 2474 3416 2587 3488; x_wconf 85' lang='lat' dir='ltr'><strong>jam</strong></span> <span class='ocrx_word' id='word_1_535' title='bbox 2626 3422 2788 3484; x_wconf 87' lang='lat' dir='ltr'><strong>toties</strong></span> <span class='ocrx_word' id='word_1_536' title='bbox 2816 3422 3055 3490; x_wconf 80' lang='lat' dir='ltr'><strong>diximus</strong></span> <span class='ocrx_word' id='word_1_537' title='bbox 3084 3440 3178 3482; x_wconf 89' lang='lat' dir='ltr'><strong>eos</strong></span> <span class='ocrx_word' id='word_1_538' title='bbox 3213 3428 3352 3482; x_wconf 33' lang='lat' dir='ltr'><strong>mule</strong></span> 
     </span>
    </p>
   </div>
   <div class='ocr_carea' id='block_1_80' title="bbox 1810 3496 3346 3587">
    <p class='ocr_par' dir='ltr' id='par_1_80' title="bbox 1810 3496 3346 3587">
     <span class='ocr_line' id='line_1_81' title="bbox 1810 3496 3346 3587; baseline 0.007 -24"><span class='ocrx_word' id='word_1_539' title='bbox 1810 3509 1879 3565; x_wconf 92' lang='lat' dir='ltr'><strong>tis</strong></span> <span class='ocrx_word' id='word_1_540' title='bbox 1914 3510 1964 3562; x_wconf 92' lang='lat' dir='ltr'><strong>in</strong></span> <span class='ocrx_word' id='word_1_541' title='bbox 1991 3508 2151 3563; x_wconf 90' lang='lat' dir='ltr'><strong>rebus</strong></span> <span class='ocrx_word' id='word_1_542' title='bbox 2200 3510 2504 3565; x_wconf 77' lang='lat' dir='ltr'><strong>aemulatus.</strong></span> <span class='ocrx_word' id='word_1_543' title='bbox 2544 3509 2697 3581; x_wconf 80' lang='lat' dir='ltr'><strong>Apud</strong></span> <span class='ocrx_word' id='word_1_544' title='bbox 2727 3496 3025 3570; x_wconf 75' lang='lat' dir='ltr'><strong>Cedrinum</strong></span> <span class='ocrx_word' id='word_1_545' title='bbox 3057 3518 3346 3587; x_wconf 88' lang='lat' dir='ltr'><strong>aliquoties</strong></span> 
     </span>
    </p>
   </div>
   <div class='ocr_carea' id='block_1_81' title="bbox 1810 3596 3354 3670">
    <p class='ocr_par' dir='ltr' id='par_1_81' title="bbox 1810 3596 3354 3670">
     <span class='ocr_line' id='line_1_82' title="bbox 1810 3596 3354 3670; baseline 0.003 -17"><span class='ocrx_word' id='word_1_546' title='bbox 1810 3597 1877 3661; x_wconf 88' lang='lat' dir='ltr'><strong>is,</strong></span> <span class='ocrx_word' id='word_1_547' title='bbox 1903 3600 1996 3667; x_wconf 88' lang='lat' dir='ltr'><strong>qui</strong></span> <span class='ocrx_word' id='word_1_548' title='bbox 2023 3596 2290 3667; x_wconf 70' lang='grc' dir='ltr'><strong>σρατηγός</strong></span> <span class='ocrx_word' id='word_1_549' title='bbox 2331 3599 2444 3652; x_wconf 87' lang='lat' dir='ltr'><strong>sive</strong></span> <span class='ocrx_word' id='word_1_550' title='bbox 2468 3606 2667 3667; x_wconf 64' lang='lat' dir='ltr'><strong>prator</strong></span> <span class='ocrx_word' id='word_1_551' title='bbox 2719 3599 3162 3670; x_wconf 87' lang='lat' dir='ltr'><strong>Calliopolitanus</strong></span> <span class='ocrx_word' id='word_1_552' title='bbox 3214 3613 3354 3668; x_wconf 90' lang='lat' dir='ltr'><strong>erat,</strong></span> 
     </span>
    </p>
   </div>
   <div class='ocr_carea' id='block_1_82' title="bbox 1808 3687 3353 3760">
    <p class='ocr_par' dir='ltr' id='par_1_82' title="bbox 1808 3687 3353 3760">
     <span class='ocr_line' id='line_1_83' title="bbox 1808 3687 3353 3760; baseline 0.003 -18"><span class='ocrx_word' id='word_1_553' title='bbox 1808 3688 1969 3744; x_wconf 90' lang='lat' dir='ltr'><strong>etiam</strong></span> <span class='ocrx_word' id='word_1_554' title='bbox 1994 3689 2090 3757; x_wconf 80' lang='grc' dir='ltr'><strong>τῆς</strong></span> <span class='ocrx_word' id='word_1_555' title='bbox 2112 3687 2483 3756; x_wconf 61' lang='grc' dir='ltr'><strong>δωικανήσου</strong></span> <span class='ocrx_word' id='word_1_556' title='bbox 2516 3698 2803 3759; x_wconf 67' lang='lat' dir='ltr'><strong>praeturam</strong></span> <span class='ocrx_word' id='word_1_557' title='bbox 2827 3695 3067 3760; x_wconf 82' lang='lat' dir='ltr'><strong>gessisse</strong></span> <span class='ocrx_word' id='word_1_558' title='bbox 3099 3696 3353 3756; x_wconf 83' lang='lat' dir='ltr'><strong>traditur,</strong></span> 
     </span>
    </p>
   </div>
   <div class='ocr_carea' id='block_1_83' title="bbox 1808 3778 3349 3850">
    <p class='ocr_par' dir='ltr' id='par_1_83' title="bbox 1808 3778 3349 3850">
     <span class='ocr_line' id='line_1_84' title="bbox 1808 3778 3349 3850; baseline 0.003 -20"><span class='ocrx_word' id='word_1_559' title='bbox 1808 3793 1913 3847; x_wconf 90' lang='lat' dir='ltr'><strong>quo</strong></span> <span class='ocrx_word' id='word_1_560' title='bbox 1942 3778 2203 3833; x_wconf 89' lang='lat' dir='ltr'><strong>vocabulo</strong></span> <span class='ocrx_word' id='word_1_561' title='bbox 2238 3793 2343 3832; x_wconf 91' lang='lat' dir='ltr'><strong>non</strong></span> <span class='ocrx_word' id='word_1_562' title='bbox 2378 3787 2483 3831; x_wconf 89' lang='lat' dir='ltr'><strong>tam</strong></span> <span class='ocrx_word' id='word_1_563' title='bbox 2509 3779 2791 3834; x_wconf 84' lang='lat' dir='ltr'><strong>duodecim</strong></span> <span class='ocrx_word' id='word_1_564' title='bbox 2829 3780 3160 3845; x_wconf 88' lang='lat' dir='ltr'><strong>insularum,</strong></span> <span class='ocrx_word' id='word_1_565' title='bbox 3186 3798 3349 3850; x_wconf 85' lang='lat' dir='ltr'><strong>quam</strong></span> 
     </span>
    </p>
   </div>
   <div class='ocr_carea' id='block_1_84' title="bbox 1786 3868 3353 3945">
    <p class='ocr_par' dir='ltr' id='par_1_84' title="bbox 1786 3868 3353 3945">
     <span class='ocr_line' id='line_1_85' title="bbox 1786 3868 3353 3945; baseline 0.006 -24"><span class='ocrx_word' id='word_1_566' title='bbox 1786 3868 1973 3945; x_wconf 84' lang='lat' dir='ltr'><strong>maris</strong></span> <span class='ocrx_word' id='word_1_567' title='bbox 2033 3868 2317 3937; x_wconf 89' lang='lat' dir='ltr'><strong>imperium</strong></span> <span class='ocrx_word' id='word_1_568' title='bbox 2389 3869 2751 3937; x_wconf 87' lang='lat' dir='ltr'><strong>significatur.</strong></span> <span class='ocrx_word' id='word_1_569' title='bbox 2806 3869 3016 3924; x_wconf 77' lang='lat' dir='ltr'><strong>Etenim</strong></span> <span class='ocrx_word' id='word_1_570' title='bbox 3084 3873 3353 3943; x_wconf 85' lang='lat' dir='ltr'><strong>hodieque</strong></span> 
     </span>
    </p>
   </div>
   <div class='ocr_carea' id='block_1_85' title="bbox 1807 3960 3353 4032">
    <p class='ocr_par' dir='ltr' id='par_1_85' title="bbox 1807 3960 3353 4032">
     <span class='ocr_line' id='line_1_86' title="bbox 1807 3960 3353 4032; baseline 0.004 -18"><span class='ocrx_word' id='word_1_571' title='bbox 1807 3960 2152 4031; x_wconf 87' lang='lat' dir='ltr'><strong>saugiacatus</strong></span> <span class='ocrx_word' id='word_1_572' title='bbox 2187 3961 2483 4019; x_wconf 87' lang='lat' dir='ltr'><strong>insularum</strong></span> <span class='ocrx_word' id='word_1_573' title='bbox 2527 3960 2815 4032; x_wconf 67' lang='lat' dir='ltr'><strong>Mitylenae,</strong></span> <span class='ocrx_word' id='word_1_574' title='bbox 2854 3962 2995 4030; x_wconf 87' lang='lat' dir='ltr'><strong>Chii,</strong></span> <span class='ocrx_word' id='word_1_575' title='bbox 3062 3963 3216 4027; x_wconf 81' lang='lat' dir='ltr'><strong>Naxi.</strong></span> <span class='ocrx_word' id='word_1_576' title='bbox 3252 3966 3353 4020; x_wconf 85' lang='lat' dir='ltr'><strong>Ne-</strong></span> 
     </span>
    </p>
   </div>
   <div class='ocr_carea' id='block_1_86' title="bbox 1807 4049 3355 4120">
    <p class='ocr_par' dir='ltr' id='par_1_86' title="bbox 1807 4049 3355 4120">
     <span class='ocr_line' id='line_1_87' title="bbox 1807 4049 3355 4120; baseline 0.004 -18"><span class='ocrx_word' id='word_1_577' title='bbox 1807 4050 2059 4120; x_wconf 79' lang='lat' dir='ltr'><strong>groponti</strong></span> <span class='ocrx_word' id='word_1_578' title='bbox 2092 4051 2175 4106; x_wconf 86' lang='lat' dir='ltr'><strong>vel</strong></span> <span class='ocrx_word' id='word_1_579' title='bbox 2200 4049 2434 4117; x_wconf 69' lang='lat' dir='ltr'><strong>Eubme,</strong></span> <span class='ocrx_word' id='word_1_580' title='bbox 2466 4052 2664 4118; x_wconf 80' lang='lat' dir='ltr'><strong>Rhodi,</strong></span> <span class='ocrx_word' id='word_1_581' title='bbox 2695 4051 3098 4109; x_wconf 86' lang='lat' dir='ltr'><strong>Leucadissive</strong></span> <span class='ocrx_word' id='word_1_582' title='bbox 3124 4056 3179 4110; x_wconf 86' lang='lat' dir='ltr'><strong>S.</strong></span> <span class='ocrx_word' id='word_1_583' title='bbox 3204 4055 3355 4109; x_wconf 83' lang='lat' dir='ltr'><strong>Mau-</strong></span> 
     </span>
    </p>
   </div>
   <div class='ocr_carea' id='block_1_87' title="bbox 1810 4144 3355 4215">
    <p class='ocr_par' dir='ltr' id='par_1_87' title="bbox 1810 4144 3355 4215">
     <span class='ocr_line' id='line_1_88' title="bbox 1810 4144 3355 4215; baseline 0.001 -17"><span class='ocrx_word' id='word_1_584' title='bbox 1810 4159 1908 4208; x_wconf 65' lang='lat' dir='ltr'><strong>ras,</strong></span> <span class='ocrx_word' id='word_1_585' title='bbox 1944 4158 2068 4199; x_wconf 91' lang='lat' dir='ltr'><strong>cum</strong></span> <span class='ocrx_word' id='word_1_586' title='bbox 2099 4145 2242 4210; x_wconf 89' lang='lat' dir='ltr'><strong>aliis,</strong></span> <span class='ocrx_word' id='word_1_587' title='bbox 2274 4144 2341 4198; x_wconf 91' lang='lat' dir='ltr'><strong>ad</strong></span> <span class='ocrx_word' id='word_1_588' title='bbox 2394 4144 2680 4214; x_wconf 89' lang='lat' dir='ltr'><strong>imperium</strong></span> <span class='ocrx_word' id='word_1_589' title='bbox 2735 4146 2875 4215; x_wconf 84' lang='lat' dir='ltr'><strong>ejus,</strong></span> <span class='ocrx_word' id='word_1_590' title='bbox 2907 4147 3001 4215; x_wconf 88' lang='lat' dir='ltr'><strong>qui</strong></span> <span class='ocrx_word' id='word_1_591' title='bbox 3044 4149 3212 4202; x_wconf 87' lang='lat' dir='ltr'><strong>maris</strong></span> <span class='ocrx_word' id='word_1_592' title='bbox 3271 4160 3355 4202; x_wconf 88' lang='lat' dir='ltr'><strong>est</strong></span> 
     </span>
    </p>
   </div>
   <div class='ocr_carea' id='block_1_88' title="bbox 1808 4231 3357 4305">
    <p class='ocr_par' dir='ltr' id='par_1_88' title="bbox 1808 4231 3357 4305">
     <span class='ocr_line' id='line_1_89' title="bbox 1808 4231 3357 4305; baseline 0.002 -18"><span class='ocrx_word' id='word_1_593' title='bbox 1808 4233 2189 4305; x_wconf 76' lang='lat' dir='ltr'><strong>beglerbegus;</strong></span> <span class='ocrx_word' id='word_1_594' title='bbox 2221 4233 2510 4302; x_wconf 86' lang='lat' dir='ltr'><strong>pertinent.</strong></span> <span class='ocrx_word' id='word_1_595' title='bbox 2549 4231 2759 4287; x_wconf 77' lang='lat' dir='ltr'><strong>Alicubi</strong></span> <span class='ocrx_word' id='word_1_596' title='bbox 2806 4232 3098 4303; x_wconf 79' lang='lat' dir='ltr'><strong>Xylander,</strong></span> <span class='ocrx_word' id='word_1_597' title='bbox 3136 4244 3357 4289; x_wconf 61' lang='lat' dir='ltr'><strong>certem-</strong></span> 
     </span>
    </p>
   </div>
   <div class='ocr_carea' id='block_1_89' title="bbox 1808 4308 3353 4396">
    <p class='ocr_par' dir='ltr' id='par_1_89' title="bbox 1808 4308 3353 4396">
     <span class='ocr_line' id='line_1_90' title="bbox 1808 4308 3353 4396; baseline 0 -20"><span class='ocrx_word' id='word_1_598' title='bbox 1808 4323 1900 4393; x_wconf 90' lang='lat' dir='ltr'><strong>qui</strong></span> <span class='ocrx_word' id='word_1_599' title='bbox 1932 4323 2127 4378; x_wconf 88' lang='lat' dir='ltr'><strong>doetus</strong></span> <span class='ocrx_word' id='word_1_600' title='bbox 2152 4324 2237 4378; x_wconf 88' lang='lat' dir='ltr'><strong>vir</strong></span> <span class='ocrx_word' id='word_1_601' title='bbox 2266 4332 2320 4377; x_wconf 92' lang='lat' dir='ltr'><strong>et</strong></span> <span class='ocrx_word' id='word_1_602' title='bbox 2357 4321 2555 4377; x_wconf 61' lang='lat' dir='ltr'><strong>Griecas</strong></span> <span class='ocrx_word' id='word_1_603' title='bbox 2600 4335 2858 4396; x_wconf 83' lang='lat' dir='ltr'><strong>perquam</strong></span> <span class='ocrx_word' id='word_1_604' title='bbox 2922 4308 3150 4388; x_wconf 82' lang='lat' dir='ltr'><strong>peritus,</strong></span> <span class='ocrx_word' id='word_1_605' title='bbox 3210 4324 3353 4392; x_wconf 87' lang='lat' dir='ltr'><strong>apud</strong></span> 
     </span>
    </p>
   </div>
   <div class='ocr_carea' id='block_1_90' title="bbox 1809 4402 3353 4473">
    <p class='ocr_par' dir='ltr' id='par_1_90' title="bbox 1809 4402 3353 4473">
     <span class='ocr_line' id='line_1_91' title="bbox 1809 4402 3353 4473; baseline -0.001 -6"><span class='ocrx_word' id='word_1_606' title='bbox 1809 4410 2103 4467; x_wconf 84' lang='lat' dir='ltr'><strong>Cedrinum</strong></span> <span class='ocrx_word' id='word_1_607' title='bbox 2132 4413 2340 4467; x_wconf 89' lang='lat' dir='ltr'><strong>insulas</strong></span> <span class='ocrx_word' id='word_1_608' title='bbox 2356 4409 2687 4464; x_wconf 84' lang='lat' dir='ltr'><strong>Dodecanesi</strong></span> <span class='ocrx_word' id='word_1_609' title='bbox 2708 4418 2940 4473; x_wconf 90' lang='lat' dir='ltr'><strong>vertens,</strong></span> <span class='ocrx_word' id='word_1_610' title='bbox 2967 4410 3039 4463; x_wconf 89' lang='lat' dir='ltr'><strong>ita</strong></span> <span class='ocrx_word' id='word_1_611' title='bbox 3065 4402 3353 4466; x_wconf 87' lang='lat' dir='ltr'><strong>duodecim</strong></span> 
     </span>
    </p>
   </div>
   <div class='ocr_carea' id='block_1_91' title="bbox 166 4499 1709 4584">
    <p class='ocr_par' dir='ltr' id='par_1_91' title="bbox 166 4515 1705 4579">
     <span class='ocr_line' id='line_1_92' title="bbox 166 4515 1705 4579; baseline -0.003 -6"><span class='ocrx_word' id='word_1_612' title='bbox 166 4536 232 4574; x_wconf 90' lang='lat' dir='ltr'><strong>ne</strong></span> <span class='ocrx_word' id='word_1_613' title='bbox 257 4520 329 4573; x_wconf 91' lang='lat' dir='ltr'><strong>de</strong></span> <span class='ocrx_word' id='word_1_614' title='bbox 368 4517 724 4579; x_wconf 87' lang='lat' dir='ltr'><strong>Lichtestain,</strong></span> <span class='ocrx_word' id='word_1_615' title='bbox 782 4515 982 4570; x_wconf 87' lang='lat' dir='ltr'><strong>Cadius</strong></span> <span class='ocrx_word' id='word_1_616' title='bbox 1025 4516 1141 4569; x_wconf 72' lang='lat' dir='ltr'><strong>Sive</strong></span> <span class='ocrx_word' id='word_1_617' title='bbox 1189 4515 1499 4568; x_wconf 85' lang='lat' dir='ltr'><strong>Potestatus</strong></span> <span class='ocrx_word' id='word_1_618' title='bbox 1558 4515 1705 4569; x_wconf 85' lang='lat' dir='ltr'><strong>urbis</strong></span> 
     </span>
    </p>
   </div>
   <div class='ocr_carea' id='block_1_92' title="bbox 1807 4499 3351 4584">
    <p class='ocr_par' dir='ltr' id='par_1_92' title="bbox 1811 4499 3351 4569">
     <span class='ocr_line' id='line_1_93' title="bbox 1811 4499 3351 4569; baseline 0 -15"><span class='ocrx_word' id='word_1_619' title='bbox 1811 4502 2112 4555; x_wconf 88' lang='lat' dir='ltr'><strong>insularum</strong></span> <span class='ocrx_word' id='word_1_620' title='bbox 2161 4502 2432 4565; x_wconf 85' lang='lat' dir='ltr'><strong>civitatem</strong></span> <span class='ocrx_word' id='word_1_621' title='bbox 2494 4500 2675 4554; x_wconf 88' lang='lat' dir='ltr'><strong>vocari</strong></span> <span class='ocrx_word' id='word_1_622' title='bbox 2709 4499 2910 4569; x_wconf 89' lang='lat' dir='ltr'><strong>adjicit,</strong></span> <span class='ocrx_word' id='word_1_623' title='bbox 2941 4514 3128 4555; x_wconf 88' lang='lat' dir='ltr'><strong>errore</strong></span> <span class='ocrx_word' id='word_1_624' title='bbox 3182 4504 3351 4554; x_wconf 71' lang='lat' dir='ltr'><strong>mani~</strong></span> 
     </span>
    </p>
   </div>
   <div class='ocr_carea' id='block_1_93' title="bbox 164 4605 1703 4679">
    <p class='ocr_par' dir='ltr' id='par_1_93' title="bbox 164 4605 1703 4679">
     <span class='ocr_line' id='line_1_94' title="bbox 164 4605 1703 4679; baseline -0.006 -13"><span class='ocrx_word' id='word_1_625' title='bbox 164 4610 611 4679; x_wconf 70' lang='lat' dir='ltr'><strong>CalliOpolitauze,</strong></span> <span class='ocrx_word' id='word_1_626' title='bbox 645 4608 860 4662; x_wconf 89' lang='lat' dir='ltr'><strong>relictas</strong></span> <span class='ocrx_word' id='word_1_627' title='bbox 896 4607 963 4659; x_wconf 86' lang='lat' dir='ltr'><strong>ab</strong></span> <span class='ocrx_word' id='word_1_628' title='bbox 991 4620 1056 4661; x_wconf 86' lang='lat' dir='ltr'><strong>eo</strong></span> <span class='ocrx_word' id='word_1_629' title='bbox 1088 4620 1194 4669; x_wconf 86' lang='lat' dir='ltr'><strong>res,</strong></span> <span class='ocrx_word' id='word_1_630' title='bbox 1221 4605 1382 4658; x_wconf 89' lang='lat' dir='ltr'><strong>veluti</strong></span> <span class='ocrx_word' id='word_1_631' title='bbox 1417 4605 1552 4657; x_wconf 89' lang='lat' dir='ltr'><strong>bona</strong></span> <span class='ocrx_word' id='word_1_632' title='bbox 1609 4620 1703 4657; x_wconf 85' lang='lat' dir='ltr'><strong>ca-</strong></span> 
     </span>
    </p>
   </div>
   <div class='ocr_carea' id='block_1_94' title="bbox 168 4686 1703 4768">
    <p class='ocr_par' dir='ltr' id='par_1_94' title="bbox 168 4686 1703 4768">
     <span class='ocr_line' id='line_1_95' title="bbox 168 4686 1703 4768; baseline -0.006 -12"><span class='ocrx_word' id='word_1_633' title='bbox 168 4703 337 4764; x_wconf 77' lang='lat' dir='ltr'><strong>duca,</strong></span> <span class='ocrx_word' id='word_1_634' title='bbox 362 4710 417 4755; x_wconf 90' lang='lat' dir='ltr'><strong>et</strong></span> <span class='ocrx_word' id='word_1_635' title='bbox 455 4700 521 4754; x_wconf 89' lang='lat' dir='ltr'><strong>ad</strong></span> <span class='ocrx_word' id='word_1_636' title='bbox 554 4714 632 4764; x_wconf 88' lang='lat' dir='ltr'><strong>se,</strong></span> <span class='ocrx_word' id='word_1_637' title='bbox 650 4697 743 4768; x_wconf 92' lang='lat' dir='ltr'><strong>qui</strong></span> <span class='ocrx_word' id='word_1_638' title='bbox 783 4686 1127 4751; x_wconf 88' lang='lat' dir='ltr'><strong>cadilicatum</strong></span> <span class='ocrx_word' id='word_1_639' title='bbox 1161 4710 1190 4748; x_wconf 87' lang='lat' dir='ltr'><strong>a</strong></span> <span class='ocrx_word' id='word_1_640' title='bbox 1214 4695 1429 4751; x_wconf 88' lang='lat' dir='ltr'><strong>sultano</strong></span> <span class='ocrx_word' id='word_1_641' title='bbox 1457 4697 1703 4766; x_wconf 87' lang='lat' dir='ltr'><strong>pecunia,</strong></span> 
     </span>
    </p>
   </div>
   <div class='ocr_carea' id='block_1_95' title="bbox 170 4786 1708 4862">
    <p class='ocr_par' dir='ltr' id='par_1_95' title="bbox 170 4786 1708 4862">
     <span class='ocr_line' id='line_1_96' title="bbox 170 4786 1708 4862; baseline -0.003 -17"><span class='ocrx_word' id='word_1_642' title='bbox 170 4810 264 4862; x_wconf 88' lang='lat' dir='ltr'><strong>pro</strong></span> <span class='ocrx_word' id='word_1_643' title='bbox 299 4806 451 4847; x_wconf 85' lang='lat' dir='ltr'><strong>more</strong></span> <span class='ocrx_word' id='word_1_644' title='bbox 493 4790 720 4846; x_wconf 84' lang='lat' dir='ltr'><strong>Turcico</strong></span> <span class='ocrx_word' id='word_1_645' title='bbox 749 4788 1091 4853; x_wconf 86' lang='lat' dir='ltr'><strong>redemisset,</strong></span> <span class='ocrx_word' id='word_1_646' title='bbox 1128 4786 1382 4843; x_wconf 87' lang='lat' dir='ltr'><strong>devoluta</strong></span> <span class='ocrx_word' id='word_1_647' title='bbox 1436 4790 1708 4857; x_wconf 83' lang='lat' dir='ltr'><strong>repetebat</strong></span> 
     </span>
    </p>
   </div>
   <div class='ocr_carea' id='block_1_96' title="bbox 168 4879 1708 4952">
    <p class='ocr_par' dir='ltr' id='par_1_96' title="bbox 168 4879 1708 4952">
     <span class='ocr_line' id='line_1_97' title="bbox 168 4879 1708 4952; baseline -0.003 -13"><span class='ocrx_word' id='word_1_648' title='bbox 168 4903 198 4939; x_wconf 87' lang='lat' dir='ltr'><strong>a</strong></span> <span class='ocrx_word' id='word_1_649' title='bbox 233 4888 414 4952; x_wconf 88' lang='lat' dir='ltr'><strong>nobis,</strong></span> <span class='ocrx_word' id='word_1_650' title='bbox 469 4894 521 4939; x_wconf 91' lang='lat' dir='ltr'><strong>et</strong></span> <span class='ocrx_word' id='word_1_651' title='bbox 552 4885 732 4938; x_wconf 80' lang='lat' dir='ltr'><strong>animo</strong></span> <span class='ocrx_word' id='word_1_652' title='bbox 757 4883 867 4952; x_wconf 89' lang='lat' dir='ltr'><strong>jam</strong></span> <span class='ocrx_word' id='word_1_653' title='bbox 915 4882 1214 4938; x_wconf 87' lang='lat' dir='ltr'><strong>devorarat.</strong></span> <span class='ocrx_word' id='word_1_654' title='bbox 1250 4879 1359 4937; x_wconf 87' lang='lat' dir='ltr'><strong>Nos</strong></span> <span class='ocrx_word' id='word_1_655' title='bbox 1414 4889 1590 4935; x_wconf 83' lang='lat' dir='ltr'><strong>autem</strong></span> <span class='ocrx_word' id='word_1_656' title='bbox 1642 4879 1708 4934; x_wconf 87' lang='lat' dir='ltr'><strong>ab</strong></span> 
     </span>
    </p>
   </div>
   <div class='ocr_carea' id='block_1_97' title="bbox 167 4970 1709 5046">
    <p class='ocr_par' dir='ltr' id='par_1_97' title="bbox 167 4970 1709 5046">
     <span class='ocr_line' id='line_1_98' title="bbox 167 4970 1709 5046; baseline -0.003 -16"><span class='ocrx_word' id='word_1_657' title='bbox 167 4978 288 5046; x_wconf 85' lang='lat' dir='ltr'><strong>ipso</strong></span> <span class='ocrx_word' id='word_1_658' title='bbox 318 4977 386 5031; x_wconf 86' lang='lat' dir='ltr'><strong>ad</strong></span> <span class='ocrx_word' id='word_1_659' title='bbox 415 4978 701 5031; x_wconf 85' lang='lat' dir='ltr'><strong>suhassam</strong></span> <span class='ocrx_word' id='word_1_660' title='bbox 726 4974 1095 5045; x_wconf 78' lang='lat' dir='ltr'><strong>appellantes,</strong></span> <span class='ocrx_word' id='word_1_661' title='bbox 1126 4972 1295 5027; x_wconf 85' lang='lat' dir='ltr'><strong>fuisse</strong></span> <span class='ocrx_word' id='word_1_662' title='bbox 1334 4971 1586 5025; x_wconf 87' lang='lat' dir='ltr'><strong>baronem</strong></span> <span class='ocrx_word' id='word_1_663' title='bbox 1614 4970 1709 5025; x_wconf 83' lang='lat' dir='ltr'><strong>de-</strong></span> 
     </span>
    </p>
   </div>
   <div class='ocr_carea' id='block_1_98' title="bbox 169 5065 1710 5133">
    <p class='ocr_par' dir='ltr' id='par_1_98' title="bbox 169 5065 1710 5133">
     <span class='ocr_line' id='line_1_99' title="bbox 169 5065 1710 5133; baseline -0.005 -12"><span class='ocrx_word' id='word_1_664' title='bbox 169 5070 415 5122; x_wconf 82' lang='lat' dir='ltr'><strong>functum</strong></span> <span class='ocrx_word' id='word_1_665' title='bbox 444 5065 673 5121; x_wconf 63' lang='lat' dir='ltr'><strong>Caesaris</strong></span> <span class='ocrx_word' id='word_1_666' title='bbox 714 5065 971 5133; x_wconf 81' lang='lat' dir='ltr'><strong>legatum,</strong></span> <span class='ocrx_word' id='word_1_667' title='bbox 1004 5066 1245 5133; x_wconf 85' lang='lat' dir='ltr'><strong>adeoque</strong></span> <span class='ocrx_word' id='word_1_668' title='bbox 1296 5077 1580 5131; x_wconf 88' lang='lat' dir='ltr'><strong>personam</strong></span> <span class='ocrx_word' id='word_1_669' title='bbox 1615 5076 1710 5132; x_wconf 87' lang='lat' dir='ltr'><strong>pu-</strong></span> 
     </span>
    </p>
   </div>
   <div class='ocr_carea' id='block_1_99' title="bbox 171 5152 1711 5224">
    <p class='ocr_par' dir='ltr' id='par_1_99' title="bbox 171 5152 1711 5224">
     <span class='ocr_line' id='line_1_100' title="bbox 171 5152 1711 5224; baseline -0.002 -13"><span class='ocrx_word' id='word_1_670' title='bbox 171 5160 390 5219; x_wconf 86' lang='lat' dir='ltr'><strong>blicam,</strong></span> <span class='ocrx_word' id='word_1_671' title='bbox 419 5155 846 5224; x_wconf 81' lang='lat' dir='ltr'><strong>replicabamus:</strong></span> <span class='ocrx_word' id='word_1_672' title='bbox 874 5154 1033 5223; x_wconf 89' lang='lat' dir='ltr'><strong>cujus</strong></span> <span class='ocrx_word' id='word_1_673' title='bbox 1065 5154 1204 5206; x_wconf 87' lang='lat' dir='ltr'><strong>bona</strong></span> <span class='ocrx_word' id='word_1_674' title='bbox 1228 5168 1326 5207; x_wconf 85' lang='lat' dir='ltr'><strong>nec</strong></span> <span class='ocrx_word' id='word_1_675' title='bbox 1367 5168 1461 5223; x_wconf 92' lang='lat' dir='ltr'><strong>pro</strong></span> <span class='ocrx_word' id='word_1_676' title='bbox 1490 5152 1711 5208; x_wconf 86' lang='lat' dir='ltr'><strong>caducis</strong></span> 
     </span>
    </p>
   </div>
   <div class='ocr_carea' id='block_1_100' title="bbox 173 5240 1710 5314">
    <p class='ocr_par' dir='ltr' id='par_1_100' title="bbox 173 5240 1710 5314">
     <span class='ocr_line' id='line_1_101' title="bbox 173 5240 1710 5314; baseline -0.005 -13"><span class='ocrx_word' id='word_1_677' title='bbox 173 5249 381 5312; x_wconf 87' lang='lat' dir='ltr'><strong>haberi,</strong></span> <span class='ocrx_word' id='word_1_678' title='bbox 411 5240 509 5299; x_wconf 83' lang='lat' dir='ltr'><strong>nec</strong></span> <span class='ocrx_word' id='word_1_679' title='bbox 534 5244 790 5314; x_wconf 82' lang='lat' dir='ltr'><strong>applicari</strong></span> <span class='ocrx_word' id='word_1_680' title='bbox 813 5244 962 5305; x_wconf 83' lang='lat' dir='ltr'><strong>fisco,</strong></span> <span class='ocrx_word' id='word_1_681' title='bbox 991 5242 1096 5294; x_wconf 85' lang='lat' dir='ltr'><strong>nisi</strong></span> <span class='ocrx_word' id='word_1_682' title='bbox 1120 5242 1448 5308; x_wconf 79' lang='lat' dir='ltr'><strong>violatojure</strong></span> <span class='ocrx_word' id='word_1_683' title='bbox 1470 5243 1710 5313; x_wconf 86' lang='lat' dir='ltr'><strong>gentium</strong></span> 
     </span>
    </p>
   </div>
   <div class='ocr_carea' id='block_1_101' title="bbox 176 5326 1712 5408">
    <p class='ocr_par' dir='ltr' id='par_1_101' title="bbox 176 5326 1712 5408">
     <span class='ocr_line' id='line_1_102' title="bbox 176 5326 1712 5408; baseline -0.005 -14"><span class='ocrx_word' id='word_1_684' title='bbox 176 5349 417 5408; x_wconf 80' lang='lat' dir='ltr'><strong>possent.</strong></span> <span class='ocrx_word' id='word_1_685' title='bbox 442 5337 573 5390; x_wconf 85' lang='lat' dir='ltr'><strong>Cum</strong></span> <span class='ocrx_word' id='word_1_686' title='bbox 608 5350 801 5389; x_wconf 83' lang='lat' dir='ltr'><strong>avarus</strong></span> <span class='ocrx_word' id='word_1_687' title='bbox 828 5334 1027 5387; x_wconf 80' lang='lat' dir='ltr'><strong>Cadius</strong></span> <span class='ocrx_word' id='word_1_688' title='bbox 1060 5348 1088 5385; x_wconf 86' lang='lat' dir='ltr'><strong>a</strong></span> <span class='ocrx_word' id='word_1_689' title='bbox 1125 5326 1391 5405; x_wconf 82' lang='lat' dir='ltr'><strong>sententia</strong></span> <span class='ocrx_word' id='word_1_690' title='bbox 1419 5350 1485 5388; x_wconf 90' lang='lat' dir='ltr'><strong>ne</strong></span> <span class='ocrx_word' id='word_1_691' title='bbox 1517 5334 1712 5387; x_wconf 87' lang='lat' dir='ltr'><strong>litteris</strong></span> 
     </span>
    </p>
   </div>
   <div class='ocr_carea' id='block_1_102' title="bbox 174 5425 1714 5497">
    <p class='ocr_par' dir='ltr' id='par_1_102' title="bbox 174 5425 1714 5497">
     <span class='ocr_line' id='line_1_103' title="bbox 174 5425 1714 5497; baseline -0.001 -17"><span class='ocrx_word' id='word_1_692' title='bbox 174 5434 389 5495; x_wconf 74' lang='lat' dir='ltr'><strong>quidem</strong></span> <span class='ocrx_word' id='word_1_693' title='bbox 440 5428 795 5497; x_wconf 83' lang='lat' dir='ltr'><strong>amplissimis</strong></span> <span class='ocrx_word' id='word_1_694' title='bbox 829 5425 962 5480; x_wconf 81' lang='lat' dir='ltr'><strong>salvi</strong></span> <span class='ocrx_word' id='word_1_695' title='bbox 997 5436 1328 5479; x_wconf 84' lang='lat' dir='ltr'><strong>commeatus</strong></span> <span class='ocrx_word' id='word_1_696' title='bbox 1380 5426 1605 5493; x_wconf 69' lang='lat' dir='ltr'><strong>prolatis</strong></span> <span class='ocrx_word' id='word_1_697' title='bbox 1661 5434 1714 5495; x_wconf 80' lang='lat' dir='ltr'><strong>ct</strong></span> 
     </span>
    </p>
   </div>
   <div class='ocr_carea' id='block_1_103' title="bbox 177 5518 1712 5591">
    <p class='ocr_par' dir='ltr' id='par_1_103' title="bbox 177 5518 1712 5591">
     <span class='ocr_line' id='line_1_104' title="bbox 177 5518 1712 5591; baseline -0.003 -15"><span class='ocrx_word' id='word_1_698' title='bbox 177 5520 462 5591; x_wconf 84' lang='lat' dir='ltr'><strong>inspectis,</strong></span> <span class='ocrx_word' id='word_1_699' title='bbox 514 5520 773 5573; x_wconf 86' lang='lat' dir='ltr'><strong>dimoveri</strong></span> <span class='ocrx_word' id='word_1_700' title='bbox 826 5519 1024 5572; x_wconf 86' lang='lat' dir='ltr'><strong>vellet:</strong></span> <span class='ocrx_word' id='word_1_701' title='bbox 1087 5519 1336 5580; x_wconf 86' lang='lat' dir='ltr'><strong>subassa,</strong></span> <span class='ocrx_word' id='word_1_702' title='bbox 1377 5518 1712 5586; x_wconf 84' lang='lat' dir='ltr'><strong>compellatis</strong></span> 
     </span>
    </p>
   </div>
   <div class='ocr_carea' id='block_1_104' title="bbox 178 5609 1714 5681">
    <p class='ocr_par' dir='ltr' id='par_1_104' title="bbox 178 5609 1714 5681">
     <span class='ocr_line' id='line_1_105' title="bbox 178 5609 1714 5681; baseline -0.004 -13"><span class='ocrx_word' id='word_1_703' title='bbox 178 5617 332 5669; x_wconf 85' lang='lat' dir='ltr'><strong>nobis</strong></span> <span class='ocrx_word' id='word_1_704' title='bbox 363 5612 549 5667; x_wconf 83' lang='lat' dir='ltr'><strong>Italica</strong></span> <span class='ocrx_word' id='word_1_705' title='bbox 578 5612 780 5681; x_wconf 80' lang='lat' dir='ltr'><strong>lingua.</strong></span> <span class='ocrx_word' id='word_1_706' title='bbox 818 5619 1080 5681; x_wconf 61' lang='lat' dir='ltr'><strong>prasente</strong></span> <span class='ocrx_word' id='word_1_707' title='bbox 1114 5609 1267 5662; x_wconf 86' lang='lat' dir='ltr'><strong>cadio</strong></span> <span class='ocrx_word' id='word_1_708' title='bbox 1314 5622 1433 5661; x_wconf 88' lang='lat' dir='ltr'><strong>cum</strong></span> <span class='ocrx_word' id='word_1_709' title='bbox 1464 5625 1714 5665; x_wconf 84' lang='lat' dir='ltr'><strong>assesso-</strong></span> 
     </span>
    </p>
   </div>
   <div class='ocr_carea' id='block_1_105' title="bbox 180 5702 1712 5771">
    <p class='ocr_par' dir='ltr' id='par_1_105' title="bbox 180 5702 1712 5771">
     <span class='ocr_line' id='line_1_106' title="bbox 180 5702 1712 5771; baseline -0.003 -10"><span class='ocrx_word' id='word_1_710' title='bbox 180 5710 324 5763; x_wconf 89' lang='lat' dir='ltr'><strong>ribus</strong></span> <span class='ocrx_word' id='word_1_711' title='bbox 347 5708 484 5771; x_wconf 89' lang='lat' dir='ltr'><strong>suis,</strong></span> <span class='ocrx_word' id='word_1_712' title='bbox 520 5706 570 5759; x_wconf 89' lang='lat' dir='ltr'><strong>id</strong></span> <span class='ocrx_word' id='word_1_713' title='bbox 596 5704 812 5765; x_wconf 89' lang='lat' dir='ltr'><strong>consilii</strong></span> <span class='ocrx_word' id='word_1_714' title='bbox 860 5704 1040 5767; x_wconf 89' lang='lat' dir='ltr'><strong>dabat,</strong></span> <span class='ocrx_word' id='word_1_715' title='bbox 1085 5708 1145 5755; x_wconf 92' lang='lat' dir='ltr'><strong>ut</strong></span> <span class='ocrx_word' id='word_1_716' title='bbox 1191 5702 1712 5771; x_wconf 76' lang='lat' dir='ltr'><strong>Constantinopolim</strong></span> 
     </span>
    </p>
   </div>
   <div class='ocr_carea' id='block_1_106' title="bbox 184 5776 1715 5859">
    <p class='ocr_par' dir='ltr' id='par_1_106' title="bbox 184 5776 1715 5859">
     <span class='ocr_line' id='line_1_107' title="bbox 184 5776 1715 5859; baseline -0.006 -7"><span class='ocrx_word' id='word_1_717' title='bbox 184 5776 249 5854; x_wconf 84' lang='lat' dir='ltr'><strong>ad</strong></span> <span class='ocrx_word' id='word_1_718' title='bbox 277 5810 545 5855; x_wconf 88' lang='lat' dir='ltr'><strong>oratorem</strong></span> <span class='ocrx_word' id='word_1_719' title='bbox 580 5794 809 5851; x_wconf 74' lang='lat' dir='ltr'><strong>Cv-sat‘is</strong></span> <span class='ocrx_word' id='word_1_720' title='bbox 858 5793 1029 5846; x_wconf 88' lang='lat' dir='ltr'><strong>nostri</strong></span> <span class='ocrx_word' id='word_1_721' title='bbox 1076 5805 1187 5844; x_wconf 88' lang='lat' dir='ltr'><strong>rem</strong></span> <span class='ocrx_word' id='word_1_722' title='bbox 1224 5805 1434 5845; x_wconf 90' lang='lat' dir='ltr'><strong>omnem</strong></span> <span class='ocrx_word' id='word_1_723' title='bbox 1475 5792 1715 5859; x_wconf 68' lang='lat' dir='ltr'><strong>persng</strong></span> 
     </span>
    </p>
   </div>
   <div class='ocr_carea' id='block_1_107' title="bbox 1817 4591 3350 4662">
    <p class='ocr_par' dir='ltr' id='par_1_107' title="bbox 1817 4591 3350 4662">
     <span class='ocr_line' id='line_1_108' title="bbox 1817 4591 3350 4662; baseline -0.001 -16"><span class='ocrx_word' id='word_1_724' title='bbox 1817 4593 1976 4649; x_wconf 76' lang='lat' dir='ltr'><strong>festo.</strong></span> <span class='ocrx_word' id='word_1_725' title='bbox 2039 4593 2173 4660; x_wconf 84' lang='lat' dir='ltr'><strong>Quis</strong></span> <span class='ocrx_word' id='word_1_726' title='bbox 2223 4594 2366 4648; x_wconf 84' lang='lat' dir='ltr'><strong>enim</strong></span> <span class='ocrx_word' id='word_1_727' title='bbox 2419 4593 2624 4647; x_wconf 87' lang='lat' dir='ltr'><strong>audivit</strong></span> <span class='ocrx_word' id='word_1_728' title='bbox 2660 4606 2891 4662; x_wconf 85' lang='lat' dir='ltr'><strong>unquam</strong></span> <span class='ocrx_word' id='word_1_729' title='bbox 2942 4592 2998 4646; x_wconf 90' lang='lat' dir='ltr'><strong>in</strong></span> <span class='ocrx_word' id='word_1_730' title='bbox 3030 4591 3215 4661; x_wconf 52' lang='lat' dir='ltr'><strong>«Eng</strong></span> <span class='ocrx_word' id='word_1_731' title='bbox 3272 4594 3350 4646; x_wconf 82' lang='lat' dir='ltr'><strong>vel</strong></span> 
     </span>
    </p>
   </div>
   <div class='ocr_carea' id='block_1_108' title="bbox 1814 4682 3350 4756">
    <p class='ocr_par' dir='ltr' id='par_1_108' title="bbox 1814 4682 3350 4756">
     <span class='ocr_line' id='line_1_109' title="bbox 1814 4682 3350 4756; baseline -0.004 -17"><span class='ocrx_word' id='word_1_732' title='bbox 1814 4685 2213 4756; x_wconf 85' lang='lat' dir='ltr'><strong>Arehipelago.</strong></span> <span class='ocrx_word' id='word_1_733' title='bbox 2308 4685 2470 4741; x_wconf 88' lang='lat' dir='ltr'><strong>sicuti</strong></span> <span class='ocrx_word' id='word_1_734' title='bbox 2568 4700 2710 4738; x_wconf 88' lang='lat' dir='ltr'><strong>nunc</strong></span> <span class='ocrx_word' id='word_1_735' title='bbox 2792 4688 2987 4750; x_wconf 79' lang='lat' dir='ltr'><strong>vocat,</strong></span> <span class='ocrx_word' id='word_1_736' title='bbox 3078 4682 3350 4736; x_wconf 83' lang='lat' dir='ltr'><strong>civitatem</strong></span> 
     </span>
    </p>
   </div>
   <div class='ocr_carea' id='block_1_109' title="bbox 1812 4770 3351 4843">
    <p class='ocr_par' dir='ltr' id='par_1_109' title="bbox 1812 4770 3351 4843">
     <span class='ocr_line' id='line_1_110' title="bbox 1812 4770 3351 4843; baseline -0.003 -14"><span class='ocrx_word' id='word_1_737' title='bbox 1812 4775 2110 4830; x_wconf 88' lang='lat' dir='ltr'><strong>insularum</strong></span> <span class='ocrx_word' id='word_1_738' title='bbox 2146 4774 2472 4835; x_wconf 63' lang='lat' dir='ltr'><strong>duodecim!</strong></span> <span class='ocrx_word' id='word_1_739' title='bbox 2502 4772 2691 4828; x_wconf 68' lang='lat' dir='ltr'><strong>Locus‘</strong></span> <span class='ocrx_word' id='word_1_740' title='bbox 2708 4783 2788 4828; x_wconf 90' lang='lat' dir='ltr'><strong>est</strong></span> <span class='ocrx_word' id='word_1_741' title='bbox 2822 4774 2874 4827; x_wconf 88' lang='lat' dir='ltr'><strong>in</strong></span> <span class='ocrx_word' id='word_1_742' title='bbox 2904 4774 3017 4843; x_wconf 84' lang='lat' dir='ltr'><strong>ejus</strong></span> <span class='ocrx_word' id='word_1_743' title='bbox 3060 4770 3351 4841; x_wconf 80' lang='lat' dir='ltr'><strong>Nicephori</strong></span> 
     </span>
    </p>
   </div>
   <div class='ocr_carea' id='block_1_110' title="bbox 1806 4863 3349 4939">
    <p class='ocr_par' dir='ltr' id='par_1_110' title="bbox 1806 4863 3349 4939">
     <span class='ocr_line' id='line_1_111' title="bbox 1806 4863 3349 4939; baseline -0.004 -18"><span class='ocrx_word' id='word_1_744' title='bbox 1806 4866 1936 4929; x_wconf 87' lang='lat' dir='ltr'><strong>vita,</strong></span> <span class='ocrx_word' id='word_1_745' title='bbox 1962 4866 2054 4933; x_wconf 90' lang='lat' dir='ltr'><strong>qui</strong></span> <span class='ocrx_word' id='word_1_746' title='bbox 2090 4863 2343 4917; x_wconf 83' lang='lat' dir='ltr'><strong>feminam</strong></span> <span class='ocrx_word' id='word_1_747' title='bbox 2379 4873 2708 4931; x_wconf 84' lang='lat' dir='ltr'><strong>protervam,</strong></span> <span class='ocrx_word' id='word_1_748' title='bbox 2733 4873 2790 4918; x_wconf 92' lang='lat' dir='ltr'><strong>et</strong></span> <span class='ocrx_word' id='word_1_749' title='bbox 2823 4864 3124 4939; x_wconf 73' lang='lat' dir='ltr'><strong>nimiopere</strong></span> <span class='ocrx_word' id='word_1_750' title='bbox 3160 4863 3349 4916; x_wconf 89' lang='lat' dir='ltr'><strong>crude-</strong></span> 
     </span>
    </p>
   </div>
   <div class='ocr_carea' id='block_1_111' title="bbox 1808 4954 3349 5035">
    <p class='ocr_par' dir='ltr' id='par_1_111' title="bbox 1808 4954 3349 5035">
     <span class='ocr_line' id='line_1_112' title="bbox 1808 4954 3349 5035; baseline -0.004 -20"><span class='ocrx_word' id='word_1_751' title='bbox 1808 4961 1911 5015; x_wconf 87' lang='lat' dir='ltr'><strong>lem</strong></span> <span class='ocrx_word' id='word_1_752' title='bbox 1943 4960 1997 5013; x_wconf 90' lang='lat' dir='ltr'><strong>in</strong></span> <span class='ocrx_word' id='word_1_753' title='bbox 2022 4958 2442 5015; x_wconf 88' lang='lat' dir='ltr'><strong>Constantinum</strong></span> <span class='ocrx_word' id='word_1_754' title='bbox 2468 4957 2658 5022; x_wconf 83' lang='lat' dir='ltr'><strong>lilium,</strong></span> <span class='ocrx_word' id='word_1_755' title='bbox 2695 4958 2783 5011; x_wconf 92' lang='lat' dir='ltr'><strong>cui</strong></span> <span class='ocrx_word' id='word_1_756' title='bbox 2821 4958 3008 5035; x_wconf 81' lang='lat' dir='ltr'><strong>oculos</strong></span> <span class='ocrx_word' id='word_1_757' title='bbox 3038 4958 3202 5018; x_wconf 89' lang='lat' dir='ltr'><strong>eruit,</strong></span> <span class='ocrx_word' id='word_1_758' title='bbox 3237 4954 3349 5009; x_wconf 84' lang='lat' dir='ltr'><strong>Ire-</strong></span> 
     </span>
    </p>
   </div>
   <div class='ocr_carea' id='block_1_112' title="bbox 1809 5037 3350 5119">
    <p class='ocr_par' dir='ltr' id='par_1_112' title="bbox 1809 5037 3350 5119">
     <span class='ocr_line' id='line_1_113' title="bbox 1809 5037 3350 5119; baseline -0.006 -12"><span class='ocrx_word' id='word_1_759' title='bbox 1809 5068 1911 5107; x_wconf 91' lang='lat' dir='ltr'><strong>nen</strong></span> <span class='ocrx_word' id='word_1_760' title='bbox 1938 5048 2171 5119; x_wconf 79' lang='lat' dir='ltr'><strong>imperio.</strong></span> <span class='ocrx_word' id='word_1_761' title='bbox 2197 5047 2411 5118; x_wconf 90' lang='lat' dir='ltr'><strong>dejecit.</strong></span> <span class='ocrx_word' id='word_1_762' title='bbox 2447 5048 2768 5102; x_wconf 87' lang='lat' dir='ltr'><strong>llabitantes</strong></span> <span class='ocrx_word' id='word_1_763' title='bbox 2821 5037 2901 5099; x_wconf 9' lang='lat' dir='ltr'><strong>in;</strong></span> <span class='ocrx_word' id='word_1_764' title='bbox 2928 5047 3210 5100; x_wconf 86' lang='lat' dir='ltr'><strong>duodecim</strong></span> <span class='ocrx_word' id='word_1_765' title='bbox 3267 5047 3350 5098; x_wconf 82' lang='lat' dir='ltr'><strong>iu-</strong></span> 
     </span>
    </p>
   </div>
   <div class='ocr_carea' id='block_1_113' title="bbox 1810 5135 3353 5207">
    <p class='ocr_par' dir='ltr' id='par_1_113' title="bbox 1810 5135 3353 5207">
     <span class='ocr_line' id='line_1_114' title="bbox 1810 5135 3353 5207; baseline -0.003 -9"><span class='ocrx_word' id='word_1_766' title='bbox 1810 5142 1965 5204; x_wconf 81' lang='lat' dir='ltr'><strong>sulis,</strong></span> <span class='ocrx_word' id='word_1_767' title='bbox 1992 5141 2177 5194; x_wconf 87' lang='lat' dir='ltr'><strong>dicere</strong></span> <span class='ocrx_word' id='word_1_768' title='bbox 2196 5140 2385 5193; x_wconf 88' lang='lat' dir='ltr'><strong>debuit</strong></span> <span class='ocrx_word' id='word_1_769' title='bbox 2408 5139 2703 5207; x_wconf 90' lang='lat' dir='ltr'><strong>interpres.</strong></span> <span class='ocrx_word' id='word_1_770' title='bbox 2722 5136 2785 5190; x_wconf 83' lang='lat' dir='ltr'><strong>Et</strong></span> <span class='ocrx_word' id='word_1_771' title='bbox 2803 5135 3058 5205; x_wconf 87' lang='lat' dir='ltr'><strong>intelligit</strong></span> <span class='ocrx_word' id='word_1_772' title='bbox 3087 5137 3353 5193; x_wconf 81' lang='lat' dir='ltr'><strong>Cedrinus</strong></span> 
     </span>
    </p>
   </div>
   <div class='ocr_carea' id='block_1_114' title="bbox 1811 5224 3350 5292">
    <p class='ocr_par' dir='ltr' id='par_1_114' title="bbox 1811 5224 3350 5292">
     <span class='ocr_line' id='line_1_115' title="bbox 1811 5224 3350 5292; baseline -0.006 -4"><span class='ocrx_word' id='word_1_773' title='bbox 1811 5232 2019 5289; x_wconf 82' lang='lat' dir='ltr'><strong>insulas</strong></span> <span class='ocrx_word' id='word_1_774' title='bbox 2078 5238 2232 5284; x_wconf 84' lang='lat' dir='ltr'><strong>extra</strong></span> <span class='ocrx_word' id='word_1_775' title='bbox 2267 5228 2618 5282; x_wconf 85' lang='lat' dir='ltr'><strong>Dardanellos</strong></span> <span class='ocrx_word' id='word_1_776' title='bbox 2664 5224 2745 5279; x_wconf 90' lang='lat' dir='ltr'><strong>vel</strong></span> <span class='ocrx_word' id='word_1_777' title='bbox 2780 5240 2933 5279; x_wconf 88' lang='lat' dir='ltr'><strong>arces</strong></span> <span class='ocrx_word' id='word_1_778' title='bbox 2997 5224 3350 5292; x_wconf 87' lang='lat' dir='ltr'><strong>llellespouti,</strong></span> 
     </span>
    </p>
   </div>
   <div class='ocr_carea' id='block_1_115' title="bbox 1812 5314 3348 5388">
    <p class='ocr_par' dir='ltr' id='par_1_115' title="bbox 1812 5314 3348 5388">
     <span class='ocr_line' id='line_1_116' title="bbox 1812 5314 3348 5388; baseline -0.008 -9"><span class='ocrx_word' id='word_1_779' title='bbox 1812 5325 1897 5379; x_wconf 88' lang='lat' dir='ltr'><strong>vel</strong></span> <span class='ocrx_word' id='word_1_780' title='bbox 1914 5332 2063 5376; x_wconf 79' lang='lat' dir='ltr'><strong>extra</strong></span> <span class='ocrx_word' id='word_1_781' title='bbox 2084 5320 2298 5375; x_wconf 89' lang='lat' dir='ltr'><strong>Sestum</strong></span> <span class='ocrx_word' id='word_1_782' title='bbox 2328 5330 2381 5373; x_wconf 93' lang='lat' dir='ltr'><strong>et</strong></span> <span class='ocrx_word' id='word_1_783' title='bbox 2409 5317 2674 5388; x_wconf 79' lang='lat' dir='ltr'><strong>Abydum,</strong></span> <span class='ocrx_word' id='word_1_784' title='bbox 2704 5317 2758 5370; x_wconf 90' lang='lat' dir='ltr'><strong>in</strong></span> <span class='ocrx_word' id='word_1_785' title='bbox 2792 5314 2975 5384; x_wconf 63' lang='lat' dir='ltr'><strong>Egteo</strong></span> <span class='ocrx_word' id='word_1_786' title='bbox 3016 5314 3155 5366; x_wconf 85' lang='lat' dir='ltr'><strong>mari</strong></span> <span class='ocrx_word' id='word_1_787' title='bbox 3178 5316 3348 5369; x_wconf 78' lang='lat' dir='ltr'><strong>sitas:</strong></span> 
     </span>
    </p>
   </div>
   <div class='ocr_carea' id='block_1_116' title="bbox 1812 5407 3349 5487">
    <p class='ocr_par' dir='ltr' id='par_1_116' title="bbox 1812 5407 3349 5487">
     <span class='ocr_line' id='line_1_117' title="bbox 1812 5407 3349 5487; baseline -0.009 -18"><span class='ocrx_word' id='word_1_788' title='bbox 1812 5430 2039 5487; x_wconf 89' lang='lat' dir='ltr'><strong>quarum</strong></span> <span class='ocrx_word' id='word_1_789' title='bbox 2072 5414 2203 5475; x_wconf 66' lang='lat' dir='ltr'><strong>haec,</strong></span> <span class='ocrx_word' id='word_1_790' title='bbox 2240 5413 2287 5467; x_wconf 88' lang='lat' dir='ltr'><strong>si</strong></span> <span class='ocrx_word' id='word_1_791' title='bbox 2320 5414 2577 5481; x_wconf 88' lang='lat' dir='ltr'><strong>requiris,</strong></span> <span class='ocrx_word' id='word_1_792' title='bbox 2614 5410 2807 5463; x_wconf 86' lang='lat' dir='ltr'><strong>habeto</strong></span> <span class='ocrx_word' id='word_1_793' title='bbox 2859 5407 3114 5461; x_wconf 87' lang='lat' dir='ltr'><strong>nomina:</strong></span> <span class='ocrx_word' id='word_1_794' title='bbox 3162 5411 3349 5457; x_wconf 79' lang='lat' dir='ltr'><strong>sicuta</strong></span> 
     </span>
    </p>
   </div>
   <div class='ocr_carea' id='block_1_117' title="bbox 1818 5497 3354 5566">
    <p class='ocr_par' dir='ltr' id='par_1_117' title="bbox 1818 5497 3354 5566">
     <span class='ocr_line' id='line_1_118' title="bbox 1818 5497 3354 5566; baseline -0.01 -3"><span class='ocrx_word' id='word_1_795' title='bbox 1818 5506 2023 5564; x_wconf 71' lang='lat' dir='ltr'><strong>Graecis</strong></span> <span class='ocrx_word' id='word_1_796' title='bbox 2054 5504 2178 5557; x_wconf 90' lang='lat' dir='ltr'><strong>olim</strong></span> <span class='ocrx_word' id='word_1_797' title='bbox 2213 5504 2393 5557; x_wconf 85' lang='lat' dir='ltr'><strong>vocari</strong></span> <span class='ocrx_word' id='word_1_798' title='bbox 2418 5503 2687 5566; x_wconf 86' lang='lat' dir='ltr'><strong>solebant,</strong></span> <span class='ocrx_word' id='word_1_799' title='bbox 2718 5511 2772 5555; x_wconf 93' lang='lat' dir='ltr'><strong>et</strong></span> <span class='ocrx_word' id='word_1_800' title='bbox 2804 5514 2944 5552; x_wconf 90' lang='lat' dir='ltr'><strong>nunc</strong></span> <span class='ocrx_word' id='word_1_801' title='bbox 2976 5497 3190 5561; x_wconf 89' lang='lat' dir='ltr'><strong>iisdem,</strong></span> <span class='ocrx_word' id='word_1_802' title='bbox 3219 5510 3354 5547; x_wconf 86' lang='lat' dir='ltr'><strong>nau-</strong></span> 
     </span>
    </p>
   </div>
   <div class='ocr_carea' id='block_1_118' title="bbox 1815 5593 3040 5666">
    <p class='ocr_par' dir='ltr' id='par_1_118' title="bbox 1815 5593 3040 5666">
     <span class='ocr_line' id='line_1_119' title="bbox 1815 5593 3040 5666; baseline -0.013 -11"><span class='ocrx_word' id='word_1_803' title='bbox 1815 5610 2105 5666; x_wconf 88' lang='lat' dir='ltr'><strong>tarumque</strong></span> <span class='ocrx_word' id='word_1_804' title='bbox 2134 5604 2314 5663; x_wconf 80' lang='lat' dir='ltr'><strong>vulgo,</strong></span> <span class='ocrx_word' id='word_1_805' title='bbox 2346 5604 2400 5649; x_wconf 89' lang='lat' dir='ltr'><strong>et</strong></span> <span class='ocrx_word' id='word_1_806' title='bbox 2423 5595 2629 5648; x_wconf 87' lang='lat' dir='ltr'><strong>Latinis</strong></span> <span class='ocrx_word' id='word_1_807' title='bbox 2664 5593 3040 5651; x_wconf 71' lang='lat' dir='ltr'><strong>enuntientur.</strong></span> 
     </span>
    </p>
   </div>
   <div class='ocr_carea' id='block_1_119' title="bbox 1887 5685 3352 5751">
    <p class='ocr_par' dir='ltr' id='par_1_119' title="bbox 1887 5685 3352 5751">
     <span class='ocr_line' id='line_1_120' title="bbox 1887 5685 3352 5751; baseline -0.011 -8"><span class='ocrx_word' id='word_1_808' title='bbox 1887 5690 1970 5743; x_wconf 84' lang='lat' dir='ltr'><strong>Ex‘</strong></span> <span class='ocrx_word' id='word_1_809' title='bbox 2019 5685 2365 5751; x_wconf 85' lang='lat' dir='ltr'><strong>Hellesponto</strong></span> <span class='ocrx_word' id='word_1_810' title='bbox 2404 5686 2468 5739; x_wconf 91' lang='lat' dir='ltr'><strong>ad</strong></span> <span class='ocrx_word' id='word_1_811' title='bbox 2531 5685 2798 5743; x_wconf 87' lang='lat' dir='ltr'><strong>dextram,</strong></span> <span class='ocrx_word' id='word_1_812' title='bbox 2856 5693 3044 5734; x_wconf 85' lang='lat' dir='ltr'><strong>versus</strong></span> <span class='ocrx_word' id='word_1_813' title='bbox 3098 5689 3352 5730; x_wconf 83' lang='lat' dir='ltr'><strong>occasum</strong></span> 
     </span>
    </p>
   </div>
   <div class='ocr_carea' id='block_1_120' title="bbox 1817 5774 2923 5852">
    <p class='ocr_par' dir='ltr' id='par_1_120' title="bbox 1817 5774 2923 5852">
     <span class='ocr_line' id='line_1_121' title="bbox 1817 5774 2923 5852; baseline -0.015 -16"><span class='ocrx_word' id='word_1_814' title='bbox 1817 5777 1975 5852; x_wconf 61' lang='lat'><strong>495</strong></span> <span class='ocrx_word' id='word_1_815' title='bbox 2000 5776 2130 5833; x_wconf 86' lang='lat' dir='ltr'><strong>solis</strong></span> <span class='ocrx_word' id='word_1_816' title='bbox 2156 5774 2562 5843; x_wconf 83' lang='lat' dir='ltr'><strong>navigantibus,</strong></span> <span class='ocrx_word' id='word_1_817' title='bbox 2598 5777 2923 5827; x_wconf 84' lang='lat' dir='ltr'><strong>occurrunt-</strong></span> 
     </span>
    </p>
   </div>
  </div>
