4006 6338
550 420 553 424 ·
604 393 717 461 803

1797 372 2113 436 ΙΟΑΝΝΙΞ
2150 328 2631 430 LlaUNCLAVIf

3687 351 3782 413 904

673 511 725 562 1.
756 506 988 574 Λῆμνος,
1020 500 1155 569 Στὴν
1194 469 1428 564 Λῆμνονς
1450 493 1626 546 na‘utis
1651 490 1960 544 Stalimnes.
1997 486 2145 541 Letu-
2174 495 2192 547 Α

2285 487 2341 540 it.
2369 484 2477 540 lloc
2518 487 2728 540 initiqu
2773 485 2895 540 belli
2947 481 3073 546 fuit,
3123 479 3262 533 inter
3295 475 3675 530 -Snltimanem
3737 482 3784 526 et

610 613 713 651 nus
744 603 886 648 terra
929 588 1158 657 sigillata
1218 582 1432 635 nobilis.

676 681 976 741 2166mm,
1009 676 1370 744 Negroponto,
1408 670 1632 723 Eubcna.

679 772 731 829 ‘5.
756 770 950 836 Νάξος,
985 767 1172 829 Neria,
1206 763 1384 827 Nixia,
1443 755 1643 813 Nasus.

677 863 727 916 ιι
759 861 961 928 Πάρος,
992 856 1149 920 Paro,
1185 852 1371 906 Parus.
1749 902 1752 904 ,

680 955 729 1008 5.
761 952 958 1021 Μῆλος,
993 947 1136 1006 Milo,
1171 941 1357 1006 Melus,
1388 928 1732 1008 Thucydidca
1763 932 1959 989 nobilis
1981 930 2155 985 histo-

614 1049 711 1100 ria.
1517 1068 1519 1071 -
1678 1053 1680 1056 '

686 1136 734 1190 6.
772 1132 1060 1196 Ζάκυνθος,
1100 1127 1330 1186 Zantlie,
1362 1120 1694 1191 Zacynthus.

699 1226 752 1279 7.
790 1225 1017 1285 Λευκὰς,
1068 1219 1224 1283 Ἅγια
1251 1215 1472 1282 Μαῦρα,
1504 1213 1561 1265 S.
1600 1210 1802 1263 Maura.

692 1316 743 1368 8.
781 1310 1150 1381 Κεφαλληνία,
1175 1304 1468 1366 Cefalonia,
1509 1297 1873 1374 Cephallenia.
1904 1291 1977 1348 Ex
2035 1292 2157 1348 Hel-

623 1407 866 1473 lcsponto
900 1403 965 1455 ad
1001 1402 1213 1461 laevam,
1245 1407 1436 1449 versus
1462 1401 1639 1447 ortum
1670 1385 1802 1446 solis
1860 1386 2160 1456 naviganti-

624 1499 743 1558 bus,
775 1498 856 1547 lue
892 1508 1008 1547 sese
1059 1489 1288 1543 offerunt
1320 1503 1336 1540 :
1569 1473 1572 1476 ’
1704 1523 1724 1530 -

691 1585 744 1638 9.
779 1583 1002 1645 Λέσϐος,
1026 1579 1328 1650 Μιτυλήνη,
1356 1573 1648 1637 Metellino,
1687 1562 1918 1631 Lesbus.

698 1677 782 1730 10.
812 1676 961 1737 Χίος,
993 1671 1110 1735 Sio,
1145 1668 1334 1725 Cliitts.

697 1766 783 1819 ll.
826 1764 1022 1830 Σάμος,
1048 1753 1231 1822 Samo,
1257 1752 1472 1813 Samus.

699 1855 784 1907 12.
826 1851 1018 1914 Ῥόδος,
1049 1849 1208 1912 Redi,
1242 1844 1491 1900 Rhodus.

703 1943 772 1998 Ut
815 1943 991 1994 autem
1033 1939 1148 1992 alia:
1177 1937 1413 1990 minores
1436 1935 1575 1988 inter
1601 1932 1699 1986 has
1733 1930 1941 1986 insulas
1959 1926 2162 1982 duode-

633 2034 738 2088 cim
770 2027 1098 2083 Dodecanesi
1152 2035 1256 2078 nan
1315 2020 1759 2084 numerabantur,
1818 2017 1984 2072 veluti
2047 2027 2165 2084 quae

635 2130 762 2173 tunc
792 2119 1070 2186 praefectos
1094 2114 1293 2175 nullos,
1324 2111 1398 2163 uti
1428 2111 1713 2178 sangiacos
1768 2106 1947 2160 nullos
1999 2117 2164 2167 nunc,

570 2215 572 2217 ’
638 2211 944 2265 habebant:
975 2207 1048 2260 ita
1100 2215 1199 2258 nec
1251 2200 1598 2269 amplissimae
1664 2199 1801 2259 duae,
1860 2193 2068 2265 Cyprus
2114 2199 2169 2245 et

637 2297 995 2359 Creta,‘nunc
1014 2291 1242 2354 Candia,
1293 2287 1436 2363 quod
1467 2289 1644 2344 instar
1689 2298 2003 2355 magnarum
2065 2281 2168 2334 illte

639 2386 1035 2457 provinciarum
1066 2396 1194 2437 suos
1223 2381 1447 2448 singulae
1479 2389 1731 2449 praetores
1758 2369 2036 2430 haberent.
2065 2371 2173 2426 Nec

640 2477 1016 2546 Cyprocapta,
1052 2471 1414 2541 sangiacatum
1452 2478 1519 2523 ex
1545 2483 1607 2521 ea
1634 2463 1860 2522 Selimes
1902 2461 2172 2518 secundus

645 2565 789 2628 fecit,
844 2563 935 2619 sed
975 2561 1425 2631 boglcrbegatum,
1480 2558 1623 2612 velut
1671 2570 1733 2610 ex
1794 2552 1970 2609 insula
2028 2550 2177 2621 regni

643 2655 728 2722 jus
760 2654 1055 2720 antiquitus
1090 2651 1342 2704 habente.

643 2766 771 2819 250.
809 2763 1081 2832 Expeditio
1111 2760 1417 2832 Sofei_n_tani_s
1461 2759 1632 2832 prima
1669 2764 1857 2832 c_ont_ra_
1878 2753 2088 2819 Persas,
2119 2767 2182 2805 ea:

942 2832 1174 2884 historiis
1229 2826 1483 2881 Theodori
1534 2826 1879 2896 Spandugini.

715 2924 817 2990 Qui
845 2923 909 2976 ab
939 2921 1230 2976 annalibus
1261 2918 1457 2974 Uluma
1489 2918 1653 2986 begus
1689 2914 2023 2978 nominatur,
2045 2911 2184 2981 apud

649 3014 1052 3086 Spandugiuum
1079 3009 1285 3079 Zilama
1315 3008 1533 3078 legitur,
1555 3006 1694 3074 apud
1729 2999 1939 3059 Jovium
1974 2999 2186 3059 Ulama-

652 3120 774 3167 nus,
807 3114 1033 3172 utroque
1062 3090 1320 3154 vocabulo
1351 3097 1563 3150 vitiato.
1598 3093 1967 3162 Deprehendet
2025 3092 2184 3146 etiam

653 3197 841 3252 lector.
877 3194 918 3246 si
948 3191 1168 3245 Joviana
1197 3201 1318 3242 cum
1345 3185 1588 3239 Turcicis
1642 3184 1891 3237 conferre
1936 3181 2186 3254 voluefit,

654 3301 681 3336 a
703 3282 858 3360 .lovio
892 3296 976 3334 res
997 3278 1216 3333 Persico
1249 3277 1387 3331 bello
1414 3284 1590 3346 gestas
1621 3275 1756 3328 tradi
1791 3272 2043 3335 confuse,
2078 3286 2191 3324 mu-

656 3376 824 3437 tilate,
867 3371 1140 3433 tenuiter;
1179 3369 1266 3421 hic
1307 3381 1415 3421 non
1469 3369 1658 3422 ordine
1718 3374 1948 3427 tantum,
2005 3377 2188 3418 verum

656 3468 819 3521 etiam
844 3461 1108 3530 integrius
1136 3473 1197 3512 ac
1230 3457 1440 3524 plenius
1465 3455 1643 3507 omnia
1673 3453 1878 3507 referri.
1905 3455 2195 3521 Aliquanto

659 3554 878 3608 meliora
911 3559 1035 3604 sunt
1065 3546 1619 3616 Spanduginea,’qu:e
1644 3558 1761 3596 cum
1817 3541 2062 3595 Turcicis
2129 3548 2186 3593 ut

661 3640 897 3696 conferri
935 3638 1165 3707 possint,
1200 3634 1412 3688 lectoris
1433 3633 1603 3701 gratia
1630 3646 1762 3685 sane
1791 3629 2197 3696 interpretando

658 3732 1051 3787 describamus.
1083 3726 1229 3786 Erat.
1256 3725 1447 3792 inquit,
1477 3723 1528 3776 id
1553 3721 1808 3790 temporis
1832 3722 2045 3786 regulus
2065 3718 2193 3772 Biti-

659 3823 774 3875 linii
815 3821 1026 3874 Serefes
1060 3822 1245 3885 bcgus,
1293 3809 1553 3868 bcn‘eﬁCio
1607 3821 1787 3866 tamen
1836 3811 2031 3888 sultani
2094 3808 2195 3865 Os-

662 3912 906 3973 manidze,
934 3911 1086 3977 cujus
1113 3907 1335 3975 imperio
1353 3904 1594 3974 parebat.
1627 3902 1786 3957 Forte
1813 3916 1938 3956 vero
1958 3901 2194 3970 quidam,

661 4001 746 4055 cui
771 4014 961 4053 nomen
989 4009 1102 4051 erat
1143 3997 1326 4048 Ulaina
1371 3993 1594 4063 (Zilama
1652 4001 1903 4060 corrupte
1951 3991 2191 4059 legitur),

662 4096 741 4147 vir
766 4107 861 4146 usu
880 4089 1000 4143 belli
1038 4089 1321 4147 maximus,
1355 4100 1474 4137 cum
1505 4099 1591 4139 res
1612 4083 1847 4151 insignes
1887 4097 1981 4150 pro
2002 4083 2198 4137 scacbo

664 4184 905 4251 SO|ll|lll0
929 4179 1208 4248 gessisset,
1241 4188 1412 4241 eaque
1436 4173 1499 4228 de
1532 4187 1693 4226 causa
1751 4171 1980 4225 Wanum
2030 4173 2199 4241 (Ziam

663 4290 770 4332 non
801 4282 943 4326 recte
971 4271 1239 4338 scriptum
1265 4267 1318 4318 in
1344 4265 1492 4320 edito
1518 4260 1869 4332 Spandugiuo
1888 4261 2199 4330 reperitur),

665 4366 918 4418 ditionem
949 4362 1386 4432 pulcherrimam,
1419 4357 1486 4410 ab
1509 4371 1572 4409 eo
1611 4352 1850 4409 beneficii
1900 4353 2020 4405 loco
2067 4349 2203 4418 (feu-

2254 580 2506 630 scaehum
2545 564 2826 630 Tamasem
2856 573 3012 644 gesti.
3038 570 3253 623 Turcus
3288 566 3531 619 Ulamam
3562 562 3786 616 vinculis

2255 667 2465 729 liberat,
2496 657 2653 735 eique
2678 677 2891 720 centum
2919 663 3082 716 millia
3125 659 3532 715 sultaninornm
3593 655 3787 708 reditus

2254 758 2417 809 annui
2444 757 2626 817 donat,
2653 765 2814 821 atque
2845 752 2985 807 unde
3012 760 3248 814 venerat,
3301 748 3525 801 remittit
3553 762 3566 799 :
3607 742 3786 798 Serefe

2257 847 2411 914 bego.
2462 861 2556 898 ceu
2621 843 3004 911 perduellionis
3064 856 3178 904 reo,
3239 839 3566 910 proscripto.
3624 832 3790 887 Simul

2256 934 2478 1001 imperat
2511 934 2733 997 Ulamae,
2761 942 2973 1004 captum
3005 931 3078 984 uti
3103 929 3391 993 Bitilisium
3440 925 3648 981 timarii
3678 925 3790 977 loco

2257 1027 2360 1080 sibi
2409 1027 2687 1081 retineret.
2726 1023 2836 1078 Hoc
2869 1023 3026 1077 modo
3051 1031 3288 1088 emptum
3333 1021 3474 1071 inter
3504 1031 3600 1068 eos
3649 1014 3793 1071 belli.

2259 1118 2453 1185 gerari.
2482 1115 2692 1170 Serefes
2717 1114 2882 1184 begus
2913 1113 3013 1168 sub
3037 1109 3260 1180 SOpbini
3297 1107 3465 1177 signis
3511 1104 3793 1167 militabat,

2261 1201 2446 1262 Ulama
2482 1210 2579 1260 sub
2609 1207 2926 1262 Osmanicis.
2960 1200 3211 1258 Pluribus
3259 1199 3452 1268 pugnis
3502 1205 3555 1249 et
3615 1197 3800 1248 velita-

2261 1299 2494 1352 tionibus
2517 1296 2845 1358 commissis,
2880 1294 3096 1350 tandem
3137 1292 3320 1346 Ulama
3348 1286 3584 1342 Serel'em
3607 1286 3793 1354 beguin

2263 1387 2552 1449 interfecit,
2584 1397 2635 1440 et
2654 1385 2818 1440 occisi
2849 1383 3311 1454 captitSOIciiiiani
3343 1379 3510 1435 misit.
3539 1378 3586 1430 ις
3609 1375 3801 1432 deinde

2261 1477 2544 1546 quemdam
2570 1491 2632 1529 ex
2658 1477 2769 1530 suis
2801 1477 2866 1529 ad
2900 1458 3156 1529 sc'achuin
3190 1469 3470 1524 Tamasem
3517 1468 3802 1533 ablegavit,

2264 1568 2353 1636 qui
2384 1569 2451 1622 ab
2506 1581 2569 1620 eo
2613 1567 2891 1636 coniugem
2932 1576 2984 1619 et
3017 1565 3216 1618 liberos
3245 1560 3448 1616 Ulamse
3479 1566 3804 1629 reposceret.

2265 1654 2522 1711 Tamases
2555 1658 2830 1712 mulierem
2879 1671 2988 1710 uno
3011 1670 3133 1710 cum
3172 1651 3541 1706 ﬁlio‘remisit.
3577 1650 3640 1703 Et
3665 1647 3808 1702 acci-

2268 1749 2462 1803 derunt
2491 1749 2602 1801 haec
2642 1761 2783 1800 anno
2810 1746 3121 1800 Christiano
3142 1744 3298 1800 l535.
3323 1743 3511 1798 Ulama
3541 1755 3665 1794 cum
3683 1755 3813 1792 uxo-

2195 1845 2237 1902 Β
2270 1854 2325 1894 re
2357 1854 2419 1892 ac
2457 1837 2566 1892 filio
2604 1853 2728 1890 mox
2765 1838 2902 1890 intra
2955 1834 3278 1889 Soleimanis
3309 1832 3443 1885 ﬁnes
3480 1845 3538 1884 se
3566 1828 3814 1888 contulit,

2265 1916 2868 1997 tantumque-perfecit,
2920 1937 2979 1981 ut
3015 1927 3184 1996 ipsius
3216 1925 3590 1980 exhortatione
3631 1921 3809 1974 factus

2264 2019 2556 2073 animosior
2586 2017 2915 2073 Soleimanes
2947 2017 3266 2072 lbrahimem
3290 2016 3499 2070 bassam
3523 2028 3645 2066 cum
3663 2026 3818 2064 exer-

2267 2113 2376 2164 citu
2441 2109 2699 2178 Halepum
2758 2109 3049 2177 ablegaret.
3113 2108 3222 2162 Illic
3274 2108 3327 2161 in
3382 2104 3622 2158 hibernis
3670 2101 3819 2156 lbra-

2268 2201 2437 2255 bimes
2471 2201 2733 2262 substitit,
2771 2211 2825 2253 et
2853 2199 3037 2269 Halepi
3069 2198 3349 2253 castellum
3383 2193 3674 2250 exstruxit.
3717 2192 3817 2243 Eo—

2270 2291 2387 2344 dem
2420 2305 2479 2343 se
2523 2290 2865 2344 contulerunt
2920 2291 2983 2344 ad
3038 2289 3361 2343 lbrahimem
3411 2287 3627 2341 bassam
3693 2285 3820 2339 caesi

2273 2379 2469 2435 Sereﬁs
2500 2380 2617 2450 begi
2681 2379 2876 2448 conjus
2930 2389 2984 2434 et
3029 2379 3232 2443 liberi,‘
3253 2378 3501 2446 laqueum
3544 2377 3688 2450 collo
3732 2391 3827 2443 ge—

2274 2479 2501 2535 stantes,
2533 2481 2586 2524 et
2607 2469 2965 2534 admissorum
3000 2472 3209 2525 veniam
3249 2478 3512 2536 petentes.
3540 2469 3590 2522 ls
3614 2468 3695 2523 eis
3735 2469 3825 2522 be-

2278 2562 2510 2628 nigniter
2539 2561 2806 2629 exceptis,
2858 2561 2922 2613 ad
2981 2559 3339 2616 Soleimanem
3395 2559 3600 2612 litteras
3655 2559 3826 2619 dedit,

2277 2651 2406 2719 quid
2437 2650 2504 2704 de
2545 2651 2677 2718 ipsis
2701 2650 2812 2703 fleri
2846 2650 3086 2719 juberet,
3116 2650 3475 2719 interrogans.
3525 2649 3832 2720 Respondit

2282 2737 2638 2807 Soleimanes,
2688 2738 3060 2808 adjungendos
3113 2740 3311 2795 Sereiis
3363 2741 3480 2808 begi
3556 2742 3666 2794 lilio
3729 2739 3831 2792 400

2282 2831 2578 2901 genizaros,
2607 2831 2697 2899 qui
2729 2844 2848 2887 eum
2872 2838 3213 2887 cum'matre
3265 2831 3554 2886 Bitilisium
3604 2830 3830 2884 comita-

2285 2924 2488 2986 rentur,
2518 2929 2573 2972 ut
2601 2918 2815 2974 auferre
2839 2935 2969 2974 suos
3000 2922 3123 2975 inde
3167 2923 3470 2984 thesauros,
3499 2932 3832 2989 etquocun-
3877 2975 3884 2980 _

2286 3011 2641 3082 qnelubitum
2687 3019 2871 3075 esset,
2919 3007 3187 3077 proficisci
3250 3025 3491 3082 possent.
3548 3009 3606 3063 Si
3650 3019 3834 3064 tamen

2289 3111 2433 3158 stare
2493 3101 2933 3169 suisapartibus
2986 3116 3047 3152 ac
3110 3116 3288 3154 secum
3346 3079 3563 3156 manere
3616 3093 3833 3161 vellent.

2293 3193 2498 3246 donare
2529 3206 2586 3245 se
2614 3191 2743 3259 ipsis
2770 3190 2968 3244 timarii
3006 3191 3220 3244 nomine
3263 3190 3542 3260 Halt-puni.
3595 3194 3665 3246 Ex
3732 3196 3834 3247 hnc

2292 3282 2485 3352 sultani
2521 3294 2778 3347 responso
2813 3295 2932 3332 cum
2969 3282 3103 3335 satis
3149 3283 3477 3350 perspicertt
3512 3283 3712 3338 Serelis
3777 3285 3836 3337 fi-

2291 3369 2586 3434 lius,suum
2607 3384 2663 3423 se
2679 3368 3059 3436 patrimonium
3090 3383 3191 3422 non
3230 3381 3672 3440 recuperaturqu
3708 3391 3720 3426 :
3750 3373 3808 3424 Bi

2294 3459 2518 3513 tilisinm
2550 3472 2670 3511 cum
2705 3451 2875 3511 matre
2906 3457 3202 3528 profectus,
3244 3463 3527 3515 thesauros
3559 3463 3686 3514 inde
3713 3477 3840 3516 suos

2297 3551 2531 3608 advexit,
2564 3560 2616 3602 et
2638 3552 2701 3601 ad
2724 3551 2977 3602 scachum
3004 3550 3308 3619 Sephinuiu
3337 3531 3395 3604 se
3415 3553 3664 3605 contulit.
3692 3552 3840 3605 lbra-

2301 3639 2472 3692 himes
2507 3653 2636 3691 vero
2663 3639 2816 3691 bassa
2885 3640 3290 3696 Carahemidam
3328 3657 3667 3712 progressus,
3719 3641 3842 3696 Ula-

2296 3743 2434 3802 mam
2471 3743 2590 3781 cum
2621 3726 3115 3782 30000.1'urcoruin
3150 3730 3458 3785 Tanrisiuni
3492 3733 3664 3794 misit,
3699 3734 3840 3785 intra

2295 3835 2453 3903 quam
2486 3819 2671 3872 urbem
2705 3818 2853 3873 Musa
2909 3824 3176 3884 sultanus,
3210 3823 3389 3876 scachi
3441 3822 3686 3880 Tamasis
3738 3825 3850 3878 allis

2298 3913 2401 3977 nis,
2437 3927 2493 3966 se
2527 3912 2761 3967 tenebat.
2796 3913 2844 3969 ls
2878 3928 3002 3966 cum
3041 3913 3178 3984 fugae
3213 3930 3270 3970 se
3326 3918 3582 3980 dedisset,
3634 3918 3841 3971 deserta

2300 4001 2607 4068 nudataque
2637 4003 2904 4068 prasidiis
2922 4004 3132 4067 civitas,
3163 4003 3466 4059 Turcorum
3502 4021 3560 4060 se
3587 4006 3707 4059 ﬁdei
3728 4021 3843 4074 per—

2299 4088 2465 4142 misit.
2489 4088 2785 4144 Confestim
2807 4106 2898 4158 per
2925 4092 3128 4144 litteras
3150 4094 3402 4147 lbrahimi
3432 4093 3842 4162 signiﬁcatllla-

2300 4191 2406 4240 ma,
2431 4192 2588 4245 quam
2609 4178 2892 4232 celerrimo
2917 4180 3086 4246 gradu
3121 4196 3178 4234 se
3209 4179 3517 4236 Taurisium
3551 4183 3840 4245 conferret.

2300 4266 2592 4320 lbrahimes
2615 4267 2964 4322 Carahemida
3001 4270 3356 4335 digressus,et
3393 4264 3701 4328 Taurisium
3727 4289 3843 4343 pro-

2295 4372 2518 4427 perans,
2539 4355 2894 4413 Soleimanein
2919 4343 3398 4427 litterisliortatur,
3422 4364 3497 4417 uti
3515 4377 3696 4418 versus
3715 4367 3843 4418 lines

667 4455 794 4506 dum
823 4454 979 4520 vulgo
1008 4465 1281 4515 vocaIIIUS,
1317 4457 1369 4502 el
1398 4447 1607 4501 usitater
1651 4454 1778 4500 sunt
1823 4441 1967 4522 apud
2007 4440 2201 4495 Persas
2227 4469 2278 4529 Β
2303 4445 2546 4503 Persicos
2570 4458 2879 4504 maturaret.
2916 4449 3033 4519 Ipse
3059 4450 3364 4506 Taurisium
3416 4470 3540 4509 cum
3585 4458 3839 4517 venisset,

588 4574 590 4576 -
669 4559 882 4613 quoque
907 4541 1184 4593 fundorum
1220 4539 1629 4603 concessiOnes)
1678 4536 2021 4604 impetrasset
2052 4544 2202 4586 :tan-

671 4640 789 4689 deui
827 4635 878 4688 iii
911 4648 1024 4686 eam
1060 4629 1382 4685 sententiam
1441 4631 1606 4689 venit,
1664 4635 1723 4678 ut
1770 4615 2202 4678 deficienduin-a

678 4726 940 4794 Sophino,
975 4733 1026 4776 et
1086 4721 1248 4774 Turci
1306 4726 1488 4787 partes
1551 4715 1858 4784 sequendas
1920 4719 2202 4766 statueret.

673 4816 831 4870 Erant
861 4827 985 4887 tunc
1029 4814 1167 4865 inter
1197 4809 1652 4864 Osmanidam'ct
1710 4803 2007 4872 SOphinum
2053 4800 2207 4855 indu-

670 4912 786 4962 εἰςιν.
819 4905 1022 4959 Turcus
1046 4905 1308 4957 intellecta
1343 4901 1575 4956 hominis
1612 4900 1902 4960 voluntate,
1939 4909 2060 4961 mox
2119 4893 2210 4946 da-

676 5000 743 5050 tis
775 4999 835 5048 ad
867 4994 1105 5052 Sci-efem
1138 4997 1327 5061 bcgum
1353 4992 1578 5054 litteris,
1614 4991 1660 5044 ei
1704 4990 1942 5052 mandat,
1975 4998 2033 5041 ut
2084 4983 2208 5041 Ulu-

678 5104 774 5140 tna:
804 5103 1021 5142 suorum
1059 5087 1290 5153 aliquam
1320 5098 1534 5135 manum
1578 5080 1919 5148 adjungeret,
1975 5091 2204 5146 quorum

677 5177 920 5246 prmsidiu
951 5176 1190 5230 munitus
1227 5178 1482 5228 adversus
1531 5164 1912 5240 impedimenta
1977 5168 2203 5235 Sophini

677 5269 918 5320 securius
951 5266 1013 5317 nd
1047 5264 1261 5316 Portant
1291 5261 1611 5332 perveniret.
1662 5259 1847 5312 Ulatna
1895 5256 2068 5310 Wauo
2125 5257 2206 5309 di-

678 5371 914 5425 gressus,
953 5353 1236 5407 Bitilisium
1262 5369 1315 5404 se
1343 5350 1598 5404 contulit.
1627 5351 1699 5402 Ea
1734 5350 1849 5402 loca
1872 5350 2073 5402 distant
2099 5364 2126 5400 a
2152 5363 2210 5400 se

681 5447 902 5497 inrirem
930 5443 1140 5496 dierum
1167 5450 1397 5507 quatuor
1429 5440 1640 5491 itinere.
1685 5436 1896 5492 Serefes
1920 5439 2207 5490 adventan-

683 5547 783 5589 tem
814 5535 1052 5588 Ulamatn
1077 5535 1274 5601 corripi
1300 5532 1486 5599 jussit,
1513 5540 1566 5583 et
1616 5531 1850 5584 vinctum
1909 5529 2204 5584 Soleimani

682 5629 840 5681 misit.
874 5626 1140 5694 Sophiuus
1178 5623 1375 5677 Ulamze
1397 5622 1641 5676 discessu
1695 5627 1928 5690 cngnito,
1971 5620 2207 5674 Wauum

678 5731 797 5770 cum
830 5718 1054 5784 conjuge
1095 5730 1154 5767 ac
1197 5711 1380 5766 liberis
1409 5710 1602 5767 Ulamae
1633 5712 2022 5780 inpotcstatem
2058 5710 2209 5766 rede-

2301 4528 2584 4595 adificium
2606 4539 2874 4606 quoddam
2900 4527 3180 4610 antiquum
3209 4544 3279 4596 ibi
3306 4547 3505 4612 reperit
3530 4563 3543 4597 :
3571 4547 3709 4614 quod
3730 4561 3842 4599 mu-

2306 4632 2520 4681 niturus
2549 4631 2893 4683 commodum
2923 4630 3043 4684 istic
3067 4633 3392 4686 architectos
3418 4633 3753 4703 Georgianos
3775 4639 3840 4688 in~

2307 4723 2469 4780 venit,
2492 4720 2578 4786 qui
2606 4721 2954 4774 munitionem
2987 4725 3253 4790 egregiam
3276 4726 3716 4792 struxei-utit.cui
3736 4735 3840 4780 tor-

2308 4818 2479 4864 menta
2510 4809 2700 4863 bellica
2743 4810 2844 4862 550
2873 4811 3165 4866 lbrahiuies
3187 4805 3472 4881 imposuit.
3527 4811 3686 4884 496
3738 4815 3849 4869 Hoc

2309 4912 2546 4969 tempore
2570 4900 2991 4971 TurciTaiirisio
3008 4903 3157 4972 potiti
3185 4888 3277 4958 ses
3307 4904 3455 4959 fuere
3477 4908 3774 4973 mensibus,
3793 4921 3839 4963 et

2309 4993 2496 5044 vicinze
2514 4991 2760 5045 civitates
2777 5005 2963 5054 eorum
2988 4994 3272 5062 imperium
3299 5007 3645 5066 acceperunt.
3669 4999 3834 5056 Salei-

2291 5097 2496 5160 vmancs
2523 5084 2711 5144 etiam,
2735 5097 2854 5136 cum
2892 5085 3121 5152 primum
3141 5087 3206 5146 ad
3234 5088 3638 5145 Carahetnidam
3666 5107 3837 5149 acces-

2311 5173 2628 5234 sisset,mox
2649 5173 2799 5227 illinc
2816 5176 3023 5240 abiit,et
3040 5176 3338 5232 'l‘aurisium
3355 5179 3833 5248 profectus,ibidem

2313 5279 2379 5318 xx
2399 5265 2588 5318 diebus
2617 5264 2790 5318 haesit.
2825 5267 2950 5320 lude
2971 5268 3156 5323 relicto
3217 5269 3487 5336 Taurisio,
3549 5272 3831 5341 Sophinum

2314 5356 2507 5410 institit
2528 5371 2790 5424 quaerere.
2817 5356 2917 5412 Sed
2946 5360 2988 5412 is
3008 5374 3262 5430 perpetuo
3282 5364 3517 5429 prtelium
3540 5362 3834 5417 detrectans

2314 5446 2496 5522 tandiu
2521 5445 2874 5503 Soleimanem
2903 5449 3175 5512 distinuit,
3207 5451 3380 5505 donec
3409 5451 3694 5505 hibernum
3745 5451 3832 5504 fti-

2311 5552 2410 5605 gus
2434 5536 2727 5605 ingrueret.
2765 5539 2886 5591 liam
2923 5539 2989 5592 ob
3027 5555 3244 5593 causam
3291 5541 3626 5595 Soleimanes
3683 5540 3832 5610 Baga-

2313 5626 2474 5678 tlutim
2513 5641 2569 5679 se
2601 5628 2836 5694 recipere
2857 5638 3074 5682 coactus
3107 5628 3224 5683 fuit.
3283 5630 3395 5684 lloc
3442 5641 3620 5686 autem
3681 5633 3830 5700 frigus

2315 5730 2479 5783 usque
2513 5717 2643 5770 adeo
2677 5719 2963 5775 Vchemeus
2986 5732 3118 5784 erat,
3154 5729 3207 5773 ut
3243 5737 3413 5789 neque
3439 5721 3712 5793 progredi,
3753 5735 3829 5773 nc-
