4006 6338
110 392 217 452 9M

1262 404 1649 463 PANDECTE
1684 405 1880 467 lllS'l‘.
1922 408 2223 471 TUllClC.

3204 414 3336 475 910-

112 503 440 557 iisumrlusa
468 508 529 559 iis
553 511 715 558 luisse
752 508 939 570 tilium,
965 524 1208 564 Iteratur"
1232 516 1484 582 superius
1527 518 1641 577 166,
1679 528 1716 579 Α
1748 522 1998 587 tropolim
2037 539 2099 575 ac
2133 525 2458 593 praecipuam
2493 526 2845 580 mttuitiout-m
2879 528 3025 595 regni
3064 526 3302 587 Zatnhri,

106 605 155 647 et
187 597 424 663 amplius
448 599 606 651 etiam
642 599 743 653 188
773 601 1061 670 capitibus.
1082 604 1415 671 xlidilicium,
1439 609 1525 661 cui
1558 624 1651 661 no-

108 702 224 738 men
258 685 424 740 lleste
452 688 689 754 Behiste,
744 691 823 743 sic
868 708 897 744 a
950 694 1217 761 paradisis
1267 705 1390 748 octo
1434 697 1651 765 Persica

104 776 279 838 lingua
315 776 515 829 dictum
554 779 673 842 fuit,
709 781 830 861 istic
862 785 1096 839 excultis
1129 804 1159 840 a
1192 788 1406 843 sultano
1439 788 1652 859 lacope,

104 868 400 933 voluptatis
424 884 608 923 causa.
631 867 823 926 Notum
854 890 916 929 ex
948 874 1236 940 Herodoto,
1271 879 1649 947 Xenophonte.

100 959 337 1018 ceteris.
371 964 557 1030 quanti
592 964 922 1033 voluptarios
957 968 1142 1024 hortos
1180 973 1381 1040 regios,
1412 982 1467 1027 et
1496 988 1651 1043 para-

100 1049 241 1102 disus
269 1049 456 1104 Persae
505 1053 697 1119 priscis
736 1057 896 1109 etiam
944 1060 1158 1115 smculis
1196 1061 1443 1116 fecerint.

337 1165 464 1217 259.
524 1167 664 1232 Quid
716 1167 939 1223 Dundar
988 1174 1129 1241 apud
1178 1174 1397 1230 Turcoa.

171 1274 368 1330 Solent
397 1292 653 1333 exeuntes
692 1281 745 1335 in
786 1282 1055 1367 hosticum
1090 1282 1253 1341 Turci
1314 1288 1510 1356 praeda:
1567 1290 1651 1342 fa-

100 1366 316 1419 ciunda:
351 1382 837 1433 causa,numerum
869 1366 1101 1440 aliquem
1136 1389 1355 1430 suorum
1391 1380 1647 1444 militum,

100 1472 217 1507 cum
236 1458 464 1521 vexillo,
481 1461 714 1515 maxime
730 1466 1017 1518 connnodo
1052 1467 1284 1534 quodam
1322 1469 1652 1523 constituere

100 1548 241 1602 loco.
277 1564 392 1616 quo
437 1552 690 1606 nimirum
716 1563 770 1607 et
796 1556 971 1622 praeda
1004 1558 1357 1624 convebatur,
1385 1568 1437 1612 et
1471 1559 1649 1626 sparsi

102 1650 193 1700 per
222 1636 497 1691 hosticum
531 1641 731 1696 milites
757 1645 937 1697 caeteri
971 1645 1271 1710 conﬂuant,
1309 1648 1357 1702 si
1394 1648 1531 1703 forte
1557 1664 1652 1703 co-

102 1727 216 1789 pias
240 1726 458 1797 aliquas
478 1731 701 1787 hostiles
724 1736 774 1788 in
812 1738 1093 1802 procinctu
1114 1755 1234 1793 esse
1264 1743 1648 1809 cognoverint.

104 1816 238 1873 lluic
290 1820 348 1874 in
386 1821 536 1903 hunc
588 1840 746 1879 usum
800 1827 1062 1895 deputan
1126 1844 1349 1883 suorum
1399 1846 1647 1893 numero,
1686 1852 1726 1903 Β

100 1909 378 1965 nuntiaris
408 1928 596 1968 nomen
618 1916 729 1969 dari
755 1918 913 1972 solet.
940 1916 1126 1973 Talem
1163 1921 1371 1990 igitura
1399 1931 1548 1985 tergo
1565 1939 1654 1977 se-

101 2000 374 2056 lectorum
408 2004 636 2059 militum
668 2006 1254 2065 mannm‘Solcimancs
1282 2011 1522 2081 reliquit.
1557 2014 1652 2067 ho-

101 2094 266 2145 stium
328 2103 507 2151 motus
532 2110 741 2153 amnes
788 2100 1200 2156 observaturam
1236 2120 1251 2156 :
1307 2118 1374 2167 ne
1403 2107 1655 2173 quamin

101 2197 227 2236 suos
250 2199 322 2237 ex
342 2184 636 2267 improviso
659 2187 900 2241 facerent
932 2190 1368 2259 impressionem,
1393 2203 1452 2247 ut
1479 2194 1655 2263 reipsa

100 2274 359 2343 contigit.
417 2273 487 2330 De
514 2275 752 2331 Corrizis
782 2279 983 2335 dictum
1036 2297 1158 2351 cap.
1192 2284 1313 2339 189.

100 2387 224 2441 9.40.
274 2386 648 2466 Cltairadines__
671 2393 899 2447 Tunisim
924 2400 1128 2466 omittit
1159 2413 1177 2449 :
1202 2396 1348 2456 Bais.
1406 2398 1654 2466 Tulipmt-

274 2467 393 2510 tum
421 2474 440 2512 :
473 2461 766 2526 φακιόλιον,
796 2465 1088 2534 symbolum
1109 2466 1455 2534 fortitudinis.

172 2569 480 2641 Mauribegi
506 2576 722 2630 nomine
754 2550 843 2644 qui
876 2580 1068 2647 pulsus
1117 2598 1146 2635 ξι
1183 2582 1513 2659 Cbairatlinc
1546 2585 1660 2638 lue-

105 2672 209 2726 rat,
282 2664 433 2720 Mula
483 2668 656 2723 Assan
694 2670 1038 2741 intelligitur,
1101 2688 1260 2742 quem
1323 2679 1498 2730 nostri
1542 2677 1661 2731 Mu-

107 2753 350 2807 leassem
378 2768 598 2820 vocant;
626 2768 681 2812 et.
725 2761 879 2827 cujus
918 2761 1197 2816 historiam
1222 2766 1576 2831 exposuimus
1607 2766 1659 2818 iu

106 2847 413 2899 Annalium
475 2849 891 2919 Supplementa,
929 2853 993 2907 ad
1054 2846 1255 2907 annum
1291 2854 1659 2910 Christianum
1694 2875 1702 2881 ’

113 2937 270 2992 1573.
301 2939 479 3007 Begus
504 2939 775 3010 Hispanus
810 2953 895 2999 est
918 2939 1112 3001 Turcis
1138 2947 1369 3003 Karulus
1403 2945 1447 3001 ν
1490 2951 1661 3018 impe-

109 3038 282 3090 rator.
318 3033 392 3086 ita
421 3034 596 3089 dietus
621 3052 684 3088 ex
716 3052 878 3091 causa
910 3041 1456 3108 superius-explicata
1489 3041 1665 3107 Capite

106 3119 236 3173 29.5.
278 3114 543 3184 Raislari,
594 3127 707 3179 sive
736 3123 905 3189 Raisi,
939 3130 1029 3195 qui
1065 3139 1389 3202 sequuntur,
1424 3130 1661 3199 prml'ecti

110 3306 244 3357 illud
291 3314 513 3372 tegmen
549 3323 656 3373 quo
688 3309 865 3375 capita
899 3308 1061 3363 Turci
1116 3311 1361 3365 candidis
1397 3311 1672 3365 involvere

109 3398 283 3464 spiris
344 3395 542 3450 solent.
605 3399 781 3452 Gra‘ci
841 3414 984 3453 nunc
1037 3400 1317 3468 φκκιόλιον
1377 3404 1671 3472 appellant,

108 3489 257 3556 quod
283 3488 613 3543 vocabulum
641 3500 854 3545 exstare
883 3500 1009 3560 puto
1038 3496 1090 3544 in
1120 3492 1499 3548 Onirocriticis
1522 3480 1673 3549 'Acb-

114 3582 277 3635 metis
321 3582 520 3635 nostri.
576 3584 894 3653 Zygomalas
926 3585 1122 3644 aiebat,
1157 3586 1224 3639 dc
1278 3586 1539 3654 Agarenis
1573 3589 1672 3639 ha~

114 3672 231 3725 beri
282 3688 388 3739 pro
424 3674 664 3741 symbolo
716 3674 1072 3736 fortitudinis,
1115 3691 1223 3742 quo
1278 3678 1674 3729 admoneamur

114 3764 165 3814 in
206 3762 419 3815 bellum
459 3764 607 3822 ituri,
669 3778 737 3815 ne
776 3766 840 3815 do
909 3766 1106 3824 reditu,
1152 3767 1241 3818 sed
1286 3779 1455 3819 morte
1496 3768 1676 3834 potius

118 3854 361 3906 viriliter
408 3853 705 3920 oppetenda
749 3855 1023 3924 cogitent,
1059 3856 1277 3924 quando
1335 3868 1673 3910 mortuorum

116 3943 395 3997 cadavera
418 3941 595 3996 linteis
630 3944 829 3997 involvi
857 3946 1048 4000 solent.

112 4055 243 4108 ΞΗ.
279 4053 540 4107 Indicum
573 4055 758 4108 Diense
796 4055 1010 4109 bellum.
1047 4057 1237 4111 Adeuis
1270 4074 1359 4111 rex
1402 4078 1431 4112 α
1474 4060 1675 4121 Turcis,

549 4126 745 4178 violata
775 4126 898 4194 ﬁde,
924 4128 1277 4195 suspenditur.

186 4240 307 4295 Hoc
337 4240 476 4304 loco,
505 4242 819 4308 priusquam
847 4242 911 4293 ad
972 4258 1056 4295 res
1082 4252 1259 4309 gestas
1318 4258 1459 4295 anno
1522 4243 1682 4296 Chri-

120 4336 320 4388 stiano
350 4332 488 4387 {5'58
523 4333 950 4400 progrediamur.
988 4348 1322 4400 exponamus
1346 4348 1475 4384 sane
1496 4334 1680 4399 paucis

118 4424 377 4477 Indicum
404 4422 473 4473 de
524 4422 618 4473 Dio
648 4423 869 4474 civitate
903 4421 1035 4487 (Deu
1077 4422 1346 4483 barbaris,
1379 4420 1476 4473 Dio
1525 4422 1678 4475 Lusi-

1752 611 1915 682 499
1935 615 2073 681 quod
2103 615 2411 669 Combaium
2446 618 2615 668 nostri
2646 627 2861 679 vocant,
2891 617 2946 669 in
2989 628 3303 686 potestatem

1757 706 1985 785 redegit.
2051 704 2164 760 Rex
2206 717 2383 760 autem
2428 707 2712 762 Zambrius
2764 718 2817 761 ct
2872 724 3113 777 paganus
3162 720 3301 768 erat,

1755 797 2202 866 deastrorumqne
2233 798 2431 857 cultor.
2462 810 2514 851 et
2558 798 2950 852 infestissimus
2991 799 3164 851 hostis
3202 800 3306 850 Lu-

1757 878 2087 942 sitanorum.
2120 887 2169 943 ls
2222 904 2344 941 cum
2381 887 2657 941 Lusitanis
2712 890 2973 955 imparem
3012 888 3216 941 viribus
3247 902 3302 939 sc.

1758 976 1986 1039 videret,
2021 979 2223 1046 legatos
2275 979 2341 1031 ad
2401 979 2765 1032 Soleimauem
2806 980 3044 1039 bassam,
3077 977 3302 1032 Cairen-

1751 1083 1864 1122 sem
1891 1068 2289 1139 beglcrbegum,
2322 1071 2488 1134 misit,
2535 1072 2649 1139 qtti,
2681 1072 2779 1124 hoc
2811 1071 2958 1139 prius
2996 1072 3160 1132 adito,
3190 1085 3307 1122 mu-

1753 1159 2079 1228 neribusque
2119 1161 2430 1220 conciliato,
2482 1163 2751 1214 sultannm
2786 1161 2907 1215 inde
2946 1159 3305 1215 Solcimanem

1755 1250 1929 1318 ipsum
1984 1252 2368 1320 convenirent;
2421 1252 2710 1322 oblataque
2765 1254 2987 1319 pecunia
3048 1250 3304 1309 maxima,

1753 1352 1943 1394 contra
2000 1329 2290 1396 Lusitanos
2336 1357 2492 1411 Opem
2532 1338 2651 1410 ejus
2699 1342 3072 1410 implorarent,
3102 1341 3297 1393 simul-

1751 1444 1857 1499 que
1909 1431 2291 1500 pollicerentur
2321 1433 2511 1485 herum
2559 1449 2718 1485 suum
2751 1448 2872 1485 cum
2917 1433 3162 1500 pluribus
3188 1431 3307 1485 aliis

1754 1520 1969 1587 regibus
1990 1520 2210 1585 Indicis,
2231 1523 2347 1590 ejus
2369 1538 2427 1576 se
2448 1522 2843 1576 submissnrum
2878 1522 3124 1589 imperio,
3148 1520 3305 1574 modo

1753 1610 2051 1664 subsidium
2091 1612 2351 1667 adversus
2383 1611 2567 1664 hostes
2602 1611 2890 1664 Lusitanos
2932 1611 3298 1678 impetrasset.

1752 1699 1960 1754 Placuit
2007 1717 2069 1755 ea
2124 1702 2415 1756 Soleimani
2469 1702 2702 1769 legatio,
2762 1690 2850 1768 qui
2918 1715 3010 1770 per
3059 1701 3199 1753 hanc
3248 1714 3309 1750 se.

1754 1789 2003 1855 sperabat
2060 1791 2396 1847 occasionem
2449 1791 2733 1859 imperium
2785 1789 3201 1845 Osmanidarum
3253 1794 3305 1841 in
3369 1838 3372 1842 .

1755 1879 1903 1948 ipsas
1933 1881 2088 1948 longe
2139 1882 2352 1948 lateque
2385 1888 2803 1950 propagaturttm
2841 1880 3043 1943 Indias,
3076 1890 3130 1935 et.
3181 1880 3300 1933 auri

1757 1987 2201 2041 gemmarumque
2237 1972 2574 2026 feracissima
2602 1988 2767 2040 regna
2792 1972 2876 2025 sui
2903 1972 3045 2038 juris
3080 1969 3307 2024 eﬂectu-

1761 2080 1900 2117 rum.
1929 2060 2113 2133 [tarpio
2139 2066 2330 2132 legatis
2361 2066 2570 2134 prolixe
2608 2065 2889 2134 pollicetur
2927 2063 3132 2124 omnia,
3166 2061 3309 2115 εἰλε-

1757 2171 1979 2225 semque
2010 2171 2131 2210 mox
2157 2158 2467 2211 adfuturam
2524 2157 2731 2211 auxilio
2776 2155 3028 2225 spondet.
3087 2152 3309 2207 Mittitur

1761 2264 1866 2303 non
1909 2250 2081 2303 multo
2134 2259 2254 2319 post
2309 2250 2647 2304 Soleimaucs
2718 2250 2900 2314 bassa,
2962 2246 3310 2316 beglerbegns

1723 2335 1732 2348 ”
1758 2343 1998 2414 Egypti,
2028 2359 2151 2398 cum
2188 2344 2457 2399 machinis
2507 2345 2737 2411 bellicis,
2779 2355 2836 2399 et
2863 2344 3011 2412 justo
3043 2343 3299 2399 exercitu,

1760 2451 1902 2489 anno
1916 2436 2101 2492 eodem
2128 2436 2280 2500 l558,
2296 2434 2476 2490 mense
2489 2432 2516 2490 ι
2526 2437 2650 2489 uuio
2670 2436 3048 2505 propemodum
3065 2442 3309 2503 exeunte,

1762 2528 1962 2581 bellum
1992 2538 2047 2581 ut
2089 2530 2190 2582 hoc
2213 2528 2523 2582 contineret.
2571 2527 2779 2593 Quippe
2810 2524 3001 2578 Turcis
3032 2525 3145 2577 hate
3178 2525 3311 2575 arri-

1761 2617 1923 2671 debat
1951 2618 2186 2681 occasio;
2221 2616 2359 2678 qubs
2390 2624 2495 2668 neu
2530 2622 2638 2668 tam
2674 2615 2724 2665 iu
2761 2629 3052 2680 oppressos
3078 2613 3310 2663 commi-

1763 2704 1981 2763 seratio,
2043 2704 2123 2756 vel
2188 2703 2419 2757 ollicium
2470 2717 2594 2771 erga
2660 2701 3097 2759 cmtlmderatns,
3147 2716 3309 2768 quam

1764 2790 2056 2863 spoliorum
2091 2808 2153 2848 ac
2187 2792 2377 2861 praeda:
2435 2792 2724 2859 cupiditas,
2773 2792 2837 2844 ad
2880 2790 3018 2844 bella
3072 2789 3308 2857 plerum-

1764 2900 1870 2952 que
1904 2884 2189 2953 pertrahit.
2231 2882 2417 2937 Classe
2454 2884 2626 2937 ventis
2685 2882 2797 2935 vela
2855 2882 3038 2940 dante,
3084 2883 3310 2946 prinnnu

1766 2978 1830 3030 ad
1855 2975 2082 3030 ‘Thorou
2123 2977 2291 3039 itum,
2323 2976 2462 3044 quod
2496 2983 2580 3029 est
2619 2983 2774 3026 terrae
2840 2974 3197 3027 Manliauititlis
3232 2974 3313 3041 (ut

1767 3066 2029 3133 creditur)
2076 3067 2328 3135 oppidum
2366 3068 2419 3118 in
2455 3066 2663 3118 Arabia:
2717 3065 3136 3124 solitudinibus,
3175 3063 3313 3114 haud

332 3156 543 3225 ξ¹¹³¹”¹,¹¹’
594 3156 707 3179 ⁸¹“⁹
738 3156 905 3226 ³⁸·ξ¹³”
939 3156 1389 3226 ‘l_‘_"_?“"""."“""
1427 3156 1661 3226 νξίιπδη
1692 3171 1735 3226 ο
1771 3159 2013 3226 procula
2057 3158 2328 3212 montibus
2382 3157 2562 3210 Orebo
2598 3167 2648 3209 ct
2681 3156 2811 3207 Sina
2850 3176 2860 3208 :
2895 3172 3002 3223 quo
3040 3157 3156 3208 loro
3207 3164 3312 3223 tam

108 3220 239 3265 sunt
271 3219 576 3266 triremium
601 3230 662 3269 ac
689 3219 930 3270 navium.
963 3219 1311 3287 Tulipantum
1343 3230 1427 3273 est
1462 3224 1665 3302 liueum
1694 3219 1711 3281 ξ

1778 3248 2128 3316 exponendis,
2187 3262 2345 3312 quam
2408 3246 2699 3298 avehcmlis
2737 3254 2923 3304 terra.
2986 3245 3312 3297 camelorum

1775 3352 1959 3406 Opera,
2012 3339 2310 3397 mercibus,
2350 3334 2587 3405 Egypti,
2641 3336 2852 3389 Arabia:
2901 3338 3120 3395 Felicis,
3151 3336 3314 3388 ιηιΙίςυ

1776 3430 2569 3497 respectu.commodissimmu
2603 3430 2685 3480 est
2711 3428 3036 3495 emporium.
3064 3426 3192 3479 Post
3214 3431 3316 3479 ali-

1779 3532 1911 3589 quot
1935 3524 2056 3575 inde
2086 3523 2198 3576 dies
2226 3523 2545 3589 appulerunt
2574 3522 2640 3574 ad
2676 3523 2859 3574 urbem
2903 3519 3068 3573 Gidcn
3105 3523 3155 3572 in
3185 3524 3317 3573 Ara-

1781 3614 1865 3666 bia
1902 3612 2105 3667 Petraea
2139 3604 2328 3684 (Ziden
2386 3614 2472 3665 alii
2528 3616 2739 3675 vocant)
2782 3628 2898 3679 qum
2952 3615 3063 3678 ipsa
3106 3627 3319 3680 quoque

1782 3704 2050 3756 maritima
2092 3713 2194 3764 est,
2260 3700 2561 3754 Turcorum
2623 3703 2846 3767 imperio
2900 3700 3167 3771 subjecta,
3222 3718 3321 3755 nec

1783 3795 1964 3847 minus
1995 3793 2193 3849 nobile.
2228 3807 2388 3858 quam
2446 3792 2662 3845 Thoron
2705 3793 3028 3860 emporium.
3083 3792 3321 3846 Tandem

1784 3882 1836 3934 in
1865 3880 2115 3933 Arabiam
2156 3878 2412 3941 Felicem,
2465 3889 2518 3932 et
2550 3881 2611 3932 ad
2648 3891 2859 3947 portum
2920 3882 3070 3934 urbis
3117 3883 3322 3935 Adet-nis

1783 3982 2120 4040 perventmn,
2173 3972 2315 4024 circa
2369 3986 2600 4023 mensem
2666 3970 2975 4024 Octobrem.
3032 3972 3124 4023 Est
3173 3970 3324 4021 Adeo

1752 4062 1755 4065 ’
1786 4062 2041 4129 primaria
2090 4061 2283 4115 Felicis
2334 4062 2543 4113 Arabiae
2574 4061 2796 4120 civitas,
2834 4074 2937 4111 non
2973 4059 3074 4110 situ
3127 4060 3323 4113 solum,

1786 4155 1875 4205 sed
1903 4154 2059 4207 etiam
2111 4168 2270 4220 opere
2302 4150 2772 4217 munita..Quippe
2804 4164 2902 4200 nec
2940 4164 3321 4217 propugnacu—

1785 4248 1853 4299 lis
1882 4253 2046 4306 caret,
2075 4256 2126 4296 et
2162 4249 2270 4309 ipse
2308 4245 2457 4295 locus
2487 4256 2581 4309 per
2628 4257 2686 4294 se
2721 4241 3030 4293 tutissimus
3089 4251 3191 4293 est.
3250 4245 3327 4293 At.

1786 4346 1907 4388 ortu
1940 4337 2090 4397 solis,
2132 4335 2379 4402 adjacent
2405 4335 2451 4385 ei
2488 4332 2743 4400 prterupti
2770 4342 2823 4384 et
2850 4332 3048 4384 excelsi
3076 4344 3285 4385 inontes
3314 4352 3325 4389 ;

1789 4427 1855 4479 ab
1904 4427 2199 4486 occidente,
2252 4425 2501 4477 clausum
2532 4423 2720 4477 auaris
2774 4431 2987 4490 portum
3055 4422 3260 4473 habet:
3294 4440 3320 4469 ει

115 4517 264 4568 tanis
284 4512 626 4574 nominatur)
655 4511 849 4563 bellum
870 4513 1014 4564 inter
1039 4511 1335 4566 Lusitanos
1361 4528 1421 4566 ac
1446 4512 1673 4577 Turcns,
1709 4532 1753 4584 ι)
1783 4517 2022 4571 meridiei
2054 4518 2241 4579 latere,
2279 4515 2515 4568 validum
2568 4518 2618 4567 in
2672 4515 2782 4566 alto
2824 4512 3068 4581 proximo
3100 4512 3326 4575 scopula

114 4605 355 4674 quando
404 4602 550 4655 nulla
589 4604 643 4654 lit
689 4602 805 4667 ejus
854 4602 905 4653 in
932 4602 1231 4656 Annalibus
1273 4603 1423 4657 hisce
1459 4606 1679 4667 mentio.

116 4713 220 4751 nec
258 4695 532 4756 Joviana‘,
569 4694 647 4746 vel
682 4692 951 4759 Suriauae,
975 4695 1058 4746 vel
1091 4695 1321 4747 aliorum
1347 4696 1684 4748 narrationes

116 4793 360 4857 integrae
394 4796 542 4849 sunt,
591 4794 645 4837 et
672 4784 949 4838 Pandectis
995 4801 1022 4836 a
1058 4787 1213 4838 nobis
1241 4788 1485 4840 habenda
1520 4790 1681 4839 ratio.

116 4878 489 4934 Memorabile
521 4877 736 4943 quidem
762 4879 811 4928 in
841 4877 1031 4944 primis
1064 4892 1185 4930 esse
1220 4878 1471 4930 fatebitur
1498 4881 1684 4932 lector,
1716 4902 1725 4923 κ

116 4975 187 5023 oh
223 4969 503 5023 nefariam
542 4966 845 5019 'l'urcorum
878 4982 1006 5035 erga
1060 4983 1237 5035 regem
1292 4967 1495 5020 Adcnis
1533 4968 1687 5033 perti-

119 5068 268 5116 tttant
299 5069 357 5113 et
391 5058 804 5119 immanitatem,
830 5060 920 5125 qui
943 5067 1121 5111 tamen
1155 5053 1528 5112 blztsulmantts
1551 5068 1684 5121 erat,

120 5166 169 5208 ρι
207 5138 471 5223 ipsorum
523 5149 893 5217 superstitioni
924 5151 1188 5203 addictus.
1225 5151 1427 5203 Auctor
1469 5150 1687 5214 exposi—

123 5248 304 5299 tionis
350 5240 614 5307 Georgius
645 5240 874 5293 [lustius
931 5239 1302 5292 llassiniensis
1357 5256 1418 5292 ex
1455 5240 1685 5307 Illyrico,

126 5354 274 5392 nunc
322 5333 639 5394 Sclavonja,
672 5333 833 5387 rebus
876 5332 1032 5399 ipsis,
1064 5346 1184 5382 cum
1221 5343 1557 5399 gererentur,
1604 5331 1686 5381 iu-

127 5427 353 5481 terl'nit.
400 5431 457 5473 et
506 5424 847 5491 consignatas
901 5420 1183 5489 magnifico
1238 5422 1459 5473 domino
1504 5420 1686 5472 llicro-

126 5532 295 5586 uymo
334 5509 474 5565 Bet-k
502 5527 530 5562 a
563 5510 935 5576 Leopoldstorf
964 5511 1183 5571 obtulit,
1211 5513 1301 5579 qui
1327 5511 1482 5563 nobis
1512 5511 1684 5577 legen-

127 5613 226 5661 das
262 5602 543 5658 exhibuit.
573 5600 738 5669 Igitur
766 5616 907 5654 anno
937 5602 1065 5653 ISBR
1092 5600 1309 5669 Nugnas
1336 5604 1686 5668 Acuguanus.

128 5694 603 5751 orientalislntlim
623 5707 999 5762 prorex,quem
1022 5693 1316 5757 provinciis
1335 5693 1691 5745 illisJoannes

135 5806 228 5841 rex
266 5785 575 5837 Lusitania:
621 5783 953 5853 llril‘ft‘t‘t‘l‘lli,
981 5782 1251 5835 civitatem
1294 5778 1537 5835 llicttsctu
1580 5801 1686 5833 tne—

1785 4609 2241 4677 propugnaculum
2264 4607 2461 4660 eminet
2494 4625 2506 4658 :
2540 4607 2589 4657 in
2620 4621 2726 4674 quo
2754 4612 2912 4656 noctu
2942 4601 3144 4653 Arabes
3182 4610 3269 4651 aut
3311 4627 3325 4634 ι

1788 4717 1946 4767 quam
1983 4716 2010 4753 a
2040 4698 2230 4752 Turcis
2266 4699 2410 4750 Adon
2449 4708 2755 4764 caperetur,
2808 4695 2957 4761 ignes
2982 4693 3323 4745 excitabant.

1785 4793 1876 4857 qui
1903 4806 2091 4857 magno
2126 4806 2186 4842 ex
2212 4789 2493 4841 intervallo
2520 4786 2821 4852 conspecti,
2862 4784 3105 4840 Turcicze
3130 4786 3319 4836 classis

1786 4881 2071 4932 adventum
2110 4879 2420 4932 iudicabant
2459 4878 2652 4931 vicinis
2684 4879 2976 4936 Arabibus,
3012 4878 3087 4927 uti
3123 4876 3329 4931 scilicet

1793 4970 1939 5022 urbis
1972 4971 2036 5022 ad
2067 4970 2431 5023 defensionem
2481 4977 2891 5022 concurrerent.
2952 4965 3209 5018 Substitit
3257 4966 3326 5017 ihi

1788 5062 1998 5119 classis,
2048 5062 2428 5114 cunctantibus
2466 5060 2683 5117 Turcis.
2718 5064 2771 5109 et
2812 5055 3031 5108 ronsilia
3068 5057 3324 5106 varianti-

1791 5156 1909 5204 hus.
1968 5151 2101 5216 Rex,
2132 5152 2452 5220 quibusdam
2508 5168 2537 5205 e
2589 5162 2813 5201 numero
2873 5161 3094 5198 suorum
3139 5145 3204 5195 ad
3236 5163 3328 5196 eos

1792 5242 2072 5309 ablegatis,
2099 5258 2195 5293 cur
2228 5242 2351 5294 illuc
2392 5243 2668 5294 venissent
2725 5236 2940 5297 armati,
2974 5233 3117 5287 scire
3147 5251 3201 5287 se
3236 5252 3297 5283 cn

1793 5347 1914 5396 pere
1980 5333 2337 5399 signiﬁcabat.
2390 5330 2523 5381 Tum
2562 5330 2742 5387 baSsa,
2795 5326 3127 5393 perbenigno
3169 5324 3326 5389 regiis

1791 5424 1913 5473 dato
1946 5410 2223 5487 responso,
2294 5435 2356 5471 ac
2392 5421 2504 5471 suis
2550 5419 2611 5471 ad
2645 5433 2819 5487 regem
2855 5418 3090 5468 vicissim
3148 5412 3325 5464 missis

1794 5511 2158 5569 internuntiis,
2189 5524 2309 5561 cum
2343 5512 2677 5571 muneribus,
2714 5526 2777 5563 ne
2831 5511 2956 5575 quid
2988 5506 3180 5557 hostile
3219 5518 3327 5553 mo-

1795 5604 1876 5654 llll
1924 5600 2212 5654 videretur.
2247 5600 2518 5652 blanditiis
2582 5612 2635 5653 et
2682 5613 2795 5652 arte
2849 5597 3171 5665 persuadet,
3230 5595 3327 5643 sub

1796 5701 2050 5760 przetcxtu
2100 5692 2446 5755 ‘comparaudi
2503 5698 2672 5755 pretio
2714 5697 3063 5743 conmoratus,
3105 5696 3162 5737 ttt
3193 5684 3329 5734 clas-

1798 5799 1906 5834 Sctlt
1940 5780 2130 5833 sultani
2158 5780 2425 5832 llsutatrct
2465 5798 2583 5832 cum
2639 5783 2820 5834 milite,
2851 5788 3057 5843 pontum
3108 5775 3329 5829 interiit-
