4006 6338
758 403 860 471 911
921 405 924 409 ’

1925 423 2245 486 IOA'NNIS
2287 428 2740 492 LEUNCLAVII

3840 441 3924 503 912

761 524 1169 621 i'ent‘polcrctur
1206 527 1430 597 ingredi.
1457 529 1830 588 Coerciturnm
1861 551 1916 591 se
1955 554 2102 602 suos,
2129 554 2186 595 ut
2225 543 2290 596 ab
2318 549 2363 605 Α
2391 544 2646 612 Tandem,
2685 551 2750 602 ad
2778 565 2855 602 aea
2888 564 3008 618 quas
3037 549 3285 617 petebant
3317 537 3455 605 loca.
3487 565 3613 606 eum
3663 560 3920 621 pervmis-

748 616 904 669 .omui
933 619 1526 688 maleiicio,pr:esertim
1560 639 1684 692 erga
1723 626 1991 694 religionis
2024 646 2288 686 consensu

759 708 857 758 sibi
890 705 1183 772 devinctos,
1217 710 1566 766 abstinerent.
1589 715 1792 782 Quippe
1818 735 1904 770 rex
1929 721 2146 779 Adetiis.
2174 725 2294 775 tini-

757 811 909 850 versa
925 812 1044 850 cum
1065 810 1219 864 gente
1238 816 1352 864 sua,
1375 802 1688 859 Mahumetis
1707 822 1858 860 sacra
1881 812 2109 866 colebat.
2133 812 2294 866 intel-

756 887 912 942 lectis
943 889 1088 941 hisce
1120 893 1420 958 postulatis,
1463 896 1512 947 in
1543 907 1750 964 portum
1811 899 2077 954 Osmanici
2102 903 2293 956 admit-

757 988 964 1033 tuntur.
997 981 1190 1036 Eodem
1213 994 1328 1036 astu
1358 988 1674 1055 vafritieque
1700 991 2021 1060 lie-glerbcgi,
2042 995 2105 1047 ad
2129 997 2292 1049 collo-

752 1073 876 1136 quia
924 1088 1056 1137 rex,
1114 1086 1166 1126 et
1212 1077 1455 1128 convivia
1519 1080 1803 1145 pellicitur.
1878 1084 2120 1152 Cumque
2171 1095 2292 1154 post

753 1163 958 1231 aliquot.
983 1165 1096 1220 dies
1129 1167 1179 1217 in
1205 1169 1380 1220 navim
1434 1172 1755 1237 praetoriam,
1819 1175 1988 1229 tribus
2033 1177 2292 1232 duntaxat

755 1267 791 1332 ei
833 1253 944 1305 suis
977 1255 1286 1321 comitatus,
1337 1260 1562 1325 veniret,
1609 1274 1949 1330 peramanter
1994 1266 2288 1332 salutatur,

755 1344 1018 1412 excipitur
1054 1346 1282 1412 blande,
1313 1365 1513 1404 mensa:
1551 1361 1603 1405 et
1636 1355 1807 1420 epulis
1849 1357 2156 1411 adhibetur.
2187 1359 2288 1413 Sed

755 1446 872 1501 post
902 1438 1226 1502 convivium,
1260 1441 1442 1501 nescio
1471 1457 1573 1508 qua
1609 1445 1891 1499 occasione
1922 1459 2150 1515 captata,
2173 1463 2292 1502 cor-

753 1527 949 1592 ripitur
983 1545 996 1579 :
1036 1543 1096 1581 ac
1128 1537 1240 1581 tum
1279 1531 1493 1583 demum
1531 1534 1727 1587 sentire
1769 1537 1927 1589 miser
1964 1539 2146 1606 C(Bpil,
2191 1539 2292 1592 im-

753 1619 1043 1684 proborum
1110 1636 1330 1676 munera
1355 1637 1475 1678 cuiu
1528 1625 1705 1679 fucata
1766 1627 2042 1692 blanditie,
2091 1629 2291 1684 fraudis

754 1725 870 1764 esse
900 1712 1075 1777 plena,
1139 1728 1469 1783 prorsusque
1522 1720 1814 1784 respuenda
1859 1720 2287 1787 circumspectis.

758 1801 863 1855 Nec.
894 1821 1062 1867 mora,
1098 1809 1221 1858 dum
1246 1823 1336 1861 rex
1374 1809 1427 1862 in
1462 1812 1706 1877 przetoria
1749 1812 2041 1878 detinetur,
2099 1816 2291 1870 milites

2394 649 2536 704 sent,
2566 639 2721 692 bassa
2751 641 3036 696 Lusitanos
3063 642 3274 712 aggredi
3301 645 3483 712 etrapit,
3512 655 3566 699 et
3593 646 3790 698 urbem
3813 645 3918 698 Dion

2394 730 2765 796 sive.Devon,
2797 749 2822 785 a
2864 732 3142 788 Lusitanis
3196 734 3446 788 Zambrio
3505 735 3619 804 regi
3670 747 3916 804 ereptam.

2394 821 2674 875 obsidione
2710 823 2850 893 cingi
2895 824 3076 891 jussit.
3128 824 3313 893 Itaque
3366 823 3633 878 machinis
3684 824 3920 880 bellicise

2397 909 2625 966 navibus
2684 912 2736 965 in
2800 923 2996 966 terram
3047 914 3331 983 expositis,
3389 924 3706 982 oppugnata
3757 914 3918 967 civitas

2391 1004 2746 1072 quadraginta
2787 1005 2974 1075 diebus
3013 1007 3306 1069 continuis,
3368 1016 3476 1059 tam
3532 1015 3681 1058 terra
3712 1048 3728 1067 .
3785 1023 3917 1074 quam

2393 1095 2569 1148 mari:
2609 1097 2702 1151 sed
2751 1098 2905 1151 irrito
2953 1101 3110 1167 plane
3152 1108 3369 1153 conatu.
3419 1095 3616 1149 Turris
3678 1097 3918 1149 duntaxat

2391 1187 2655 1254 quadam,
2709 1189 2879 1242 instar
2944 1189 3149 1244 castelli
3185 1205 3278 1243 seu
3337 1188 3739 1257 propugnaculi
3775 1187 3913 1245 facta,

2390 1297 2508 1349 quae
2569 1297 2675 1334 uno
2722 1296 2785 1334 ac
2854 1282 3078 1335 dimidio
3135 1282 3319 1334 aberat
3360 1281 3427 1334 ab
3478 1285 3609 1334 urbe
3662 1279 3916 1341 stadio,e'.

2389 1373 2477 1426 cui
2527 1373 2755 1440 praesidii
2817 1388 2981 1427 causa
3043 1372 3110 1426 80
3151 1358 3393 1440 Lusitani
3441 1372 3640 1423 milites
3704 1371 3912 1437 impositi

2391 1463 2624 1526 fuerant,
2660 1463 2957 1520 'l‘urcorum
2993 1465 3044 1518 in
3097 1473 3409 1538 potestatem
3436 1465 3577 1517 venit
3618 1483 3634 1517 :
3667 1463 3916 1530 prasidi;-

2390 1557 2485 1610 riis
2532 1571 2650 1610 sese
2700 1556 3043 1619 dedentibus,
3108 1567 3160 1610 et
3194 1572 3311 1609 mox
3354 1555 3403 1608 in
3438 1570 3600 1609 naves
3641 1555 3913 1622 perductis.

2392 1645 2610 1701 Dnohns
2637 1647 2834 1716 elapsis
2865 1648 3166 1707 mensibus.
3196 1650 3439 1702 auditum
3472 1651 3535 1703 de
3567 1648 3752 1702 classe
3790 1645 3915 1698 Lusi-

2392 1739 2588 1802 taniea,
2622 1755 2738 1807 quae
2771 1741 2882 1794 suis
2906 1755 3221 1795 succursum
3260 1741 3489 1796 veniret.
3545 1741 3739 1809 Itaque
3775 1739 3913 1792 terri-

2391 1839 2478 1886 tus
2507 1824 2686 1891 bassa.
2724 1833 2999 1888 machinas
3023 1836 3242 1888 bellicas
3263 1833 3491 1904 navibus
3524 1834 3735 1902 imponi
3757 1834 3914 1899 jussit,

756 1899 1058 1965 conplures
1088 1901 1153 1953 de
1197 1902 1484 1966 industria,
1533 1906 1704 1957 victus
1758 1907 2101 1966 comparandi
2155 1924 2289 1976 pra:-

2394 1938 2456 1978 ac
2486 1933 2646 1978 noctu
2678 1925 2890 1980 solvens
2943 1925 3204 1996 profugit.
3250 1924 3426 1989 Quam
3464 1902 3633 1978 enim
3696 1928 3914 1979 animose

757 1998 924 2053 textu,
960 1990 1224 2045 civitatein
1260 1993 1651 2061 ingrediuntur.
1707 1995 1889 2051 SJle
1933 1997 2074 2054 enim
2102 1998 2286 2063 Turci.

755 2083 897 2148 quod
929 2083 978 2134 vi
1011 2097 1116 2134 non
1150 2093 1391 2148 possunt,
1421 2095 1511 2138 aut
1572 2087 1776 2156 absque
1811 2092 1973 2144 multa
2010 2093 2290 2160 sanguinis

753 2171 1034 2238 effusione,
1093 2173 1251 2238 dolis,
1285 2181 1337 2226 et
1393 2175 1612 2244 perfidia
1662 2180 1940 2246 consequi.
1967 2177 2086 2232 Mox
2120 2180 2290 2232 Solei-

757 2266 898 2320 mani
931 2267 1104 2321 basse
1133 2281 1224 2334 per
1279 2280 1517 2324 secretos
1564 2268 1766 2323 indices
1796 2271 2067 2332 nuntiant,
2104 2271 2291 2324 Arabi-

757 2357 854 2410 bus
877 2358 1072 2420 resisti,
1105 2367 1162 2411 et
1202 2360 1385 2411 urbem
1415 2360 1625 2412 defendi
1657 2374 1837 2428 posse,
1885 2361 2008 2415 licet
2046 2361 2289 2414 advenis-

755 2458 873 2501 sent
901 2449 1002 2501 illa:
1031 2463 1244 2518 quoque
1274 2453 1460 2517 capue,
1509 2466 1644 2518 quas
1674 2452 1810 2502 fama
1857 2451 1964 2520 jam
2004 2453 2289 2506 adventare

756 2541 977 2596 ferebat.
1004 2539 1139 2594 Tum
1199 2541 1352 2596 bassa
1390 2546 1768 2596 maturandum
1811 2544 2019 2602 statuit.
2073 2553 2126 2597 et
2157 2545 2290 2597 Ara-

756 2634 878 2685 bum
929 2633 1265 2700 anticipanda
1325 2635 1570 2687 consilia.
1617 2633 1788 2687 Portis
1845 2649 1938 2704 per
1994 2636 2285 2688 absentiam

757 2723 893 2791 regis
952 2724 1246 2791 occupatis,
1317 2726 1470 2778 miles
1519 2724 1870 2779 immittitur:
1912 2727 2289 2796 Oppressisqne

754 2815 1047 2868 Turcorum
1093 2831 1314 2869 numero
1366 2819 1599 2881 civibus,
1646 2816 1791 2871 Aden
1848 2818 1901 2870 in
1966 2827 2284 2887 potestatem

757 2905 1030 2974 redigitur.
1063 2903 1184 2957 Mox
1225 2916 1278 2959 et
1330 2909 1440 2973 ipse
1493 2922 1582 2960 rex
1634 2909 1946 2976 productus,
1991 2906 2057 2960 ad
2088 2908 2283 2961 malum

754 3000 1012 3064 praztoriae
1055 2999 1205 3052 navis
1254 2998 1304 3051 in
1348 2997 1599 3055 sublimi.
1634 2997 1803 3071 tribus
1833 2999 1934 3051 illis
1962 3013 2083 3051 cum
2117 2999 2285 3051 comi-

753 3093 912 3154 tibus,
948 3093 1326 3160 suspenditur;
1391 3099 1444 3145 et
1479 3089 1542 3144 ad
1594 3102 1878 3155 terrorem,
1911 3091 2051 3145 findo
2084 3102 2286 3159 specta-

755 3184 892 3246 culo,
925 3183 1129 3237 civibus
1185 3183 1298 3237 suis
1358 3192 1678 3236 ostentatur.
1735 3183 1992 3252 Oppidani
2050 3195 2153 3235 tam
2205 3183 2285 3236 in-

2389 2031 2516 2070 suas
2569 2017 2621 2069 in
2668 2018 2900 2086 speciem
2949 2017 3238 2070 instituunt
3292 2013 3349 2069 et
3383 2017 3674 2070 ordiuntur
3728 2021 3916 2086 expedi-

2392 2107 2586 2173 tiones,
2614 2103 2781 2163 i’l‘urci
2810 2110 2910 2162 levi
2939 2120 3208 2162 momento
3236 2109 3622 2170 territi,'rebus
3657 2124 3726 2162 ex
3773 2095 3915 2160 animi

2391 2208 2514 2252 voto
2574 2215 2678 2253 non
2731 2184 3166 2255 succedentibus.
3224 2200 3442 2256 honoris
3484 2200 3627 2253 omni
3691 2212 3914 2267 respectu

2389 2290 2705 2358 postposito,
2749 2305 2846 2343 ceu
2879 2289 3082 2344 timida:
3130 2288 3640 2356 diffugiuntidamte.
3692 2290 3916 2358 Cumque

2383 2379 2489 2447 jam
2520 2381 2673 2435 bassa
2699 2396 2800 2435 non
2837 2383 3022 2451 procul
3049 2398 3074 2433 a
3103 2380 3339 2437 Zebetho
3358 2394 3497 2436 esset
3524 2383 3747 2450 oppido,
3773 2384 3915 2434 inter-

2391 2471 2474 2526 lici
2503 2472 2739 2539 captivos
2773 2473 2825 2525 in
2865 2472 3044 2536 littore
3094 2473 3278 2542 jussit.
3322 2473 3541 2526 Duravit
3599 2485 3805 2526 annum
3844 2474 3910 2524 in-

2389 2573 2593 2632 tegrum
2655 2565 2765 2618 hmo
2811 2562 3096 2633 expeditio,
3154 2565 3362 2634 fuitque
3393 2565 3693 2618 Zcbethnm
3740 2565 3910 2620 etiam.

2387 2654 2594 2708 Arabim
2631 2655 2827 2711 Felicis
2865 2657 3143 2724 Oppidum,
3170 2674 3195 2709 a
3230 2657 3419 2711 Turcis
3463 2658 3514 2710 in
3550 2658 3727 2712 reditu
3770 2672 3916 2721 expu-

2388 2752 2626 2816 grrattim.
2668 2749 2795 2800 Tam
2851 2749 3019 2801 Adeni
3047 2792 3064 2814 ,
3110 2764 3264 2819 quam
3319 2749 3577 2813 Zebetbo,
3625 2747 3912 2816 beglerbegi

2387 2852 2505 2889 cum
2537 2837 3172 2910 dephterdaris.singuli
3198 2842 3422 2909 singulis
3453 2841 3692 2909 praefecti
3759 2840 3911 2897 fuere,

2384 2927 2451 2980 dc
2483 2928 2677 2998 quibus
2723 2945 2826 2984 non
2878 2915 3045 2985 multo
3084 2941 3219 3001 post,
3253 2932 3304 2985 in
3341 2932 3813 3001 beglerbegatnum
3840 2946 3912 2982 ca-

2385 3022 2583 3089 talogn.

2386 3126 2512 3180 242.
2538 3126 2738 3182 Bellum
2761 3139 2940 3181 contra
2967 3130 3304 3183 Clriincriotas
3326 3147 3343 3183 :
3372 3131 3645 3194 Ceraunia,
3663 3130 3914 3187 Chimara,

2803 3212 2808 3215 ‘
2844 3201 3090 3261 Ave/ana.
3110 3197 3258 3252 [λαιεί
3281 3201 3455 3253 bassa.

755 3268 912 3341 digne
946 3274 1052 3338 regi
1122 3275 1337 3341 sibique
1404 3274 1640 3326 videntes
1687 3272 1896 3326 illusum
1920 3311 1934 3336 ,
1969 3273 2115 3325 velut
2147 3273 2197 3324 in
2239 3288 2293 3326 re

2415 3358 2417 3360 η
2467 3290 2802 3343 Chimeriotrc
2829 3292 3304 3354 suntArnantlari,
3344 3293 3421 3344 vel
3457 3292 3669 3355 Albani,
3708 3292 3789 3345 vel
3813 3289 3915 3357 Epi-

757 3356 932 3413 subita
982 3360 1248 3429 trepidaré
1279 3379 1292 3414 :
1325 3363 1500 3429 capite
1548 3362 1810 3424 destituti,
1846 3350 2090 3418 hostibus
2120 3365 2292 3432 impa-

762 3468 843 3505 res
872 3468 1118 3516 numero,
1156 3453 1370 3506 consilii
1404 3453 1632 3522 denique
1668 3454 1873 3521 inopes,
1905 3455 2036 3506 nihil
2074 3455 2290 3509 omnino

760 3545 957 3597 moliri.
997 3544 1085 3598 Sic
1137 3547 1188 3598 in
1240 3535 1552 3599 servitutem
1591 3548 1830 3600 redactae
1874 3547 2074 3600 civitati
2115 3547 2294 3614 praesi-

757 3637 904 3689 dium
965 3635 1177 3688 firtnum
1229 3636 1542 3704 imponitur,
1611 3637 1834 3707 provido
1868 3638 2072 3691 scilicet
2125 3617 2292 3691 bassa:

757 3730 1030 3784 consilio:
1071 3743 1158 3791 ne,
1205 3730 1248 3782 si
1301 3731 1423 3798 quis
1463 3730 1720 3784 adversus
1779 3732 1824 3784 ei
1883 3746 2041 3786 casus
2108 3732 2291 3783 Indico

761 3821 896 3874 bello
931 3822 1230 3882 accideret,
1285 3820 1514 3874 vicinum
1563 3822 1772 3874 deesset
1817 3822 2136 3893 perfugium.
2188 3821 2293 3874 Nec

759 3915 898 3964 enim
931 3929 958 3965 a
998 3924 1144 3980 tergo
1191 3911 1348 3964 Turci
1400 3915 1705 3982 relinquere
1735 3915 1906 3968 solent
1933 3917 2161 3984 aliquem
2207 3918 2288 3970 vel

763 4012 1065 4070 suspectum
1103 4004 1179 4056 vel
1233 4003 1619 4067 adversarium,
1655 4005 1744 4070 qui
1782 4007 2025 4071 quemvis
2059 4009 2107 4056 in
2134 4022 2294 4085 even-

764 4112 873 4153 tum
905 4116 1026 4154 csse
1079 4099 1177 4152 sibi
1233 4100 1404 4169 possit
1451 4097 1856 4167 impedimento.
1891 4099 2095 4166 Quippe
2129 4115 2295 4168 genus

765 4195 864 4246 hoe
916 4192 1269 4245 Birharorum
1326 4191 1480 4260 longe
1527 4190 1767 4243 omnium
1815 4190 2158 4243 vaferrimum
2190 4199 2294 4252 est,

764 4294 814 4338 et
853 4294 959 4338 tam
1007 4284 1361 4351 pra'scntibus
1416 4298 1575 4351 quam
1627 4281 1823 4337 futuris
1853 4283 2296 4350 circumspiciun-

765 4377 848 4431 dis
879 4391 941 4428 ac
963 4377 1286 4443 pensitandis
1321 4375 1755 4428 solertissimum.
1809 4372 2067 4428 Praeterea
2096 4376 2295 4442 potitus

767 4467 946 4519 Adone
971 4467 1146 4529 bassa,
1174 4467 1218 4518 si
1250 4467 1465 4534 quidem
1513 4466 1719 4535 reliqua
1765 4468 1869 4519 non
1893 4466 2203 4519 succederet
2232 4481 2293 4518 ex

700 4587 702 4589 ›
766 4558 928 4610 animi
983 4557 1243 4610 sententia
1304 4557 1604 4622 expeditio,
1664 4557 1853 4609 fecisse
1915 4556 2087 4609 tamen
2123 4572 2295 4624 operae

766 4651 990 4716 pretium
1018 4647 1183 4701 videri
1209 4655 1438 4716 poterat,
1468 4661 1529 4699 ac
1554 4645 1690 4698 viam
1720 4647 1998 4713 aperuisse
2021 4649 2292 4701 tentandis

765 4748 903 4814 apud
966 4744 1124 4796 ludos
1156 4742 1444 4810 aliquando
1501 4740 1820 4808 majoribus.
1868 4737 2089 4806 Captam
2118 4740 2302 4791 civita-

766 4847 867 4887 tem
904 4836 1177 4902 ingressus
1210 4833 1558 4896 Solcimanes,
1613 4833 1737 4886 dato
1759 4831 1934 4898 signo,
1973 4829 2294 4919 proclanta’ri

764 4924 943 4986 jussit.
979 4938 1044 4975 ne
1072 4923 1266 4975 civium
1292 4924 1448 4980 bona.
1487 4937 1616 4975 neve
1649 4937 1851 4976 merces
1884 4922 2249 4991 diriperentur
2282 4939 2296 4974 :

767 5026 817 5066 et
840 5015 1120 5082 quemdam
1150 5030 1177 5066 c
1207 5015 1337 5071 suis.
1391 5013 1593 5066 vilioris
1629 5013 1895 5067 hominem
1951 5013 2300 5072 conditionis.

773 5105 821 5156 iu
855 5108 966 5172 ipsa
999 5106 1146 5156 urbis
1184 5114 1330 5172 porta
1381 5107 1645 5157 terrendis
1676 5107 1902 5168 cmteris,
1935 5107 2109 5172 capite
2147 5106 2301 5173 plecti

769 5197 940 5258 jussit.
978 5195 1132 5263 500
1167 5199 1474 5249 Aromatum
1519 5210 1747 5262 namque
1795 5211 1980 5266 magna
2010 5196 2115 5248 huc
2151 5197 2303 5262 copia

776 5284 960 5337 deferri
985 5302 1048 5338 ex
1073 5287 1216 5339 ludia
1249 5288 1403 5340 solet.
1435 5286 1692 5339 Praeterea
1726 5287 1879 5339 sinus
1903 5287 2161 5340 Arabicus
2193 5288 2306 5339 sive

778 5375 1021 5429 Persicus
1079 5378 1160 5429 hic
1226 5381 1429 5447 incipit,
1457 5390 1508 5432 et
1553 5378 1941 5447 Abyssinornm
1976 5379 2307 5444 Ethiopum,

780 5484 1005 5537 quorum
1036 5485 1123 5521 rex
1165 5469 1492 5537 Pratejanus
1538 5472 1696 5539 vulgo
1738 5471 2067 5528 nominatur.
2101 5479 2309 5522 montes

778 5567 936 5628 atque
1013 5561 1210 5614 limites
1278 5560 1470 5613 ibidem
1525 5563 1945 5629 conspiciuntur.
2021 5546 2307 5624 Osinanici,

781 5657 958 5707 Adone
989 5653 1190 5714 relicta,
1223 5665 1343 5703 cum
1390 5665 1596 5702 annona
1636 5653 1848 5721 copiosa
1903 5667 2064 5705 naves
2090 5667 2310 5707 oneras-

783 5755 918 5809 sent,
958 5744 1170 5799 Oceano
1229 5758 1287 5796 se
1332 5743 1734 5807 commiserunt,
1785 5759 1844 5795 ac
1879 5743 2060 5797 decem
2095 5757 2313 5817 novem-

784 5852 885 5906 que
917 5837 1110 5890 dies-ac
1139 5846 1323 5890 noctes
1359 5834 1547 5888 itinere
1585 5834 1852 5890 maritimo
1891 5849 2301 5901 consumpsere.

2398 3377 2548 3444 reue,
2601 3393 2748 3437 trans
2810 3385 2982 3438 sinum
3029 3401 3088 3437 ex
3119 3387 3337 3438 adverso
3369 3385 3615 3455 Corcyrm
3648 3385 3740 3438 siti
3778 3400 3791 3435 :
3828 3398 3912 3450 qui

2398 3473 2451 3526 in
2479 3476 2692 3543 regione
2720 3478 2969 3531 continua
3001 3478 3254 3531 montium
3287 3477 3456 3530 series
3503 3483 3608 3537 est,
3635 3489 3794 3549 quam
3825 3489 3913 3524 uno

2396 3566 2655 3618 vocabulo
2703 3579 2878 3620 nautae
2899 3570 3003 3636 jam
3055 3571 3238 3622 dicunt
3280 3567 3609 3621 Chimeram.
3643 3565 3828 3619 levius
3871 3574 3913 3616 et

2399 3655 2485 3707 alii
2513 3656 2832 3712 voluntolim
2869 3657 2979 3709 haec
3010 3658 3192 3710 fuisse
3219 3665 3474 3712 montana
3503 3655 3584 3708 vel
3609 3656 3710 3722 ὖρη
3735 3652 3912 3707 Cerau-

2401 3747 2508 3810 nia,
2529 3747 2756 3812 itemqne
2778 3747 3197 3806 Acroceraunia.
3223 3761 3317 3814 pro
3339 3746 3535 3814 quibus
3558 3746 3736 3801 dicere
3754 3741 3913 3795 malim

2399 3837 2642 3905 equidem
2685 3839 2832 3891 Aera.
2878 3837 3164 3892 Ceraunia.
3210 3836 3314 3891 Leo
3365 3849 3538 3890 tamen
3580 3833 3912 3905 Augustusi"

2400 3931 2604 3982 novella
2627 3930 2692 3982 de
2724 3929 2977 3992 Thronis,
3012 3938 3068 3983 ut
3095 3931 3268 3983 obiter
3299 3929 3575 3998 attigimus
3630 3935 3807 3983 antea,
3836 3919 3915 3972 sub

2400 4018 2613 4071 Aitolim
2661 4020 2936 4087 metropoli
2986 4016 3281 4088 Naupacto,
3328 4028 3432 4072 tam
3466 4018 3911 4095 Buthroti..quam

2399 4109 2660 4162 Chimaro:
2711 4112 2942 4184 collocat
2984 4113 3367 4180 episcopatus:
3401 4111 3674 4178 qurerloca
3714 4109 3813 4160 sibi
3841 4105 3912 4154 in-

2400 4200 2568 4252 vicem
2621 4201 2816 4265 vicina,
2874 4201 3124 4256 Butintro
3150 4212 3200 4256 et
3233 4200 3505 4262 Chimera,
3538 4216 3656 4254 cum
3691 4201 3798 4252 illic
3831 4200 3914 4249 lia:-

2401 4304 2670 4352 reremus,
2719 4307 2746 4343 a
2806 4293 2980 4346 nautis
3027 4292 3707 4360 nostrisappellabantur.
3743 4288 3910 4344 Iisdem

2402 4381 2659 4446 Avclona,
2691 4381 2846 4450 cujus
2873 4384 2961 4438 hic
2982 4370 3287 4445 inetitio'fit,
3309 4368 3696 4437 enuntiabatnr’
3727 4382 3912 4448 adjecto

2392 4473 2630 4539 articulo
2677 4474 2881 4537 italico,
2946 4471 3347 4540 Lavelona,’vc|
3385 4474 3675 4543 disjmicte,
3728 4474 3800 4528 La
3835 4472 3913 4524 Ve-

2403 4565 2549 4628 lona,
2581 4579 2698 4618 enm
2734 4566 2948 4636 quidem
2999 4567 3230 4634 vulgaris
3282 4567 3478 4634 lingua:
3529 4564 3728 4621 Gratca:
3784 4563 3910 4634 periti

2402 4658 2684 4720 adderent,
2710 4673 2773 4715 eo
2807 4660 3020 4710 nontine
3053 4658 3254 4727 βελώνη
3297 4659 3590 4728 significari
3627 4675 3804 4711 acum.
3830 4655 3911 4708 Sed

2404 4747 2724 4813 ignorabant
2773 4746 3020 4800 homines
3076 4758 3127 4799 et
3169 4745 3504 4809 antiquitatis
3552 4737 3909 4798 etilitteraruni

2405 4837 2588 4898 rudes,
2631 4837 3044 4907 appellationem
3098 4837 3453 4889 recentiorem
3503 4839 3640 4889 hanc
3685 4853 3745 4889 ex
3771 4836 3910 4887 Velv'll

2402 4928 2611 4981 Aulone
2643 4925 2855 4980 factam.
2912 4924 3022 4980 Sita
3079 4938 3160 4979 est
3188 4927 3239 4980 in
3287 4927 3508 4979 ‘Albania
3542 4926 3624 4980 vel
3655 4927 3826 4994 Epiro,
3862 4940 3909 4973 ex

2405 5021 2632 5074 adverso
2689 5030 2942 5073 extrema:
2991 5018 3132 5072 illius
3175 5033 3283 5072 orm
3333 5017 3493 5071 Italia:
3528 5033 3645 5086 quis
3674 5019 3723 5070 in
3753 5014 3909 5083 Apulia

2406 5112 2832 5179 promontorium
2895 5110 2952 5162 ὃ.
3002 5108 3180 5163 Maria:
3230 5125 3371 5163 nunc
3419 5110 3619 5172 habet,
3676 5108 3907 5178 Iapygiam

2406 5205 2672 5270 quondam
2699 5202 2895 5253 dictum
2933 5218 2944 5254 :
2975 5202 3061 5255 ubi
3097 5201 3285 5254 civitas
3333 5199 3544 5268 Hydrus
3577 5202 3765 5268 posita,
3797 5198 3906 5250 dun-

2409 5302 2555 5346 taxat
2599 5294 2912 5346 intermedio
2940 5295 3103 5346 maris
3145 5291 3433 5345 Hadriatici
3473 5292 3622 5354 sinu.
3649 5291 3714 5344 60
3749 5288 3906 5340 millia-

2409 5385 2558 5438 ribus
2582 5383 2780 5439 Graecis
2804 5385 2869 5437 ab
2899 5385 3106 5438 Aulone
3133 5383 3480 5451 disiungitur,
3523 5385 3598 5435 uti
3633 5383 3798 5449 capite
3834 5376 3908 5429 l5!

2415 5475 2739 5528 notavimus.
2790 5475 2985 5530 Leonis
3044 5474 3268 5540 Augusti
3327 5473 3546 5535 Novella
3607 5472 3674 5527 de
3708 5469 3906 5529 Turonis

2414 5555 2695 5617 Au'loniam
2750 5574 2990 5619 rcCensct
3065 5565 3203 5618 inter
3261 5564 3603 5632 episcopatus
3664 5559 3904 5626 metropoli

2417 5653 2794 5727 Dyrrhacbina:
2831 5657 3095 5717 subditos,
3134 5663 3186 5707 et
3211 5654 3455 5723 proximo
3508 5663 3631 5724 post
3663 5655 3905 5722 episcopa-

2418 5756 2527 5796 tum
2579 5745 2892 5799 Glavinitzaa
2961 5750 3040 5798 vel
3108 5746 3513 5799 Acroceraunia:
3567 5744 3906 5797 commemorat

2417 5838 2552 5890 loro.
2579 5835 2841 5890 Cancrum
2885 5839 2973 5899 qui
3006 5839 3302 5891 Annalibus
3347 5835 3432 5888 hic.
3457 5837 3750 5892 anoellatur
3784 5828 3900 5884 [ισιεὶ
