4006 6338
81 397 216 458 913
507 421 510 424 ’
1268 405 1657 488 PANDEC’I‘E
1688 413 1767 472 H‘i
1782 407 1887 476 ST.
1921 415 2218 478 TUHCIC.
2527 446 2531 453 ·
3219 416 3320 485 9H

83 510 304 595 bassa,
335 500 647 581 cerritptum
675 517 826 586 apud
860 517 1149 594 historicos
1185 532 1426 584 nostros,
1459 522 1670 578 Jovium
1705 538 1744 584 Α
1782 529 1939 597 vulgo
1994 529 2296 597 Neptunus,
2357 546 2455 584 ccn
2513 530 2779 594 maximus
2829 532 3103 599 quispiam
3152 540 3318 590 maris.

79 611 146 696 et
178 591 357 696 alios.
388 619 604 696 nomen
649 607 806 660 habet
863 587 1146 665 Lultibcus
1188 624 1280 667 aut
1315 613 1670 683 Luphtibeus.
1774 587 1930 683 deus,
1964 587 2353 688 appellaretur.
2388 621 2538 677 Hunc
2563 592 2739 678 tamen
2771 641 2798 677 a
2831 587 3160 681 ('Ihai'radine
3183 587 3319 696 prae;

1771 708 1844 761 lio
1875 711 2072 776 navali,
2101 720 2153 765 et
2189 715 2398 768 artibus
2449 716 2816 782 imperatoriis
2846 709 3186 786 Superatum,
3233 717 3318 771 fu.

82 691 459 762 Spandugini
513 697 579 771 de
649 696 749 750 hoc
801 701 1056 755 notabilis
1112 712 1197 756 est
1256 707 1446 767 locus,
1510 723 1669 775 quem

1769 799 1942 868 gisse,
1996 816 2102 854 non
2137 802 2417 866 insolenti,
2461 803 2556 858 sed
2595 807 2836 858 modesta
2873 815 3177 859 memorant
3208 805 3317 858 An-

83 785 530 867 interpretando
586 787 738 844 lubet
790 791 1050 846 inserere.
1105 793 1402 862 Sullanus,
1456 797 1670 867 inquit,

84 863 465 931 S‘oleimanes
526 875 678 931 Lutsi
706 908 741 942 ,—
777 885 1038 948 perquam
1099 882 1288 937 humili
1357 887 1671 940 conditione
1769 888 1919 943 nales
1956 891 2223 946 oratione.
2285 891 2405 958 Quo
2432 895 2980 960 commendabiliores
3005 896 3162 950 nobis
3191 910 3314 951 esse

1766 972 1982 1045 debent,
2010 982 2084 1037 uti
2131 998 2236 1037 non
2270 984 2333 1038 ad
2363 985 2594 1052 gratiam
2655 1001 2906 1052 suorum,
2938 1001 3039 1042 nec
3069 988 3315 1041 ad-inse-

83 976 262 1031 nato,
301 968 420 1022 suis
457 983 520 1022 ex
555 969 836 1025 sororibus
869 987 1029 1025 unam
1061 972 1208 1028 dedit
1242 992 1668 1040 uxurem,leum-

1766 1071 2058 1126 elationem
2094 1083 2407 1129 nostrorum
2442 1092 2456 1138 ;
2495 1079 2587 1132 sed
2620 1077 2685 1131 ad
2716 1079 3024 1143 veritatem,
3049 1094 3169 1146 qua
3199 1079 3314 1131 ani-

30 1129 34 1132 ⁵
82 1073 211 1126 que
264 1060 503 1128 primum
549 1063 768 1116 bassam
817 1066 1047 1130 creavit,
1075 1083 1104 1121 a
1144 1067 1252 1137 quo
1282 1079 1459 1125 tamen
1491 1069 1667 1124 oliicio

83 1162 258 1200 nunc
288 1146 536 1234 deiectus
567 1160 670 1203 cst.
722 1148 933 1220 Quippe
983 1168 1106 1207 cum
1145 1170 1283 1209 uxor
1311 1156 1492 1210 mariti
1531 1171 1665 1211 con-
1766 1177 1850 1216 ma
1873 1173 1954 1218 est
1982 1165 2239 1232 historiae,
2278 1165 2797 1235 scriptiJovianum
2833 1167 3050 1236 quidem
3091 1168 3308 1236 epip‘iim

1765 1268 1941 1319 nema,
1963 1269 2080 1323 quo
2110 1255 2309 1310 clausit
2362 1258 2502 1312 hanc
2531 1257 2918 1320 narrationem,
2965 1272 3123 1327 quam
3153 1253 3308 1311 acres

79 1237 336 1292 cubitus
358 1231 478 1292 cum
505 1239 762 1296 masculis
797 1241 1076 1310 aegerrime
1109 1243 1310 1309 ferret,
1353 1260 1535 1314 eoque
1569 1261 1666 1302 no-

83 1330 255 1384 mine
318 1345 446 1422 cui“
507 1330 626 1401 ίρεο
650 1332 1091 1422 ᾲηθῖβθδιυιθηδν
1149 1334 1354 1419 dice?“
1387 1353 1402 1390 ε
1436 1335 1673 1390 Ῐηιυεηι·
1763 1349 1924 1405 habet
1956 1351 2214 1406 aculeos!
2273 1352 2463 1415 K‘ttria,
2513 1351 2712 1422 inquit,
2752 1351 2886 1406 tanti
2944 1367 3095 1414 usus,
3144 1358 3307 1404 tanta:

82 1433 295 1480 suum,
329 1421 608 1476 sultanum
643 1420 1026 1488 Soleimanem,
1059 1422 1138 1478 illi
1173 1423 1515 1493 sejunxisse
1545 1441 1652 1478 ma‘

1763 1446 1990 1514 peritiae,
2035 1435 2198 1499 tantas
2263 1447 2681 1501 existimationis
2738 1446 2872 1501 mari
2921 1446 3051 1506 dux,
3101 1459 3168 1498 eo
3221 1444 3308 1498 die

84 1509 395 1574 trimonio,
445 1528 628 1567 secum
679 1513 755 1567 uti
788 1514 1055 1569 cubaret:
1088 1512 1489 1604 excandesceus
1507 1516 1659 1570 Lutsi
1762 1509 1941 1590 ξιυιιυε
1976 1509 2296 1608 ijeramr
2335 1539 2574 1594 ειειηῑι,
2638 1537 2798 1605 Atqui
2835 1538 3071 1603 cogitare
3105 1536 3171 1590 de
3218 1537 3307 1588 illo

83 1604 293 1669 bassa,
353 1605 564 1659 mulieri
615 1606 907 1676 colaphum
958 1608 1210 1678 impegit.
1234 1607 1347 1663 Hoc
1375 1609 1464 1663 ubi
1495 1609 1652 1679 rescie

1759 1604 2135 1684 veteri'verbo
2189 1631 2426 1686 debebat
2485 1629 2696 1691 Jovins,
2728 1604 2858 1695 iqnu
2922 1628 3351 1702 Demosthenes.

83 1706 218 1748 tum
257 1710 286 1747 a
317 1695 644 1762 Soleimane,
681 1712 922 1754 sororem
957 1699 1005 1753 ei
1056 1700 1302 1766 protinus
1333 1700 1558 1768 ademit,
1583 1697 1661 1756 'ac
1758 1720 1945 1776 etiam.
1967 1721 2200 1791 fugiens.
2226 1738 2524 1778 excusasse
2558 1737 2615 1777 se
2649 1723 2821 1775 rem"
2844 1718 2872 1773 ε’

86 1795 333 1856 recepto
362 1787 650 1843 Sultanino
673 1789 869 1859 sigillo,
899 1789 1165 1862 dignitate
1188 1791 1427 1861 supremi
1460 1791 1670 1846 veziris-
1690 1855 1721 1862 __
1935 1793 2010 1862 ,Αξ

87 1834 327 1890 “ι““ἷ””
362 1834 647 1894 ”“””“,”’“’
673 1834 869 1894 “’“¹³’““”Ῐ
900 1834 1165 1894 “”9“’“““¹
1188 1834 1427 1894 ”’“’¹”“έ”“
1469 1834 1656 1894 “””“ξ“’
1688 1855 1730 1909 Β
1935 1834 2101 1903 Ἀνὴρ
2130 1835 2184 1905 δὲ
2214 1836 2429 1903 φεύγων
2459 1837 2550 1888 καὶ
2580 1835 2745 1909 ,πάλιν
2774 1834 3097 1903 μαχήσεται.

84 1880 386 1935 hominem
447 1892 614 1936 exuit.
649 1879 744 1936 Est
779 1896 922 1936 enim
962 1898 1016 1936 in
1044 1896 1194 1939 more
1234 1883 1374 1952 apud
1401 1885 1653 1937 Osmant-
2035 1927 2137 1952 nn,
2165 1945 2213 1952 μ
2249 1928 2379 1952 ,μη
2412 1930 2492 1952 Δρ,
2547 1928 2813 1952 _,,___,‘_,_,,
2847 1927 3006 1952 ΔΝΜ

83 1972 218 2035 das,
273 1979 336 2026 ut
391 1972 480 2042 qui
520 1975 840 2029 auctoritate
871 1983 1104 2045 quatuor
1165 1973 1308 2028 inter
1357 1975 1551 2029 bassas
1574 1983 1657 2027 est

87 2062 718 2126 maxima,,vezirazem
775 2065 889 2118 sive
943 2064 1235 2136 supremus
1308 2063 1657 2117 consiliarius

89 2155 444 2219 nominetur,
491 2164 544 2208 et
593 2156 645 2207 in
691 2168 850 2209 manu
891 2169 988 2211 sua
1049 2154 1286 2224 sigillum
1322 2154 1653 2208 suitaninnm

89 2244 326 2298 habeat.
368 2245 489 2299 [hcc
519 2244 899 2316 Spauduginus
924 2263 938 2312 ;
963 2263 1081 2317 quae
1121 2261 1250 2301 sane
1274 2246 1320 2300 si
1351 2260 1476 2300 vera
1511 2253 1669 2308 sunt,-

89 2347 317 2392 utesse
376 2337 644 2404 videntur,
681 2339 1010 2394 conveniens
1064 2332 1222 2393 {mdis
1256 2353 1320 2392 ac
1368 2337 1648 2406 dissolutis

90 2430 355 2482 moribus
390 2429 595 2484 homini
639 2429 825 2484 datum
869 2445 1064 2484 nomen
1098 2430 1219 2483 fuit.
1256 2430 1465 2499 Quippe
1500 2428 1655 2483 Lutsi

89 2521 292 2590 lingua
327 2520 556 2576 Turcica
591 2521 861 2591 signiﬁcat
892 2538 1013 2576 eum
1051 2521 1143 2591 qui
1183 2537 1287 2574 non
1333 2521 1436 2573 nisi
1473 2520 1540 2573 de
1566 2536 1656 2572 ve-

92 2613 233 2668 nere
298 2615 504 2683 cegitat
561 2616 847 2692 aqualem
908 2615 1129 2671 Graecus
1197 2615 1391 2684 aliquis
1455 2614 1654 2670 dixerit

90 2705 366 2774 ἐρωτικὸν
399 2708 481 2761 vel
510 2709 853 2778 ἐρωτομανῆ.
1098 2706 1120 2731 ¹

377 2842 501 2898 243.
541 2839 819 2909 Besictasi,
872 2839 1387 2929 ΔιΠΛοιςιοΝῐοΝς

169 2957 467 3025 Besietasi,
511 2960 662 3014 locus
689 2967 773 3013 est
799 2959 866 3013 ad
897 2959 1236 3028 Bosphorum
1269 2960 1564 3015 Thracium
1596 2963 1651 3014 in

97 3049 324 3121 Eumpa
379 3051 535 3116 situs,
579 3067 685 3120 qua
714 3052 1184 3123 ConstantinOpoii
1222 3069 1437 3109 sursum
1470 3055 1645 3109 tendi-

100 3150 214 3206 tur,
265 3142 496 3198 adverso
553 3142 814 3213 Bosphori
886 3143 1072 3210 ﬂuxu,
1127 3160 1318 3198 versus
1375 3160 1438 3199 os
1501 3146 1648 3215 ponti

101 3233 329 3287 Euxini.
382 3233 509 3289 Plus
564 3236 744 3290 minus
795 3246 1026 3305 quatuor
1073 3236 1223 3292 abest
1254 3250 1282 3291 a
1318 3239 1504 3293 Galata
1528 3239 1649 3293 mil-

97 3325 338 3379 iiaribus
368 3322 589 3392 Graecis,
613 3337 705 3380 aut
729 3343 836 3381 uno
858 3316 1204 3384 Germanico.
1229 3329 1436 3386 Nomen
1465 3331 1654 3402 lingua»

97 3415 335 3471 Turcica
369 3416 600 3486 lapidem
628 3419 743 3473 sive
787 3433 982 3474 saxum
1012 3435 1299 3486 cunarum,
1336 3425 1646 3493 signiticat:

100 3524 130 3561 a
155 3507 538 3572 distractione,
575 3518 726 3580 puto,
753 3509 1650 3584 Christianorum.mancipiorum,

99 3617 166 3660 ac
229 3612 465 3658 matrum
513 3606 834 3675 prmsertim,
870 3607 1066 3664 liberos
1115 3609 1276 3665 etiam
1344 3620 1559 3668 teneros
1591 3612 1646 3666 in

8 3721 10 3725 ν
100 3694 265 3748 cunis
312 3694 652 3754 habentium.
709 3696 963 3768 Sepultus
1011 3700 1098 3756 hic
1162 3702 1650 3768 esthairadines.

101 3786 196 3852 qui
225 3784 451 3838 messita
478 3801 694 3855 quoque
747 3804 886 3843 nova
940 3806 1042 3846 suo
1071 3799 1287 3860 sumptu
1332 3792 1527 3846 ibidem
1560 3809 1651 3847 ex-

100 3885 338 3940 structa,
373 3877 658 3943 nobilitare
680 3877 855 3934 locum
883 3888 937 3935 et
963 3881 1210 3936 excolere
1244 3882 1436 3937 voluit.
1458 3883 1649 3934 Διπλο-

103 3969 307 4021 κιόνιον
356 3968 556 4025 Grmcis
621 3971 778 4026 hodie
827 3974 1033 4039 vocari,
1098 3973 1646 4043 priscis'Jasoniurn,

103 4069 350 4115 notatum
376 4063 614 4133 reperies
643 4078 828 4134 supra,
869 4066 1043 4135 capite
1073 4066 1196 4121 £28.
1229 4065 1345 4122 Hoc
1377 4078 1645 4135 tempore,
1675 4073 1680 4078 ”

103 4154 170 4208 de
209 4169 323 4223 quo
358 4156 566 4209 scilicet
595 4142 830 4210 Annales
883 4157 1041 4210 modo
1088 4158 1406 4227 loquuntur,
1438 4157 1645 4227 adjecta

101 4245 324 4301 fuerunt
353 4244 674 4316 501iistuc
711 4248 951 4317 capitum
981 4248 1442 4313 Christianorum,
1465 4266 1494 4304 e
1515 4249 1648 4303 Cor-

101 4351 229 4404 cyra
259 4336 524 4409 duntaxat
580 4338 635 4392 in
663 4339 978 4392 servitutem
998 4338 1368 4408 abreptorum,
1402 4339 1646 4407 cujusvis

100 4443 266 4483 sexus
306 4436 359 4482 et
390 4428 588 4491 aetatis,
623 4427 689 4482 ad
738 4428 1010 4484 sexdecim
1042 4430 1204 4483 millia
1246 4449 1260 4485 :
1293 4432 1642 4500 quemadmo-
1675 4462 1718 4518 ι)

102 4521 226 4574 dum
249 4519 436 4573 Jovius
477 4521 750 4574 memoria
799 4520 1056 4588 prodidit.
1112 4520 1186 4576 De
1241 4521 1534 4577 sultaninis
1592 4532 1645 4576 et

101 4629 288 4669 eorum
330 4613 524 4681 pretio,
558 4613 756 4667 dictum
781 4613 847 4668 18
887 4613 1084 4680 capite.

359 4747 485 4802 246.
522 4746 939 4817 Carabogdaniw
966 4746 1157 4816 ﬂuvius
1199 4747 1382 4802 Berut.

174 4863 245 4916 De
275 4860 680 4933 Carahogdania
715 4863 938 4920 consule
979 4872 1139 4932 caput
1183 4863 1268 4916 Ἡ.
1309 4863 1440 4930 Ejus
1468 4865 1643 4919 amnis

105 4963 205 5021 est,
237 4969 399 5025 quem
424 4955 592 5009 Berut
620 4956 858 5009 Annales
896 4955 952 5008 1ιὶ
994 4955 1296 5008 nominant.
1333 4954 1534 5025 Ungari
1563 4964 1644 5007 ta-

107 5064 247 5111 men,
280 5056 335 5100 et
367 5044 608 5111 Valachi,
650 5047 766 5104 sive
797 5035 1049 5115 Meldavi,
1081 5048 1273 5116 partim
1308 5048 1642 5101 contractius

108 5151 157 5196 et
179 5138 374 5194 durius
403 5136 549 5203 Prut,
581 5140 776 5206 partim
823 5139 983 5208 paulo
1027 5138 1243 5194 mollius
1279 5139 1433 5204 Brut,
1465 5156 1640 5195 enun-

110 5235 262 5288 tiant.

171 5349 295 5404 245.
331 5346 562 5416 Neptuni
596 5347 788 5415 Doriw,
810 5349 931 5402 victi
959 5365 989 5401 α
1020 5345 1361 5412 Chairadine,
1399 5349 1547 5426 fuge.

195 5455 410 5514 Doriam
441 5456 628 5524 Turci,
662 5475 813 5515 more
834 5460 1037 5523 italico,
1059 5462 1447 5530 pronuntiant;
1479 5478 1639 5530 quem

111 5550 292 5608 levius
315 5546 456 5603 dixit
493 5549 738 5615 Anriam,
787 5555 957 5620 magis
1001 5552 1384 5606 consuetudini
1434 5551 1641 5609 Latina:

119 5641 465 5714 respondente
499 5642 784 5706 vocabulo,
812 5646 956 5698 velut
982 5645 1098 5714 ipse
1124 5637 1336 5713 quidem
1363 5647 1642 5702 existima-

117 5738 203 5791 vit.
232 5733 283 5790 is
304 5742 357 5787 et
407 5748 507 5788 usu
541 5736 722 5788 rerum
747 5787 750 5790 ,
780 5735 912 5788 mari
964 5735 1337 5804 gerendarum,
1369 5745 1423 5790 et
1467 5737 1639 5793 felici-

121 5837 222 5883 tatc
265 5824 549 5896 singulari,
604 5833 808 5880 tantam
866 5825 1090 5896 adeptus
1138 5827 1362 5890 gloriare
1407 5828 1528 5898 fuit,
1583 5841 1641 5886 ut

2035 1927 2137 1990 Qui
2160 1945 2213 1981 se
2243 1928 2380 1998 fuga:
2406 1930 2515 1991 dat,
2543 1928 2813 1980 dimicabit
2843 1927 3028 1979 denuo.

1757 2036 1864 2100 Nec
1922 2045 2254 2113 ineleganter
2313 2042 2535 2098 Alexius
2583 2041 2824 2110 Angelus
2877 2041 3194 2108 imperator,
3245 2044 3302 2089 nt

1758 2136 1898 2207 apud
1932 2135 2152 2191 Graecia:
2182 2143 2467 2205 praetorem
2506 2140 2755 2188 nostrum
2796 2131 3073 2187 memoriae
3118 2127 3304 2197 prodi-

1757 2238 1869 2285 tum
1895 2228 2113 2297 legitur,
2157 2241 2281 2281 cum
2309 2224 2534 2296 perditis
2570 2224 2731 2280 rebus
2765 2237 2868 2277 non
2892 2222 3052 2275 modo
3077 2220 3324 2283 frustra,

1756 2318 1846 2372 sed
1874 2318 2035 2372 etiam
2064 2331 2186 2370 cum
2216 2315 2459 2384 periculo
2484 2329 2544 2368 se
2582 2313 2786 2368 diutius
2843 2313 3116 2367 haesurum
3142 2310 3303 2381 .Con-

1756 2405 2109 2474 stantinopoli
2142 2404 2626 2469 animadverteret,
2661 2403 2914 2456 omnibus
2947 2403 3130 2455 valere
3179 2402 3301 2469 jus-

1755 2499 1847 2563 sis,
1882 2510 1932 2554 et
1959 2506 2172 2568 arrepta
2209 2496 2673 2566 sponte,~nolenti,~
2699 2504 2877 2554 tamen
2917 2495 3116 2558 animo,
3151 2492 3298 2560 luga,

1757 2587 2010 2646 Davidem
2034 2587 2250 2661 quoque
2279 2588 2420 2644 dixit
2459 2588 2725 2644 benclicio
2760 2586 2897 2658 fugae
2944 2585 3105 2641 saluti
3139 2592 3300 2651 atque

1757 2681 2118 2736 incolumitati
2187 2666 2299 2735 sua:
2341 2679 2715 2734 consuluisse.
2755 2676 2869 2731 Non
2924 2677 3104 2732 minus
3152 2683 3301 2728 certe

1757 2771 1932 2844 magni
1958 2781 2011 2828 et
2045 2772 2308 2842 sapientis
2341 2783 2422 2826 est
2470 2771 2839 2842 imperatoris.
2893 2783 3162 2824 summam
3219 2783 3299 2821 re-

1754 2880 1872 2920 rum
1907 2866 2129 2920 incerta!
2159 2865 2347 2920 Martis
2380 2865 2513 2920 alere
2551 2879 2658 2920 non
2690 2873 2891 2918 temere
2918 2861 3297 2922 committere;

1753 2973 1911 3027 quam
1945 2974 2204 3030 prospere
2230 2959 2550 3015 cedentibus
2586 2957 2861 3023 omnibus,
2917 2955 3139 3009 victoria
3168 2968 3298 3023 pru-

1752 3051 1944 3108 denter
1978 3051 2077 3108 uti;

1903 3166 2031 3221 246.
2057 3165 2464 3221 Publictmortmt
2482 3175 2664 3225 carcer
2684 3159 3160 3226 Cortstantinopoli.

1823 3278 2019 3333 Vendit
2067 3278 2253 3330 omnia
2299 3292 2396 3345 per
2428 3274 2718 3340 imperium
2755 3287 2917 3328 suum
2951 3272 3150 3354 telonia
3186 3273 3327 3326 ma-'

1756 3374 1900 3430 x’i'rno
1926 3374 2119 3444 pretio,
2143 3372 2226 3427 vel
2258 3386 2482 3442 paucos,
2518 3370 2600 3425 vel
2641 3370 2825 3440 plures
2864 3369 2916 3424 in
2962 3383 3134 3422 annos
3183 3369 3297 3423 sul-
3331 3433 3333 3435 ι

1755 3471 1915 3521 t'anns
1965 3464 2428 3529 Osmanidarum;
2491 3462 2721 3532 ideoque
2743 3461 2789 3515 si
2834 3460 3065 3529 majores
3127 3459 3294 3525 aliqui
3349 3487 3355 3489 -

1753 3561 1992 3628 pecuniae
2020 3538 2346 3612 summas-vei
2376 3554 2727 3624 vectigalium
2759 3552 2976 3607 nomine
3001 3550 3295 3622 pollicean-

1754 3658 1861 3713 tur,
1890 3665 2050 3719 quam
2083 3661 2272 3717 reapse
2299 3646 2558 3716 deinceps
2601 3643 2865 3700 exhibere
2913 3642 3126 3712 possint
3177 3661 3190 3694 :
3235 3641 3293 3694 in

1752 3755 2048 3804 carcerem,
2082 3739 2248 3794 veluti
2277 3739 2369 3810 qui
2417 3753 2524 3792 non
2585 3737 2847 3792 solvendo
2878 3735 3009 3799 sint,
3040 3747 3094 3816 et
3144 3735 3298 3789 frau-

1755 3833 1876 3886 dem
1909 3831 2124 3885 sul-lano
2175 3829 2357 3884 facere
2402 3826 2688 3897 v9luerint,
2743 3825 3134 3894 conjiciuntur.
3198 3822 3296 3878 ilic

1704 3935 1708 3938 '
1749 3937 1938 3977 carcer
1968 3920 2388 3991 publicanorum
2449 3917 2920 3986 Constantinopoli
2963 3916 3184 3971 dicitur.
3230 3915 3303 3973 Et.

1750 4021 1874 4067 sunt
1921 4012 1973 4066 in
2011 4014 2269 4067 universo
2331 4007 2750 4064 Osmanidarum
2797 4022 2966 4084 regno
3020 4007 3291 4078 publicani

1749 4106 1864 4160 fere
1907 4102 2280 4170 Judaei,'gens
2310 4101 2698 4156 exactionibus
2744 4109 2796 4155 et
2840 4101 3022 4156 usuris
3069 4099 3292 4154 nimium

1749 4206 2010 4265 quantum
2069 4208 2234 4262 supra
2290 4192 2548 4246 mortales
2611 4201 2841 4249 ceteros
2885 4194 3109 4248 dedita:
3172 4207 3290 4249 cum

1749 4289 1848 4359 ipsi
1887 4287 2048 4342 etiam
2089 4285 2353 4342 Turcivel
2386 4284 2738 4349 Musulmani,
2771 4285 2932 4353 paulo
2979 4284 3290 4340 sincerioris

1752 4382 1994 4435 homines
2030 4379 2400 4441 conscientiae,
2427 4380 2599 4432 nolint
2623 4377 2812 4431 audire
2833 4376 3103 4446 publicani
3138 4394 3150 4428 :
3181 4392 3287 4435 non

1955 4487 2018 4533 ac
2053 4473 2097 4525 si
2132 4486 2254 4525 cum
2309 4470 2529 4524 infamia
2583 4463 2877 4538 coniuncto
2904 4482 3125 4538 propter
3152 4469 3288 4522 alio-

1752 4579 1872 4618 rum
1908 4564 2204 4631 nequitiam
2261 4563 2502 4636 nomine,
2540 4561 2715 4615 virum
2763 4561 2965 4615 bonum
3001 4572 3003 4574 ·
3033 4560 3288 4631 appellari

1749 4656 1902 4710 neias
1962 4658 2071 4723 sit,
2133 4655 2344 4711 etiamsi
2411 4664 2606 4726 prteter
2666 4653 2905 4712 olilcium
2973 4655 3106 4708 nihil
3177 4655 3290 4723 ipse

1746 4749 1927 4803 faciat.
2831 4745 2840 4753 ’

1771 4862 1895 4916 247.
1946 4859 2140 4915 Ontum
2175 4861 2372 4935 Capiii,
2431 4859 2748 4935 Xyloporta,
2801 4848 2962 4916 Porta
3011 4864 3256 4935 lignei-ia,

2297 4931 2698 4985 Caravanserai.
2879 4956 2882 4960 ί

1812 5020 2164 5078 Ostendimus
2215 5007 2402 5094 supra,
2438 5026 2614 5093 capite
2644 5015 2770 5087 200,
2839 5043 2959 5095 quis
3007 5036 3158 5096 porta
3212 5029 3282 5081 sit

1748 5115 1859 5168 lucc
1905 5116 2156 5184 iignaria,
2199 5117 2455 5171 videlicet
2503 5117 2567 5170 ad
2630 5133 2790 5193 quam
2848 5118 3058 5184 navigia
3122 5118 3288 5185 lignis

1743 5219 1966 5261 niuerata
1999 5209 2173 5262 solent
2217 5209 2486 5278 appellere
2523 5229 2537 5263 :
2575 5209 2882 5277 Graecisque
2904 5209 3102 5264 dictum
3132 5211 3286 5276 ξυλο-

1744 5301 1970 5367 πόρταν,
2010 5299 2077 5352 ab
2139 5299 2326 5354 iisdem
2383 5300 2543 5370 lignis
2603 5315 2718 5367 qua:
2770 5299 2876 5353 huc
2912 5301 3285 5366 advehuntur,

1746 5405 1848 5443 non
1882 5389 2024 5458 quod
2057 5390 2170 5459 ipsa
2205 5391 2381 5462 lignea
2427 5392 2518 5455 sit,
2557 5384 3012 5461 quemadmodum
3049 5393 3284 5449 credidit

1746 5483 1973 5547 uterQue
1997 5479 2451 5551 Clialcocondyiis
2514 5482 2801 5554 interpres.
2841 5479 2915 5538 De
2949 5498 3080 5537 Vncc
3121 5485 3285 5538 Cara-

1744 5567 2016 5634 vanserai,
2042 5571 2243 5624 dictum
2273 5573 2451 5642 capite
2476 5572 2573 5639 'H,’
2606 5574 2898 5645 significari
2931 5575 3138 5629 scilicet
3161 5577 3280 5638 hac,

1744 5659 1970 5713 aedilicia
2018 5663 2300 5716 caravanis
2336 5675 2636 5721 exstructa.
2666 5666 2976 5723 Caravanas
3011 5681 3137 5719 vero
3167 5682 3285 5719 mo-

1706 5773 1717 5783 ο
1748 5765 1805 5803 re
1850 5748 2084 5804 Turcico
2122 5767 2180 5806 se
2234 5755 2679 5826 conjungentium
2735 5773 2853 5814 esse
2889 5757 3128 5826 agmina,
3157 5771 3282 5813 cum

1744 5836 1873 5891 loca-
1914 5836 2090 5892 minus
2149 5841 2502 5902 alatrociniis
2533 5855 2646 5901 tuta
2666 5847 3010 5918 peragranda
3041 5859 3190 5904 sunt.
3227 5849 3290 5903 Iit
