4006 6338
160 466 273 531 Gl"?

1315 468 1454 531 PAN
1472 472 1709 531 DECTE
1742 475 1940 536 lllS'l‘.
1982 477 2287 536 'l‘UBClt'I.
2336 544 2339 547 η

3277 477 3378 541 918

157 586 315 645 dem,
369 584 654 648 tutelaeque
711 581 1039 635 Soleimanis
1102 583 1529 646 coaunendavit,
1561 583 1794 649 Juau-A
1827 602 1967 640 mus.
1997 586 2228 639 Fallitur
2273 584 2488 648 Jovius,
2546 601 2667 640 cum
2730 586 2824 649 ait,
2882 586 3167 640 Albaniam
3220 588 3378 644 hodie

161 690 292 726 nem
332 673 759 742 Sigismundum
801 688 959 741 quem
1019 672 1318 726 sustulerat
1362 691 1427 728 ex
1491 675 1717 729 lsabella

156 762 399 824 Polona,
435 761 594 829 cujus
626 762 712 815 hic
749 760 955 815 mentio
1006 762 1083 827 ﬁt,
1130 763 1349 816 nomine
1377 772 1558 818 tamen
1609 779 1718 816 non

154 868 455 922 expresso,
484 853 631 907 velut
682 852 878 907 Turcis
936 854 1147 920 ignoto.
1186 842 1465 909 Habuerat
1492 853 1721 910 Joannis

155 956 415 1000 sorOrcm
464 944 782 1012 Barbaram,
837 946 891 999 ui
944 946 1120 1011 fallor,
1164 946 1341 1015 primo
1372 948 1721 1002 matrimonio

154 1037 453 1106 conjugem
504 1036 890 1105 Sigismundus
922 1038 1119 1105 major,
1148 1039 1389 1094 Polouia‘.
1442 1055 1533 1094 rex
1573 1056 1721 1109 :qua

159 1139 411 1194 mortua,
469 1127 673 1181 Bonam
734 1130 932 1192 duxit,
987 1128 1216 1183 Joannis
1278 1129 1516 1186 Galeacii
1567 1131 1722 1186 ducis

158 1220 617 1284 Mcdiolaneusis.
649 1238 711 1276 ex
761 1221 983 1276 lsabella
1020 1223 1291 1288 Aragonia
1338 1222 1718 1293 Neapolitana,

160 1310 363 1364 ﬁliam.
425 1310 573 1365 Bona
622 1319 782 1378 partu
832 1312 1010 1379 primo
1041 1310 1322 1365 lsabellam
1359 1313 1498 1367 banc
1527 1313 1720 1379 edidit,

154 1399 395 1455 Joannis
422 1398 760 1469 Zapoliensis
785 1401 1097 1472 conjugem,
1129 1401 1355 1458 Joannis
1386 1402 1720 1475 Sigismuudi

156 1500 419 1546 matrem.
457 1493 728 1546 Caeterum
757 1493 901 1546 nulla
927 1494 981 1547 ﬁt
1027 1494 1114 1547 hic
1145 1495 1199 1547 in
1241 1494 1487 1563 Iurcicis
1515 1498 1723 1557 mentio

158 1582 503 1638 Ferdinandi
558 1584 809 1649 Ctesaris,
849 1582 1098 1652 Ungaria:
1126 1585 1509 1655 Bohemizequc
1536 1589 1680 1657 regis
1707 1607 1723 1654 ;

155 1677 259 1745 qui
296 1684 474 1731 tamen
511 1677 611 1731 hor
643 1677 866 1740 bellum,
895 1677 1128 1731 Perenio
1166 1675 1597 1757 etBogendorfo
1626 1681 1727 1733 du-
1756 1694 1759 1697 ‘

155 1768 345 1833 cibus,
368 1769 607 1838 gerebat.
639 1769 696 1823 ld
716 1769 969 1838 equidem
1003 1769 1117 1823 ﬁeri
1158 1778 1444 1839 propterea
1476 1772 1720 1825 credide—

159 1864 294 1926 tim,
319 1861 462 1929 quod
489 1859 893 1914 Ferdinandum
920 1861 1282 1922 Soleimanes,
1308 1861 1513 1915 hostem
1541 1878 1722 1927 Stltun,

155 1968 263 2022 pro
293 1952 450 2023 503
499 1953 748 2022 ngariae
785 1967 907 2018 rege
956 1967 1061 2005 non
1094 1960 1435 2019 agnosceret.
1473 1951 1719 2005 Nutanda
1757 1942 1797 1993 Β

157 2060 298 2100 vero
327 2044 567 2099 lsabellaa
606 2045 803 2107 oratio,
853 2046 1011 2111 quam
1066 2039 1230 2096 Turri
1271 2043 1468 2110 regina‘.
1501 2043 1720 2097 nomine

158 2152 275 2189 non
297 2136 630 2204 dignantur,
662 2135 800 2198 Icum
848 2134 1055 2187 Budam
1090 2134 1358 2188 afﬁrmant
1404 2150 1511 2188 non
1564 2147 1716 2187 suam

154 2241 309 2288 esse,
336 2228 426 2281 sed
452 2227 655 2281 sultaui
684 2226 990 2281 Osmanidae
1015 2227 1314 2280 civitatem.
1345 2226 1516 2279 Nimis
1541 2226 1592 2278 in
1621 2225 1719 2279 hoc

156 2333 347 2370 veram
381 2332 439 2371 se
492 2328 672 2371 vatem
736 2327 957 2385 experta
1009 2317 1169 2383 paulo
1201 2304 1320 2385 post
1369 2316 1472 2369 fuit
1518 2315 1716 2379 bellua,

154 2427 289 2465 cunt
332 2411 690 2477 Soleimanes,
724 2412 839 2479 ipsa
872 2426 995 2464 cum
1030 2410 1140 2463 ﬁlio
1174 2425 1267 2475 per
1295 2424 1560 2463 summam
1598 2423 1721 2476 per-

158 2503 347 2556 lidiam
386 2506 583 2572 ejecta,
626 2504 788 2557 Budae
837 2504 1040 2572 pariter
1063 2510 1117 2556 et
1171 2499 1419 2569 Ungaria:
1474 2499 1716 2567 reliqum,

155 2596 316 2649 velut
350 2598 402 2647 in
436 2595 773 2662 provinciam
822 2595 1072 2658 redactae,
1126 2593 1507 2663 beglerbegum
1541 2591 1717 2659 pneﬁ-

154 2696 334 2746 ceret.
372 2686 548 2739 bonus
581 2686 668 2739 ille
700 2687 905 2740 scilicet
941 2695 1087 2738 tutor
1122 2701 1139 2739 :
1186 2692 1379 2748 matre,
1417 2693 1526 2736 tam
1577 2681 1718 2734 Tur-

155 2777 241 2831 cis
280 2776 521 2837 addicta,
549 2791 673 2829 cum
723 2777 834 2829 ﬁlio
868 2776 1095 2844 pupillo,
1144 2776 1197 2827 in
1239 2774 1715 2842 Transsylvaniam

158 2868 245 2921 vel
277 2867 550 2920 Erdelium
607 2868 859 2936 relegata.
913 2864 1235 2935 llujusmodi
1288 2865 1545 2918 nimirum
1597 2879 1720 2917 esse

157 2960 386 3028 prmmia
418 2960 698 3014 societatis
720 2969 775 3014 et
826 2959 1088 3012 amicitiae
1139 2958 1385 3011 barbara:
1414 2956 1609 3018 solent,
1662 2967 1720 3009 ut

160 3058 402 3117 tyranno
435 3064 534 3102 suo
589 3050 889 3102 moriturus
929 3048 1105 3100 aiebat
1135 3048 1349 3112 Aratus,
1403 3046 1626 3099 τοιαῦτα
1652 3048 1720 3099 τὰ

157 3141 415 3209 ἐπίχειρα
439 3141 537 3209 τῆς
563 3141 897 3209 τυρπιννικῆς
922 3142 1123 3207 φιλίας.

266 3251 394 3304 ‘35].
439 3253 714 3319 Valpoum,
762 3252 1107 3320 Strtgonium,
1152 3250 1360 3304 Gratius
1399 3253 1612 3321 ﬂuvius.

227 3365 466 3433 Walpou
495 3364 687 3418 Turcis
720 3373 801 3418 est
846 3381 939 3417 arx
964 3401 980 3426 ,
1035 3362 1267 3432 lingaris
1294 3363 1435 3416 dicta
1481 3362 1677 3432 Walpo
1702 3403 1716 3427 ,

158 3454 694 3525 Valponiumlovio.
737 3452 893 3509 Ultra
939 3453 1161 3508 [luvium
1212 3454 1440 3507 Dravam
1487 3454 1588 3506 sita
1614 3462 1715 3507 est.

156 3548 291 3602 Post
341 3548 564 3600 tertium
622 3547 927 3601 obsidionis
993 3560 1235 3600 mensem
1288 3560 1317 3597 a
1371 3544 1720 3613 praesidiariis

157 3637 520 3701 dedita-fuit,
567 3636 825 3704 praefecto
878 3638 944 3689 ab
999 3636 1188 3689 iisdem
1243 3645 1426 3703 capto,
1466 3643 1518 3686 et
1578 3634 1715 3687 hosti

158 3727 403 3795 prodito.
444 3728 785 3795 Strigonium
820 3743 966 3781 nunc
1009 3726 1246 3781 Grauqu
1304 3726 1458 3794 vulgo
1506 3725 1716 3782 dicunt,

157 3824 228 3874 ab
263 3836 425 3873 amne
452 3818 658 3883 Grano,
693 3820 807 3887 qui,
843 3819 1083 3873 deﬂuens
1117 3834 1145 3870 a
1174 3816 1480 3883 Carpathiis
1522 3817 1718 3868 monti.

156 3914 287 3974 bus,
319 3908 409 3963 ubi
462 3919 733 3963 montana:
772 3922 917 3961 nunc
966 3907 1215 3961 civitates
1259 3906 1497 3960 celebres
1569 3916 1715 3971 sunt,

156 4003 223 4056 ad
291 4000 507 4054 radices
568 4000 710 4053 arcis
776 3998 1165 4067 Strigoniensis
1226 3998 1341 4052 sire
1398 3997 1716 4060 Grancnsis,

158 4095 412 4150 Danubio
453 4094 733 4148 miscetur.
788 4092 943 4147 Unde
992 4093 1197 4147 civitati
1241 4108 1456 4161 qucque
1512 4092 1717 4160 Str-igu-

157 4188 311 4240 nium
346 4201 543 4240 nomen
592 4186 823 4239 inditum
854 4196 1091 4255 putatur,
1132 4186 1277 4239 velut
1319 4184 1714 4253 Istrigranium,

159 4281 227 4334 ab
258 4281 380 4333 lstri
426 4288 479 4333 et
511 4278 678 4333 Grani
719 4276 1141 4331 conﬂuentibus.
1186 4277 1319 4330 Alba
1371 4278 1564 4346 regalis
1611 4290 1714 4327 non

155 4383 271 4426 tam
307 4387 335 4425 ε
369 4384 553 4438 regum
591 4367 843 4437 Ungaria:
871 4368 1169 4437 sepulturis
1193 4368 1271 4421 sic
1296 4370 1559 4437 appellata
1596 4369 1717 4432 fuit,

158 4477 396 4533 quarum
458 4461 830 4514 meminerunt
888 4461 1148 4524 Annales,
1211 4476 1371 4529 quam
1438 4475 1467 4513 a
1530 4476 1714 4528 regum

147 4541 598 4625 iuauguratione,
633 4568 753 4621 qua:
782 4552 886 4605 hoc
920 4552 1031 4605 ﬁeri
1066 4555 1188 4605 loco
1241 4551 1434 4619 priscis
1462 4551 1715 4617 tempori-

1828 673 2011 727 vocari
2046 671 2294 737 Serbau,
2328 673 2560 726 vicinam
2618 670 2807 725 Mediae
2832 711 2846 736 ,
2898 683 3224 742 propterque
3273 674 3375 727 Ca-

1825 765 2005 833 spium
2029 779 2179 818 mare
2206 766 2388 818 sitam.
2412 764 2622 832 Quippe
2649 764 2797 832 regio
2833 762 3262 833 Georgianorum
3295 774 3379 819 est

1824 856 2077 919 Albania,
2112 856 2205 925 qui
2237 870 2515 923 nunquam
2548 854 2636 908 vel
2670 853 2772 923 ipsi
2801 853 2916 923 regi
2940 854 3259 917 Persarum,
3292 854 3374 908 vel

1829 947 1983 1013 regio
2010 945 2161 999 fratri
2214 954 2512 1014 paruerunt
2554 945 2857 998 hactenus:
2898 944 2993 997 sed
3055 943 3377 1005 Christiani,

1806 1046 1880 1089 ’et
1905 1037 2086 1101 liberi,
2127 1052 2257 1091 suos
2298 1036 2574 1105 principes
2608 1033 2842 1097 habent;
2896 1032 3077 1086 Persis
3115 1032 3379 1087 duntaxat

1824 1127 2195 1192 contrederati,
2239 1128 2379 1181 sicut
2407 1127 2713 1195 expositum
2752 1126 2925 1194 capite
2966 1126 3263 1180 centesimo
3290 1141 3380 1180 oc-

1828 1218 2088 1288 togesimo
2146 1233 2311 1272 nono.
2372 1216 2663 1271 Sirvanutn
2703 1230 2846 1281 vero,
2909 1216 3027 1271 sive
3076 1216 3272 1279 Media,
3300 1232 3379 1271 re-

1827 1312 1914 1379 gni
1944 1310 2147 1365 Persici
2178 1311 2481 1365 membrum
2530 1321 2651 1364 est:
2689 1310 2833 1376 quod
2894 1312 3109 1364 tametsi
3171 1309 3379 1364 Musta-

1827 1404 1963 1466 phas
1996 1403 2155 1457 bassa
2193 1403 2341 1456 vezir
2390 1402 2619 1470 imperio
2657 1401 2889 1470 subjecit
2936 1402 3378 1466 (lsmanidarutu,

1828 1509 1972 1549 anno
2001 1495 2316 1549 Christiano
2355 1494 2645 1549 millesimo
2699 1493 3133 1565 quingentesimo
3161 1503 3376 1562 septua-

1827 1586 2034 1653 gesimo
2065 1596 2275 1648 octavo,
2298 1595 2350 1638 et
2374 1586 2788 1654 beglerbegatus
2814 1588 2868 1640 in
2897 1588 3128 1639 formam
3153 1585 3375 1653 redegit:

1830 1691 1950 1729 mox
1984 1686 2162 1730 tamen
2188 1677 2367 1733 Persis
2420 1689 2720 1761 receptum,
2757 1680 2825 1733 ab
2867 1679 3055 1731 iisdem
3109 1677 3377 1747 hodieque

1829 1778 2117 1823 τειιιιριυν.

2045 1904 2169 1959 255.
2196 1904 2364 1971 Uvan,
2401 1904 2654 1968 Uvastan,
2686 1902 2912 1959 Ibanum
2932 1903 3167 1959 Certi-ini.

1894 2020 2035 2077 Urbs
2066 2021 2180 2076 haec
2221 2036 2343 2075 cum
2388 2036 2510 2075 arce
2540 2022 2620 2073 sic
2651 2020 2715 2072 ad
2747 2019 2950 2074 Persici
2998 2020 3144 2088 regni
3175 2019 3375 2073 limites

1822 2112 2076 2180 pertinet,
2116 2119 2171 2163 ut
2202 2111 2365 2164 etiam
2416 2110 2605 2179 majori
2662 2108 2889 2162 ﬁnitima
2956 2110 3027 2162 sit
3084 2110 3371 2162 Armenias.

1824 2205 2084 2259 Cedrinus
2108 2204 2163 2257 in
2188 2204 2377 2258 eodem
2397 2202 2752 2257 Monomacbo
2771 2201 3018 2272 Augusto
3045 2209 3202 2255 vocat
3235 2201 3375 2252 ‘lﬁiv

1822 2296 1977 2349 πόλιν
2009 2296 2100 2348 τοῦ
2137 2294 2522 2365 Βαασπρακάν.
2567 2293 2624 2347 ld
2682 2292 2874 2348 Latine
2924 2294 3152 2348 reddens
3208 2294 3375 2345 inter-

1825 2401 1966 2453 pres,
2005 2385 2222 2439 lbauum
2249 2396 2303 2439 et
2346 2386 2686 2455 Baaspracan
2710 2386 2948 2454 scripsit.
2970 2384 3080 2453 Ego
3116 2386 3376 2454 simplici-

1824 2486 1903 2529 ter
1950 2475 2339 2545 exprimerem,
2397 2483 2455 2527 ut
2522 2484 2670 2527 tanto
2739 2476 2935 2528 melius
3003 2476 3370 2543 intelligerer:

1822 2566 1988 2630 lwan,
2016 2576 2107 2619 aut
2140 2565 2289 2628 lvan,
2328 2566 2458 2619 urbs
2502 2565 2739 2634 regionis
2766 2564 3134 2633 Vaaspraran.
3166 2564 3373 2632 thuia

1822 2658 1997 2725 capite
2028 2656 2361 2726 praecedenti
2393 2655 2761 2727 Vaaspracan,
2786 2672 2855 2711 ex
2878 2657 3121 2726 ejusdem
3157 2657 3373 2710 Cedt'ini

1822 2749 2163 2813 auctoritate,
2208 2747 2439 2802 Mediam
2506 2766 2625 2802 esse
2687 2749 3016 2812 docuimus,
3082 2748 3377 2816 intelligere

1815 2841 1923 2909 jam
1954 2839 2098 2901 licet,
2137 2839 2370 2892 Wanum
2412 2840 2478 2892 ad
2508 2842 2748 2894 emndem
2802 2842 3023 2895 Mediam
3061 2842 3246 2896 referri
3278 2845 3370 2897 dr-

1822 2930 1981 2997 bere,
2020 2930 2101 2985 vel
2133 2947 2193 2983 ea
2216 2931 2260 2985 si
2295 2947 2402 2984 non
2451 2933 2815 2994 contineatur,
2851 2934 3043 2987 saltent
3092 2936 3373 2987 ﬁnitimam

1821 3022 2011 3077 videri.
2049 3023 2370 3076 Wastanum
2404 3023 2678 3090 signiﬁcat
2732 3025 3010 3095 regionem
3058 3025 3201 3078 circa
3244 3023 3373 3076 Wa-

1822 3129 1950 3165 num
1982 3115 2160 3174 sitam,
2210 3128 2305 3167 seu
2355 3113 2515 3168 Wani
2569 3115 2953 3169 territorium:
2998 3115 3267 3184 siquidem
3298 3117 3371 3167 ls—

1823 3213 1934 3269 tan,
1968 3203 2081 3258 sive
2125 3204 2277 3270 Stan,
2328 3205 2521 3258 Turcis
2572 3221 2794 3275 regnum
2836 3206 2919 3259 vel
2972 3206 3245 3277 regionem
3300 3210 3371 3261 si-

1824 3294 2062 3362 gniﬁcat.

1821 3424 1945 3479 254.
2002 3423 2208 3479 Νσιίιὶιι
2248 3428 2694 3496 beglerbegatuum
2733 3432 2889 3481 totius
2938 3428 3345 3483 Osmanidaram

2145 3498 2368 3564 imperii,
2408 3515 2534 3565 quos
2569 3498 2719 3551 hodie
2764 3498 3056 3565 possident.

1891 3614 2026 3680 Quia
2066 3615 2295 3668 Persicis
2324 3615 2376 3666 in
2428 3614 2642 3675 ﬁnibus
2677 3626 2955 3669 extremus
3008 3618 3096 3671 hic
3136 3635 3164 3671 a
3201 3621 3373 3673 Sulci-

1822 3722 1979 3759 mane
2025 3704 2183 3758 Wani
2226 3704 2634 3773 beglt-rrbegatus
2683 3704 2732 3759 id
2774 3706 3037 3774 temporis
3092 3709 3372 3762 institutus

1823 3799 1947 3863 fuit,
1976 3797 2105 3851 libet
2150 3799 2250 3851 hoc
2285 3798 2402 3851 loco
2452 3798 2740 3864 quamdam
2775 3800 2924 3863 quasi
2985 3800 3231 3852 notitiam
3285 3819 3370 3854 re-

1820 3892 1909 3957 [ιιιὶ
1949 3890 2223 3944 Osmanici
2272 3889 2561 3942 lectoribus
2609 3888 2887 3952 exhibere,
2938 3889 3223 3956 descriptis
3282 3908 3367 3943 or-

1820 3983 1945 4034 dine
1983 3980 2279 4049 provinciis
2324 3981 2439 4048 ejns
2471 3981 2583 4034 sive
2617 3980 3102 4049 bcglerbegatibus,
3154 3998 3291 4050 quos
3316 3984 3365 4033 in

1820 4073 1969 4135 Asia,
2001 4069 2184 4124 Africa
2249 4082 2303 4125 et
2348 4071 2561 4139 Europa
2592 4089 2736 4125 nunc
2778 4072 3012 4128 Murates
3036 4073 3123 4126 hic
3154 4076 3365 4130 tertius.

1823 4163 1965 4216 unici
2005 4162 2359 4218 Mucliemetis
2388 4164 2694 4218 Osmauidte
2748 4176 2902 4234 pater
2924 4205 2939 4229 ,
3001 4168 3280 4237 possidet:
3312 4181 3365 4220 ιιι

1822 4258 1894 4309 ita
1930 4256 2166 4323 denique
2200 4256 2504 4310 Pandecten
2543 4256 2787 4311 historiae
2824 4260 3082 4332 _Turcic2e
3122 4270 3363 4314 nostrum

1819 4348 2174 4410 claudamus,
2217 4349 2385 4402 visuri
2433 4350 2686 4417 deinceps
2763 4352 2923 4403 latius
2971 4368 3037 4406 nc
3099 4353 3363 4421 permissu

1826 4440 2074 4493 Numinis
2103 4441 2233 4492 ﬁnes
2281 4455 2407 4492 suos
2441 4443 2787 4508 propagaturi
2831 4443 2960 4502 sint.
3004 4460 3071 4496 an
3126 4448 3368 4499 vastissi-

1820 4548 1961 4583 mam
1996 4531 2138 4583 illam
2161 4531 2350 4583 molem
2380 4532 2614 4600 imperii,
2645 4536 2853 4585 cunctis
2896 4534 3156 4588 hactenus
3186 4537 3367 4588 formi-

157 4650 259 4703 ,ωε
296 4617 539 4700 ξοιευαι.
588 4617 719 4698 ιδίίο
766 4643 934 4696 etiam
989 4658 1079 4694 rex
1123 4617 1537 4705 Fel-dinam“,
1590 4657 1710 4693 cum
1748 4617 1789 4669 Ι)
1819 4622 2045 4675 «labilem
2094 4622 2323 4689 populis,
2365 4623 2658 4675 secundum
2723 4625 3075 4690 ipsorummet
3116 4626 3358 4686 oracula,

157 4742 314 4793 Anna
345 4738 605 4807 conjuge,
642 4734 907 4789 \‘ladislai
958 4735 1102 4802 regis
1152 4735 1285 4796 ﬁlia,
1340 4733 1599 4786 Ludovici
1633 4751 1713 4784 >0-

158 4848 303 4895 rore,
328 4830 543 4891 decimo
570 4836 767 4897 quarto
790 4826 877 4880 die
902 4825 1214 4889 Februarii,
1250 4842 1394 4879 anno
1428 4827 1714 4879 tlttllcsinm

156 4923 600 4991 quingentesimo
643 4921 913 4975 vicesimo
951 4921 1205 4988 septimo,
1248 4919 1490 4971 adhibita
1539 4920 1710 4973 sancti

157 5012 421 5085 Stephani
451 5028 577 5064 vera
607 5027 829 5075 corona,
880 5012 983 5065 luit
1019 5010 1400 5077 inauguratus.

252 5128 381 5183 9.59..
419 5126 731 5187 Scliiruvan,
763 5124 976 5190 Sirvan,
1002 5125 1220 5188 Serbuu,
1260 5140 1403 5175 error
1443 5124 1601 5176 Jot‘ii.

221 5244 278 5295 Si
312 5246 482 5295 lector
513 5240 580 5292 ab
608 5240 731 5291 aliis
758 5238 824 5289 (ie
856 5238 960 5289 hoc
1007 5240 1153 5301 bello
1187 5238 1466 5292 memorias
1497 5239 1706 5303 prodita

155 5334 313 5401 leget,
347 5341 616 5401 nusquam
646 5333 716 5383 ita
752 5330 1087 5397 descriptum
1132 5330 1396 5382 inveniet.
1440 5326 1505 5381 Ut
1537 5330 1707 5382 Tech-

156 5439 295 5486 tuas,
326 5423 683 5491 Spandugiuo
712 5420 933 5481 Tamas,
968 5420 1273 5473 Sansovino
1298 5422 1489 5474 Tulcas
1524 5422 1708 5485 etiam;

155 5515 231 5568 sic
289 5513 454 5566 Ercas
514 5515 686 5564 eidem
742 5509 1100 5579 Spandugino
1156 5512 1479 5563 nominatur
1517 5511 1706 5576 Algas,

158 5605 381 5657 miriﬁce
413 5602 620 5655 vitiatis
666 5598 1144 5668 appellationibus.
1184 5598 1350 5667 Regio
1387 5600 1705 5655 Schiruvam

156 5706 246 5749 aut
282 5697 503 5757 Sirvan,
533 5692 675 5746 baud
707 5692 867 5745 dubie
903 5708 1048 5745 nunc
1074 5700 1159 5746 est
1195 5694 1305 5749 illa.
1345 5709 1506 5761 quam
1544 5694 1705 5761 prisci

155 5787 335 5841 dixere
366 5787 619 5847 Mediam,
670 5784 1003 5851 posteriores
1035 5784 1196 5837 etiam
1236 5783 1579 5851 Vaaspracan
1605 5825 1617 5847 ,
1652 5794 1705 5835 ut

158 5878 290 5947 apud
323 5878 633 5941 Cedriuum-
666 5874 717 5929 in
752 5874 1110 5929 Constantino
1170 5876 1523 5930 MtJllUlltttCllU
1578 5875 1705 5944 logi-

1819 4716 2032 4767 tandein
2065 4714 2355 4781 aliquando
2387 4713 2527 4767 Deus
2557 4712 2809 4782 Optimus
2840 4714 3104 4768 Maximus
3137 4730 3247 4768 sute
3274 4718 3362 4768 de—

1816 4806 2082 4858 clarzmtlae
2121 4805 2421 4871 tnajestatis
2460 4821 2521 4858 ac
2553 4807 2736 4872 gloria?
2766 4822 2928 4859 causa
2951 4808 3021 4859 sit
3050 4822 3360 4873 eversurus,

1818 4898 1899 4947 vel
1925 4898 1978 4948 in
2003 4896 2504 4963 ordiimn,subque
2538 4896 2728 4965 jugum
2785 4898 2881 4950 ﬁlii
2936 4901 3017 4953 sui
3080 4902 3161 4953 sic
3210 4902 3359 4953 reda-

1815 4998 2037 5050 ctnrus,
2085 4997 2143 5039 ut
2167 4990 2298 5055 (έοεί
2339 4987 2656 5056 Magogique
2701 4989 2802 5042 sub
2823 4991 2959 5043 ccelo
3007 4991 3208 5043 nullum
3252 5010 3360 5043 nm-

1816 5079 1955 5145 plius
1987 5094 2180 5132 nomen
2221 5088 2416 5133 exstet.
2461 5080 2517 5132 ld
2546 5080 2691 5147 enim
2748 5081 3034 5147 pesttemis
3084 5090 3141 5134 se
3185 5081 3358 5135 factu—

1816 5186 1931 5220 rum
1971 5170 2180 5231 diebus,
2235 5188 2327 5238 per
2371 5187 2501 5225 suos
2555 5172 2870 5225 indubitata:
2906 5172 3025 5223 ﬁdei
3081 5184 3229 5226 vates
3264 5191 3361 5227 uo-

1815 5264 1898 5313 bis
1972 5263 2331 5316 denuntiavit.
2409 5264 2698 5317 Ordiamur
2777 5272 2956 5315 autem
3027 5264 3096 5317 ab
3152 5266 3357 5320 oriente

1814 5354 1946 5406 sole.

2167 5488 2289 5541 “255.
2359 5490 2492 5543 Asia:
2531 5489 2950 5560 Beglerbegatus.

1881 5602 1920 5655 l.
1956 5603 2171 5656 Anatoli
2210 5603 2513 5671 beglerbcg.
2554 5585 2683 5671 Ejus
2713 5604 2867 5658 sedes
2900 5613 2983 5656 est
3034 5601 3085 5653 in
3131 5600 3349 5655 civitate

1810 5694 2036 5761 (Iutaige
2066 5693 2312 5762 Phrygia:
2358 5688 2621 5759 majoris,
2685 5711 2845 5763 quam
2899 5694 3021 5747 olim
3073 5692 3351 5761 Cotyaiutn

1808 5781 1977 5834 (ἐι-κώ
2042 5784 2427 5841 nominabant.
2479 5784 2621 5837 sicut
2676 5784 2982 5851 expositum
3034 5782 3207 5852 capite
3262 5784 3365 5839 613.-

1811 5876 2103 5944 Sangiacus
2142 5877 2299 5930 habet
2323 5876 2422 5929 sub
2455 5893 2509 5931 se
2543 5874 2857 5929 duodecim.
