4006 6338
672 461 780 524 9:9
810 412 827 417 ii

1846 432 2170 524 mmsis
2210 424 2674 523 LEUN'CLAVII

3773 450 3872 513 920

746 574 807 629 ll.
848 574 1114 629 Caraman
1146 575 1454 646 beglerbeg.
1490 574 1822 631 Domicilium
1860 574 2019 646 505
2065 575 2226 627 habet
2256 580 2298 632 Α
2326 575 2633 644 ειετὺιιειιηι
2664 573 2944 629 constituit
2978 575 3264 627 Osmanem
3298 572 3517 626 bassam
3561 571 3869 635 famosum:

673 668 738 719 nd
767 662 1063 720 Caisariatu
1093 668 1318 735 Ciliciae,
1340 669 1407 722 de
1429 684 1534 737 qua
1578 683 1677 722 suo
1712 667 1916 722 dictum
1945 670 2081 721 loco.
2127 666 2220 720 Sc-

677 766 824 823 ptem
868 758 970 829 sub
997 758 1098 813 lioc
1126 758 1468 827 sangiacatus
1515 770 1663 832 sunt.
1950 774 1953 775 ⁷

740 846 828 898 IlI.
870 844 1033 905 Sivas
1054 848 1364 919 beglerbeg,
1390 849 1455 901 ad
1485 847 1809 911 Sebastiani,
1847 847 1915 901 de
1952 859 2057 915 qua
2089 858 2223 900 con-

674 937 789 997 sule
828 946 991 1004 caput
1024 941 1277 1007 quintum
1318 939 1599 992 Pandectis
1633 940 1815 1011 hujus.
2250 930 2253 932 ’

740 1025 827 1081 IV.
868 1027 1109 1087 Tocatun
1149 1030 1453 1100 beglerbeg.
1497 1029 1715 1093 Residet
1746 1030 1814 1083 ad
1843 1016 2031 1086 urbem
2058 1030 2242 1097 Amas

672 1120 834 1173 siam.
863 1117 976 1172 Sub
1008 1136 1075 1174 eo
1115 1129 1245 1177 sunt
1271 1121 1512 1191 quinque
1543 1123 1909 1191 sangiacatus.

742 1210 803 1263 V.
844 1210 1100 1280 Dulgadir
1129 1212 1433 1281 beglerbeg.
1472 1212 1552 1266 De
1599 1214 1701 1266 bac
1765 1213 2040 1281 provincia
2094 1226 2223 1265 con-

656 1286 789 1351 sule
812 1308 971 1367 caput
1010 1300 1109 1355 165
1148 1300 1433 1356 Pandectis
1462 1304 1655 1372 liujus.
1707 1302 1952 1369 Quatuor
2001 1304 2104 1357 sub
2159 1318 2219 1358 se

675 1392 1020 1456 songiacatus
1055 1390 1241 1445 habet.
2056 1426 2057 1429 η

744 1478 829 1533 Vl.
869 1480 1033 1555 Halep
1060 1482 1373 1551 beglerbeg,
1399 1484 1464 1538 ad
1493 1484 1747 1555 Ilalepum
1771 1487 1884 1541 sive
1906 1487 2218 1544 Berrhmam

621 1611 625 1615 ε
674 1569 862 1637 Syrim,
900 1572 965 1624 de
990 1588 1093 1639 qua
1124 1574 1296 1640 capite
1322 1576 1380 1629 ϐ.
1642 1572 1643 1575 “
1696 1584 1701 1599 ³

754 1662 863 1716 VII.
901 1660 1095 1717 Scliam
1122 1656 1429 1733 berglcrbeg,
1456 1665 1521 1718 ad
1559 1665 1875 1723 Damascum
1902 1668 2091 1740 Syriae.

743 1745 879 1806 Vltl.
921 1751 1213 1821 Tarapolos
1247 1756 1325 1809 vel
1355 1754 1613 1826 Trapolos
1642 1758 1947 1830 beglerbeg,
2003 1761 2067 1815 ad
2094 1761 2217 1819 Tri-

670 1841 836 1909 polim
880 1842 1067 1912 Syriae.

743 1931 833 1986 IX.
878 1932 1053 1988 Maras
1078 1927 1381 2007 beglerbeg,
1417 1939 1480 1992 ad
1515 1938 1833 2006 Marassum,
1858 1954 2081 2012 propter
2109 1945 2213 1999 Eu-

614 2082 618 2087 .
672 2024 917 2088 pisi-atem
953 2026 1141 2091 situm,
1170 2018 1311 2083 inter
1343 2028 1600 2102 ﬂalepum
1636 2040 1690 2084 et
1742 2033 2210 2102 Mesopotamiam.

640 2124 643 2125 ⁷
737 2111 802 2165 X.
845 2112 1130 2168 Diarbekir
1160 2106 1469 2188 beglerbeg,
1498 2122 1549 2173 in
1582 2119 1987 2191 Mesopotamia,
2024 2128 2087 2178 ad
2120 2143 2211 2180 ur-

667 2202 785 2255 bem
818 2206 1095 2271 Amidam,
1133 2224 1295 2277 quam
1328 2209 1495 2266 Turci
1536 2230 1682 2268 nunc
1732 2214 2057 2271 Carabemid
2114 2234 2244 2289 ιιο-Δ

668 2295 896 2349 iniuant.
934 2297 1182 2368 Sangiaci
1221 2312 1411 2369 p'arent
1450 2304 1575 2358 huic
1604 2304 1911 2361 duodecim.

736 2384 823 2459 XI.
864 2386 1388 2462 Bagdatbeglerbeg,
1435 2395 1500 2446 ad
1531 2394 1807 2469 Bagdatiii_i
1857 2392 2212 2454 sivc'novam

664 2475 1012 2545 Babylonem,
1046 2478 1113 2533 de
1154 2495 1261 2549 qua
1300 2483 1472 2551 capite
1494 2485 1547 2538 4.
1650 2507 1662 2516 ·

741 2566 855 2627 XII.
897 2568 1115 2641 Balsara
1171 2573 1475 2647 beglerbeg,
1532 2578 1600 2632 ad
1657 2580 1833 2636 sinum
1887 2582 2207 2650 Persicum,

672 2674 776 2713 non
804 2664 992 2728 procul
1025 2678 1053 2716 a
1088 2665 1292 2736 Bagdat
1320 2668 1433 2724 sive
1461 2669 1755 2742 Babylone.

738 2750 878 2806 XIII.
936 2752 1079 2809 Laxa
1144 2758 1452 2829 beglerbeg.
1510 2764 2206 2834 AutiquitusiCaramania

573 2862 578 2870 ·
670 2841 841 2894 tendit
876 2843 940 2895 ad
974 2843 1174 2900 limites
1203 2846 1428 2911 Ormuz,
1473 2862 1525 2907 et
1550 2851 1730 2910 Persis
1770 2866 1853 2911 est
1884 2858 2136 2915 finitima.

734 2930 871 2989 XIV.
913 2931 1135 2997 Gemeu,
1167 2937 1312 2991 Aden
1340 2940 1643 3011 beglerbeg,
1687 2945 1739 2998 in
1776 2947 1972 3002 Arabia
2006 2948 2207 3017 Felici,

662 3024 728 3076 a-I
754 3024 907 3107 littus
941 3026 1313 3096 IIubri,maris.
1338 3026 1472 3085 Vide
1502 3042 1664 3100 caput
1688 3033 1810 3098 24!.
1846 3035 2061 3093 Diversa
2094 3040 2208 3095 loca

666 3125 815 3177 sunt,
856 3132 961 3170 uno
994 3126 1175 3173 tamen
1202 3119 1579 3191 beglerbegalu
1622 3127 2032 3196 comprehensa.

732 3205 846 3307 XV)
871 3208 1372 3307 _Cbebetz-,-llustio
1395 3214 1562 3272 Zebet
1596 3219 1906 3291 beglerbeg,
1935 3232 1993 3277 ut
2019 3224 2204 3279 eodem
2231 3247 2275 3307 ρ

660 3298 834 3365 rapite
854 3298 1080 3357 dictum.
1114 3301 1293 3359 Locus
1322 3310 1458 3363 situs
1488 3308 1541 3379 in
1566 3312 1745 3366 littore
1775 3315 1927 3368 sinus
1960 3316 2203 3382 Arabici,

660 3394 920 3450 ﬁnitimus
943 3409 1025 3451 est
1070 3397 1299 3469 imperio
1364 3403 1505 3473 regis
1549 3404 1862 3477 [Ethiopum
1906 3409 2207 3481 Przetejani.

727 3482 881 3537 XVI.‘
908 3483 1086 3540 Missir
1140 3488 1444 3560 beglerbeg.
1499 3492 1662 3547 Cairo
1719 3506 1934 3561 pricesl,
1995 3508 2050 3552 et
2106 3504 2206 3556 toti

586 3564 589 3567 λ
658 3574 913 3644 Ᾱίεγριο.
960 3576 1209 3647 Saugiaci
1241 3583 1342 3633 sub
1371 3597 1437 3636 eo
1492 3585 1782 3639 sexdecim.

732 3666 893 3720 XVII-
933 3667 1094 3737 Cypri
1131 3662 1439 3742 beglerbeg.
1484 3672 1715 3731 Nicosiae
1740 3676 1821 3731 vel
1871 3677 2210 3750 Fatuagustte

578 3782 581 3783 ⁷
659 3761 826 3830 tlt‘git.

726 3854 913 3911 XVIII.
959 3856 1323 3911 Sclteltorezul
1356 3857 1660 3930 beglerbeg,
1690 3859 1744 3916 in
1765 3861 2006 3934 Assyria,
2030 3862 2209 3922 Persis

658 3944 946 4000 ﬁnitimus.

728 4032 870 4088 XIX.
910 4035 1051 4091 Wan
1098 4038 1402 4109 brglerbeg,
1456 4042 1674 4111 respicit
1718 4042 2006 4101 Persarum
2047 4047 2217 4113 lines,

654 4139 843 4179 versus
868 4125 1155 4184 Sirvanum
1180 4130 1293 4184 sive
1323 4129 1572 4198 Mediam,
1615 4144 1668 4187 ct
1691 4137 2001 4191 Armeniam
2035 4140 2207 4208 majo-

660 4232 795 4279 rem,
826 4233 922 4274 ceu
947 4219 1150 4273 dictum
1186 4221 1360 4290 capite
1395 4226 1742 4291 praecedenti.

732 4308 847 4363 XX.
888 4313 1150 4366 Arzerum
1186 4314 1267 4368 vel
1292 4314 1495 4368 Erzum
1524 4316 1832 4387 beglerbeg,
1863 4320 1916 4375 in
1951 4321 2205 4375 Armenia

656 4399 871 4466 majori,
911 4402 978 4454 ad
1021 4404 1220 4457 limites
1258 4402 1468 4458 Sirvaui
1513 4407 1627 4460 sive
1672 4407 1881 4471 Media},
1936 4418 1990 4463 ct
2037 4410 2205 4465 Geor-

654 4494 963 4559 gianorum.
997 4492 1168 4545 Distat
1199 4509 1229 4547 a
1255 4494 1563 4551 Tarbosane
1587 4497 1701 4553 sive
1729 4498 2080 4569 Trapezunte.
2107 4516 2199 4556 sex
2242 4518 2245 4525 '

656 4581 866 4635 dierum
882 4614 883 4617 η
902 4584 1114 4637 itinere.
1130 4614 1143 4657 χ

723 4670 859 4725 XXI.
901 4672 1109 4741 Tipblis
1174 4673 1482 4745 beglerbeg,
1547 4677 1814 4733 Iiuitimus
1877 4680 2200 4751 Geergianis

655 4764 766 4819 sive
790 4754 1102 4833 Curggi’nis,
1140 4777 1361 4821 utnunc
1391 4768 1712 4838 appellatur.
1764 4771 2051 4829 lnstitutUs
2098 4775 2199 4829 fuit

654 4870 682 4905 a
715 4853 991 4924 Mustapba
1025 4856 1181 4910 bassa
1218 4858 1436 4913 serdare
1484 4875 1626 4919 anno
1663 4860 1977 4920 Christiano
2028 4868 2201 4920 mille-

654 4947 793 4999 simo
822 4945 1253 5013 quingentesimo
1306 4953 1706 5021 septuagesimo
1748 4963 1964 5021 octavo,
2016 4974 2200 5013 mense

655 5037 977 5105 Septembri.
1002 5034 1177 5090 Locus
1199 5037 1360 5090 etiam
1399 5041 1594 5107 priscis
1615 5053 1796 5111 notus,
1835 5048 1974 5113 apud
2006 5046 2195 5101 Codri-

653 5144 778 5179 num
816 5127 1083 5194 reperitur
1113 5127 1167 5180 in
1192 5125 1554 5183 Constantino
1590 5128 1985 5204 Honoriiacbo,
2018 5136 2197 5191 verbis

655 5215 1009 5282 huiusmodi;
1044 5217 1205 5269 Asam
1236 5216 1307 5285 (is
1364 5228 1481 5273 erat
1516 5236 1553 5274 ei
1592 5220 1986 5294 Tangrolipicis
2031 5227 2199 5281 fratre

656 5304 831 5373 natus)
872 5322 899 5358 a
929 5306 1142 5359 sultano
1190 5306 1568 5380 Tangrolipice
1617 5314 1814 5369 missus
1842 5328 2032 5370 contra
2091 5318 2195 5372 Ro-

656 5407 865 5457 manos,
900 5408 1023 5446 cum
1057 5392 1412 5465 Taurezium,
1442 5410 1497 5453 et
1551 5401 1807 5471 oppidum
1860 5408 2194 5461 nominatum

652 5480 892 5551 Teptdis,
920 5485 1278 5552 praeterisset:
1311 5486 1759 5559 Vaaspraeauiam
1789 5475 2193 5568 ingressuscst,

656 5576 707 5628 id
733 5586 816 5631 est
850 5575 1095 5633 Mediam.
2054 5656 2055 5659 η

724 5664 882 5721 XXII.
940 5669 1128 5729 Sirvan
1193 5676 1498 5746 beglerbeg.
1567 5677 1679 5732 Hoc
1732 5683 1948 5735 nomine
2023 5679 2192 5735 Media

655 5771 798 5810 nunc
834 5764 1151 5832 appellatur,
1182 5783 1212 5821 a
1244 5769 1526 5837 metropoli
1556 5767 1773 5832 Sirvan,
1803 5788 1964 5839 quam
2002 5754 2190 5824 eodem

654 5863 795 5912 anno
822 5850 1128 5925 Blustapbas
1158 5861 1297 5917 idem
1354 5862 1515 5930 cepit,
1548 5866 1599 5917 et
1654 5862 1887 5930 primum
1924 5862 2047 5919 istic
2097 5862 2191 5918 bc-

2321 666 2416 719 sed
2448 682 2477 718 a
2510 665 2689 720 Persis
2720 680 2827 719 nou
2865 666 3031 719 multo
3080 675 3201 733 post
3257 664 3463 732 eiectus
3508 660 3637 717 fuit.
3692 662 3874 714 Nihilo

2323 765 2504 809 tamen
2535 758 2717 811 minus
2752 757 2839 810 hic
2868 755 3285 825 beglerbcgatus
3333 751 3763 829 Osmauidarum
3800 753 3874 804 in-

2324 847 2561 917 scriptus
2599 857 2681 902 est
2717 848 2878 911 libro,
2906 847 3028 915 qui,
3069 847 3173 901 nisi
3234 845 3565 903 restituatur.
3597 846 3873 911 nunquam

2322 954 2381 993 se
2410 954 2591 1006 pacem
2625 937 2867 1004 facturos
2889 952 3011 992 cum
3032 935 3221 990 Persis
3272 936 3622 1004 proﬁtentur.

2396 1029 2581 1085 XXIII.
2625 1030 2929 1099 Temircapi
2966 1028 3270 1099 bcglcrbeg.
3300 1027 3476 1083 Locus
3500 1036 3584 1082 est
3631 1026 3699 1079 ad
3730 1040 3873 1079 mare

2321 1120 2600 1188 Caspium,
2659 1120 2816 1173 Porta
2877 1118 3048 1195 ferrea
3078 1119 3277 1183 dictus,
3340 1128 3393 1172 et
3432 1116 3562 1187 Capi
3628 1115 3872 1171 derbent.

2322 1223 2475 1281 porta
2506 1212 2739 1265 faucium
2770 1215 2853 1265 vel
2879 1213 3275 1277 angustiarum.
3299 1210 3455 1279 Cepit
3488 1208 3637 1263 hunc
3669 1208 3871 1261 Osman

2323 1306 2483 1360 bassa
2515 1306 2703 1359 eodem
2747 1320 2887 1359 anno
2922 1304 3210 1358 millesimo
3257 1302 3703 1371 quingentesimo
3757 1315 3873 1367 sep-

2324 1399 2622 1465 tuagcsimo
2680 1404 2892 1459 octavo,
2950 1402 3004 1448 et
3046 1394 3099 1447 in
3148 1394 3377 1446 Iormam
3434 1392 3872 1462 beglerbegatus,

2322 1495 2512 1541 necato
2542 1484 2849 1539 Sclicmbali
2879 1483 3087 1548 Cliane,
3117 1497 3309 1537 socero
3342 1496 3465 1546 suo,
3503 1482 3738 1552 redegit.

2392 1574 2579 1630 XXIV.
2621 1577 2754 1631 Cars
2806 1576 3113 1649 beglerbeg.
3168 1573 3439 1629 Cedrinus
3488 1573 3662 1629 Carse
3696 1574 3870 1627 nomi-

2321 1680 2436 1734 nat,
2476 1677 2528 1722 et
2563 1670 2616 1721 in
2653 1667 3023 1721 Persarmenia
3069 1667 3321 1730 collocat,
3355 1681 3475 1733 quae
3511 1674 3663 1718 nunc
3686 1665 3871 1716 Arme-

2322 1758 2411 1810 nia
2463 1757 2635 1825 major
2685 1767 2787 1811 est.
2843 1758 3016 1811 Distat
3065 1756 3200 1809 Cars
3229 1755 3295 1809 ab
3346 1756 3608 1808 Arzerum
3642 1763 3869 1819 quatuor

2324 1850 2530 1903 dierum
2589 1848 2798 1902 itinere.
2860 1832 3277 1915 Beglerbegatus
3337 1844 3674 1913 ccpitanno
3722 1842 3872 1895 Cirris

2318 1940 2496 1992 stiano
2520 1938 2807 1997 millesimo
2833 1936 3274 2005 quingentesimo
3290 1934 3695 2003 septuagesimo
3712 1948 3867 1996 nono,

2318 2038 2537 2083 auctore
2568 2028 2846 2095 Mustapba
2886 2029 3065 2082 bassa.

2388 2116 2552 2171 xxv.
2596 2104 2865 2172 Ts‘cliildir
2899 2126 2993 2169 aut
3024 2114 3227 2169 Tzildir
3267 2112 3576 2183 beglerbeg,
3630 2110 3698 2164 ad
3741 2109 3868 2163 ﬁnes

2317 2208 2764 2275 Georgianorum,
2804 2207 2870 2259 ab
2900 2206 3086 2261 eodem
3121 2206 3402 2273 Mustapba
3445 2204 3605 2257 bassa
3655 2201 3869 2255 institu-

2319 2311 2423 2360 tus,
2459 2287 2617 2357 anno,
2647 2292 2935 2352 millesimo
2975 2296 3416 2366 quingentesimo
3465 2296 3866 2369 septuagesimo

2320 2403 2483 2442 nono.
2513 2387 2735 2443 Porsius
2768 2387 3111 2458 Τεοιιαιιιυιιε
3136 2402 3414 2456 perperam
3452 2385 3697 2453 scripsit.

2280 2514 2281 2517 η
2385 2479 2575 2535 XXVI.
2617 2480 2782 2533 Fassa
2840 2480 3149 2551 beglerbeg,
3204 2479 3257 2531 in
3292 2475 3603 2545 Mengrelia.
3639 2473 3865 2528 Munitio

2317 2566 2524 2627 structa
2576 2589 2671 2642 per
2727 2573 2994 2628 Uluzalim
3046 2572 3255 2641 capitan
3305 2571 3519 2626 bassam
3573 2570 3680 2624 fuit
3723 2584 3865 2622 anno

2316 2664 2606 2718 millesimo
2653 2665 3091 2734 quingentesimo
3145 2663 3551 2733 septuagesimo
3580 2676 3768 2724 nono,
3814 2668 3865 2714 et

2316 2757 2510 2810 ibidem
2551 2756 2836 2811 institutus
2900 2755 3331 2826 b‘eglerbcgatus.
3378 2752 3480 2809 Sed
3533 2753 3699 2822 paulo
3745 2762 3867 2821 post

2316 2837 2614 2901 disCessum
2677 2846 2797 2915 ejus
2840 2856 3050 2914 captam
3086 2844 3324 2900 vicissim
3354 2840 3643 2910 Georgiani
3686 2839 3868 2893 dirue-

2315 2946 2469 2991 rnut.
2517 2936 2767 2991 Civitatis
2809 2939 3090 2992 Phasianae
3130 2936 3456 2990 mentionem
3490 2932 3619 2986 facit
3668 2929 3867 2985 Leonis

2314 3028 2541 3097 Auguin
2572 3029 2778 3082 novella
2814 3030 2879 3081 de
2908 3028 3162 3092 Thronis,
3198 3035 3250 3080 et
3290 3026 3599 3095 episcopum
3632 3021 3753 3090 ejus
3788 3037 3868 3075 re-

2316 3116 2419 3174 fert
2444 3119 2544 3171 sub
2576 3119 2913 3185 tuctropolim
2942 3116 3318 3186 Trapezuutis.
3359 3113 3482 3169 Hinc
3509 3113 3699 3166 eadem
3731 3127 3856 3167 cum

2314 3211 2575 3265 hodierna
2609 3209 2820 3264 scilicet
2841 3208 3051 3262 Pliassa
3080 3207 3264 3263 fuerit.

2388 3304 2601 3358 XXVII.
2645 3302 2881 3357 Soclium
2932 3296 3231 3373 beglerbeg
3261 3341 3278 3367 ,
3319 3300 3374 3356 in
3430 3301 3865 3372 Georgianornm

2308 3395 2549 3458 ﬁttibus,
2603 3409 2632 3446 a
2689 3393 2891 3449 Sinanc
2969 3393 3129 3449 bassa
3188 3394 3526 3449 vezirazeme
3578 3392 3867 3447 institutus

2309 3502 2453 3541 anno
2500 3485 2810 3541 Christiano
2860 3486 3149 3541 millesimo
3221 3484 3657 3555 quingentesimo
3708 3492 3865 3537 octo-

2308 3583 2531 3651 gesimo.

2380 3665 2620 3723 XXVIII.
2657 3667 2809 3723 Batiu
2843 3667 3149 3739 beglerbeg,
3185 3666 3383 3723 ibidem
3420 3682 3449 3722 a
3485 3666 3685 3723 Sinade
3728 3676 3863 3723 tunc

2307 3760 2617 3815 institutus.

2378 3850 2571 3906 XXIX.
2612 3851 2795 3907 Revan
2828 3850 3137 3922 bcglerbeg.
3174 3851 3334 3907 Hunc
3378 3852 3554 3908 locum
3601 3850 3866 3907 Fcrbates

2306 3944 2469 3999 bassa
2496 3944 2641 4013 cepit
2678 3952 2733 3999 et
2764 3944 2999 3998 munivit
3027 3960 3171 3998 anno
3204 3944 3517 3999 Christiano
3567 3943 3865 3999 millesimo

2304 4027 2741 4105 quingentesimo
2777 4037 3111 4106 octogesimo
3159 4037 3418 4103 secundo,
3448 4048 3688 4106 ereptum
3717 4037 3862 4089 Toc-

2309 4127 2450 4180 maci
2487 4129 2726 4190 sultano,
2782 4127 3124 4191 Persicorum
3158 4130 3397 4197 partium
3445 4128 3694 4197 principi.
3758 4127 3864 4184 Be-

2208 4262 2209 4267 η
2304 4216 2592 4286 glerbcgus
2623 4218 2747 4273 istic
2791 4212 2997 4287 primus
3045 4219 3145 4273 fuit
3175 4220 3468 4291 Cigaloglis
3522 4221 3698 4285 bassa,
3752 4220 3862 4277 Ge-

2307 4322 2460 4360 uuas.
2703 4347 2715 4358 ι

2376 4396 2545 4453 XXX.
2592 4398 2851 4453 Somaltic
2903 4401 3208 4470 beglerheg.
3250 4400 3327 4456 De
3386 4403 3675 4470 Somakia,
3730 4421 3862 4474 qua:

2303 4490 2727 4568 Cbalcocondyli
2759 4490 3043 4547 Samacliia
3079 4496 3412 4559 nominatur,
3443 4497 3646 4551 dictum
3666 4512 3855 4565 supra,

2226 4582 2272 4637 Ι)
2300 4586 2478 4654 capite
2513 4586 2631 4641 I88.
2660 4587 3076 4659 Beglerbegatus
3102 4588 3260 4659 505
3293 4602 3486 4645 auctor
3520 4586 3621 4647 fuit
3649 4592 3853 4646 Osman

2302 4678 2485 4743 bassa,
2519 4695 2661 4735 anno
2702 4681 3013 4740 Christiano
3070 4682 3367 4737 millesimo.
3415 4684 3854 4755 quingentesimo

2302 4769 2635 4837 octogesimo
2663 4770 2845 4824 tertio.
3160 4778 3163 4781 ‘

2371 4861 2703 4915 Posteriores
2737 4872 2919 4917 autem
2959 4862 3369 4934 beglerbegatus
3418 4865 3495 4929 bi',
3553 4865 3699 4921 bello
3757 4870 3855 4924 de-

2298 4951 2509 5004 cennali
2560 4951 2797 5019 Persico,
2859 4956 3004 5022 quod
3064 4955 3243 5010 adhuc
3299 4956 3526 5026 geritur,
3588 4958 3853 5023 instituti;

2299 5044 2750 5111 quemadmodum
2790 5049 2912 5101 novi
2938 5056 3088 5115 sunt,
3117 5049 3190 5101 ita
3217 5050 3395 5121 potius
3434 5052 3658 5106 nomine
3692 5063 3850 5106 tenus

2298 5139 2378 5190 sic
2408 5139 2713 5206 appellandi
2740 5141 2983 5205 veniunt,
3036 5156 3135 5195 nec
3160 5157 3285 5197 cum
3335 5143 3575 5211 antiquis
3631 5160 3853 5213 compa-

2299 5231 2477 5285 randi.
2506 5230 2681 5298 Nunc,
2720 5232 2965 5287 ordinem
3012 5244 3215 5288 natura:
3277 5237 3576 5304 sequendo,
3632 5240 3873 5304 provin-'

2298 5320 2396 5375 ciis
2426 5322 2567 5376 Asiae
2611 5323 2900 5378 recensitis
2953 5325 3233 5378 meridiem
3282 5338 3471 5380 versus
3525 5327 3593 5382 ab
3641 5330 3853 5385 oriente

2296 5412 2725 5480 progrediamur.

2663 5504 2789 5559 9.56.
2832 5503 3026 5571 Africa:
3067 5503 3483 5576 Beglerbegatus.

2364 5588 2405 5642 Ι.
2435 5591 2623 5648 Cesair
2658 5594 2964 5663 beglerbeg.
2996 5592 3187 5664 Sedem
3247 5596 3409 5651 habet
3459 5599 3520 5652 In
3577 5599 3842 5670 Algesair,

2295 5686 2645 5747 quienostris
2669 5693 2752 5738 est
2778 5684 3072 5753 Alget-ium,
3104 5687 3268 5742 sicuti
3328 5691 3507 5759 capite
3534 5690 3641 5748 227
3692 5702 3848 5751 neta-

2294 5782 2427 5827 Iunt.

2362 5866 2425 5921 lI.
2451 5864 2641 5945 Tuuisi
2665 5848 3080 5940 bcglerbegatus
3107 5870 3313 5930 residet
3340 5872 3564 5930 ibidem.
