4006 6338
217 508 328 568 925

890 514 1280 575 LEONARDI
1323 516 1684 576 CHIENSIS
1726 520 1819 578 DE
1856 521 2451 607 EXPUtiNA'l‘lUNE
2491 522 2767 582 L'POLIS.

3332 520 3438 582 996

205 619 392 674 oculis
409 618 700 674 discrimen
727 621 979 676 ultimum
1012 626 1375 693 etjactnram.
1404 625 1521 681 Nec
1557 628 1767 693 dubito,
1805 634 1845 687 Α
1876 645 2039 696 quam
2076 630 2127 683 in
2161 632 2275 686 dies
2299 635 2776 701 exspectabamus,
2811 634 2950 687 inter
2978 648 3126 701 spem
3161 644 3211 688 et
3238 634 3471 704 despe-a

211 711 379 765 Pater
417 721 641 777 sancte,
688 718 1033 779 prmeessisse
1092 734 1178 771 me
1235 720 1473 786 multos,
1529 723 1622 787 qui
1697 723 1772 775 rei

210 815 388 871 gcsue
418 804 610 857 seriem
650 804 777 857 Tum
834 805 1122 863 Sanctitati
1170 813 1506 867 retulerunt.
1555 812 1777 868 Confert

209 894 363 945 enim
401 893 694 948 multorum
730 896 782 948 in
806 911 970 950 unum
1000 898 1210 953 relatio.
1237 898 1342 953 Sed
1372 904 1627 971 quoniam
1656 912 1810 970 quat"

210 986 338 1040 visu
389 986 561 1055 magis
590 1002 751 1056 quam
790 1004 911 1057 quae
944 989 1156 1055 auditu,
1192 993 1375 1047 verius
1401 1004 1773 1061 exponuntur,

208 1076 363 1144 quod
392 1076 511 1131 scio
533 1078 726 1145 loquar
749 1087 831 1133 :et
850 1080 992 1147 quod
1015 1080 1119 1135 vidi
1144 1123 1157 1143 ,
1181 1082 1394 1137 fidelius
1409 1085 1773 1137 contestabor.

285 1162 423 1217 Cum
486 1166 654 1235 igitur
714 1158 1211 1225 reverendissimus
1284 1173 1444 1226 Pater
1505 1172 1564 1225 D.
1599 1174 1778 1227 cardi-

208 1252 363 1307 nalis
401 1254 716 1309 Sabincnsis
748 1271 846 1323 pro
879 1259 1095 1313 natione
1122 1259 1432 1314 Graecorum
1468 1263 1699 1332 legatus,
1722 1263 1775 1317 in

211 1345 341 1413 ejus
386 1344 698 1401 famulatum
732 1363 817 1403 me
854 1363 920 1403 ex
966 1349 1103 1405 Chio
1134 1361 1402 1418 vocasset,
1436 1368 1535 1422 ego
1566 1368 1776 1407 summa

209 1454 345 1493 cum
386 1441 550 1494 animi
584 1442 689 1495 mei
728 1442 1029 1512 diligentia,
1062 1455 1125 1500 ut
1154 1445 1314 1500 Iidem
1340 1454 1542 1500 sancta:
1575 1447 1778 1501 Roma-

212 1548 303 1585 nae
341 1531 608 1587 Ecclesia?
643 1534 860 1592 fortiter
894 1544 1316 1605 constanterque
1340 1577 1355 1597 ,
1400 1538 1474 1591 uti
1533 1538 1776 1591 debitum

208 1624 413 1693 exigit,
454 1623 796 1680 defensarem
821 1667 835 1691 ,
872 1627 1158 1698 captabam
1189 1627 1415 1697 perinde
1441 1638 1496 1683 et
1526 1644 1705 1682 mores
1725 1639 1778 1683 et

212 1724 472 1768 naturam
503 1715 815 1772 Graecorum
840 1760 854 1783 ,
889 1710 1337 1788 argnnientisque
1366 1735 1429 1773 ac
1459 1730 1775 1774 sanctorum

212 1793 596 1878 theologorum
621 1809 781 1863 dictis
802 1811 1034 1866 conabar
1053 1812 1373 1882 intelligere,
1394 1812 1663 1880 quodnam
1689 1828 1778 1867 co-

210 1913 342 1951 rum
371 1908 525 1971 esset
563 1894 843 1967 studium;
878 1902 1023 1970 quod
1070 1904 1430 1972 propositum,
1462 1919 1580 1973 qua:
1614 1905 1775 1957 ratio-

212 2008 339 2053 nes.
370 1992 495 2061 quis
540 1993 665 2050 linis
696 2009 792 2050 eos
822 2011 852 2050 a
885 2011 1012 2050 vera
1047 1996 1405 2067 intelligentia
1432 2036 1449 2061 ,
1482 1998 1773 2067 debitaque

211 2084 530 2140 obedientia
566 2087 650 2141 vel
697 2095 1006 2151 revocaret,
1036 2088 1122 2142 vel
1168 2090 1493 2143 retraheret.
1524 2088 1772 2142 Intellexi

214 2178 401 2243 plane,
445 2186 642 2245 praeter
714 2179 1097 2251 Argyropilnm
1160 2182 1361 2235 artium
1437 2179 1771 2250 magistrum,

208 2262 579 2338 Theophilum
610 2269 993 2343 Palazologum,
1017 2272 1588 2344 Hieromonachosque
1614 2290 1776 2341 quos-

214 2361 344 2412 dam
379 2375 601 2428 paucos,
630 2370 685 2416 et
713 2363 847 2417 alios
878 2365 1046 2419 laicos
1073 2380 1087 2421 :
1121 2366 1266 2434 quod
1302 2366 1529 2420 ambitio
1555 2365 1775 2421 Graecos

215 2453 373 2520 quasi
393 2467 579 2508 omnes
599 2455 952 2524 captivasset:
982 2465 1040 2512 ut
1062 2473 1220 2513 nemo
1247 2467 1393 2514 esset
1423 2461 1535 2527 qui,
1567 2460 1683 2513 zelo
1712 2459 1743 2511 Ii

217 2546 307 2599 dei
360 2544 442 2597 vel
469 2545 660 2599 salutis
706 2561 819 2601 suis:
872 2558 1067 2610 motus,
1114 2548 1324 2615 primus
1355 2549 1629 2602 videretur
1659 2547 1773 2602 fieri

217 2640 361 2694 velle
415 2656 529 2696 suae
587 2642 862 2710 Opinionis
916 2651 973 2697 et
1025 2644 1337 2712 pertinacize
1410 2651 1771 2707 contemptor.

216 2732 378 2796 Quod
410 2747 541 2786 sane
588 2733 633 2787 si
692 2748 798 2787 non
855 2741 963 2787 tam
1013 2750 1075 2788 ex
1130 2734 1249 2789 zelo
1293 2734 1440 2796 Iidei,
1486 2744 1537 2787 et
1590 2747 1773 2787 amore

217 2822 548 2877 Christiana:
600 2823 908 2893 religionis,
946 2840 1108 2893 quam
1156 2840 1220 2879 ex
1267 2825 1511 2879 affectata
1541 2823 1771 2892 quadam

219 2912 410 2982 gloriae
462 2913 711 2967 humanae
748 2914 1045 2983 cupiditate
1090 2914 1374 2978 fecissent,
1425 2898 1775 2983 summopere

221 3004 327 3059 hoc
385 3003 603 3057 nomine
679 3003 1094 3058 commcndandi
1166 3014 1370 3066 essent,
1425 3005 1773 3070 ipsornnnptc

220 3094 404 3150 fervor
456 3097 711 3150 omnibus
746 3095 836 3165 qui
872 3095 1093 3151 Christo
1148 3110 1344 3148 nomen
1386 3095 1671 3148 dederunt.
1722 3103 1775 3147 et

216 3186 569 3242 admirationi
612 3197 665 3241 et
697 3186 985 3242 imitationi
1028 3186 1221 3240 merito
1254 3201 1376 3239 esse
1401 3186 1638 3239 deberet.
1674 3183 1775 3239 Ve-

1879 720 2141 774 rationetn
2188 723 2515 776 constitutos
2548 738 2672 778 esse
2696 712 2714 777 .’
2748 722 2882 792 Spes
2912 723 2976 776 de
3008 733 3100 776 tuo
3123 712 3431 793 exspectato

1878 812 2128 865 subsidio
2157 813 2322 867 dabat
2362 814 2648 876 fiduciam;
2686 816 2847 868 timor
2878 815 2945 867 de
2978 814 3288 869 Graecorum
3321 831 3441 885 per-

1880 902 2075 956 tinacia
2104 904 2538 973 desperationem
2576 906 2921 974 suggerebat.
2965 904 3123 959 lien!
3163 921 3283 975 qua:
3315 923 3437 975 spes

1879 994 1933 1047 in
1965 997 2163 1063 p0pulo
2192 998 2333 1051 duro
2385 998 2534 1066 gravi
2561 998 2867 1068 iniquitate,
2894 998 2986 1066 qui
3022 1006 3099 1053 tot
3132 999 3289 1051 annis
3321 998 3443 1051 sine

1878 1088 1987 1139 vita
2048 1089 2322 1156 spirituali
2385 1090 2668 1145 abscissus
2732 1106 2761 1142 a
2820 1091 2998 1157 capite
3045 1088 3440 1158 permanebat!

1880 1181 2163 1247 Quomodo
2211 1196 2315 1234 non
2370 1182 2666 1251 desperati,
2721 1183 2994 1250 quomodo
3042 1197 3147 1235 non
3182 1181 3436 1248 ahjectia

1881 1271 2007 1333 Deo,
2028 1271 2121 1339 qni
2138 1272 2306 1323 tantis
2327 1271 2888 1332 dissin'tilitndinibns,
2911 1274 3077 1324 tantis
3100 1268 3439 1341 ﬁctionibus,

1885 1360 2162 1428 tantisque
2198 1360 2485 1427 scissuris,
2529 1361 2596 1415 ab
2627 1359 2874 1416 Ecclesia
2906 1362 3139 1430 elongati
3168 1360 3436 1417 Romana,

1880 1454 1932 1507 in
1964 1454 2144 1508 cordis
2175 1452 2385 1506 duritia
2421 1460 2865 1522 permanserunt.
2894 1452 3100 1507 Etenim
3129 1453 3238 1519 jam
3265 1451 3440 1518 capti-

1880 1545 2023 1609 vati,
2070 1546 2224 1609 urbe,
2274 1545 2512 1611 templis,
2540 1558 2696 1632 auro,
2725 1545 3041 1610 laribusque
3075 1542 3349 1611 propnlsi,
3382 1544 3437 1593 in

1879 1636 2104 1690 Latinos
2148 1646 2468 1705 retorquent
2523 1635 2812 1695 offensam,
2839 1642 3219 1689 asseverantes
3247 1650 3260 1685 :
3289 1633 3437 1697 Qun-

1878 1732 2021 1784 niam
2049 1731 2299 1785 unionem
2327 1728 2649 1799 (inquiunt),
2681 1727 2933 1793 fecimus,
2963 1742 3284 1794 summoque
3306 1741 3437 1793 pon-

1880 1824 2010 1877 tillci
2042 1822 2286 1877 Romano
2322 1819 2905 1876 commemorationem
2946 1816 3216 1877 dedimus,
3247 1817 3440 1870 merito

1885 1917 2224 1984 indignatum
2256 1912 2423 1967 Deum
2457 1927 2604 1968 esse.

1946 2007 1991 2062 Ο
2025 2006 2323 2075 pertinaces
2353 2006 2633 2060 homines!
2659 2004 2867 2073 inquio.
2895 2004 2948 2059 Si
2971 2002 3169 2056 malum
3207 2004 3308 2056 hoc
3326 2013 3436 2065 εει,

1876 2096 2043 2164 prisci
2074 2094 2149 2147 illi
2181 2093 2434 2157 Basilius,
2462 2092 2820 2154 Athanasius,
2853 2091 3107 2160 Cyrillns,
3141 2091 3432 2158 exterique

1882 2186 2092 2248 Patres,
2117 2199 2255 2254 quos
2294 2186 2569 2255 praecipuo
2616 2182 2919 2237 sanctitatis
2964 2182 3169 2235 honore
3218 2181 3436 2249 prarfer-

1877 2276 1967 2340 tis,
2002 2277 2126 2329 mali
2151 2276 2411 2329 censendi
2443 2284 2591 2340 sunt,
2624 2275 2768 2343 quod
2804 2282 3046 2329 sanctam
3084 2289 3243 2326 unam
3285 2287 3432 2327 eam-

1878 2367 2107 2438 demque.
2171 2369 2327 2421 lidem
2404 2383 2527 2421 cum
2580 2366 2816 2420 Romana
2868 2366 3127 2430 lieelesia,
3192 2362 3432 2416 omnium

1874 2459 2310 2513 Christianorum
2398 2457 2682 2524 magistra,
2775 2460 3086 2513 coluerunt.
3149 2455 3265 2508 Non
3325 2454 3438 2506 hate

1874 2561 2039 2601 causa
2069 2555 2171 2610 est,
2215 2548 2359 2617 quod
2396 2547 2676 2607 unionem,
2706 2547 2798 2600 sed
2830 2545 2975 2614 quod
3016 2546 3272 2599 unionem
3328 2561 3435 2597 non

1876 2654 2080 2705 veram,
2114 2643 2206 2696 sed
2253 2640 2434 2692 Iit-tam
2491 2637 2722 2692 fecistis.
2762 2634 2872 2691 llac
2905 2637 2972 2691 de
3014 2651 3071 2689 re
3123 2636 3316 2689 merito
3353 2635 3438 2687 in-

1877 2737 2159 2804 dignatum
2196 2731 2360 2784 Deum
2391 2745 2406 2783 :
2458 2727 2562 2782 hac
2585 2728 2653 2781 dc
2684 2742 2741 2781 re
2761 2726 2934 2804 iusta.
2962 2722 3443 2778 animadversione

1876 2828 1927 2879 in
1977 2827 2212 2877 hostium
2274 2834 2471 2874 manus
2540 2832 2639 2873 vos
2718 2833 2838 2873 esse
2897 2802 3175 2871 deductos.
3246 2814 3433 2867 Anno»:

1875 2917 2221 2985 sponsionem
2282 2913 2351 2965 de
2407 2912 2632 2972 unione.
2704 2916 2895 2962 sancto
2938 2907 3249 2976 juramento
3296 2903 3439 2972 apud

1877 3004 2245 3061 Florentinam
2271 3000 2539 3069 synodum
2571 2999 2933 3066 conscriptam
2967 2994 3251 3048 violastis?
3305 2994 3434 3048 obe-

1875 3100 2128 3155 (lit'.tll3lil
2171 3092 2523 3147 declinastis?
2573 3091 2893 3147 sententiam
2953 3088 3150 3143 decreti
3204 3086 3437 3140 occulta-

1874 3190 2007 3246 stis?
2036 3189 2226 3241 Annon
2260 3184 2454 3240 summi
2487 3183 2578 3237 Dei
2611 3183 2783 3236 nuntii
2812 3183 2867 3249 (o
2914 3178 3087 3234 Graeci
3124 3178 3167 3245 l)
3200 3186 3443 3229 vestram

219 3277 658 3339 rumenimvero,
718 3288 927 3331 tantum
965 3277 1139 3335 abest.
1191 3288 1245 3330 ut
1276 3275 1487 3329 tandem
1518 3285 1570 3329 et
1599 3274 1771 3329 admi-
1805 3304 1846 3360 ο
1882 3280 2240 3351 perditionem
2290 3277 2493 3347 jugitcr
2553 3268 2957 3343 praedixerunt?
2987 3272 3077 3338 qni
3141 3285 3325 3333 aures,
3379 3277 3441 3320 ult

218 3365 492 3419 rationem
554 3367 751 3420 exinde
801 3374 1130 3430 mercantur,
1208 3374 1259 3418 at
1309 3366 1488 3434 potius
1540 3368 1668 3419 tides
1724 3375 1777 3418 et

216 3457 535 3510 constantia
598 3456 843 3526 ipsorum
907 3458 1157 3511 omnibus
1201 3456 1303 3511 hoc
1338 3459 1555 3510 nomine
1585 3454 1777 3509 debeat

214 3562 343 3603 esse
394 3558 667 3617 snSpecta,
714 3563 833 3604 cum
881 3564 986 3603 non
1040 3558 1265 3618 propter
1319 3546 1433 3611 Dei,
1482 3546 1578 3601 sed
1625 3560 1776 3600 suam

219 3640 470 3709 ipsorum
499 3640 727 3711 gloriam
756 3654 917 3709 quam
946 3640 1213 3708 praecipue
1241 3636 1555 3707 captabant,
1587 3635 1777 3704 hujus-

219 3734 368 3787 modi
411 3734 586 3787 zelum
632 3748 741 3801 prae
785 3748 843 3787 se
886 3732 1131 3795 tulerint,
1165 3729 1415 3801 quamvis
1441 3729 1662 3784 omnino
1694 3742 1776 3781 re.

218 3828 465 3880 luctante
502 3824 746 3895 ipsorum
774 3832 965 3878 natura
988 3834 1046 3878 et
1104 3823 1402 3876 voluntate;
1436 3820 1622 3889 Usque
1643 3820 1778 3874 adeo

220 3928 281 3971 ut
308 3931 376 3970 ex
403 3931 507 3968 una
537 3923 707 3983 parte,
741 3915 807 3968 ad
852 3914 1128 3968 fatendum
1158 3913 1444 3966 articulum
1469 3910 1778 3980 processio-

221 4012 321 4064 nis.
352 4024 382 4061 a
413 4007 551 4061 Filio
579 4008 753 4060 sancti
779 4006 1014 4076 Spiritus
1036 4016 1251 4074 urgeret
1273 4018 1366 4060 eos
1389 4003 1725 4059 conscientia
1757 4016 1773 4067 ;

219 4115 288 4157 ex
310 4099 501 4156 altera.
526 4114 592 4152 nc
620 4097 896 4151 meliorem
918 4095 1119 4161 Latini,
1140 4110 1302 4164 quam
1321 4092 1515 4159 Graeci,
1545 4092 1611 4147 de
1632 4091 1777 4145 veri-

223 4202 337 4249 tate
360 4191 479 4246 ftdei
505 4188 910 4259 intelligentiam
929 4188 1125 4241 habere
1142 4188 1511 4251 crederentur,
1529 4182 1778 4239 elationis

221 4298 410 4341 tumor
424 4298 519 4338 eos
534 4282 845 4337 abduceret.
871 4280 1071 4335 Verum
1093 4280 1355 4349 quoniam
1376 4295 1475 4334 nec
1498 4278 1656 4340 ratio,
1677 4291 1778 4331 nec

226 4374 548 4440 auctoritas,
584 4387 684 4427 nec
715 4372 879 4424 varia:
910 4368 1204 4433 Scholarii,
1234 4368 1452 4432 lsidori,
1488 4366 1778 4436 NeOphyti-

220 4487 330 4544 quc
379 4470 666 4540 opiniones
723 4466 982 4519 adversus
1034 4461 1293 4516 Romanae
1339 4461 1593 4515 Ecclesia:
1619 4460 1775 4513 ﬁdem

223 4575 375 4621 stare
417 4568 690 4632 poterant,
744 4566 924 4612 actum
973 4564 1057 4611 est
1102 4553 1372 4607 industria
1419 4562 1472 4604 et
1514 4551 1779 4618 probitate

1882 3373 2045 3441 aspis,
2076 3370 2240 3438 impie
2281 3368 2601 3429 obturasds,
2625 3375 2679 3420 et
2707 3374 2949 3419 sam-tam
3007 3362 3304 3431 Ecclesiam
3341 3374 3436 3413 ca-

1881 3465 2133 3516 tholicam
2170 3468 2398 3513 matrem
2452 3458 2693 3512 ﬁdelium
2755 3456 3079 3511 ohandistis.
3136 3454 3285 3510 Flete
3338 3454 3440 3507 mir

1879 3555 2050 3608 serias
2073 3560 2280 3604 vestras
2308 3568 2322 3613 ;
2379 3539 2589 3618 arguite
2624 3548 3025 3615 vosmetipsos;
3083 3554 3137 3601 et
3168 3561 3275 3598 non
3305 3544 3445 3597 alios
3518 3546 3520 3551 ’

1880 3645 2274 3705 condemnetis,
2306 3648 2400 3694 aut
2425 3639 2737 3708 inculpetis.
2769 3637 2881 3692 Mos
2912 3637 3311 3693 obstinatorum
3348 3634 3437 3687 hic

1880 3743 1980 3799 vst,
2012 3746 2233 3788 sanctos
2282 3731 2562 3800 aspernari
2612 3730 2705 3784 Dei
2741 3730 3001 3782 nuntios:
3043 3727 3118 3779 uti
3180 3722 3443 3780 Sedecias

1882 3824 2170 3892 t-mtcrique
2193 3822 2362 3876 Judaei
2393 3821 2448 3873 in
2490 3821 2813 3891 Babylonem
2881 3818 3109 3872 traducti
3143 3814 3430 3870 Jeretniam

1878 3915 2232 3983 direptionem
2263 3915 2745 3982 Captivitatemque
2769 3912 3146 3979 pnedimntem
3189 3917 3429 3962 contem-
3490 3912 3491 3915 ‘

1880 4014 2123 4075 pserunt.
2161 4005 2318 4060 Certe
2376 4005 2638 4083 hactenus
2696 4004 2937 4059 stetisset
2999 4002 3169 4077 llicm,
3224 4000 3268 4054 si
3296 4001 3444 4055 Casc-

1879 4100 2132 4164 sandram
2156 4096 2407 4152 Priamus
2464 4104 2620 4165 pater
2679 4096 3008 4160 audivisset;
3057 4095 3100 4149 si
3144 4096 3443 4162 prophetas

1880 4190 2179 4254 Hebrari,si
2208 4190 2467 4260 Sibyllam
2503 4188 2754 4251 Romani,
2811 4189 2854 4243 si
2912 4202 3005 4241 vos
3043 4201 3259 4255 quoque
3307 4200 3434 4253 apo—

1879 4283 2103 4343 stolicos
2156 4282 2376 4335 nunties
2446 4281 2649 4334 dudum
2706 4278 3019 4332 audissetis.
3070 4276 3275 4332 Idcirco
3327 4291 3440 4328 non

1880 4376 2075 4431 mirum
2100 4374 2143 4427 si
2188 4374 2237 4427 in
2272 4388 2485 4442 pcenam
2544 4372 2674 4425 tanti
2734 4371 2979 4424 eziminis
3008 4370 3274 4437 insperata
3309 4382 3433 4423 mox

1880 4475 2176 4535 tempestas
2205 4464 2468 4524 invaluit;
2501 4478 2659 4529 quam
2690 4462 2892 4536 Spiritu
2924 4468 3114 4513 sancto
3138 4458 3277 4513 tlocti
3302 4475 3437 4528 quo-

1878 4574 1983 4623 que
2013 4573 2040 4609 a
2076 4558 2261 4611 multis
2289 4556 2443 4607 annis
2476 4552 2709 4605 fututam
2743 4566 2863 4605 esse
2893 4550 3267 4619 praedixerant.
3294 4551 3440 4606 Sane

226 4642 435 4726 praefati
482 4651 692 4705 Domini
730 4648 1041 4711 cardinalis,
1093 4654 1150 4698 ut
1176 4654 1361 4697 sancta
1404 4643 1551 4707 unio,
1587 4657 1776 4694 assen-

1885 4660 1942 4702 ut
1966 4646 2259 4703 beatissimi
2311 4644 2486 4698 Patris
2541 4643 2743 4697 Nicolai
2782 4644 2961 4712 primi,
3026 4645 3224 4697 summi
3261 4646 3438 4712 ponti--

225 4751 397 4802 tiente
433 4745 757 4813 imperatore
788 4747 1091 4806 senatuque
1122 4734 1189 4804 (si
1226 4749 1329 4786 non
1372 4734 1491 4786 ticta
1530 4731 1649 4795 fuit)
1688 4732 1775 4783 tir—

226 4846 490 4901 maretnr,
531 4834 1000 4909 celebrareturquc
1022 4828 1259 4882 secundo
1285 4826 1415 4880 ldus
1442 4822 1775 4889 Decembris,

226 4926 557 5001 Spiridionis
593 4923 835 4995 episcopi
860 4922 1034 4976 sancti
1056 4920 1164 4974 die.

293 5022 480 5087 Itaque
502 5032 563 5071 ea
598 5025 846 5085 peracta,
873 5028 995 5067 mox
1025 5019 1314 5077 tempestas
1339 5009 1532 5062 Teucri
1560 5009 1774 5070 oborta,

227 5114 415 5169 urbem
440 5105 938 5175 Constantinopolis
961 5143 974 5167 ,
1001 5104 1266 5165 Galatam,
1296 5109 1600 5169 caeteraque
1622 5100 1777 5167 adja-

226 5207 404 5264 centia
450 5199 644 5270 oppida
679 5196 1003 5263 absorbuit:
1041 5207 1100 5249 ut
1140 5195 1361 5249 verbum
1400 5192 1547 5247 Isaia:
1592 5208 1777 5245 verum

228 5300 301 5355 sit
330 5295 604 5351 dicentis:
636 5288 930 5357 Tempestas
980 5288 1226 5342 conuulsa
1270 5289 1459 5357 absque
1502 5286 1613 5339 ulla
1658 5302 1781 5337 con-

228 5392 511 5447 solatione.
545 5386 661 5452 Qua
716 5388 1036 5451 tempestate
1077 5395 1395 5439 concussus,
1432 5395 1531 5447 ego
1562 5392 1781 5446 quoque

229 5492 435 5553 captus,
460 5494 580 5535 sum
608 5495 621 5543 ;
665 5487 719 5530 et
742 5491 837 5543 pro
861 5473 1143 5527 demeritis
1168 5472 1304 5526 meis
1334 5470 1548 5525 vinctus
1578 5485 1781 5523 caesus-

228 5588 335 5644 que
353 5590 382 5624 a
399 5568 659 5625 Teucris:
688 5583 793 5622 ηοιι
818 5566 892 5619 fui
916 5565 1109 5634 dignus
1126 5580 1247 5619 cum
1266 5562 1483 5619 Christo
1503 5560 1782 5614 Salvatore

233 5663 452 5739 configi.
500 5660 837 5716 Reminiscor
880 5674 1033 5727 ergo,
1084 5656 1394 5713 beatissime
1448 5640 1630 5716 Pater,
1660 5669 1780 5707 cum

231 5759 468 5829 primum
492 5756 556 5809 de
577 5755 779 5808 unione
818 5753 954 5806 facta
986 5751 1319 5815 Graecorum,
1355 5748 1526 5803 eidem
1565 5745 1783 5798 Sancti-

235 5849 328 5904 tati
352 5847 550 5900 Vestrae
569 5844 824 5914 epistolas
846 5843 1103 5898 seriosius
1130 5842 1505 5898 destinassem,
1524 5835 1665 5889 inter
1680 5834 1782 5889 alia

236 5940 470 6026 dixisse:
513 5937 621 5995 Nos
676 5944 888 6009 propter
933 5934 1170 5989 futuram
1205 5934 1391 5989 Teucri
1424 5926 1780 5995 obsidionem,

1880 4741 2475 4805 ficis,exscrrationem
2531 4738 2583 4789 in
2628 4751 2822 4802 pravos
2865 4735 3085 4790 Graecos
3135 4752 3229 4802 per
3278 4735 3428 4792 illud.

1885 4831 2127 4903 Urgentis
2159 4834 2207 4884 in
2248 4831 2447 4884 senium
2478 4826 2658 4881 seculi
2718 4826 3037 4891 corruptela,
3102 4836 3229 4887 ctc.,
3292 4839 3426 4892 pra:~

1884 4925 2292 4978 termittamusr:
2348 4921 2528 4974 tabula
2591 4919 2703 4982 illa,
2768 4932 2928 4985 quam
2991 4916 3152 4970 Leoni
3188 4915 3437 4984 Sapienti

1878 5015 2182 5077 ascribunt,
2217 5014 2355 5081 apud
2408 5011 2806 5065 monasterium
2842 5010 3023 5064 Sancti
3091 5009 3303 5077 Georgii
3361 5011 3439 5064 de

1879 5102 2142 5173 Mangana
2229 5112 2562 5167 constructa,
2596 5110 2829 5155 vetusto
2880 5108 3123 5164 tempore
3178 5098 3230 5150 in
3289 5099 3433 5154 Con—

1882 5192 2230 5262 stantinopoli
2255 5192 2526 5244 occultata
2574 5190 2893 5260 mysterioso
2935 5190 3045 5257 jam
3094 5186 3252 5256 signo
3288 5189 3433 5243 dete-
3510 5186 3515 5189 ’

1882 5298 1992 5350 cta,
2021 5286 2281 5353 iacturam
2317 5283 2671 5338 demonstrat.
2728 5282 2871 5347 "me,
2903 5280 3061 5335 Pater
3093 5279 3428 5342 beatissime,

1883 5377 2094 5432 cellulis
2117 5375 2373 5429 distincta
2405 5376 2708 5444 quadratis,
2753 5374 3137 5441 imperatorum
3186 5371 3431 5424 ordinem

1884 5464 2394 5533 successionemque
2460 5453 2718 5531 poneb‘at,
2778 5461 3069 5515 finiendum
3143 5468 3319 5513 tamen
3380 5463 3433 5511 in

1885 5560 1987 5613 hoc
2019 5556 2208 5609 ultimo
2241 5554 2625 5610 Constantino.
2664 5553 2739 5607 Ita
2764 5568 2976 5623 quoque
3002 5552 3433 5623 patriarcharum

1885 5649 1990 5702 alia
2018 5647 2068 5698 in
2099 5647 2315 5713 longum
2352 5652 2524 5697 tracta
2553 5642 2740 5697 tabula
2756 5643 2996 5697 ordinem
3029 5639 3427 5708 prteseribebat.

1884 5737 2017 5791 Nam
2054 5733 2142 5787 ille
2165 5731 2357 5800 spiritu
2392 5732 2711 5803 prophetico
2738 5731 3038 5787 illustratus
3070 5737 3147 5784 tot
3201 5728 3429 5782 cellulas

1896 5824 2300 5898 iigurandorum
2381 5825 2769 5893 imperatorum
2860 5822 3052 5875 tahulrc
3129 5819 3431 5889 inscriptit,

1889 5929 2019 5992 quot
2051 5934 2078 5972 a
2099 5915 2271 5987 primo
2300 5914 2659 5973 Constantino
2688 5916 2902 5985 Magno,
2928 5911 3429 5983 Constantinopolis
