  <div class='ocr_page' id='page_1' title='image "/cluster/home/n/w/nwhite01/storage/ocr_20150623/159/pst.000005714797/557.png"; bbox 0 0 4006 6338; ppageno 0'>
   <div class='ocr_carea' id='block_1_1' title="bbox 554 421 664 484">
    <p class='ocr_par' dir='ltr' id='par_1_1' title="bbox 554 421 664 484">
     <span class='ocr_line' id='line_1_1' title="bbox 554 421 664 484; baseline 0.027 -4"><span class='ocrx_word' id='word_1_1' title='bbox 554 421 664 484; x_wconf 71' lang='grc' dir='ltr'><strong>Ωὲτ</strong></span> 
     </span>
    </p>
   </div>
   <div class='ocr_carea' id='block_1_2' title="bbox 1739 379 2520 509">
    <p class='ocr_par' dir='ltr' id='par_1_2' title="bbox 1739 379 2520 509">
     <span class='ocr_line' id='line_1_2' title="bbox 1739 379 2520 509; baseline 0.004 -27"><span class='ocrx_word' id='word_1_2' title='bbox 1739 379 2128 483; x_wconf 70' lang='lat' dir='ltr'><strong>LEONAaDt</strong></span> <span class='ocrx_word' id='word_1_3' title='bbox 2160 403 2520 509; x_wconf 75' lang='lat' dir='ltr'><strong>CHiENSIS</strong></span> 
     </span>
    </p>
   </div>
   <div class='ocr_carea' id='block_1_3' title="bbox 3651 423 3749 484">
    <p class='ocr_par' dir='ltr' id='par_1_3' title="bbox 3651 423 3749 484">
     <span class='ocr_line' id='line_1_3' title="bbox 3651 423 3749 484; baseline 0 0"><span class='ocrx_word' id='word_1_4' title='bbox 3651 423 3749 484; x_wconf 67' lang='lat'><strong>928</strong></span> 
     </span>
    </p>
   </div>
   <div class='ocr_carea' id='block_1_4' title="bbox 556 530 3747 609">
    <p class='ocr_par' dir='ltr' id='par_1_4' title="bbox 556 530 3747 609">
     <span class='ocr_line' id='line_1_4' title="bbox 556 530 3747 609; baseline 0.002 -28"><span class='ocrx_word' id='word_1_5' title='bbox 556 530 858 593; x_wconf 83' lang='lat' dir='ltr'><strong>conditore,</strong></span> <span class='ocrx_word' id='word_1_6' title='bbox 887 545 1057 599; x_wconf 86' lang='lat' dir='ltr'><strong>usque</strong></span> <span class='ocrx_word' id='word_1_7' title='bbox 1094 535 1158 584; x_wconf 83' lang='lat' dir='ltr'><strong>ad</strong></span> <span class='ocrx_word' id='word_1_8' title='bbox 1209 533 1451 586; x_wconf 78' lang='lat' dir='ltr'><strong>ultimam</strong></span> <span class='ocrx_word' id='word_1_9' title='bbox 1500 534 1868 602; x_wconf 74' lang='lat' dir='ltr'><strong>captivitatem</strong></span> <span class='ocrx_word' id='word_1_10' title='bbox 1935 535 2099 590; x_wconf 89' lang='lat' dir='ltr'><strong>futuri</strong></span> <span class='ocrx_word' id='word_1_11' title='bbox 2131 537 2331 595; x_wconf 73' lang='lat' dir='ltr'><strong>A-inde</strong></span> <span class='ocrx_word' id='word_1_12' title='bbox 2387 541 2510 608; x_wconf 73' lang='lat' dir='ltr'><strong>quia</strong></span> <span class='ocrx_word' id='word_1_13' title='bbox 2545 541 2719 608; x_wconf 82' lang='lat' dir='ltr'><strong>major</strong></span> <span class='ocrx_word' id='word_1_14' title='bbox 2771 540 3070 605; x_wconf 87' lang='lat' dir='ltr'><strong>confracta,</strong></span> <span class='ocrx_word' id='word_1_15' title='bbox 3131 540 3273 609; x_wconf 82' lang='lat' dir='ltr'><strong>regis</strong></span> <span class='ocrx_word' id='word_1_16' title='bbox 3327 538 3569 592; x_wconf 71' lang='lat' dir='ltr'><strong>animum</strong></span> <span class='ocrx_word' id='word_1_17' title='bbox 3622 537 3747 589; x_wconf 78' lang='lat' dir='ltr'><strong>ami-</strong></span> 
     </span>
    </p>
   </div>
   <div class='ocr_carea' id='block_1_5' title="bbox 555 621 2100 700">
    <p class='ocr_par' dir='ltr' id='par_1_5' title="bbox 555 621 2100 700">
     <span class='ocr_line' id='line_1_5' title="bbox 555 621 2100 700; baseline 0.006 -31"><span class='ocrx_word' id='word_1_18' title='bbox 555 630 731 700; x_wconf 73' lang='lat' dir='ltr'><strong>erant.</strong></span> <span class='ocrx_word' id='word_1_19' title='bbox 772 621 830 675; x_wconf 87' lang='lat' dir='ltr'><strong>in</strong></span> <span class='ocrx_word' id='word_1_20' title='bbox 865 622 981 676; x_wconf 87' lang='lat' dir='ltr'><strong>dies</strong></span> <span class='ocrx_word' id='word_1_21' title='bbox 1038 624 1217 691; x_wconf 90' lang='lat' dir='ltr'><strong>itaque</strong></span> <span class='ocrx_word' id='word_1_22' title='bbox 1262 625 1467 678; x_wconf 69' lang='lat' dir='ltr'><strong>cellulae</strong></span> <span class='ocrx_word' id='word_1_23' title='bbox 1503 625 1604 677; x_wconf 77' lang='lat' dir='ltr'><strong>illa:</strong></span> <span class='ocrx_word' id='word_1_24' title='bbox 1661 628 1894 693; x_wconf 66' lang='lat' dir='ltr'><strong>repletae,</strong></span> <span class='ocrx_word' id='word_1_25' title='bbox 1940 625 2100 680; x_wconf 89' lang='lat' dir='ltr'><strong>unam</strong></span> 
     </span>
    </p>
   </div>
   <div class='ocr_carea' id='block_1_6' title="bbox 533 710 2100 787">
    <p class='ocr_par' dir='ltr' id='par_1_6' title="bbox 533 710 2100 787">
     <span class='ocr_line' id='line_1_6' title="bbox 533 710 2100 787; baseline 0.004 -24"><span class='ocrx_word' id='word_1_26' title='bbox 533 710 717 770; x_wconf 80' lang='lat' dir='ltr'><strong>modo</strong></span> <span class='ocrx_word' id='word_1_27' title='bbox 740 721 795 766; x_wconf 85' lang='lat' dir='ltr'><strong>et</strong></span> <span class='ocrx_word' id='word_1_28' title='bbox 819 711 1082 780; x_wconf 76' lang='lat' dir='ltr'><strong>ultimam,</strong></span> <span class='ocrx_word' id='word_1_29' title='bbox 1114 715 1167 768; x_wconf 92' lang='lat' dir='ltr'><strong>in</strong></span> <span class='ocrx_word' id='word_1_30' title='bbox 1197 731 1296 785; x_wconf 84' lang='lat' dir='ltr'><strong>qua</strong></span> <span class='ocrx_word' id='word_1_31' title='bbox 1323 716 1434 779; x_wconf 90' lang='lat' dir='ltr'><strong>hic,</strong></span> <span class='ocrx_word' id='word_1_32' title='bbox 1473 717 1573 773; x_wconf 88' lang='lat' dir='ltr'><strong>sub</strong></span> <span class='ocrx_word' id='word_1_33' title='bbox 1613 733 1721 786; x_wconf 92' lang='lat' dir='ltr'><strong>quo</strong></span> <span class='ocrx_word' id='word_1_34' title='bbox 1746 719 1875 772; x_wconf 84' lang='lat' dir='ltr'><strong>urbs</strong></span> <span class='ocrx_word' id='word_1_35' title='bbox 1918 718 2100 787; x_wconf 88' lang='lat' dir='ltr'><strong>periit,</strong></span> 
     </span>
    </p>
   </div>
   <div class='ocr_carea' id='block_1_7' title="bbox 562 795 2109 873">
    <p class='ocr_par' dir='ltr' id='par_1_7' title="bbox 562 795 2109 873">
     <span class='ocr_line' id='line_1_7' title="bbox 562 795 2109 873; baseline 0.006 -20"><span class='ocrx_word' id='word_1_36' title='bbox 562 804 910 861; x_wconf 78' lang='lat' dir='ltr'><strong>collocandus</strong></span> <span class='ocrx_word' id='word_1_37' title='bbox 965 815 1118 868; x_wconf 89' lang='lat' dir='ltr'><strong>erat,</strong></span> <span class='ocrx_word' id='word_1_38' title='bbox 1174 806 1219 860; x_wconf 88' lang='lat' dir='ltr'><strong>si</strong></span> <span class='ocrx_word' id='word_1_39' title='bbox 1265 817 1559 862; x_wconf 88' lang='lat' dir='ltr'><strong>coronatus</strong></span> <span class='ocrx_word' id='word_1_40' title='bbox 1613 809 1822 873; x_wconf 89' lang='lat' dir='ltr'><strong>fuisset,</strong></span> <span class='ocrx_word' id='word_1_41' title='bbox 1879 795 2109 862; x_wconf 89' lang='lat' dir='ltr'><strong>vacuam</strong></span> 
     </span>
    </p>
   </div>
   <div class='ocr_carea' id='block_1_8' title="bbox 559 895 2107 970">
    <p class='ocr_par' dir='ltr' id='par_1_8' title="bbox 559 895 2107 970">
     <span class='ocr_line' id='line_1_8' title="bbox 559 895 2107 970; baseline 0.004 -25"><span class='ocrx_word' id='word_1_42' title='bbox 559 896 918 958; x_wconf 74' lang='lat' dir='ltr'><strong>prtetendunt.</strong></span> <span class='ocrx_word' id='word_1_43' title='bbox 975 895 1258 951; x_wconf 84' lang='lat' dir='ltr'><strong>Morsentts</strong></span> <span class='ocrx_word' id='word_1_44' title='bbox 1288 898 1530 967; x_wconf 77' lang='lat' dir='ltr'><strong>perinde,</strong></span> <span class='ocrx_word' id='word_1_45' title='bbox 1557 899 1637 952; x_wconf 88' lang='lat' dir='ltr'><strong>vir</strong></span> <span class='ocrx_word' id='word_1_46' title='bbox 1671 911 1918 962; x_wconf 89' lang='lat' dir='ltr'><strong>sanctus,</strong></span> <span class='ocrx_word' id='word_1_47' title='bbox 1946 899 2107 970; x_wconf 84' lang='lat' dir='ltr'><strong>sagit-</strong></span> 
     </span>
    </p>
   </div>
   <div class='ocr_carea' id='block_1_9' title="bbox 559 983 2107 1056">
    <p class='ocr_par' dir='ltr' id='par_1_9' title="bbox 559 983 2107 1056">
     <span class='ocr_line' id='line_1_9' title="bbox 559 983 2107 1056; baseline 0.005 -23"><span class='ocrx_word' id='word_1_48' title='bbox 559 983 749 1034; x_wconf 77' lang='lat' dir='ltr'><strong>tztriatn</strong></span> <span class='ocrx_word' id='word_1_49' title='bbox 784 993 994 1052; x_wconf 89' lang='lat' dir='ltr'><strong>gentent</strong></span> <span class='ocrx_word' id='word_1_50' title='bbox 1033 996 1222 1039; x_wconf 90' lang='lat' dir='ltr'><strong>contra</strong></span> <span class='ocrx_word' id='word_1_51' title='bbox 1252 986 1770 1056; x_wconf 87' lang='lat' dir='ltr'><strong>Constantinopolim</strong></span> <span class='ocrx_word' id='word_1_52' title='bbox 1799 998 2107 1052; x_wconf 77' lang='lat' dir='ltr'><strong>venturam,</strong></span> 
     </span>
    </p>
   </div>
   <div class='ocr_carea' id='block_1_10' title="bbox 560 1075 2107 1147">
    <p class='ocr_par' dir='ltr' id='par_1_10' title="bbox 560 1075 2107 1147">
     <span class='ocr_line' id='line_1_10' title="bbox 560 1075 2107 1147; baseline 0.006 -24"><span class='ocrx_word' id='word_1_53' title='bbox 560 1075 718 1138; x_wconf 80' lang='lat' dir='ltr'><strong>cujus</strong></span> <span class='ocrx_word' id='word_1_54' title='bbox 749 1082 960 1142; x_wconf 90' lang='lat' dir='ltr'><strong>portum</strong></span> <span class='ocrx_word' id='word_1_55' title='bbox 995 1075 1247 1146; x_wconf 84' lang='lat' dir='ltr'><strong>inclytum</strong></span> <span class='ocrx_word' id='word_1_56' title='bbox 1291 1088 1528 1146; x_wconf 84' lang='lat' dir='ltr'><strong>caperet,</strong></span> <span class='ocrx_word' id='word_1_57' title='bbox 1559 1077 2107 1147; x_wconf 83' lang='lat' dir='ltr'><strong>exterminandosque</strong></span> 
     </span>
    </p>
   </div>
   <div class='ocr_carea' id='block_1_11' title="bbox 563 1153 2108 1238">
    <p class='ocr_par' dir='ltr' id='par_1_11' title="bbox 563 1153 2108 1238">
     <span class='ocr_line' id='line_1_11' title="bbox 563 1153 2108 1238; baseline 0.005 -22"><span class='ocrx_word' id='word_1_58' title='bbox 563 1163 781 1219; x_wconf 57' lang='lat' dir='ltr'><strong>Graecos</strong></span> <span class='ocrx_word' id='word_1_59' title='bbox 845 1166 1056 1220; x_wconf 62' lang='lat' dir='ltr'><strong>saeculis</strong></span> <span class='ocrx_word' id='word_1_60' title='bbox 1110 1168 1295 1222; x_wconf 86' lang='lat' dir='ltr'><strong>multis</strong></span> <span class='ocrx_word' id='word_1_61' title='bbox 1349 1178 1473 1237; x_wconf 81' lang='lat' dir='ltr'><strong>ante</strong></span> <span class='ocrx_word' id='word_1_62' title='bbox 1516 1153 2108 1238; x_wconf 70' lang='lat' dir='ltr'><strong>prmdixit.&#39;Erytlt‘re:e</strong></span> 
     </span>
    </p>
   </div>
   <div class='ocr_carea' id='block_1_12' title="bbox 561 1243 2107 1333">
    <p class='ocr_par' dir='ltr' id='par_1_12' title="bbox 561 1243 2107 1333">
     <span class='ocr_line' id='line_1_12' title="bbox 561 1243 2107 1333; baseline 0.006 -27"><span class='ocrx_word' id='word_1_63' title='bbox 561 1256 723 1308; x_wconf 67' lang='lat' dir='ltr'><strong>etiam</strong></span> <span class='ocrx_word' id='word_1_64' title='bbox 750 1263 950 1312; x_wconf 72' lang='lat' dir='ltr'><strong>nostra:</strong></span> <span class='ocrx_word' id='word_1_65' title='bbox 980 1259 1044 1311; x_wconf 91' lang='lat' dir='ltr'><strong>de</strong></span> <span class='ocrx_word' id='word_1_66' title='bbox 1064 1255 1373 1333; x_wconf 71' lang='lat' dir='ltr'><strong>Graecorum</strong></span> <span class='ocrx_word' id='word_1_67' title='bbox 1417 1257 1630 1328; x_wconf 74' lang='lat' dir='ltr'><strong>jactura</strong></span> <span class='ocrx_word' id='word_1_68' title='bbox 1673 1243 1988 1316; x_wconf 84' lang='lat' dir='ltr'><strong>vaticinium</strong></span> <span class='ocrx_word' id='word_1_69' title='bbox 2021 1263 2107 1316; x_wconf 90' lang='lat' dir='ltr'><strong>le-</strong></span> 
     </span>
    </p>
   </div>
   <div class='ocr_carea' id='block_1_13' title="bbox 561 1345 2108 1423">
    <p class='ocr_par' dir='ltr' id='par_1_13' title="bbox 561 1345 2108 1423">
     <span class='ocr_line' id='line_1_13' title="bbox 561 1345 2108 1423; baseline 0.006 -27"><span class='ocrx_word' id='word_1_70' title='bbox 561 1345 812 1419; x_wconf 74' lang='lat' dir='ltr'><strong>gentibus</strong></span> <span class='ocrx_word' id='word_1_71' title='bbox 845 1355 1008 1415; x_wconf 83' lang='lat' dir='ltr'><strong>patet.</strong></span> <span class='ocrx_word' id='word_1_72' title='bbox 1042 1348 1285 1405; x_wconf 87' lang='lat' dir='ltr'><strong>Joachim</strong></span> <span class='ocrx_word' id='word_1_73' title='bbox 1314 1361 1506 1413; x_wconf 32' lang='lat' dir='ltr'><strong>autem.</strong></span> <span class='ocrx_word' id='word_1_74' title='bbox 1539 1353 1708 1406; x_wconf 88' lang='lat' dir='ltr'><strong>abbas</strong></span> <span class='ocrx_word' id='word_1_75' title='bbox 1755 1369 1873 1407; x_wconf 86' lang='lat' dir='ltr'><strong>meo</strong></span> <span class='ocrx_word' id='word_1_76' title='bbox 1903 1350 2108 1423; x_wconf 84' lang='lat' dir='ltr'><strong>judicio</strong></span> 
     </span>
    </p>
   </div>
   <div class='ocr_carea' id='block_1_14' title="bbox 564 1439 2105 1512">
    <p class='ocr_par' dir='ltr' id='par_1_14' title="bbox 564 1439 2105 1512">
     <span class='ocr_line' id='line_1_14' title="bbox 564 1439 2105 1512; baseline 0.002 -21"><span class='ocrx_word' id='word_1_77' title='bbox 564 1439 1336 1508; x_wconf 76' lang='lat' dir='ltr'><strong>Constantinopolisjactnrstn</strong></span> <span class='ocrx_word' id='word_1_78' title='bbox 1369 1445 1420 1494; x_wconf 89' lang='lat' dir='ltr'><strong>itt</strong></span> <span class='ocrx_word' id='word_1_79' title='bbox 1482 1443 1752 1512; x_wconf 86' lang='lat' dir='ltr'><strong>Papalista</strong></span> <span class='ocrx_word' id='word_1_80' title='bbox 1805 1441 2105 1506; x_wconf 84' lang='lat' dir='ltr'><strong>denuntiat,</strong></span> 
     </span>
    </p>
   </div>
   <div class='ocr_carea' id='block_1_15' title="bbox 565 1528 2096 1608">
    <p class='ocr_par' dir='ltr' id='par_1_15' title="bbox 565 1528 2096 1608">
     <span class='ocr_line' id='line_1_15' title="bbox 565 1528 2096 1608; baseline 0.006 -30"><span class='ocrx_word' id='word_1_81' title='bbox 565 1545 685 1580; x_wconf 81' lang='lat' dir='ltr'><strong>cum</strong></span> <span class='ocrx_word' id='word_1_82' title='bbox 723 1528 849 1583; x_wconf 83' lang='lat' dir='ltr'><strong>dicit</strong></span> <span class='ocrx_word' id='word_1_83' title='bbox 887 1547 904 1583; x_wconf 71' lang='grc' dir='ltr'><strong>ι</strong></span> <span class='ocrx_word' id='word_1_84' title='bbox 949 1529 1034 1583; x_wconf 71' lang='lat' dir='ltr'><strong>Vw</strong></span> <span class='ocrx_word' id='word_1_85' title='bbox 1077 1532 1188 1593; x_wconf 83' lang='lat' dir='ltr'><strong>tibi,</strong></span> <span class='ocrx_word' id='word_1_86' title='bbox 1222 1533 1504 1599; x_wconf 78' lang='lat' dir='ltr'><strong>septicollis</strong></span> <span class='ocrx_word' id='word_1_87' title='bbox 1545 1533 1786 1608; x_wconf 78' lang='lat' dir='ltr'><strong>ntanilus</strong></span> <span class='ocrx_word' id='word_1_88' title='bbox 1819 1531 2096 1597; x_wconf 77' lang='lat' dir='ltr'><strong>truncatis,</strong></span> 
     </span>
    </p>
   </div>
   <div class='ocr_carea' id='block_1_16' title="bbox 563 1613 2106 1692">
    <p class='ocr_par' dir='ltr' id='par_1_16' title="bbox 563 1613 2106 1692">
     <span class='ocr_line' id='line_1_16' title="bbox 563 1613 2106 1692; baseline 0.005 -23"><span class='ocrx_word' id='word_1_89' title='bbox 563 1621 716 1685; x_wconf 77' lang='lat' dir='ltr'><strong>quasi</strong></span> <span class='ocrx_word' id='word_1_90' title='bbox 764 1618 966 1671; x_wconf 73' lang='lat' dir='ltr'><strong>auxilio</strong></span> <span class='ocrx_word' id='word_1_91' title='bbox 998 1620 1272 1692; x_wconf 75' lang='lat' dir='ltr'><strong>destituta.</strong></span> <span class='ocrx_word' id='word_1_92' title='bbox 1326 1613 1660 1690; x_wconf 90' lang='lat' dir='ltr'><strong>Septicollim</strong></span> <span class='ocrx_word' id='word_1_93' title='bbox 1711 1635 1892 1676; x_wconf 88' lang='lat' dir='ltr'><strong>autem</strong></span> <span class='ocrx_word' id='word_1_94' title='bbox 1935 1621 2106 1677; x_wconf 69' lang='lat' dir='ltr'><strong>Graeci</strong></span> 
     </span>
    </p>
   </div>
   <div class='ocr_carea' id='block_1_17' title="bbox 561 1702 2107 1785">
    <p class='ocr_par' dir='ltr' id='par_1_17' title="bbox 561 1702 2107 1785">
     <span class='ocr_line' id='line_1_17' title="bbox 561 1702 2107 1785; baseline 0.005 -27"><span class='ocrx_word' id='word_1_95' title='bbox 561 1702 892 1763; x_wconf 71' lang='grc' dir='ltr'><strong>ἔπτασοῦνον</strong></span> <span class='ocrx_word' id='word_1_96' title='bbox 941 1712 1156 1785; x_wconf 84' lang='lat' dir='ltr'><strong>vocant.</strong></span> <span class='ocrx_word' id='word_1_97' title='bbox 1228 1711 1423 1782; x_wconf 87' lang='lat' dir='ltr'><strong>thuid</strong></span> <span class='ocrx_word' id='word_1_98' title='bbox 1478 1714 1638 1783; x_wconf 81' lang='lat' dir='ltr'><strong>igitur</strong></span> <span class='ocrx_word' id='word_1_99' title='bbox 1690 1715 1908 1768; x_wconf 85' lang='lat' dir='ltr'><strong>Latinos</strong></span> <span class='ocrx_word' id='word_1_100' title='bbox 1953 1714 2107 1769; x_wconf 87' lang='lat' dir='ltr'><strong>dam-</strong></span> 
     </span>
    </p>
   </div>
   <div class='ocr_carea' id='block_1_18' title="bbox 567 1804 2107 1870">
    <p class='ocr_par' dir='ltr' id='par_1_18' title="bbox 567 1804 2107 1870">
     <span class='ocr_line' id='line_1_18' title="bbox 567 1804 2107 1870; baseline 0.005 -18"><span class='ocrx_word' id='word_1_101' title='bbox 567 1805 730 1856; x_wconf 81' lang='lat' dir='ltr'><strong>nant?</strong></span> <span class='ocrx_word' id='word_1_102' title='bbox 758 1804 866 1857; x_wconf 85' lang='lat' dir='ltr'><strong>Cur</strong></span> <span class='ocrx_word' id='word_1_103' title='bbox 892 1805 944 1858; x_wconf 90' lang='lat' dir='ltr'><strong>in</strong></span> <span class='ocrx_word' id='word_1_104' title='bbox 981 1806 1420 1860; x_wconf 76' lang='lat' dir='ltr'><strong>uesinvi-huntur</strong></span> <span class='ocrx_word' id='word_1_105' title='bbox 1463 1822 1584 1859; x_wconf 90' lang='lat' dir='ltr'><strong>cum</strong></span> <span class='ocrx_word' id='word_1_106' title='bbox 1634 1820 1758 1859; x_wconf 88' lang='lat' dir='ltr'><strong>vera</strong></span> <span class='ocrx_word' id='word_1_107' title='bbox 1799 1804 2107 1870; x_wconf 80' lang='lat' dir='ltr'><strong>scribimus,</strong></span> 
     </span>
    </p>
   </div>
   <div class='ocr_carea' id='block_1_19' title="bbox 566 1894 2110 1964">
    <p class='ocr_par' dir='ltr' id='par_1_19' title="bbox 566 1894 2110 1964">
     <span class='ocr_line' id='line_1_19' title="bbox 566 1894 2110 1964; baseline 0.005 -22"><span class='ocrx_word' id='word_1_108' title='bbox 566 1905 752 1948; x_wconf 78' lang='lat' dir='ltr'><strong>contra</strong></span> <span class='ocrx_word' id='word_1_109' title='bbox 777 1911 913 1963; x_wconf 86' lang='lat' dir='ltr'><strong>quos</strong></span> <span class='ocrx_word' id='word_1_110' title='bbox 942 1904 1022 1949; x_wconf 90' lang='lat' dir='ltr'><strong>tot</strong></span> <span class='ocrx_word' id='word_1_111' title='bbox 1049 1905 1229 1964; x_wconf 90' lang='lat' dir='ltr'><strong>aperta</strong></span> <span class='ocrx_word' id='word_1_112' title='bbox 1263 1896 1510 1950; x_wconf 77' lang='lat' dir='ltr'><strong>vaticinia</strong></span> <span class='ocrx_word' id='word_1_113' title='bbox 1556 1898 1961 1964; x_wconf 74' lang='lat' dir='ltr'><strong>protesmutur?</strong></span> <span class='ocrx_word' id='word_1_114' title='bbox 1993 1894 2110 1949; x_wconf 87' lang='lat' dir='ltr'><strong>Non</strong></span> 
     </span>
    </p>
   </div>
   <div class='ocr_carea' id='block_1_20' title="bbox 568 1984 2142 2051">
    <p class='ocr_par' dir='ltr' id='par_1_20' title="bbox 568 1984 2142 2051">
     <span class='ocr_line' id='line_1_20' title="bbox 568 1984 2142 2051; baseline 0.001 -15"><span class='ocrx_word' id='word_1_115' title='bbox 568 2001 694 2051; x_wconf 80' lang='lat' dir='ltr'><strong>ergo</strong></span> <span class='ocrx_word' id='word_1_116' title='bbox 729 1987 854 2040; x_wconf 90' lang='lat' dir='ltr'><strong>unio</strong></span> <span class='ocrx_word' id='word_1_117' title='bbox 887 1984 1045 2050; x_wconf 74' lang='lat' dir='ltr'><strong>facta,</strong></span> <span class='ocrx_word' id='word_1_118' title='bbox 1078 1988 1170 2042; x_wconf 91' lang='lat' dir='ltr'><strong>sed</strong></span> <span class='ocrx_word' id='word_1_119' title='bbox 1209 1986 1335 2040; x_wconf 92' lang='lat' dir='ltr'><strong>unio</strong></span> <span class='ocrx_word' id='word_1_120' title='bbox 1392 1988 1533 2049; x_wconf 83' lang='lat' dir='ltr'><strong>ficta,</strong></span> <span class='ocrx_word' id='word_1_121' title='bbox 1567 1987 1632 2040; x_wconf 89' lang='lat' dir='ltr'><strong>ad</strong></span> <span class='ocrx_word' id='word_1_122' title='bbox 1698 1987 1860 2043; x_wconf 81' lang='lat' dir='ltr'><strong>fatale</strong></span> <span class='ocrx_word' id='word_1_123' title='bbox 1927 1984 2142 2040; x_wconf 80' lang='lat' dir='ltr'><strong>urbem</strong></span> 
     </span>
    </p>
   </div>
   <div class='ocr_carea' id='block_1_21' title="bbox 569 2079 2118 2150">
    <p class='ocr_par' dir='ltr' id='par_1_21' title="bbox 569 2079 2118 2150">
     <span class='ocr_line' id='line_1_21' title="bbox 569 2079 2118 2150; baseline 0.001 -20"><span class='ocrx_word' id='word_1_124' title='bbox 569 2079 812 2132; x_wconf 84' lang='lat' dir='ltr'><strong>trahebat</strong></span> <span class='ocrx_word' id='word_1_125' title='bbox 865 2079 1169 2145; x_wconf 76' lang='lat' dir='ltr'><strong>excidium;</strong></span> <span class='ocrx_word' id='word_1_126' title='bbox 1251 2096 1359 2150; x_wconf 91' lang='lat' dir='ltr'><strong>quo</strong></span> <span class='ocrx_word' id='word_1_127' title='bbox 1418 2080 1653 2134; x_wconf 89' lang='lat' dir='ltr'><strong>divinam</strong></span> <span class='ocrx_word' id='word_1_128' title='bbox 1690 2079 1821 2133; x_wconf 92' lang='lat' dir='ltr'><strong>iram</strong></span> <span class='ocrx_word' id='word_1_129' title='bbox 1880 2087 2118 2132; x_wconf 89' lang='lat' dir='ltr'><strong>matura-</strong></span> 
     </span>
    </p>
   </div>
   <div class='ocr_carea' id='block_1_22' title="bbox 569 2165 2116 2240">
    <p class='ocr_par' dir='ltr' id='par_1_22' title="bbox 569 2165 2116 2240">
     <span class='ocr_line' id='line_1_22' title="bbox 569 2165 2116 2240; baseline 0.003 -22"><span class='ocrx_word' id='word_1_130' title='bbox 569 2176 675 2220; x_wconf 89' lang='lat' dir='ltr'><strong>tam</strong></span> <span class='ocrx_word' id='word_1_131' title='bbox 710 2168 761 2221; x_wconf 88' lang='lat' dir='ltr'><strong>in</strong></span> <span class='ocrx_word' id='word_1_132' title='bbox 793 2167 957 2223; x_wconf 89' lang='lat' dir='ltr'><strong>hosce</strong></span> <span class='ocrx_word' id='word_1_133' title='bbox 1012 2169 1128 2234; x_wconf 87' lang='lat' dir='ltr'><strong>dies</strong></span> <span class='ocrx_word' id='word_1_134' title='bbox 1157 2172 1367 2224; x_wconf 83' lang='lat' dir='ltr'><strong>venisse</strong></span> <span class='ocrx_word' id='word_1_135' title='bbox 1411 2170 1781 2240; x_wconf 83' lang='lat' dir='ltr'><strong>cognovimus.</strong></span> <span class='ocrx_word' id='word_1_136' title='bbox 1835 2165 2116 2223; x_wconf 79' lang='lat' dir='ltr'><strong>Excitatus</strong></span> 
     </span>
    </p>
   </div>
   <div class='ocr_carea' id='block_1_23' title="bbox 571 2257 2113 2328">
    <p class='ocr_par' dir='ltr' id='par_1_23' title="bbox 571 2257 2113 2328">
     <span class='ocr_line' id='line_1_23' title="bbox 571 2257 2113 2328; baseline 0.001 -19"><span class='ocrx_word' id='word_1_137' title='bbox 571 2257 751 2326; x_wconf 84' lang='lat' dir='ltr'><strong>itaque</strong></span> <span class='ocrx_word' id='word_1_138' title='bbox 783 2259 833 2312; x_wconf 90' lang='lat' dir='ltr'><strong>in</strong></span> <span class='ocrx_word' id='word_1_139' title='bbox 895 2259 1130 2314; x_wconf 89' lang='lat' dir='ltr'><strong>furorem</strong></span> <span class='ocrx_word' id='word_1_140' title='bbox 1186 2259 1345 2326; x_wconf 85' lang='lat' dir='ltr'><strong>Deus,</strong></span> <span class='ocrx_word' id='word_1_141' title='bbox 1390 2260 1533 2313; x_wconf 88' lang='lat' dir='ltr'><strong>misit</strong></span> <span class='ocrx_word' id='word_1_142' title='bbox 1578 2259 1882 2313; x_wconf 77' lang='lat' dir='ltr'><strong>MahOmeth</strong></span> <span class='ocrx_word' id='word_1_143' title='bbox 1938 2275 2113 2328; x_wconf 82' lang='lat' dir='ltr'><strong>regem</strong></span> 
     </span>
    </p>
   </div>
   <div class='ocr_carea' id='block_1_24' title="bbox 573 2348 2116 2416">
    <p class='ocr_par' dir='ltr' id='par_1_24' title="bbox 573 2348 2116 2416">
     <span class='ocr_line' id='line_1_24' title="bbox 573 2348 2116 2416; baseline 0.003 -20"><span class='ocrx_word' id='word_1_144' title='bbox 573 2348 1002 2412; x_wconf 77' lang='lat' dir='ltr'><strong>potentissimum</strong></span> <span class='ocrx_word' id='word_1_145' title='bbox 1045 2350 1414 2405; x_wconf 85' lang='lat' dir='ltr'><strong>Teucrorum:</strong></span> <span class='ocrx_word' id='word_1_146' title='bbox 1447 2350 1843 2404; x_wconf 84' lang='lat' dir='ltr'><strong>adolescentem</strong></span> <span class='ocrx_word' id='word_1_147' title='bbox 1901 2349 2116 2416; x_wconf 78' lang='lat' dir='ltr'><strong>quidem</strong></span> 
     </span>
    </p>
   </div>
   <div class='ocr_carea' id='block_1_25' title="bbox 570 2439 2115 2517">
    <p class='ocr_par' dir='ltr' id='par_1_25' title="bbox 570 2439 2115 2517">
     <span class='ocr_line' id='line_1_25' title="bbox 570 2439 2115 2517; baseline 0.003 -27"><span class='ocrx_word' id='word_1_148' title='bbox 570 2439 853 2502; x_wconf 84' lang='lat' dir='ltr'><strong>audacem,</strong></span> <span class='ocrx_word' id='word_1_149' title='bbox 881 2440 1247 2506; x_wconf 84' lang='lat' dir='ltr'><strong>ambitiosum,</strong></span> <span class='ocrx_word' id='word_1_150' title='bbox 1273 2439 2115 2517; x_wconf 85' lang='lat' dir='ltr'><strong>temulentum,Christianorum</strong></span> 
     </span>
    </p>
   </div>
   <div class='ocr_carea' id='block_1_26' title="bbox 573 2530 2166 2602">
    <p class='ocr_par' dir='ltr' id='par_1_26' title="bbox 573 2530 2166 2602">
     <span class='ocr_line' id='line_1_26' title="bbox 573 2530 2166 2602; baseline 0.004 -23"><span class='ocrx_word' id='word_1_151' title='bbox 573 2530 853 2597; x_wconf 66' lang='lat' dir='ltr'><strong>capitalem</strong></span> <span class='ocrx_word' id='word_1_152' title='bbox 881 2533 1086 2588; x_wconf 85' lang='lat' dir='ltr'><strong>hostem</strong></span> <span class='ocrx_word' id='word_1_153' title='bbox 1118 2549 1131 2586; x_wconf 94' lang='lat'><strong>:</strong></span> <span class='ocrx_word' id='word_1_154' title='bbox 1158 2533 1249 2602; x_wconf 91' lang='lat' dir='ltr'><strong>qui</strong></span> <span class='ocrx_word' id='word_1_155' title='bbox 1281 2532 1447 2587; x_wconf 86' lang='lat' dir='ltr'><strong>Nonis</strong></span> <span class='ocrx_word' id='word_1_156' title='bbox 1479 2533 1675 2600; x_wconf 78' lang='lat' dir='ltr'><strong>Aprilis</strong></span> <span class='ocrx_word' id='word_1_157' title='bbox 1702 2542 1825 2586; x_wconf 87' lang='lat' dir='ltr'><strong>ante</strong></span> <span class='ocrx_word' id='word_1_158' title='bbox 1847 2531 2119 2587; x_wconf 87' lang='lat' dir='ltr'><strong>Constan-</strong></span> <span class='ocrx_word' id='word_1_159' title='bbox 2155 2530 2166 2537; x_wconf 83' lang='grc'><em>”</em></span> 
     </span>
    </p>
   </div>
   <div class='ocr_carea' id='block_1_27' title="bbox 574 2619 2117 2690">
    <p class='ocr_par' dir='ltr' id='par_1_27' title="bbox 574 2619 2117 2690">
     <span class='ocr_line' id='line_1_27' title="bbox 574 2619 2117 2690; baseline 0.004 -23"><span class='ocrx_word' id='word_1_160' title='bbox 574 2620 824 2687; x_wconf 75' lang='lat' dir='ltr'><strong>tiuopol3s</strong></span> <span class='ocrx_word' id='word_1_161' title='bbox 861 2629 1225 2690; x_wconf 87' lang='lat' dir='ltr'><strong>prospectum,</strong></span> <span class='ocrx_word' id='word_1_162' title='bbox 1269 2638 1392 2677; x_wconf 92' lang='lat' dir='ltr'><strong>cum</strong></span> <span class='ocrx_word' id='word_1_163' title='bbox 1427 2619 1686 2676; x_wconf 87' lang='lat' dir='ltr'><strong>tercentis</strong></span> <span class='ocrx_word' id='word_1_164' title='bbox 1711 2631 1765 2676; x_wconf 91' lang='lat' dir='ltr'><strong>et</strong></span> <span class='ocrx_word' id='word_1_165' title='bbox 1810 2624 1951 2674; x_wconf 91' lang='lat' dir='ltr'><strong>ultra</strong></span> <span class='ocrx_word' id='word_1_166' title='bbox 2001 2619 2117 2673; x_wconf 57' lang='lat' dir='ltr'><strong>mil.</strong></span> 
     </span>
    </p>
   </div>
   <div class='ocr_carea' id='block_1_28' title="bbox 577 2709 2121 2782">
    <p class='ocr_par' dir='ltr' id='par_1_28' title="bbox 577 2709 2121 2782">
     <span class='ocr_line' id='line_1_28' title="bbox 577 2709 2121 2782; baseline 0.003 -23"><span class='ocrx_word' id='word_1_167' title='bbox 577 2710 715 2764; x_wconf 84' lang='lat' dir='ltr'><strong>libus</strong></span> <span class='ocrx_word' id='word_1_168' title='bbox 735 2719 1092 2780; x_wconf 78' lang='lat' dir='ltr'><strong>pugnatorum</strong></span> <span class='ocrx_word' id='word_1_169' title='bbox 1120 2713 1171 2767; x_wconf 88' lang='lat' dir='ltr'><strong>in</strong></span> <span class='ocrx_word' id='word_1_170' title='bbox 1195 2729 1326 2781; x_wconf 82' lang='lat' dir='ltr'><strong>gyro</strong></span> <span class='ocrx_word' id='word_1_171' title='bbox 1347 2723 1500 2767; x_wconf 84' lang='lat' dir='ltr'><strong>terrae</strong></span> <span class='ocrx_word' id='word_1_172' title='bbox 1513 2709 1692 2768; x_wconf 73' lang='lat' dir='ltr'><strong>castra</strong></span> <span class='ocrx_word' id='word_1_173' title='bbox 1712 2713 2121 2782; x_wconf 89' lang='lat' dir='ltr'><strong>papilionesque</strong></span> 
     </span>
    </p>
   </div>
   <div class='ocr_carea' id='block_1_29' title="bbox 574 2800 2118 2874">
    <p class='ocr_par' dir='ltr' id='par_1_29' title="bbox 574 2800 2118 2874">
     <span class='ocr_line' id='line_1_29' title="bbox 574 2800 2118 2874; baseline 0.001 -23"><span class='ocrx_word' id='word_1_174' title='bbox 574 2800 812 2854; x_wconf 74' lang='lat' dir='ltr'><strong>conlisit.</strong></span> <span class='ocrx_word' id='word_1_175' title='bbox 838 2801 1030 2859; x_wconf 82' lang='lat' dir='ltr'><strong>Milites</strong></span> <span class='ocrx_word' id='word_1_176' title='bbox 1045 2803 1244 2872; x_wconf 86' lang='lat' dir='ltr'><strong>majore</strong></span> <span class='ocrx_word' id='word_1_177' title='bbox 1266 2803 1794 2872; x_wconf 84' lang='lat' dir='ltr'><strong>numerolequestres,</strong></span> <span class='ocrx_word' id='word_1_178' title='bbox 1813 2817 2118 2874; x_wconf 86' lang='lat' dir='ltr'><strong>quanquam</strong></span> 
     </span>
    </p>
   </div>
   <div class='ocr_carea' id='block_1_30' title="bbox 577 2892 2120 2964">
    <p class='ocr_par' dir='ltr' id='par_1_30' title="bbox 577 2892 2120 2964">
     <span class='ocr_line' id='line_1_30' title="bbox 577 2892 2120 2964; baseline 0.001 -18"><span class='ocrx_word' id='word_1_179' title='bbox 577 2907 762 2947; x_wconf 86' lang='lat' dir='ltr'><strong>omnes</strong></span> <span class='ocrx_word' id='word_1_180' title='bbox 788 2892 993 2960; x_wconf 88' lang='lat' dir='ltr'><strong>pedites</strong></span> <span class='ocrx_word' id='word_1_181' title='bbox 1029 2895 1198 2964; x_wconf 87' lang='lat' dir='ltr'><strong>magis</strong></span> <span class='ocrx_word' id='word_1_182' title='bbox 1233 2896 1628 2964; x_wconf 78' lang='lat' dir='ltr'><strong>expugnabaut.</strong></span> <span class='ocrx_word' id='word_1_183' title='bbox 1672 2894 1817 2950; x_wconf 89' lang='lat' dir='ltr'><strong>inter</strong></span> <span class='ocrx_word' id='word_1_184' title='bbox 1836 2909 1990 2963; x_wconf 85' lang='lat' dir='ltr'><strong>quos</strong></span> <span class='ocrx_word' id='word_1_185' title='bbox 2032 2910 2120 2964; x_wconf 87' lang='lat' dir='ltr'><strong>pe-</strong></span> 
     </span>
    </p>
   </div>
   <div class='ocr_carea' id='block_1_31' title="bbox 577 2984 2120 3054">
    <p class='ocr_par' dir='ltr' id='par_1_31' title="bbox 577 2984 2120 3054">
     <span class='ocr_line' id='line_1_31' title="bbox 577 2984 2120 3054; baseline 0 -17"><span class='ocrx_word' id='word_1_186' title='bbox 577 2986 716 3039; x_wconf 87' lang='lat' dir='ltr'><strong>dites</strong></span> <span class='ocrx_word' id='word_1_187' title='bbox 739 2985 804 3039; x_wconf 90' lang='lat' dir='ltr'><strong>ad</strong></span> <span class='ocrx_word' id='word_1_188' title='bbox 837 2986 974 3054; x_wconf 85' lang='lat' dir='ltr'><strong>regis</strong></span> <span class='ocrx_word' id='word_1_189' title='bbox 996 2984 1303 3040; x_wconf 75' lang='lat' dir='ltr'><strong>Custodiam</strong></span> <span class='ocrx_word' id='word_1_190' title='bbox 1340 2987 1579 3054; x_wconf 74' lang='lat' dir='ltr'><strong>deputati</strong></span> <span class='ocrx_word' id='word_1_191' title='bbox 1612 2985 1861 3051; x_wconf 86' lang='lat' dir='ltr'><strong>audaces,</strong></span> <span class='ocrx_word' id='word_1_192' title='bbox 1902 2986 1994 3053; x_wconf 92' lang='lat' dir='ltr'><strong>qui</strong></span> <span class='ocrx_word' id='word_1_193' title='bbox 2052 2985 2120 3038; x_wconf 86' lang='lat' dir='ltr'><strong>ab</strong></span> 
     </span>
    </p>
   </div>
   <div class='ocr_carea' id='block_1_32' title="bbox 577 3073 2122 3136">
    <p class='ocr_par' dir='ltr' id='par_1_32' title="bbox 577 3073 2122 3136">
     <span class='ocr_line' id='line_1_32' title="bbox 577 3073 2122 3136; baseline -0.001 -8"><span class='ocrx_word' id='word_1_194' title='bbox 577 3074 858 3130; x_wconf 87' lang='lat' dir='ltr'><strong>elementis</strong></span> <span class='ocrx_word' id='word_1_195' title='bbox 899 3075 1186 3130; x_wconf 79' lang='lat' dir='ltr'><strong>Christiani</strong></span> <span class='ocrx_word' id='word_1_196' title='bbox 1239 3086 1330 3130; x_wconf 89' lang='lat' dir='ltr'><strong>aut</strong></span> <span class='ocrx_word' id='word_1_197' title='bbox 1377 3075 1811 3129; x_wconf 87' lang='lat' dir='ltr'><strong>Christianorum</strong></span> <span class='ocrx_word' id='word_1_198' title='bbox 1874 3073 1992 3136; x_wconf 85' lang='lat' dir='ltr'><strong>iilii,</strong></span> <span class='ocrx_word' id='word_1_199' title='bbox 2038 3087 2122 3126; x_wconf 89' lang='lat' dir='ltr'><strong>re-</strong></span> 
     </span>
    </p>
   </div>
   <div class='ocr_carea' id='block_1_33' title="bbox 581 3165 2119 3237">
    <p class='ocr_par' dir='ltr' id='par_1_33' title="bbox 581 3165 2119 3237">
     <span class='ocr_line' id='line_1_33' title="bbox 581 3165 2119 3237; baseline 0.002 -19"><span class='ocrx_word' id='word_1_200' title='bbox 581 3176 814 3222; x_wconf 84' lang='lat' dir='ltr'><strong>trorsum</strong></span> <span class='ocrx_word' id='word_1_201' title='bbox 846 3168 1117 3233; x_wconf 83' lang='lat' dir='ltr'><strong>conversi,</strong></span> <span class='ocrx_word' id='word_1_202' title='bbox 1159 3168 1288 3222; x_wconf 89' lang='lat' dir='ltr'><strong>dicti</strong></span> <span class='ocrx_word' id='word_1_203' title='bbox 1340 3167 1608 3233; x_wconf 86' lang='lat' dir='ltr'><strong>Genizari,</strong></span> <span class='ocrx_word' id='word_1_204' title='bbox 1639 3179 1697 3223; x_wconf 93' lang='lat' dir='ltr'><strong>ut</strong></span> <span class='ocrx_word' id='word_1_205' title='bbox 1755 3169 1896 3237; x_wconf 89' lang='lat' dir='ltr'><strong>apud</strong></span> <span class='ocrx_word' id='word_1_206' title='bbox 1949 3165 2119 3221; x_wconf 79' lang='lat' dir='ltr'><strong>Mace-</strong></span> 
     </span>
    </p>
   </div>
   <div class='ocr_carea' id='block_1_34' title="bbox 580 3256 2121 3328">
    <p class='ocr_par' dir='ltr' id='par_1_34' title="bbox 580 3256 2121 3328">
     <span class='ocr_line' id='line_1_34' title="bbox 580 3256 2121 3328; baseline 0.003 -19"><span class='ocrx_word' id='word_1_207' title='bbox 580 3256 773 3310; x_wconf 88' lang='lat' dir='ltr'><strong>donem</strong></span> <span class='ocrx_word' id='word_1_208' title='bbox 830 3256 1215 3328; x_wconf 78' lang='lat' dir='ltr'><strong>Myrmidones,</strong></span> <span class='ocrx_word' id='word_1_209' title='bbox 1284 3259 1439 3328; x_wconf 70' lang='lat' dir='ltr'><strong>qttasi</strong></span> <span class='ocrx_word' id='word_1_210' title='bbox 1473 3258 1780 3328; x_wconf 88' lang='lat' dir='ltr'><strong>quindecim</strong></span> <span class='ocrx_word' id='word_1_211' title='bbox 1817 3258 2006 3313; x_wconf 81' lang='lat' dir='ltr'><strong>millia.</strong></span> <span class='ocrx_word' id='word_1_212' title='bbox 2041 3257 2121 3313; x_wconf 85' lang='lat' dir='ltr'><strong>Ad</strong></span> 
     </span>
    </p>
   </div>
   <div class='ocr_carea' id='block_1_35' title="bbox 581 3335 2126 3418">
    <p class='ocr_par' dir='ltr' id='par_1_35' title="bbox 581 3335 2126 3418">
     <span class='ocr_line' id='line_1_35' title="bbox 581 3335 2126 3418; baseline 0.002 -19"><span class='ocrx_word' id='word_1_213' title='bbox 581 3347 796 3401; x_wconf 88' lang='lat' dir='ltr'><strong>tertium</strong></span> <span class='ocrx_word' id='word_1_214' title='bbox 830 3358 1006 3403; x_wconf 90' lang='lat' dir='ltr'><strong>autem</strong></span> <span class='ocrx_word' id='word_1_215' title='bbox 1049 3351 1218 3414; x_wconf 89' lang='lat' dir='ltr'><strong>diem,</strong></span> <span class='ocrx_word' id='word_1_216' title='bbox 1266 3362 1480 3418; x_wconf 89' lang='lat' dir='ltr'><strong>captato</strong></span> <span class='ocrx_word' id='word_1_217' title='bbox 1512 3350 1662 3405; x_wconf 89' lang='lat' dir='ltr'><strong>urbis</strong></span> <span class='ocrx_word' id='word_1_218' title='bbox 1686 3352 1814 3413; x_wconf 88' lang='lat' dir='ltr'><strong>situ,</strong></span> <span class='ocrx_word' id='word_1_219' title='bbox 1849 3335 2126 3404; x_wconf 87' lang='lat' dir='ltr'><strong>machinas</strong></span> 
     </span>
    </p>
   </div>
   <div class='ocr_carea' id='block_1_36' title="bbox 582 3441 2128 3514">
    <p class='ocr_par' dir='ltr' id='par_1_36' title="bbox 582 3441 2128 3514">
     <span class='ocr_line' id='line_1_36' title="bbox 582 3441 2128 3514; baseline -0.001 -20"><span class='ocrx_word' id='word_1_220' title='bbox 582 3442 893 3497; x_wconf 84' lang='lat' dir='ltr'><strong>innumeras</strong></span> <span class='ocrx_word' id='word_1_221' title='bbox 912 3442 1306 3511; x_wconf 80' lang='lat' dir='ltr'><strong>craticulaSque</strong></span> <span class='ocrx_word' id='word_1_222' title='bbox 1329 3459 1392 3497; x_wconf 85' lang='lat' dir='ltr'><strong>ex</strong></span> <span class='ocrx_word' id='word_1_223' title='bbox 1426 3442 1672 3514; x_wconf 78' lang='lat' dir='ltr'><strong>virgultis</strong></span> <span class='ocrx_word' id='word_1_224' title='bbox 1721 3441 2128 3508; x_wconf 87' lang='lat' dir='ltr'><strong>viminibusque</strong></span> 
     </span>
    </p>
   </div>
   <div class='ocr_carea' id='block_1_37' title="bbox 583 3533 2127 3602">
    <p class='ocr_par' dir='ltr' id='par_1_37' title="bbox 583 3533 2127 3602">
     <span class='ocr_line' id='line_1_37' title="bbox 583 3533 2127 3602; baseline 0.001 -18"><span class='ocrx_word' id='word_1_225' title='bbox 583 3542 862 3588; x_wconf 69' lang='lat' dir='ltr'><strong>contextus</strong></span> <span class='ocrx_word' id='word_1_226' title='bbox 891 3535 1324 3589; x_wconf 86' lang='lat' dir='ltr'><strong>circummuralis</strong></span> <span class='ocrx_word' id='word_1_227' title='bbox 1357 3535 1552 3588; x_wconf 86' lang='lat' dir='ltr'><strong>vallum</strong></span> <span class='ocrx_word' id='word_1_228' title='bbox 1604 3533 1799 3602; x_wconf 88' lang='lat' dir='ltr'><strong>quibus</strong></span> <span class='ocrx_word' id='word_1_229' title='bbox 1830 3540 2127 3600; x_wconf 82' lang='lat' dir='ltr'><strong>pugnantes</strong></span> 
     </span>
    </p>
   </div>
   <div class='ocr_carea' id='block_1_38' title="bbox 586 3619 2129 3692">
    <p class='ocr_par' dir='ltr' id='par_1_38' title="bbox 586 3619 2129 3692">
     <span class='ocr_line' id='line_1_38' title="bbox 586 3619 2129 3692; baseline 0.002 -20"><span class='ocrx_word' id='word_1_230' title='bbox 586 3619 920 3692; x_wconf 80' lang='lat' dir='ltr'><strong>tegerentur,</strong></span> <span class='ocrx_word' id='word_1_231' title='bbox 949 3624 1168 3678; x_wconf 89' lang='lat' dir='ltr'><strong>fossatis</strong></span> <span class='ocrx_word' id='word_1_232' title='bbox 1213 3625 1469 3692; x_wconf 88' lang='lat' dir='ltr'><strong>admovit.</strong></span> <span class='ocrx_word' id='word_1_233' title='bbox 1527 3623 1746 3678; x_wconf 84' lang='lat' dir='ltr'><strong>Initium</strong></span> <span class='ocrx_word' id='word_1_234' title='bbox 1791 3621 2129 3677; x_wconf 80' lang='lat' dir='ltr'><strong>confusionis</strong></span> 
     </span>
    </p>
   </div>
   <div class='ocr_carea' id='block_1_39' title="bbox 587 3713 2129 3784">
    <p class='ocr_par' dir='ltr' id='par_1_39' title="bbox 587 3713 2129 3784">
     <span class='ocr_line' id='line_1_39' title="bbox 587 3713 2129 3784; baseline 0.001 -20"><span class='ocrx_word' id='word_1_235' title='bbox 587 3713 685 3765; x_wconf 82' lang='lat' dir='ltr'><strong>hoc</strong></span> <span class='ocrx_word' id='word_1_236' title='bbox 707 3724 948 3767; x_wconf 86' lang='lat' dir='ltr'><strong>nostrum</strong></span> <span class='ocrx_word' id='word_1_237' title='bbox 982 3713 1101 3778; x_wconf 91' lang='lat' dir='ltr'><strong>fuit,</strong></span> <span class='ocrx_word' id='word_1_238' title='bbox 1129 3715 1297 3783; x_wconf 90' lang='lat' dir='ltr'><strong>utqui</strong></span> <span class='ocrx_word' id='word_1_239' title='bbox 1343 3717 1462 3770; x_wconf 86' lang='lat' dir='ltr'><strong>telis</strong></span> <span class='ocrx_word' id='word_1_240' title='bbox 1523 3716 2005 3784; x_wconf 87' lang='lat' dir='ltr'><strong>machinarumque</strong></span> <span class='ocrx_word' id='word_1_241' title='bbox 2050 3713 2129 3766; x_wconf 85' lang='lat' dir='ltr'><strong>la—</strong></span> 
     </span>
    </p>
   </div>
   <div class='ocr_carea' id='block_1_40' title="bbox 587 3801 2146 3883">
    <p class='ocr_par' dir='ltr' id='par_1_40' title="bbox 587 3801 2146 3883">
     <span class='ocr_line' id='line_1_40' title="bbox 587 3801 2146 3883; baseline 0.004 -29"><span class='ocrx_word' id='word_1_242' title='bbox 587 3803 800 3870; x_wconf 87' lang='lat' dir='ltr'><strong>pidibus</strong></span> <span class='ocrx_word' id='word_1_243' title='bbox 852 3805 1003 3874; x_wconf 84' lang='lat' dir='ltr'><strong>juxta</strong></span> <span class='ocrx_word' id='word_1_244' title='bbox 1039 3806 1223 3860; x_wconf 89' lang='lat' dir='ltr'><strong>datum</strong></span> <span class='ocrx_word' id='word_1_245' title='bbox 1274 3807 1518 3883; x_wconf 82' lang='lat' dir='ltr'><strong>ordinem</strong></span> <span class='ocrx_word' id='word_1_246' title='bbox 1581 3805 1794 3861; x_wconf 82' lang='lat' dir='ltr'><strong>eminus</strong></span> <span class='ocrx_word' id='word_1_247' title='bbox 1838 3801 2146 3872; x_wconf 83' lang='lat' dir='ltr'><strong>repellendi.</strong></span> 
     </span>
    </p>
   </div>
   <div class='ocr_carea' id='block_1_41' title="bbox 586 3899 2133 3969">
    <p class='ocr_par' dir='ltr' id='par_1_41' title="bbox 586 3899 2133 3969">
     <span class='ocr_line' id='line_1_41' title="bbox 586 3899 2133 3969; baseline 0.001 -17"><span class='ocrx_word' id='word_1_248' title='bbox 586 3908 762 3964; x_wconf 80' lang='lat' dir='ltr'><strong>erant,</strong></span> <span class='ocrx_word' id='word_1_249' title='bbox 796 3900 1055 3969; x_wconf 79' lang='lat' dir='ltr'><strong>neglectis</strong></span> <span class='ocrx_word' id='word_1_250' title='bbox 1101 3899 1348 3969; x_wconf 86' lang='lat' dir='ltr'><strong>singulis,</strong></span> <span class='ocrx_word' id='word_1_251' title='bbox 1384 3902 1633 3955; x_wconf 85' lang='lat' dir='ltr'><strong>cominus</strong></span> <span class='ocrx_word' id='word_1_252' title='bbox 1673 3901 1978 3968; x_wconf 81' lang='lat' dir='ltr'><strong>proximare</strong></span> <span class='ocrx_word' id='word_1_253' title='bbox 2015 3915 2133 3969; x_wconf 78' lang='lat' dir='ltr'><strong>pcr-</strong></span> 
     </span>
    </p>
   </div>
   <div class='ocr_carea' id='block_1_42' title="bbox 589 3990 2131 4047">
    <p class='ocr_par' dir='ltr' id='par_1_42' title="bbox 589 3990 2131 4047">
     <span class='ocr_line' id='line_1_42' title="bbox 589 3990 2131 4047; baseline 0.002 -5"><span class='ocrx_word' id='word_1_254' title='bbox 589 3992 872 4044; x_wconf 90' lang='lat' dir='ltr'><strong>miserunt.</strong></span> <span class='ocrx_word' id='word_1_255' title='bbox 899 3990 1126 4046; x_wconf 86' lang='lat' dir='ltr'><strong>Tantum</strong></span> <span class='ocrx_word' id='word_1_256' title='bbox 1155 4007 1342 4046; x_wconf 91' lang='lat' dir='ltr'><strong>eorum</strong></span> <span class='ocrx_word' id='word_1_257' title='bbox 1369 3993 1618 4047; x_wconf 86' lang='lat' dir='ltr'><strong>ordinem</strong></span> <span class='ocrx_word' id='word_1_258' title='bbox 1658 3993 1988 4047; x_wconf 91' lang='lat' dir='ltr'><strong>instruendis</strong></span> <span class='ocrx_word' id='word_1_259' title='bbox 2016 4009 2131 4046; x_wconf 83' lang='lat' dir='ltr'><strong>ma-</strong></span> 
     </span>
    </p>
   </div>
   <div class='ocr_carea' id='block_1_43' title="bbox 586 4079 2133 4150">
    <p class='ocr_par' dir='ltr' id='par_1_43' title="bbox 586 4079 2133 4150">
     <span class='ocr_line' id='line_1_43' title="bbox 586 4079 2133 4150; baseline 0.002 -16"><span class='ocrx_word' id='word_1_260' title='bbox 586 4079 785 4144; x_wconf 85' lang='lat' dir='ltr'><strong>chinis,</strong></span> <span class='ocrx_word' id='word_1_261' title='bbox 833 4089 1034 4134; x_wconf 88' lang='lat' dir='ltr'><strong>tantam</strong></span> <span class='ocrx_word' id='word_1_262' title='bbox 1095 4081 1594 4150; x_wconf 89' lang='lat' dir='ltr'><strong>promptitudinem,</strong></span> <span class='ocrx_word' id='word_1_263' title='bbox 1639 4092 1838 4136; x_wconf 81' lang='lat' dir='ltr'><strong>tantam</strong></span> <span class='ocrx_word' id='word_1_264' title='bbox 1894 4084 2133 4138; x_wconf 83' lang='lat' dir='ltr'><strong>acierum</strong></span> 
     </span>
    </p>
   </div>
   <div class='ocr_carea' id='block_1_44' title="bbox 588 4172 2137 4244">
    <p class='ocr_par' dir='ltr' id='par_1_44' title="bbox 588 4172 2137 4244">
     <span class='ocr_line' id='line_1_44' title="bbox 588 4172 2137 4244; baseline 0.003 -20"><span class='ocrx_word' id='word_1_265' title='bbox 588 4172 980 4242; x_wconf 85' lang='lat' dir='ltr'><strong>providentiam</strong></span> <span class='ocrx_word' id='word_1_266' title='bbox 1009 4175 1229 4244; x_wconf 89' lang='lat' dir='ltr'><strong>quidam</strong></span> <span class='ocrx_word' id='word_1_267' title='bbox 1263 4185 1354 4229; x_wconf 90' lang='lat' dir='ltr'><strong>aut</strong></span> <span class='ocrx_word' id='word_1_268' title='bbox 1387 4175 1590 4244; x_wconf 85' lang='lat' dir='ltr'><strong>Scipio,</strong></span> <span class='ocrx_word' id='word_1_269' title='bbox 1617 4185 1709 4230; x_wconf 89' lang='lat' dir='ltr'><strong>aut</strong></span> <span class='ocrx_word' id='word_1_270' title='bbox 1751 4176 2005 4236; x_wconf 82' lang='lat' dir='ltr'><strong>Annibal,</strong></span> <span class='ocrx_word' id='word_1_271' title='bbox 2043 4183 2137 4229; x_wconf 88' lang='lat' dir='ltr'><strong>aut</strong></span> 
     </span>
    </p>
   </div>
   <div class='ocr_carea' id='block_1_45' title="bbox 592 4264 2136 4334">
    <p class='ocr_par' dir='ltr' id='par_1_45' title="bbox 592 4264 2136 4334">
     <span class='ocr_line' id='line_1_45' title="bbox 592 4264 2136 4334; baseline 0.004 -18"><span class='ocrx_word' id='word_1_272' title='bbox 592 4265 833 4318; x_wconf 87' lang='lat' dir='ltr'><strong>moderni</strong></span> <span class='ocrx_word' id='word_1_273' title='bbox 864 4264 988 4320; x_wconf 91' lang='lat' dir='ltr'><strong>belli</strong></span> <span class='ocrx_word' id='word_1_274' title='bbox 1011 4267 1174 4320; x_wconf 90' lang='lat' dir='ltr'><strong>duces</strong></span> <span class='ocrx_word' id='word_1_275' title='bbox 1203 4267 1453 4320; x_wconf 86' lang='lat' dir='ltr'><strong>admirati</strong></span> <span class='ocrx_word' id='word_1_276' title='bbox 1485 4267 1735 4324; x_wconf 82' lang='lat' dir='ltr'><strong>fuissent.</strong></span> <span class='ocrx_word' id='word_1_277' title='bbox 1765 4265 1870 4321; x_wconf 90' lang='lat' dir='ltr'><strong>Sed</strong></span> <span class='ocrx_word' id='word_1_278' title='bbox 1891 4267 2011 4334; x_wconf 89' lang='lat' dir='ltr'><strong>quis</strong></span> <span class='ocrx_word' id='word_1_279' title='bbox 2039 4268 2136 4322; x_wconf 91' lang='lat' dir='ltr'><strong>ob-</strong></span> 
     </span>
    </p>
   </div>
   <div class='ocr_carea' id='block_1_46' title="bbox 589 4357 2137 4431">
    <p class='ocr_par' dir='ltr' id='par_1_46' title="bbox 589 4357 2137 4431">
     <span class='ocr_line' id='line_1_46' title="bbox 589 4357 2137 4431; baseline 0.001 -19"><span class='ocrx_word' id='word_1_280' title='bbox 589 4373 762 4421; x_wconf 88' lang='lat' dir='ltr'><strong>secro,</strong></span> <span class='ocrx_word' id='word_1_281' title='bbox 798 4357 1223 4431; x_wconf 77' lang='lat' dir='ltr'><strong>circumvallavit</strong></span> <span class='ocrx_word' id='word_1_282' title='bbox 1247 4357 1604 4426; x_wconf 69' lang='lat' dir='ltr'><strong>urbemiqui,</strong></span> <span class='ocrx_word' id='word_1_283' title='bbox 1640 4359 1741 4413; x_wconf 85' lang='lat' dir='ltr'><strong>nisi</strong></span> <span class='ocrx_word' id='word_1_284' title='bbox 1767 4360 1949 4428; x_wconf 87' lang='lat' dir='ltr'><strong>periidi</strong></span> <span class='ocrx_word' id='word_1_285' title='bbox 1976 4360 2137 4413; x_wconf 80' lang='lat' dir='ltr'><strong>Chri-</strong></span> 
     </span>
    </p>
   </div>
   <div class='ocr_carea' id='block_1_47' title="bbox 589 4445 2135 4525">
    <p class='ocr_par' dir='ltr' id='par_1_47' title="bbox 589 4445 2135 4525">
     <span class='ocr_line' id='line_1_47' title="bbox 589 4445 2135 4525; baseline 0 -23"><span class='ocrx_word' id='word_1_286' title='bbox 589 4448 749 4502; x_wconf 83' lang='lat' dir='ltr'><strong>stiani</strong></span> <span class='ocrx_word' id='word_1_287' title='bbox 771 4445 1073 4525; x_wconf 69' lang='lat' dir='ltr'><strong>instruxere</strong></span> <span class='ocrx_word' id='word_1_288' title='bbox 1095 4447 1358 4502; x_wconf 80' lang='lat' dir='ltr'><strong>Teturosi</strong></span> <span class='ocrx_word' id='word_1_289' title='bbox 1388 4448 1560 4503; x_wconf 79' lang='lat' dir='ltr'><strong>Testis</strong></span> <span class='ocrx_word' id='word_1_290' title='bbox 1587 4463 1729 4512; x_wconf 91' lang='lat' dir='ltr'><strong>sum,</strong></span> <span class='ocrx_word' id='word_1_291' title='bbox 1766 4449 1904 4518; x_wconf 90' lang='lat' dir='ltr'><strong>quod</strong></span> <span class='ocrx_word' id='word_1_292' title='bbox 1935 4447 2102 4505; x_wconf 67' lang='lat' dir='ltr'><strong>Graeci</strong></span> <span class='ocrx_word' id='word_1_293' title='bbox 2121 4489 2135 4510; x_wconf 90' lang='lat'><strong>,</strong></span> 
     </span>
    </p>
   </div>
   <div class='ocr_carea' id='block_1_48' title="bbox 2205 628 3748 691">
    <p class='ocr_par' dir='ltr' id='par_1_48' title="bbox 2205 628 3748 691">
     <span class='ocr_line' id='line_1_48' title="bbox 2205 628 3748 691; baseline 0.001 -10"><span class='ocrx_word' id='word_1_294' title='bbox 2205 628 2406 691; x_wconf 86' lang='lat' dir='ltr'><strong>ctabat,</strong></span> <span class='ocrx_word' id='word_1_295' title='bbox 2470 643 2536 681; x_wconf 89' lang='lat' dir='ltr'><strong>ne</strong></span> <span class='ocrx_word' id='word_1_296' title='bbox 2608 629 2828 684; x_wconf 85' lang='lat' dir='ltr'><strong>tristitia</strong></span> <span class='ocrx_word' id='word_1_297' title='bbox 2885 630 2938 684; x_wconf 92' lang='lat' dir='ltr'><strong>in</strong></span> <span class='ocrx_word' id='word_1_298' title='bbox 2999 640 3145 684; x_wconf 88' lang='lat' dir='ltr'><strong>tanto</strong></span> <span class='ocrx_word' id='word_1_299' title='bbox 3214 629 3508 684; x_wconf 80' lang='lat' dir='ltr'><strong>certamine</strong></span> <span class='ocrx_word' id='word_1_300' title='bbox 3575 629 3748 683; x_wconf 72' lang='lat' dir='ltr'><strong>adice-</strong></span> 
     </span>
    </p>
   </div>
   <div class='ocr_carea' id='block_1_49' title="bbox 2206 720 3751 811">
    <p class='ocr_par' dir='ltr' id='par_1_49' title="bbox 2206 720 3751 811">
     <span class='ocr_line' id='line_1_49' title="bbox 2206 720 3751 811; baseline 0.002 -40"><span class='ocrx_word' id='word_1_301' title='bbox 2206 727 2376 782; x_wconf 87' lang='lat' dir='ltr'><strong>retur,</strong></span> <span class='ocrx_word' id='word_1_302' title='bbox 2438 720 2604 790; x_wconf 80' lang='lat' dir='ltr'><strong>jussit</strong></span> <span class='ocrx_word' id='word_1_303' title='bbox 2666 737 2788 776; x_wconf 73' lang='lat' dir='ltr'><strong>mos</strong></span> <span class='ocrx_word' id='word_1_304' title='bbox 2849 721 3010 775; x_wconf 86' lang='lat' dir='ltr'><strong>aliam</strong></span> <span class='ocrx_word' id='word_1_305' title='bbox 3065 722 3220 788; x_wconf 79' lang='lat' dir='ltr'><strong>longe</strong></span> <span class='ocrx_word' id='word_1_306' title='bbox 3282 720 3506 811; x_wconf 60' lang='lat' dir='ltr'><strong>majqris</strong></span> <span class='ocrx_word' id='word_1_307' title='bbox 3569 720 3751 774; x_wconf 67' lang='lat' dir='ltr'><strong>forma:</strong></span> 
     </span>
    </p>
   </div>
   <div class='ocr_carea' id='block_1_50' title="bbox 2205 811 3752 882">
    <p class='ocr_par' dir='ltr' id='par_1_50' title="bbox 2205 811 3752 882">
     <span class='ocr_line' id='line_1_50' title="bbox 2205 811 3752 882; baseline 0.002 -18"><span class='ocrx_word' id='word_1_308' title='bbox 2205 811 2471 866; x_wconf 84' lang='lat' dir='ltr'><strong>conﬂari:</strong></span> <span class='ocrx_word' id='word_1_309' title='bbox 2531 829 2716 882; x_wconf 85' lang='lat' dir='ltr'><strong>quam,</strong></span> <span class='ocrx_word' id='word_1_310' title='bbox 2762 822 2818 868; x_wconf 90' lang='lat' dir='ltr'><strong>ut</strong></span> <span class='ocrx_word' id='word_1_311' title='bbox 2873 815 3045 879; x_wconf 88' lang='lat' dir='ltr'><strong>aiunt,</strong></span> <span class='ocrx_word' id='word_1_312' title='bbox 3093 813 3362 867; x_wconf 86' lang='lat' dir='ltr'><strong>industria</strong></span> <span class='ocrx_word' id='word_1_313' title='bbox 3437 812 3752 867; x_wconf 76' lang='lat' dir='ltr'><strong>Calibasciae</strong></span> 
     </span>
    </p>
   </div>
   <div class='ocr_carea' id='block_1_51' title="bbox 2207 898 3749 980">
    <p class='ocr_par' dir='ltr' id='par_1_51' title="bbox 2207 898 3749 980">
     <span class='ocr_line' id='line_1_51' title="bbox 2207 898 3749 980; baseline 0.003 -30"><span class='ocrx_word' id='word_1_314' title='bbox 2207 900 2509 955; x_wconf 87' lang='lat' dir='ltr'><strong>consularis</strong></span> <span class='ocrx_word' id='word_1_315' title='bbox 2573 898 3015 980; x_wconf 33' lang='lat' dir='ltr'><strong>Qaronis‘amici</strong></span> <span class='ocrx_word' id='word_1_316' title='bbox 3077 901 3293 962; x_wconf 85' lang='lat' dir='ltr'><strong>artifex,</strong></span> <span class='ocrx_word' id='word_1_317' title='bbox 3361 915 3635 968; x_wconf 78' lang='lat' dir='ltr'><strong>nunquam</strong></span> <span class='ocrx_word' id='word_1_318' title='bbox 3688 904 3749 954; x_wconf 84' lang='lat' dir='ltr'><strong>ad</strong></span> 
     </span>
    </p>
   </div>
   <div class='ocr_carea' id='block_1_52' title="bbox 2206 989 3750 1056">
    <p class='ocr_par' dir='ltr' id='par_1_52' title="bbox 2206 989 3750 1056">
     <span class='ocr_line' id='line_1_52' title="bbox 2206 989 3750 1056; baseline 0.003 -15"><span class='ocrx_word' id='word_1_319' title='bbox 2206 989 2500 1056; x_wconf 82' lang='lat' dir='ltr'><strong>perfecmm</strong></span> <span class='ocrx_word' id='word_1_320' title='bbox 2558 993 2834 1056; x_wconf 80' lang='lat' dir='ltr'><strong>cenduxit,</strong></span> <span class='ocrx_word' id='word_1_321' title='bbox 2869 993 2988 1048; x_wconf 86' lang='lat' dir='ltr'><strong>aliis</strong></span> <span class='ocrx_word' id='word_1_322' title='bbox 3039 991 3398 1047; x_wconf 78' lang='lat' dir='ltr'><strong>mediocribus</strong></span> <span class='ocrx_word' id='word_1_323' title='bbox 3452 992 3750 1045; x_wconf 86' lang='lat' dir='ltr'><strong>innumeris</strong></span> 
     </span>
    </p>
   </div>
   <div class='ocr_carea' id='block_1_53' title="bbox 2209 1081 3755 1154">
    <p class='ocr_par' dir='ltr' id='par_1_53' title="bbox 2209 1081 3755 1154">
     <span class='ocr_line' id='line_1_53' title="bbox 2209 1081 3755 1154; baseline 0.001 -22"><span class='ocrx_word' id='word_1_324' title='bbox 2209 1081 2465 1134; x_wconf 82' lang='lat' dir='ltr'><strong>collidere</strong></span> <span class='ocrx_word' id='word_1_325' title='bbox 2530 1083 2716 1154; x_wconf 80' lang='lat' dir='ltr'><strong>urbem</strong></span> <span class='ocrx_word' id='word_1_326' title='bbox 2771 1083 3427 1151; x_wconf 85' lang='lat' dir='ltr'><strong>machinistmdeqttaque</strong></span> <span class='ocrx_word' id='word_1_327' title='bbox 3481 1083 3755 1137; x_wconf 81' lang='lat' dir='ltr'><strong>conaban-</strong></span> 
     </span>
    </p>
   </div>
   <div class='ocr_carea' id='block_1_54' title="bbox 2209 1170 3753 1241">
    <p class='ocr_par' dir='ltr' id='par_1_54' title="bbox 2209 1170 3753 1241">
     <span class='ocr_line' id='line_1_54' title="bbox 2209 1170 3753 1241; baseline 0.004 -21"><span class='ocrx_word' id='word_1_328' title='bbox 2209 1177 2317 1222; x_wconf 91' lang='lat' dir='ltr'><strong>tur.</strong></span> <span class='ocrx_word' id='word_1_329' title='bbox 2384 1170 2616 1239; x_wconf 88' lang='lat' dir='ltr'><strong>Sclopis,</strong></span> <span class='ocrx_word' id='word_1_330' title='bbox 2693 1173 3015 1241; x_wconf 80' lang='lat' dir='ltr'><strong>spingardis,</strong></span> <span class='ocrx_word' id='word_1_331' title='bbox 3085 1174 3475 1236; x_wconf 84' lang='lat' dir='ltr'><strong>zarbathanis,</strong></span> <span class='ocrx_word' id='word_1_332' title='bbox 3539 1173 3753 1237; x_wconf 79' lang='lat' dir='ltr'><strong>fundis,</strong></span> 
     </span>
    </p>
   </div>
   <div class='ocr_carea' id='block_1_55' title="bbox 2209 1256 3846 1336">
    <p class='ocr_par' dir='ltr' id='par_1_55' title="bbox 2209 1256 3846 1336">
     <span class='ocr_line' id='line_1_55' title="bbox 2209 1256 3846 1336; baseline -0.001 -22"><span class='ocrx_word' id='word_1_333' title='bbox 2209 1261 2420 1330; x_wconf 89' lang='lat' dir='ltr'><strong>sagittis</strong></span> <span class='ocrx_word' id='word_1_334' title='bbox 2469 1264 2582 1316; x_wconf 88' lang='lat' dir='ltr'><strong>dies</strong></span> <span class='ocrx_word' id='word_1_335' title='bbox 2649 1274 2942 1336; x_wconf 85' lang='lat' dir='ltr'><strong>noctesque</strong></span> <span class='ocrx_word' id='word_1_336' title='bbox 3003 1279 3184 1319; x_wconf 90' lang='lat' dir='ltr'><strong>muros</strong></span> <span class='ocrx_word' id='word_1_337' title='bbox 3254 1264 3613 1331; x_wconf 71' lang='lat' dir='ltr'><strong>hominesque</strong></span> <span class='ocrx_word' id='word_1_338' title='bbox 3659 1278 3754 1315; x_wconf 86' lang='lat' dir='ltr'><strong>no-</strong></span> <span class='ocrx_word' id='word_1_339' title='bbox 3843 1256 3846 1257; x_wconf 52' lang='grc'><strong><em>⁷</em></strong></span> 
     </span>
    </p>
   </div>
   <div class='ocr_carea' id='block_1_56' title="bbox 2210 1353 3754 1422">
    <p class='ocr_par' dir='ltr' id='par_1_56' title="bbox 2210 1353 3754 1422">
     <span class='ocr_line' id='line_1_56' title="bbox 2210 1353 3754 1422; baseline -0.001 -16"><span class='ocrx_word' id='word_1_340' title='bbox 2210 1362 2353 1407; x_wconf 79' lang='lat' dir='ltr'><strong>sti-os</strong></span> <span class='ocrx_word' id='word_1_341' title='bbox 2425 1354 2690 1407; x_wconf 79' lang='lat' dir='ltr'><strong>vexabant</strong></span> <span class='ocrx_word' id='word_1_342' title='bbox 2735 1359 3174 1422; x_wconf 17' lang='lat' dir='ltr'><strong>.mactabantque.</strong></span> <span class='ocrx_word' id='word_1_343' title='bbox 3227 1353 3568 1408; x_wconf 84' lang='lat' dir='ltr'><strong>Existimavit</strong></span> <span class='ocrx_word' id='word_1_344' title='bbox 3617 1354 3754 1406; x_wconf 88' lang='lat' dir='ltr'><strong>enim</strong></span> 
     </span>
    </p>
   </div>
   <div class='ocr_carea' id='block_1_57' title="bbox 2212 1442 3756 1513">
    <p class='ocr_par' dir='ltr' id='par_1_57' title="bbox 2212 1442 3756 1513">
     <span class='ocr_line' id='line_1_57' title="bbox 2212 1442 3756 1513; baseline 0.001 -18"><span class='ocrx_word' id='word_1_345' title='bbox 2212 1442 2384 1498; x_wconf 91' lang='lat' dir='ltr'><strong>hostis</strong></span> <span class='ocrx_word' id='word_1_346' title='bbox 2427 1444 2764 1500; x_wconf 82' lang='lat' dir='ltr'><strong>Christianos</strong></span> <span class='ocrx_word' id='word_1_347' title='bbox 2800 1460 2921 1499; x_wconf 88' lang='lat' dir='ltr'><strong>esse</strong></span> <span class='ocrx_word' id='word_1_348' title='bbox 2950 1459 3169 1512; x_wconf 87' lang='lat' dir='ltr'><strong>paucos,</strong></span> <span class='ocrx_word' id='word_1_349' title='bbox 3198 1460 3333 1513; x_wconf 87' lang='lat' dir='ltr'><strong>quos</strong></span> <span class='ocrx_word' id='word_1_350' title='bbox 3360 1445 3578 1498; x_wconf 84' lang='lat' dir='ltr'><strong>assidua</strong></span> <span class='ocrx_word' id='word_1_351' title='bbox 3633 1460 3756 1512; x_wconf 86' lang='lat' dir='ltr'><strong>pro-</strong></span> 
     </span>
    </p>
   </div>
   <div class='ocr_carea' id='block_1_58' title="bbox 2214 1533 3755 1604">
    <p class='ocr_par' dir='ltr' id='par_1_58' title="bbox 2214 1533 3755 1604">
     <span class='ocr_line' id='line_1_58' title="bbox 2214 1533 3755 1604; baseline 0.003 -20"><span class='ocrx_word' id='word_1_352' title='bbox 2214 1540 2381 1587; x_wconf 85' lang='lat' dir='ltr'><strong>tratos</strong></span> <span class='ocrx_word' id='word_1_353' title='bbox 2413 1533 2769 1602; x_wconf 81' lang='lat' dir='ltr'><strong>fatigatosque</strong></span> <span class='ocrx_word' id='word_1_354' title='bbox 2823 1551 3000 1604; x_wconf 81' lang='lat' dir='ltr'><strong>pugna</strong></span> <span class='ocrx_word' id='word_1_355' title='bbox 3041 1537 3222 1589; x_wconf 88' lang='lat' dir='ltr'><strong>urbem</strong></span> <span class='ocrx_word' id='word_1_356' title='bbox 3267 1537 3401 1588; x_wconf 89' lang='lat' dir='ltr'><strong>tueri</strong></span> <span class='ocrx_word' id='word_1_357' title='bbox 3445 1552 3547 1588; x_wconf 91' lang='lat' dir='ltr'><strong>non</strong></span> <span class='ocrx_word' id='word_1_358' title='bbox 3585 1551 3755 1604; x_wconf 85' lang='lat' dir='ltr'><strong>posse.</strong></span> 
     </span>
    </p>
   </div>
   <div class='ocr_carea' id='block_1_59' title="bbox 2211 1620 3761 1694">
    <p class='ocr_par' dir='ltr' id='par_1_59' title="bbox 2211 1620 3761 1694">
     <span class='ocr_line' id='line_1_59' title="bbox 2211 1620 3761 1694; baseline 0.003 -20"><span class='ocrx_word' id='word_1_359' title='bbox 2211 1620 2576 1690; x_wconf 87' lang='lat' dir='ltr'><strong>lgnominiose</strong></span> <span class='ocrx_word' id='word_1_360' title='bbox 2600 1623 2761 1691; x_wconf 78' lang='lat' dir='ltr'><strong>igitur</strong></span> <span class='ocrx_word' id='word_1_361' title='bbox 2789 1624 2985 1678; x_wconf 89' lang='lat' dir='ltr'><strong>factum</strong></span> <span class='ocrx_word' id='word_1_362' title='bbox 3031 1624 3150 1687; x_wconf 74' lang='lat' dir='ltr'><strong>est,</strong></span> <span class='ocrx_word' id='word_1_363' title='bbox 3185 1635 3240 1677; x_wconf 91' lang='lat' dir='ltr'><strong>ut</strong></span> <span class='ocrx_word' id='word_1_364' title='bbox 3278 1625 3448 1694; x_wconf 91' lang='lat' dir='ltr'><strong>primo</strong></span> <span class='ocrx_word' id='word_1_365' title='bbox 3485 1626 3588 1677; x_wconf 81' lang='lat' dir='ltr'><strong>ilio</strong></span> <span class='ocrx_word' id='word_1_366' title='bbox 3635 1642 3761 1678; x_wconf 79' lang='lat' dir='ltr'><strong>cou-</strong></span> 
     </span>
    </p>
   </div>
   <div class='ocr_carea' id='block_1_60' title="bbox 2215 1704 3762 1780">
    <p class='ocr_par' dir='ltr' id='par_1_60' title="bbox 2215 1704 3762 1780">
     <span class='ocr_line' id='line_1_60' title="bbox 2215 1704 3762 1780; baseline 0.003 -17"><span class='ocrx_word' id='word_1_367' title='bbox 2215 1728 2429 1780; x_wconf 65' lang='lat' dir='ltr'><strong>gressy,</strong></span> <span class='ocrx_word' id='word_1_368' title='bbox 2463 1704 2657 1766; x_wconf 78' lang='lat' dir='ltr'><strong>Teucri</strong></span> <span class='ocrx_word' id='word_1_369' title='bbox 2686 1713 3023 1768; x_wconf 87' lang='lat' dir='ltr'><strong>obstaculum</strong></span> <span class='ocrx_word' id='word_1_370' title='bbox 3062 1731 3165 1768; x_wconf 89' lang='lat' dir='ltr'><strong>non</strong></span> <span class='ocrx_word' id='word_1_371' title='bbox 3209 1714 3530 1777; x_wconf 72' lang='lat' dir='ltr'><strong>invenerint.</strong></span> <span class='ocrx_word' id='word_1_372' title='bbox 3587 1715 3654 1766; x_wconf 59' lang='lat' dir='ltr'><strong>Art</strong></span> <span class='ocrx_word' id='word_1_373' title='bbox 3711 1715 3762 1768; x_wconf 87' lang='lat' dir='ltr'><strong>in</strong></span> 
     </span>
    </p>
   </div>
   <div class='ocr_carea' id='block_1_61' title="bbox 2216 1799 3762 1878">
    <p class='ocr_par' dir='ltr' id='par_1_61' title="bbox 2216 1799 3762 1878">
     <span class='ocr_line' id='line_1_61' title="bbox 2216 1799 3762 1878; baseline 0 -21"><span class='ocrx_word' id='word_1_374' title='bbox 2216 1805 2332 1857; x_wconf 86' lang='lat' dir='ltr'><strong>dies</strong></span> <span class='ocrx_word' id='word_1_375' title='bbox 2363 1806 2628 1858; x_wconf 79' lang='lat' dir='ltr'><strong>doctiores</strong></span> <span class='ocrx_word' id='word_1_376' title='bbox 2649 1807 2819 1858; x_wconf 86' lang='lat' dir='ltr'><strong>nostri</strong></span> <span class='ocrx_word' id='word_1_377' title='bbox 2851 1799 3005 1870; x_wconf 84' lang='lat' dir='ltr'><strong>facti,</strong></span> <span class='ocrx_word' id='word_1_378' title='bbox 3045 1820 3297 1874; x_wconf 86' lang='lat' dir='ltr'><strong>paravere</strong></span> <span class='ocrx_word' id='word_1_379' title='bbox 3351 1815 3536 1858; x_wconf 80' lang='lat' dir='ltr'><strong>contra</strong></span> <span class='ocrx_word' id='word_1_380' title='bbox 3588 1806 3762 1878; x_wconf 68' lang='lat' dir='ltr'><strong>hostes</strong></span> 
     </span>
    </p>
   </div>
   <div class='ocr_carea' id='block_1_62' title="bbox 2225 1885 3762 1964">
    <p class='ocr_par' dir='ltr' id='par_1_62' title="bbox 2225 1885 3762 1964">
     <span class='ocr_line' id='line_1_62' title="bbox 2225 1885 3762 1964; baseline 0.002 -18"><span class='ocrx_word' id='word_1_381' title='bbox 2225 1896 2672 1959; x_wconf 85' lang='lat' dir='ltr'><strong>machinamenta,</strong></span> <span class='ocrx_word' id='word_1_382' title='bbox 2698 1885 2813 1964; x_wconf 68' lang='lat' dir='ltr'><strong>qua:</strong></span> <span class='ocrx_word' id='word_1_383' title='bbox 2840 1904 3013 1949; x_wconf 89' lang='lat' dir='ltr'><strong>tamen</strong></span> <span class='ocrx_word' id='word_1_384' title='bbox 3046 1911 3204 1949; x_wconf 86' lang='lat' dir='ltr'><strong>avare</strong></span> <span class='ocrx_word' id='word_1_385' title='bbox 3237 1895 3522 1949; x_wconf 84' lang='lat' dir='ltr'><strong>dabantur.</strong></span> <span class='ocrx_word' id='word_1_386' title='bbox 3582 1892 3762 1949; x_wconf 80' lang='lat' dir='ltr'><strong>Pulvis</strong></span> 
     </span>
    </p>
   </div>
   <div class='ocr_carea' id='block_1_63' title="bbox 2222 1985 3763 2053">
    <p class='ocr_par' dir='ltr' id='par_1_63' title="bbox 2222 1985 3763 2053">
     <span class='ocr_line' id='line_1_63' title="bbox 2222 1985 3763 2053; baseline -0.001 -15"><span class='ocrx_word' id='word_1_387' title='bbox 2222 1996 2337 2038; x_wconf 84' lang='lat' dir='ltr'><strong>erat</strong></span> <span class='ocrx_word' id='word_1_388' title='bbox 2361 1987 2481 2040; x_wconf 89' lang='lat' dir='ltr'><strong>uitri</strong></span> <span class='ocrx_word' id='word_1_389' title='bbox 2511 1986 2773 2048; x_wconf 86' lang='lat' dir='ltr'><strong>modicus,</strong></span> <span class='ocrx_word' id='word_1_390' title='bbox 2791 1987 3037 2053; x_wconf 76' lang='lat' dir='ltr'><strong>exiguus,</strong></span> <span class='ocrx_word' id='word_1_391' title='bbox 3060 1986 3431 2041; x_wconf 78' lang='lat' dir='ltr'><strong>telamodica:</strong></span> <span class='ocrx_word' id='word_1_392' title='bbox 3461 1985 3763 2039; x_wconf 64' lang='lat' dir='ltr'><strong>bombardm</strong></span> 
     </span>
    </p>
   </div>
   <div class='ocr_carea' id='block_1_64' title="bbox 2223 2070 3763 2147">
    <p class='ocr_par' dir='ltr' id='par_1_64' title="bbox 2223 2070 3763 2147">
     <span class='ocr_line' id='line_1_64' title="bbox 2223 2070 3763 2147; baseline 0 -19"><span class='ocrx_word' id='word_1_393' title='bbox 2223 2077 2266 2130; x_wconf 83' lang='lat' dir='ltr'><strong>si</strong></span> <span class='ocrx_word' id='word_1_394' title='bbox 2299 2070 2545 2144; x_wconf 71' lang='lat' dir='ltr'><strong>aderant,</strong></span> <span class='ocrx_word' id='word_1_395' title='bbox 2579 2078 3019 2132; x_wconf 85' lang='lat' dir='ltr'><strong>incommoditate</strong></span> <span class='ocrx_word' id='word_1_396' title='bbox 3055 2077 3157 2132; x_wconf 86' lang='lat' dir='ltr'><strong>ioci</strong></span> <span class='ocrx_word' id='word_1_397' title='bbox 3207 2077 3436 2147; x_wconf 90' lang='lat' dir='ltr'><strong>primum</strong></span> <span class='ocrx_word' id='word_1_398' title='bbox 3473 2078 3658 2132; x_wconf 69' lang='lat' dir='ltr'><strong>hostes</strong></span> <span class='ocrx_word' id='word_1_399' title='bbox 3683 2077 3763 2131; x_wconf 90' lang='lat' dir='ltr'><strong>of-</strong></span> 
     </span>
    </p>
   </div>
   <div class='ocr_carea' id='block_1_65' title="bbox 2225 2164 3760 2236">
    <p class='ocr_par' dir='ltr' id='par_1_65' title="bbox 2225 2164 3760 2236">
     <span class='ocr_line' id='line_1_65' title="bbox 2225 2164 3760 2236; baseline -0.002 -18"><span class='ocrx_word' id='word_1_400' title='bbox 2225 2167 2463 2231; x_wconf 87' lang='lat' dir='ltr'><strong>fendere,</strong></span> <span class='ocrx_word' id='word_1_401' title='bbox 2487 2168 2824 2221; x_wconf 77' lang='lat' dir='ltr'><strong>maceriebus</strong></span> <span class='ocrx_word' id='word_1_402' title='bbox 2849 2166 3119 2235; x_wconf 84' lang='lat' dir='ltr'><strong>alveisque</strong></span> <span class='ocrx_word' id='word_1_403' title='bbox 3140 2164 3331 2229; x_wconf 88' lang='lat' dir='ltr'><strong>tectos,</strong></span> <span class='ocrx_word' id='word_1_404' title='bbox 3353 2183 3457 2220; x_wconf 81' lang='lat' dir='ltr'><strong>non</strong></span> <span class='ocrx_word' id='word_1_405' title='bbox 3493 2177 3760 2236; x_wconf 82' lang='lat' dir='ltr'><strong>poterant.</strong></span> 
     </span>
    </p>
   </div>
   <div class='ocr_carea' id='block_1_66' title="bbox 2225 2255 3764 2327">
    <p class='ocr_par' dir='ltr' id='par_1_66' title="bbox 2225 2255 3764 2327">
     <span class='ocr_line' id='line_1_66' title="bbox 2225 2255 3764 2327; baseline -0.003 -17"><span class='ocrx_word' id='word_1_406' title='bbox 2225 2257 2359 2310; x_wconf 85' lang='lat' dir='ltr'><strong>Nam</strong></span> <span class='ocrx_word' id='word_1_407' title='bbox 2393 2255 2439 2311; x_wconf 88' lang='lat' dir='ltr'><strong>si</strong></span> <span class='ocrx_word' id='word_1_408' title='bbox 2468 2272 2589 2326; x_wconf 65' lang='lat' dir='ltr'><strong>quae</strong></span> <span class='ocrx_word' id='word_1_409' title='bbox 2617 2269 2834 2327; x_wconf 56' lang='lat' dir='ltr'><strong>magna</strong></span> <span class='ocrx_word' id='word_1_410' title='bbox 2859 2257 3036 2321; x_wconf 76' lang='lat' dir='ltr'><strong>erant,</strong></span> <span class='ocrx_word' id='word_1_411' title='bbox 3069 2271 3134 2312; x_wconf 86' lang='lat' dir='ltr'><strong>nc</strong></span> <span class='ocrx_word' id='word_1_412' title='bbox 3163 2271 3351 2310; x_wconf 80' lang='lat' dir='ltr'><strong>murus</strong></span> <span class='ocrx_word' id='word_1_413' title='bbox 3382 2256 3764 2310; x_wconf 76' lang='lat' dir='ltr'><strong>concuteretur</strong></span> 
     </span>
    </p>
   </div>
   <div class='ocr_carea' id='block_1_67' title="bbox 2224 2344 3764 2421">
    <p class='ocr_par' dir='ltr' id='par_1_67' title="bbox 2224 2344 3764 2421">
     <span class='ocr_line' id='line_1_67' title="bbox 2224 2344 3764 2421; baseline -0.003 -18"><span class='ocrx_word' id='word_1_414' title='bbox 2224 2362 2447 2418; x_wconf 72' lang='lat' dir='ltr'><strong>uoster,</strong></span> <span class='ocrx_word' id='word_1_415' title='bbox 2470 2344 2857 2421; x_wconf 88' lang='lat' dir='ltr'><strong>quiescebant:</strong></span> <span class='ocrx_word' id='word_1_416' title='bbox 2889 2350 3156 2405; x_wconf 88' lang='lat' dir='ltr'><strong>interdum</strong></span> <span class='ocrx_word' id='word_1_417' title='bbox 3183 2349 3236 2404; x_wconf 85' lang='lat' dir='ltr'><strong>in</strong></span> <span class='ocrx_word' id='word_1_418' title='bbox 3269 2364 3474 2403; x_wconf 88' lang='lat' dir='ltr'><strong>cuneos</strong></span> <span class='ocrx_word' id='word_1_419' title='bbox 3528 2350 3764 2403; x_wconf 82' lang='lat' dir='ltr'><strong>hostium</strong></span> 
     </span>
    </p>
   </div>
   <div class='ocr_carea' id='block_1_68' title="bbox 2223 2437 3765 2511">
    <p class='ocr_par' dir='ltr' id='par_1_68' title="bbox 2223 2437 3765 2511">
     <span class='ocr_line' id='line_1_68' title="bbox 2223 2437 3765 2511; baseline -0.004 -11"><span class='ocrx_word' id='word_1_420' title='bbox 2223 2444 2458 2511; x_wconf 66' lang='lat' dir='ltr'><strong>emissae,</strong></span> <span class='ocrx_word' id='word_1_421' title='bbox 2483 2451 2534 2499; x_wconf 87' lang='lat' dir='ltr'><strong>et</strong></span> <span class='ocrx_word' id='word_1_422' title='bbox 2550 2442 2812 2505; x_wconf 84' lang='lat' dir='ltr'><strong>homines,</strong></span> <span class='ocrx_word' id='word_1_423' title='bbox 2839 2450 2891 2498; x_wconf 93' lang='lat' dir='ltr'><strong>et</strong></span> <span class='ocrx_word' id='word_1_424' title='bbox 2915 2437 3148 2498; x_wconf 85' lang='lat' dir='ltr'><strong>tentoria</strong></span> <span class='ocrx_word' id='word_1_425' title='bbox 3168 2444 3626 2497; x_wconf 79' lang='lat' dir='ltr'><strong>exterminahant.</strong></span> <span class='ocrx_word' id='word_1_426' title='bbox 3653 2439 3765 2494; x_wconf 83' lang='lat' dir='ltr'><strong>Non</strong></span> 
     </span>
    </p>
   </div>
   <div class='ocr_carea' id='block_1_69' title="bbox 2223 2534 3768 2605">
    <p class='ocr_par' dir='ltr' id='par_1_69' title="bbox 2223 2534 3768 2605">
     <span class='ocr_line' id='line_1_69' title="bbox 2223 2534 3768 2605; baseline -0.003 -16"><span class='ocrx_word' id='word_1_427' title='bbox 2223 2538 2368 2592; x_wconf 85' lang='lat' dir='ltr'><strong>enim</strong></span> <span class='ocrx_word' id='word_1_428' title='bbox 2402 2537 2456 2591; x_wconf 92' lang='lat' dir='ltr'><strong>in</strong></span> <span class='ocrx_word' id='word_1_429' title='bbox 2477 2552 2672 2591; x_wconf 90' lang='lat' dir='ltr'><strong>vanum</strong></span> <span class='ocrx_word' id='word_1_430' title='bbox 2702 2536 3059 2605; x_wconf 79' lang='lat' dir='ltr'><strong>iaciebantur,</strong></span> <span class='ocrx_word' id='word_1_431' title='bbox 3089 2549 3226 2598; x_wconf 85' lang='lat' dir='ltr'><strong>quas</strong></span> <span class='ocrx_word' id='word_1_432' title='bbox 3259 2535 3425 2588; x_wconf 87' lang='lat' dir='ltr'><strong>illisas</strong></span> <span class='ocrx_word' id='word_1_433' title='bbox 3459 2534 3646 2586; x_wconf 85' lang='lat' dir='ltr'><strong>hostes</strong></span> <span class='ocrx_word' id='word_1_434' title='bbox 3675 2534 3768 2584; x_wconf 81' lang='lat' dir='ltr'><strong>de-</strong></span> 
     </span>
    </p>
   </div>
   <div class='ocr_carea' id='block_1_70' title="bbox 2226 2610 3762 2697">
    <p class='ocr_par' dir='ltr' id='par_1_70' title="bbox 2226 2610 3762 2697">
     <span class='ocr_line' id='line_1_70' title="bbox 2226 2610 3762 2697; baseline -0.005 -15"><span class='ocrx_word' id='word_1_435' title='bbox 2226 2629 2428 2682; x_wconf 90' lang='lat' dir='ltr'><strong>clinare</strong></span> <span class='ocrx_word' id='word_1_436' title='bbox 2453 2643 2560 2682; x_wconf 92' lang='lat' dir='ltr'><strong>non</strong></span> <span class='ocrx_word' id='word_1_437' title='bbox 2612 2635 2878 2697; x_wconf 90' lang='lat' dir='ltr'><strong>poterant.</strong></span> <span class='ocrx_word' id='word_1_438' title='bbox 2903 2627 3087 2694; x_wconf 89' lang='lat' dir='ltr'><strong>Itaque</strong></span> <span class='ocrx_word' id='word_1_439' title='bbox 3130 2625 3393 2679; x_wconf 90' lang='lat' dir='ltr'><strong>cadebant</strong></span> <span class='ocrx_word' id='word_1_440' title='bbox 3437 2610 3645 2676; x_wconf 80' lang='lat' dir='ltr'><strong>Teucri</strong></span> <span class='ocrx_word' id='word_1_441' title='bbox 3675 2624 3762 2677; x_wconf 90' lang='lat' dir='ltr'><strong>icti</strong></span> 
     </span>
    </p>
   </div>
   <div class='ocr_carea' id='block_1_71' title="bbox 2227 2708 3764 2788">
    <p class='ocr_par' dir='ltr' id='par_1_71' title="bbox 2227 2708 3764 2788">
     <span class='ocr_line' id='line_1_71' title="bbox 2227 2708 3764 2788; baseline -0.004 -14"><span class='ocrx_word' id='word_1_442' title='bbox 2227 2720 2391 2775; x_wconf 65' lang='lat' dir='ltr'><strong>aeneis</strong></span> <span class='ocrx_word' id='word_1_443' title='bbox 2409 2717 2526 2774; x_wconf 86' lang='lat' dir='ltr'><strong>telis</strong></span> <span class='ocrx_word' id='word_1_444' title='bbox 2544 2717 2933 2788; x_wconf 90' lang='lat' dir='ltr'><strong>lapidibusque.</strong></span> <span class='ocrx_word' id='word_1_445' title='bbox 2951 2708 3381 2770; x_wconf 75' lang='lat' dir='ltr'><strong>Vulnerabautur</strong></span> <span class='ocrx_word' id='word_1_446' title='bbox 3398 2717 3625 2770; x_wconf 81' lang='lat' dir='ltr'><strong>etnostri</strong></span> <span class='ocrx_word' id='word_1_447' title='bbox 3645 2733 3657 2769; x_wconf 72' lang='grc' dir='ltr'><strong>ε</strong></span> <span class='ocrx_word' id='word_1_448' title='bbox 3677 2716 3764 2784; x_wconf 80' lang='lat' dir='ltr'><strong>qui</strong></span> 
     </span>
    </p>
   </div>
   <div class='ocr_carea' id='block_1_72' title="bbox 2233 2801 3768 2882">
    <p class='ocr_par' dir='ltr' id='par_1_72' title="bbox 2233 2801 3768 2882">
     <span class='ocr_line' id='line_1_72' title="bbox 2233 2801 3768 2882; baseline -0.004 -18"><span class='ocrx_word' id='word_1_449' title='bbox 2233 2808 2559 2882; x_wconf 86' lang='lat' dir='ltr'><strong>quandoque</strong></span> <span class='ocrx_word' id='word_1_450' title='bbox 2579 2809 2775 2863; x_wconf 86' lang='lat' dir='ltr'><strong>vallum</strong></span> <span class='ocrx_word' id='word_1_451' title='bbox 2802 2806 3161 2874; x_wconf 85' lang='lat' dir='ltr'><strong>egredientes,</strong></span> <span class='ocrx_word' id='word_1_452' title='bbox 3184 2807 3249 2860; x_wconf 88' lang='lat' dir='ltr'><strong>ad</strong></span> <span class='ocrx_word' id='word_1_453' title='bbox 3276 2801 3768 2860; x_wconf 81' lang='lat' dir='ltr'><strong>manus&#39;decertan-</strong></span> 
     </span>
    </p>
   </div>
   <div class='ocr_carea' id='block_1_73' title="bbox 2227 2890 3772 2956">
    <p class='ocr_par' dir='ltr' id='par_1_73' title="bbox 2227 2890 3772 2956">
     <span class='ocr_line' id='line_1_73' title="bbox 2227 2890 3772 2956; baseline -0.003 0"><span class='ocrx_word' id='word_1_454' title='bbox 2227 2912 2310 2956; x_wconf 91' lang='lat' dir='ltr'><strong>tes</strong></span> <span class='ocrx_word' id='word_1_455' title='bbox 2336 2909 2390 2956; x_wconf 86' lang='lat' dir='ltr'><strong>et</strong></span> <span class='ocrx_word' id='word_1_456' title='bbox 2433 2902 2750 2956; x_wconf 86' lang='lat' dir='ltr'><strong>occidebant</strong></span> <span class='ocrx_word' id='word_1_457' title='bbox 2790 2909 2842 2955; x_wconf 90' lang='lat' dir='ltr'><strong>et</strong></span> <span class='ocrx_word' id='word_1_458' title='bbox 2871 2896 3541 2954; x_wconf 61' lang='lat' dir='ltr'><strong>occidebantur.&#39;Victoria</strong></span> <span class='ocrx_word' id='word_1_459' title='bbox 3574 2913 3639 2952; x_wconf 82' lang='lat' dir='ltr'><strong>ex</strong></span> <span class='ocrx_word' id='word_1_460' title='bbox 3669 2890 3772 2952; x_wconf 82' lang='lat' dir='ltr'><strong>hcc</strong></span> 
     </span>
    </p>
   </div>
   <div class='ocr_carea' id='block_1_74' title="bbox 2225 2987 3774 3062">
    <p class='ocr_par' dir='ltr' id='par_1_74' title="bbox 2225 2987 3774 3062">
     <span class='ocr_line' id='line_1_74' title="bbox 2225 2987 3774 3062; baseline -0.006 -15"><span class='ocrx_word' id='word_1_461' title='bbox 2225 2993 2431 3060; x_wconf 67' lang='lat' dir='ltr'><strong>aequius</strong></span> <span class='ocrx_word' id='word_1_462' title='bbox 2471 2991 2750 3062; x_wconf 88' lang='lat' dir='ltr'><strong>tyronibus</strong></span> <span class='ocrx_word' id='word_1_463' title='bbox 2793 2989 3011 3053; x_wconf 88' lang='lat' dir='ltr'><strong>nostris,</strong></span> <span class='ocrx_word' id='word_1_464' title='bbox 3054 2989 3194 3059; x_wconf 86' lang='lat' dir='ltr'><strong>quod</strong></span> <span class='ocrx_word' id='word_1_465' title='bbox 3226 2988 3640 3058; x_wconf 88' lang='lat' dir='ltr'><strong>egrediebantur</strong></span> <span class='ocrx_word' id='word_1_466' title='bbox 3667 2987 3774 3040; x_wconf 85' lang='lat' dir='ltr'><strong>im-</strong></span> 
     </span>
    </p>
   </div>
   <div class='ocr_carea' id='block_1_75' title="bbox 2226 3070 3844 3152">
    <p class='ocr_par' dir='ltr' id='par_1_75' title="bbox 2226 3070 3844 3152">
     <span class='ocr_line' id='line_1_75' title="bbox 2226 3070 3844 3152; baseline -0.002 -17"><span class='ocrx_word' id='word_1_467' title='bbox 2226 3081 2426 3152; x_wconf 89' lang='lat' dir='ltr'><strong>pavidi,</strong></span> <span class='ocrx_word' id='word_1_468' title='bbox 2451 3096 2610 3150; x_wconf 88' lang='lat' dir='ltr'><strong>quam</strong></span> <span class='ocrx_word' id='word_1_469' title='bbox 2635 3079 2857 3136; x_wconf 89' lang='lat' dir='ltr'><strong>Teucris</strong></span> <span class='ocrx_word' id='word_1_470' title='bbox 2877 3074 3129 3134; x_wconf 77' lang='lat' dir='ltr'><strong>dabatur.</strong></span> <span class='ocrx_word' id='word_1_471' title='bbox 3145 3070 3611 3147; x_wconf 72' lang='lat' dir='ltr'><strong>Vcruquuoniam</strong></span> <span class='ocrx_word' id='word_1_472' title='bbox 3636 3071 3778 3131; x_wconf 87' lang='lat' dir='ltr'><strong>malo</strong></span> <span class='ocrx_word' id='word_1_473' title='bbox 3838 3073 3844 3081; x_wconf 84' lang='grc'><strong>’</strong></span> 
     </span>
    </p>
   </div>
   <div class='ocr_carea' id='block_1_76' title="bbox 2149 3165 3774 3255">
    <p class='ocr_par' dir='ltr' id='par_1_76' title="bbox 2149 3165 3774 3255">
     <span class='ocr_line' id='line_1_76' title="bbox 2149 3165 3774 3255; baseline -0.005 -24"><span class='ocrx_word' id='word_1_474' title='bbox 2149 3197 2192 3255; x_wconf 74' lang='grc' dir='ltr'>ο</span> <span class='ocrx_word' id='word_1_475' title='bbox 2227 3176 2337 3231; x_wconf 87' lang='lat' dir='ltr'><strong>fato</strong></span> <span class='ocrx_word' id='word_1_476' title='bbox 2366 3175 2600 3229; x_wconf 83' lang='lat' dir='ltr'><strong>Joannes</strong></span> <span class='ocrx_word' id='word_1_477' title='bbox 2647 3173 2864 3241; x_wconf 87' lang='lat' dir='ltr'><strong>Longus</strong></span> <span class='ocrx_word' id='word_1_478' title='bbox 2893 3169 3201 3234; x_wconf 88' lang='lat' dir='ltr'><strong>Januensis,</strong></span> <span class='ocrx_word' id='word_1_479' title='bbox 3248 3171 3313 3224; x_wconf 91' lang='lat' dir='ltr'><strong>de</strong></span> <span class='ocrx_word' id='word_1_480' title='bbox 3340 3165 3774 3224; x_wconf 86' lang='lat' dir='ltr'><strong>Justinianorum</strong></span> 
     </span>
    </p>
   </div>
   <div class='ocr_carea' id='block_1_77' title="bbox 2225 3262 3780 3336">
    <p class='ocr_par' dir='ltr' id='par_1_77' title="bbox 2225 3262 3780 3336">
     <span class='ocr_line' id='line_1_77' title="bbox 2225 3262 3780 3336; baseline -0.002 -18"><span class='ocrx_word' id='word_1_481' title='bbox 2225 3265 2476 3336; x_wconf 89' lang='lat' dir='ltr'><strong>prosapia</strong></span> <span class='ocrx_word' id='word_1_482' title='bbox 2501 3265 2734 3329; x_wconf 83' lang='lat' dir='ltr'><strong>,duabus</strong></span> <span class='ocrx_word' id='word_1_483' title='bbox 2771 3279 2894 3318; x_wconf 87' lang='lat' dir='ltr'><strong>cum</strong></span> <span class='ocrx_word' id='word_1_484' title='bbox 2927 3262 3150 3318; x_wconf 87' lang='lat' dir='ltr'><strong>navibus</strong></span> <span class='ocrx_word' id='word_1_485' title='bbox 3189 3262 3558 3332; x_wconf 87' lang='lat' dir='ltr'><strong>suismagnis,</strong></span> <span class='ocrx_word' id='word_1_486' title='bbox 3598 3273 3651 3317; x_wconf 89' lang='lat' dir='ltr'><strong>et</strong></span> <span class='ocrx_word' id='word_1_487' title='bbox 3688 3279 3780 3317; x_wconf 88' lang='lat' dir='ltr'><strong>ar-</strong></span> 
     </span>
    </p>
   </div>
   <div class='ocr_carea' id='block_1_78' title="bbox 2229 3347 3779 3424">
    <p class='ocr_par' dir='ltr' id='par_1_78' title="bbox 2229 3347 3779 3424">
     <span class='ocr_line' id='line_1_78' title="bbox 2229 3347 3779 3424; baseline -0.001 -16"><span class='ocrx_word' id='word_1_488' title='bbox 2229 3357 2388 3409; x_wconf 90' lang='lat' dir='ltr'><strong>matis</strong></span> <span class='ocrx_word' id='word_1_489' title='bbox 2411 3355 2629 3410; x_wconf 87' lang='lat' dir='ltr'><strong>circiter</strong></span> <span class='ocrx_word' id='word_1_490' title='bbox 2649 3347 3057 3424; x_wconf 78' lang='lat' dir='ltr'><strong>quadringentis</strong></span> <span class='ocrx_word' id='word_1_491' title='bbox 3081 3369 3226 3408; x_wconf 91' lang='lat' dir='ltr'><strong>mare</strong></span> <span class='ocrx_word' id='word_1_492' title='bbox 3244 3353 3607 3416; x_wconf 84' lang='lat' dir='ltr'><strong>decursitans,</strong></span> <span class='ocrx_word' id='word_1_493' title='bbox 3639 3352 3779 3407; x_wconf 89' lang='lat' dir='ltr'><strong>forte</strong></span> 
     </span>
    </p>
   </div>
   <div class='ocr_carea' id='block_1_79' title="bbox 2225 3444 3777 3515">
    <p class='ocr_par' dir='ltr' id='par_1_79' title="bbox 2225 3444 3777 3515">
     <span class='ocr_line' id='line_1_79' title="bbox 2225 3444 3777 3515; baseline -0.004 -14"><span class='ocrx_word' id='word_1_494' title='bbox 2225 3446 2471 3508; x_wconf 71' lang='lat' dir='ltr'><strong>Veniens,</strong></span> <span class='ocrx_word' id='word_1_495' title='bbox 2505 3444 2770 3514; x_wconf 89' lang='lat' dir='ltr'><strong>stipendio</strong></span> <span class='ocrx_word' id='word_1_496' title='bbox 2803 3446 3069 3515; x_wconf 89' lang='lat' dir='ltr'><strong>ascriptus</strong></span> <span class='ocrx_word' id='word_1_497' title='bbox 3111 3444 3468 3514; x_wconf 88' lang='lat' dir='ltr'><strong>imperatoris,</strong></span> <span class='ocrx_word' id='word_1_498' title='bbox 3521 3445 3777 3498; x_wconf 86' lang='lat' dir='ltr'><strong>ducatum</strong></span> 
     </span>
    </p>
   </div>
   <div class='ocr_carea' id='block_1_80' title="bbox 2229 3535 3778 3601">
    <p class='ocr_par' dir='ltr' id='par_1_80' title="bbox 2229 3535 3778 3601">
     <span class='ocr_line' id='line_1_80' title="bbox 2229 3535 3778 3601; baseline -0.001 -11"><span class='ocrx_word' id='word_1_499' title='bbox 2229 3536 2431 3591; x_wconf 69' lang='lat' dir='ltr'><strong>militia:</strong></span> <span class='ocrx_word' id='word_1_500' title='bbox 2458 3535 2719 3601; x_wconf 88' lang='lat' dir='ltr'><strong>obtinuit;</strong></span> <span class='ocrx_word' id='word_1_501' title='bbox 2742 3547 2958 3592; x_wconf 89' lang='lat' dir='ltr'><strong>strenue</strong></span> <span class='ocrx_word' id='word_1_502' title='bbox 2976 3536 3258 3592; x_wconf 86' lang='lat' dir='ltr'><strong>defensare</strong></span> <span class='ocrx_word' id='word_1_503' title='bbox 3280 3537 3467 3590; x_wconf 90' lang='lat' dir='ltr'><strong>urbem</strong></span> <span class='ocrx_word' id='word_1_504' title='bbox 3494 3536 3666 3596; x_wconf 87' lang='lat' dir='ltr'><strong>visus,</strong></span> <span class='ocrx_word' id='word_1_505' title='bbox 3689 3551 3778 3588; x_wconf 83' lang='lat' dir='ltr'><strong>re-</strong></span> 
     </span>
    </p>
   </div>
   <div class='ocr_carea' id='block_1_81' title="bbox 2227 3626 3783 3698">
    <p class='ocr_par' dir='ltr' id='par_1_81' title="bbox 2227 3626 3783 3698">
     <span class='ocr_line' id='line_1_81' title="bbox 2227 3626 3783 3698; baseline 0 -17"><span class='ocrx_word' id='word_1_506' title='bbox 2227 3628 2490 3697; x_wconf 89' lang='lat' dir='ltr'><strong>parationi</strong></span> <span class='ocrx_word' id='word_1_507' title='bbox 2508 3627 2879 3683; x_wconf 89' lang='lat' dir='ltr'><strong>demolitorum</strong></span> <span class='ocrx_word' id='word_1_508' title='bbox 2895 3643 3164 3683; x_wconf 89' lang='lat' dir='ltr'><strong>murorum</strong></span> <span class='ocrx_word' id='word_1_509' title='bbox 3184 3627 3488 3698; x_wconf 82' lang='lat' dir='ltr'><strong>vigilantius</strong></span> <span class='ocrx_word' id='word_1_510' title='bbox 3506 3626 3783 3681; x_wconf 84' lang='lat' dir='ltr'><strong>incumbe-</strong></span> 
     </span>
    </p>
   </div>
   <div class='ocr_carea' id='block_1_82' title="bbox 2229 3708 3781 3788">
    <p class='ocr_par' dir='ltr' id='par_1_82' title="bbox 2229 3708 3781 3788">
     <span class='ocr_line' id='line_1_82' title="bbox 2229 3708 3781 3788; baseline 0 -16"><span class='ocrx_word' id='word_1_511' title='bbox 2229 3719 2318 3773; x_wconf 91' lang='lat' dir='ltr'><strong>bat</strong></span> <span class='ocrx_word' id='word_1_512' title='bbox 2351 3736 2365 3772; x_wconf 86' lang='lat'><strong>:</strong></span> <span class='ocrx_word' id='word_1_513' title='bbox 2405 3708 2594 3774; x_wconf 87' lang='lat' dir='ltr'><strong>Teucri</strong></span> <span class='ocrx_word' id='word_1_514' title='bbox 2624 3720 2863 3774; x_wconf 88' lang='lat' dir='ltr'><strong>animum</strong></span> <span class='ocrx_word' id='word_1_515' title='bbox 2919 3719 3166 3788; x_wconf 89' lang='lat' dir='ltr'><strong>viresque</strong></span> <span class='ocrx_word' id='word_1_516' title='bbox 3195 3717 3446 3774; x_wconf 74' lang='lat' dir='ltr'><strong>deludere</strong></span> <span class='ocrx_word' id='word_1_517' title='bbox 3473 3717 3781 3772; x_wconf 86' lang='lat' dir='ltr'><strong>videbatur.</strong></span> 
     </span>
    </p>
   </div>
   <div class='ocr_carea' id='block_1_83' title="bbox 2230 3809 3783 3881">
    <p class='ocr_par' dir='ltr' id='par_1_83' title="bbox 2230 3809 3783 3881">
     <span class='ocr_line' id='line_1_83' title="bbox 2230 3809 3783 3881; baseline -0.001 -17"><span class='ocrx_word' id='word_1_518' title='bbox 2230 3809 2363 3864; x_wconf 85' lang='lat' dir='ltr'><strong>Nam</strong></span> <span class='ocrx_word' id='word_1_519' title='bbox 2418 3820 2622 3880; x_wconf 88' lang='lat' dir='ltr'><strong>quanto</strong></span> <span class='ocrx_word' id='word_1_520' title='bbox 2674 3811 2846 3866; x_wconf 89' lang='lat' dir='ltr'><strong>hostis</strong></span> <span class='ocrx_word' id='word_1_521' title='bbox 2902 3811 3042 3868; x_wconf 83' lang='lat' dir='ltr'><strong>mole</strong></span> <span class='ocrx_word' id='word_1_522' title='bbox 3073 3812 3305 3881; x_wconf 88' lang='lat' dir='ltr'><strong>ingentis</strong></span> <span class='ocrx_word' id='word_1_523' title='bbox 3351 3811 3545 3880; x_wconf 55' lang='lat' dir='ltr'><strong>lapidis</strong></span> <span class='ocrx_word' id='word_1_524' title='bbox 3592 3826 3783 3864; x_wconf 92' lang='lat' dir='ltr'><strong>muros</strong></span> 
     </span>
    </p>
   </div>
   <div class='ocr_carea' id='block_1_84' title="bbox 2229 3899 3786 3968">
    <p class='ocr_par' dir='ltr' id='par_1_84' title="bbox 2229 3899 3786 3968">
     <span class='ocr_line' id='line_1_84' title="bbox 2229 3899 3786 3968; baseline -0.003 -15"><span class='ocrx_word' id='word_1_525' title='bbox 2229 3900 2720 3966; x_wconf 81' lang='lat' dir='ltr'><strong>conterebat,tanto</strong></span> <span class='ocrx_word' id='word_1_526' title='bbox 2745 3900 2828 3955; x_wconf 91' lang='lat' dir='ltr'><strong>hic</strong></span> <span class='ocrx_word' id='word_1_527' title='bbox 2845 3899 3460 3968; x_wconf 82' lang='lat' dir='ltr'><strong>animosittssarmcntis,</strong></span> <span class='ocrx_word' id='word_1_528' title='bbox 3485 3903 3672 3964; x_wconf 88' lang='lat' dir='ltr'><strong>humo,</strong></span> <span class='ocrx_word' id='word_1_529' title='bbox 3692 3915 3786 3950; x_wconf 86' lang='lat' dir='ltr'><strong>va-</strong></span> 
     </span>
    </p>
   </div>
   <div class='ocr_carea' id='block_1_85' title="bbox 2233 3988 3782 4059">
    <p class='ocr_par' dir='ltr' id='par_1_85' title="bbox 2233 3988 3782 4059">
     <span class='ocr_line' id='line_1_85' title="bbox 2233 3988 3782 4059; baseline 0.001 -18"><span class='ocrx_word' id='word_1_530' title='bbox 2233 3989 2418 4056; x_wconf 85' lang='lat' dir='ltr'><strong>sisque</strong></span> <span class='ocrx_word' id='word_1_531' title='bbox 2446 3989 2669 4045; x_wconf 89' lang='lat' dir='ltr'><strong>vinariis</strong></span> <span class='ocrx_word' id='word_1_532' title='bbox 2691 3990 3149 4059; x_wconf 83' lang='lat' dir='ltr'><strong>intercompositis</strong></span> <span class='ocrx_word' id='word_1_533' title='bbox 3179 3990 3485 4058; x_wconf 83' lang='lat' dir='ltr'><strong>reparabat.</strong></span> <span class='ocrx_word' id='word_1_534' title='bbox 3548 3988 3663 4053; x_wconf 83' lang='lat' dir='ltr'><strong>Qua</strong></span> <span class='ocrx_word' id='word_1_535' title='bbox 3713 3991 3782 4042; x_wconf 85' lang='lat' dir='ltr'><strong>de</strong></span> 
     </span>
    </p>
   </div>
   <div class='ocr_carea' id='block_1_86' title="bbox 2234 4078 3784 4149">
    <p class='ocr_par' dir='ltr' id='par_1_86' title="bbox 2234 4078 3784 4149">
     <span class='ocr_line' id='line_1_86' title="bbox 2234 4078 3784 4149; baseline -0.001 -15"><span class='ocrx_word' id='word_1_536' title='bbox 2234 4095 2292 4134; x_wconf 87' lang='lat' dir='ltr'><strong>re</strong></span> <span class='ocrx_word' id='word_1_537' title='bbox 2317 4078 2560 4136; x_wconf 87' lang='lat' dir='ltr'><strong>Teucrus</strong></span> <span class='ocrx_word' id='word_1_538' title='bbox 2608 4080 2851 4144; x_wconf 90' lang='lat' dir='ltr'><strong>delusus,</strong></span> <span class='ocrx_word' id='word_1_539' title='bbox 2883 4081 3139 4149; x_wconf 86' lang='lat' dir='ltr'><strong>cogitavit</strong></span> <span class='ocrx_word' id='word_1_540' title='bbox 3181 4096 3283 4134; x_wconf 91' lang='lat' dir='ltr'><strong>non</strong></span> <span class='ocrx_word' id='word_1_541' title='bbox 3342 4079 3666 4133; x_wconf 88' lang='lat' dir='ltr'><strong>cessandum</strong></span> <span class='ocrx_word' id='word_1_542' title='bbox 3711 4080 3784 4133; x_wconf 88' lang='lat' dir='ltr'><strong>ab</strong></span> 
     </span>
    </p>
   </div>
   <div class='ocr_carea' id='block_1_87' title="bbox 2236 4169 3785 4236">
    <p class='ocr_par' dir='ltr' id='par_1_87' title="bbox 2236 4169 3785 4236">
     <span class='ocr_line' id='line_1_87' title="bbox 2236 4169 3785 4236; baseline -0.004 -10"><span class='ocrx_word' id='word_1_543' title='bbox 2236 4171 2436 4226; x_wconf 87' lang='lat' dir='ltr'><strong>ictibus</strong></span> <span class='ocrx_word' id='word_1_544' title='bbox 2467 4170 2872 4235; x_wconf 86' lang='lat' dir='ltr'><strong>machinarum;</strong></span> <span class='ocrx_word' id='word_1_545' title='bbox 2920 4170 3011 4225; x_wconf 91' lang='lat' dir='ltr'><strong>sed</strong></span> <span class='ocrx_word' id='word_1_546' title='bbox 3063 4169 3267 4224; x_wconf 80' lang='lat' dir='ltr'><strong>fortiori</strong></span> <span class='ocrx_word' id='word_1_547' title='bbox 3299 4177 3460 4236; x_wconf 85' lang='lat' dir='ltr'><strong>‘eura,</strong></span> <span class='ocrx_word' id='word_1_548' title='bbox 3509 4171 3785 4222; x_wconf 83' lang='lat' dir='ltr'><strong>subterra-</strong></span> 
     </span>
    </p>
   </div>
   <div class='ocr_carea' id='block_1_88' title="bbox 2239 4254 3785 4331">
    <p class='ocr_par' dir='ltr' id='par_1_88' title="bbox 2239 4254 3785 4331">
     <span class='ocr_line' id='line_1_88' title="bbox 2239 4254 3785 4331; baseline -0.001 -15"><span class='ocrx_word' id='word_1_549' title='bbox 2239 4262 2352 4316; x_wconf 84' lang='lat' dir='ltr'><strong>neis</strong></span> <span class='ocrx_word' id='word_1_550' title='bbox 2375 4254 2532 4316; x_wconf 84' lang='lat' dir='ltr'><strong>cavis</strong></span> <span class='ocrx_word' id='word_1_551' title='bbox 2560 4261 2728 4316; x_wconf 89' lang='lat' dir='ltr'><strong>furari</strong></span> <span class='ocrx_word' id='word_1_552' title='bbox 2764 4261 2970 4317; x_wconf 89' lang='lat' dir='ltr'><strong>urbem.</strong></span> <span class='ocrx_word' id='word_1_553' title='bbox 3014 4261 3336 4316; x_wconf 75' lang='lat' dir='ltr'><strong>Minerarum</strong></span> <span class='ocrx_word' id='word_1_554' title='bbox 3359 4261 3622 4325; x_wconf 87' lang='lat' dir='ltr'><strong>fossores,</strong></span> <span class='ocrx_word' id='word_1_555' title='bbox 3646 4276 3785 4331; x_wconf 80' lang='lat' dir='ltr'><strong>quos</strong></span> 
     </span>
    </p>
   </div>
   <div class='ocr_carea' id='block_1_89' title="bbox 2236 4351 3785 4421">
    <p class='ocr_par' dir='ltr' id='par_1_89' title="bbox 2236 4351 3785 4421">
     <span class='ocr_line' id='line_1_89' title="bbox 2236 4351 3785 4421; baseline -0.003 -12"><span class='ocrx_word' id='word_1_556' title='bbox 2236 4360 2324 4409; x_wconf 79' lang='lat' dir='ltr'><strong>ex&#39;</strong></span> <span class='ocrx_word' id='word_1_557' title='bbox 2363 4369 2502 4409; x_wconf 88' lang='lat' dir='ltr'><strong>novo</strong></span> <span class='ocrx_word' id='word_1_558' title='bbox 2566 4351 2722 4409; x_wconf 71' lang='lat' dir='ltr'><strong>br’oio</strong></span> <span class='ocrx_word' id='word_1_559' title='bbox 2797 4356 3128 4408; x_wconf 85' lang='lat' dir='ltr'><strong>conduxerat</strong></span> <span class='ocrx_word' id='word_1_560' title='bbox 3189 4352 3472 4421; x_wconf 83' lang='lat' dir='ltr'><strong>magistros</strong></span> <span class='ocrx_word' id='word_1_561' title='bbox 3528 4351 3785 4406; x_wconf 87' lang='lat' dir='ltr'><strong>accersiri</strong></span> 
     </span>
    </p>
   </div>
   <div class='ocr_carea' id='block_1_90' title="bbox 2237 4441 3783 4514">
    <p class='ocr_par' dir='ltr' id='par_1_90' title="bbox 2237 4441 3783 4514">
     <span class='ocr_line' id='line_1_90' title="bbox 2237 4441 3783 4514; baseline -0.004 -15"><span class='ocrx_word' id='word_1_562' title='bbox 2237 4444 2419 4514; x_wconf 88' lang='lat' dir='ltr'><strong>jussit.</strong></span> <span class='ocrx_word' id='word_1_563' title='bbox 2451 4443 2636 4514; x_wconf 81' lang='lat' dir='ltr'><strong>Lignis</strong></span> <span class='ocrx_word' id='word_1_564' title='bbox 2660 4444 3139 4513; x_wconf 85' lang='lat' dir='ltr'><strong>instrumentisque</strong></span> <span class='ocrx_word' id='word_1_565' title='bbox 3157 4441 3394 4498; x_wconf 85' lang='lat' dir='ltr'><strong>advectis</strong></span> <span class='ocrx_word' id='word_1_566' title='bbox 3416 4442 3601 4497; x_wconf 88' lang='lat' dir='ltr'><strong>solerti</strong></span> <span class='ocrx_word' id='word_1_567' title='bbox 3627 4456 3783 4508; x_wconf 88' lang='lat' dir='ltr'><strong>cura,</strong></span> 
     </span>
    </p>
   </div>
   <div class='ocr_carea' id='block_1_91' title="bbox 590 4514 3789 4610">
    <p class='ocr_par' dir='ltr' id='par_1_91' title="bbox 590 4514 3789 4610">
     <span class='ocr_line' id='line_1_91' title="bbox 590 4514 3789 4610; baseline -0.001 -19"><span class='ocrx_word' id='word_1_568' title='bbox 590 4537 732 4610; x_wconf 77' lang='lat' dir='ltr'><strong>quod</strong></span> <span class='ocrx_word' id='word_1_569' title='bbox 762 4540 958 4602; x_wconf 87' lang='lat' dir='ltr'><strong>Latini,</strong></span> <span class='ocrx_word' id='word_1_570' title='bbox 992 4514 1133 4608; x_wconf 76' lang='lat' dir='ltr'><strong>quod</strong></span> <span class='ocrx_word' id='word_1_571' title='bbox 1165 4539 1438 4603; x_wconf 71' lang='lat' dir='ltr'><strong>Germani,</strong></span> <span class='ocrx_word' id='word_1_572' title='bbox 1483 4514 1796 4606; x_wconf 68' lang='lat' dir='ltr'><strong>Pannones,</strong></span> <span class='ocrx_word' id='word_1_573' title='bbox 1823 4540 2031 4603; x_wconf 77' lang='lat' dir='ltr'><strong>Bootes,</strong></span> <span class='ocrx_word' id='word_1_574' title='bbox 2070 4539 2134 4594; x_wconf 66' lang='lat' dir='ltr'><strong>ei</strong></span> <span class='ocrx_word' id='word_1_575' title='bbox 2172 4514 2213 4568; x_wconf 65' lang='grc' dir='ltr'><strong>Β</strong></span> <span class='ocrx_word' id='word_1_576' title='bbox 2244 4541 2318 4595; x_wconf 92' lang='lat' dir='ltr'><strong>uti</strong></span> <span class='ocrx_word' id='word_1_577' title='bbox 2354 4540 2693 4609; x_wconf 88' lang='lat' dir='ltr'><strong>imperatum,</strong></span> <span class='ocrx_word' id='word_1_578' title='bbox 2725 4546 2902 4592; x_wconf 86' lang='lat' dir='ltr'><strong>actum</strong></span> <span class='ocrx_word' id='word_1_579' title='bbox 2949 4546 3053 4602; x_wconf 89' lang='lat' dir='ltr'><strong>cst,</strong></span> <span class='ocrx_word' id='word_1_580' title='bbox 3079 4547 3135 4590; x_wconf 93' lang='lat' dir='ltr'><strong>ut</strong></span> <span class='ocrx_word' id='word_1_581' title='bbox 3189 4551 3310 4589; x_wconf 80' lang='lat' dir='ltr'><strong>mox</strong></span> <span class='ocrx_word' id='word_1_582' title='bbox 3364 4550 3458 4604; x_wconf 86' lang='lat' dir='ltr'><strong>per</strong></span> <span class='ocrx_word' id='word_1_583' title='bbox 3502 4536 3789 4590; x_wconf 84' lang='lat' dir='ltr'><strong>cuniculos</strong></span> 
     </span>
    </p>
   </div>
   <div class='ocr_carea' id='block_1_92' title="bbox 591 4631 2138 4699">
    <p class='ocr_par' dir='ltr' id='par_1_92' title="bbox 591 4631 2138 4699">
     <span class='ocr_line' id='line_1_92' title="bbox 591 4631 2138 4699; baseline -0.001 -13"><span class='ocrx_word' id='word_1_584' title='bbox 591 4634 830 4687; x_wconf 88' lang='lat' dir='ltr'><strong>omnium</strong></span> <span class='ocrx_word' id='word_1_585' title='bbox 848 4631 1276 4687; x_wconf 84' lang='lat' dir='ltr'><strong>Christianorum</strong></span> <span class='ocrx_word' id='word_1_586' title='bbox 1300 4632 1607 4699; x_wconf 86' lang='lat' dir='ltr'><strong>regionibus</strong></span> <span class='ocrx_word' id='word_1_587' title='bbox 1628 4631 1850 4686; x_wconf 76' lang='lat' dir='ltr'><strong>Teucris</strong></span> <span class='ocrx_word' id='word_1_588' title='bbox 1871 4631 2138 4686; x_wconf 88' lang='lat' dir='ltr'><strong>commisti</strong></span> 
     </span>
    </p>
   </div>
   <div class='ocr_carea' id='block_1_93' title="bbox 592 4722 2138 4790">
    <p class='ocr_par' dir='ltr' id='par_1_93' title="bbox 592 4722 2138 4790">
     <span class='ocr_line' id='line_1_93' title="bbox 592 4722 2138 4790; baseline 0 -14"><span class='ocrx_word' id='word_1_589' title='bbox 592 4739 753 4790; x_wconf 87' lang='lat' dir='ltr'><strong>opera</strong></span> <span class='ocrx_word' id='word_1_590' title='bbox 775 4736 958 4779; x_wconf 87' lang='lat' dir='ltr'><strong>eorum</strong></span> <span class='ocrx_word' id='word_1_591' title='bbox 979 4722 1237 4790; x_wconf 84' lang='lat' dir='ltr'><strong>iidemque</strong></span> <span class='ocrx_word' id='word_1_592' title='bbox 1257 4722 1561 4776; x_wconf 87' lang='lat' dir='ltr'><strong>didicerunt</strong></span> <span class='ocrx_word' id='word_1_593' title='bbox 1580 4726 1696 4790; x_wconf 91' lang='lat' dir='ltr'><strong>:qui</strong></span> <span class='ocrx_word' id='word_1_594' title='bbox 1714 4723 1996 4776; x_wconf 86' lang='lat' dir='ltr'><strong>immanius</strong></span> <span class='ocrx_word' id='word_1_595' title='bbox 2018 4723 2138 4776; x_wconf 77' lang='lat' dir='ltr'><strong>fidei</strong></span> 
     </span>
    </p>
   </div>
   <div class='ocr_carea' id='block_1_94' title="bbox 591 4812 2136 4884">
    <p class='ocr_par' dir='ltr' id='par_1_94' title="bbox 591 4812 2136 4884">
     <span class='ocr_line' id='line_1_94' title="bbox 591 4812 2136 4884; baseline -0.002 -15"><span class='ocrx_word' id='word_1_596' title='bbox 591 4815 914 4869; x_wconf 71' lang='lat' dir='ltr'><strong>Christiana:</strong></span> <span class='ocrx_word' id='word_1_597' title='bbox 940 4814 1091 4869; x_wconf 89' lang='lat' dir='ltr'><strong>obliti</strong></span> <span class='ocrx_word' id='word_1_598' title='bbox 1135 4815 1324 4869; x_wconf 87' lang='lat' dir='ltr'><strong>urbem</strong></span> <span class='ocrx_word' id='word_1_599' title='bbox 1362 4815 1762 4883; x_wconf 86' lang='lat' dir='ltr'><strong>expugnahaut.</strong></span> <span class='ocrx_word' id='word_1_600' title='bbox 1800 4812 1844 4868; x_wconf 91' lang='grc' dir='ltr'>Ο</span> <span class='ocrx_word' id='word_1_601' title='bbox 1869 4815 2016 4884; x_wconf 91' lang='lat' dir='ltr'><strong>impii</strong></span> <span class='ocrx_word' id='word_1_602' title='bbox 2046 4814 2136 4882; x_wconf 91' lang='lat' dir='ltr'><strong>qui</strong></span> 
     </span>
    </p>
   </div>
   <div class='ocr_carea' id='block_1_95' title="bbox 593 4894 2142 4976">
    <p class='ocr_par' dir='ltr' id='par_1_95' title="bbox 593 4894 2142 4976">
     <span class='ocr_line' id='line_1_95' title="bbox 593 4894 2142 4976; baseline 0.001 -17"><span class='ocrx_word' id='word_1_603' title='bbox 593 4906 865 4959; x_wconf 82' lang='lat' dir='ltr'><strong>Christum</strong></span> <span class='ocrx_word' id='word_1_604' title='bbox 895 4906 1201 4976; x_wconf 84' lang='lat' dir='ltr'><strong>abnegastis</strong></span> <span class='ocrx_word' id='word_1_605' title='bbox 1226 4909 1239 4960; x_wconf 85' lang='lat' dir='ltr'><strong>i</strong></span> <span class='ocrx_word' id='word_1_606' title='bbox 1269 4894 1306 4959; x_wconf 83' lang='lat' dir='ltr'><strong>~o</strong></span> <span class='ocrx_word' id='word_1_607' title='bbox 1327 4907 1583 4962; x_wconf 86' lang='lat' dir='ltr'><strong>satellites</strong></span> <span class='ocrx_word' id='word_1_608' title='bbox 1615 4909 1958 4970; x_wconf 81' lang='lat' dir='ltr'><strong>Antichristi,</strong></span> <span class='ocrx_word' id='word_1_609' title='bbox 1989 4909 2142 4961; x_wconf 85' lang='lat' dir='ltr'><strong>dam-</strong></span> 
     </span>
    </p>
   </div>
   <div class='ocr_carea' id='block_1_96' title="bbox 596 4993 2137 5066">
    <p class='ocr_par' dir='ltr' id='par_1_96' title="bbox 596 4993 2137 5066">
     <span class='ocr_line' id='line_1_96' title="bbox 596 4993 2137 5066; baseline 0.003 -20"><span class='ocrx_word' id='word_1_610' title='bbox 596 4994 704 5046; x_wconf 79' lang='lat' dir='ltr'><strong>nati</strong></span> <span class='ocrx_word' id='word_1_611' title='bbox 729 4993 1112 5066; x_wconf 79' lang='lat' dir='ltr'><strong>gt-hcnnalibus</strong></span> <span class='ocrx_word' id='word_1_612' title='bbox 1136 4995 1392 5050; x_wconf 81' lang='lat' dir='ltr'><strong>ﬂammis!</strong></span> <span class='ocrx_word' id='word_1_613' title='bbox 1423 5007 1634 5066; x_wconf 88' lang='lat' dir='ltr'><strong>tempus</strong></span> <span class='ocrx_word' id='word_1_614' title='bbox 1658 4999 1757 5050; x_wconf 90' lang='lat' dir='ltr'><strong>hoc</strong></span> <span class='ocrx_word' id='word_1_615' title='bbox 1776 5008 2009 5051; x_wconf 90' lang='lat' dir='ltr'><strong>vestrum</strong></span> <span class='ocrx_word' id='word_1_616' title='bbox 2032 5002 2137 5052; x_wconf 88' lang='lat' dir='ltr'><strong>est.</strong></span> 
     </span>
    </p>
   </div>
   <div class='ocr_carea' id='block_1_97' title="bbox 596 5062 2139 5156">
    <p class='ocr_par' dir='ltr' id='par_1_97' title="bbox 596 5062 2139 5156">
     <span class='ocr_line' id='line_1_97' title="bbox 596 5062 2139 5156; baseline 0.004 -19"><span class='ocrx_word' id='word_1_617' title='bbox 596 5062 834 5155; x_wconf 66' lang='grc' dir='ltr'><strong>δηιαεὶιὲ</strong></span> <span class='ocrx_word' id='word_1_618' title='bbox 860 5102 1055 5154; x_wconf 85' lang='lat' dir='ltr'><strong>augere</strong></span> <span class='ocrx_word' id='word_1_619' title='bbox 1077 5087 1227 5141; x_wconf 89' lang='lat' dir='ltr'><strong>vobis</strong></span> <span class='ocrx_word' id='word_1_620' title='bbox 1248 5075 1457 5155; x_wconf 66' lang='lat' dir='ltr'><strong>pronas,</strong></span> <span class='ocrx_word' id='word_1_621' title='bbox 1489 5103 1625 5156; x_wconf 89' lang='lat' dir='ltr'><strong>quas</strong></span> <span class='ocrx_word' id='word_1_622' title='bbox 1653 5090 1812 5142; x_wconf 87' lang='lat' dir='ltr'><strong>luatis</strong></span> <span class='ocrx_word' id='word_1_623' title='bbox 1840 5099 2089 5143; x_wconf 62' lang='lat' dir='ltr'><strong>aeternas.</strong></span> <span class='ocrx_word' id='word_1_624' title='bbox 2119 5093 2139 5153; x_wconf 87' lang='grc' dir='ltr'><strong>Ι</strong></span> 
     </span>
    </p>
   </div>
   <div class='ocr_carea' id='block_1_98' title="bbox 589 5176 2142 5252">
    <p class='ocr_par' dir='ltr' id='par_1_98' title="bbox 589 5176 2142 5252">
     <span class='ocr_line' id='line_1_98' title="bbox 589 5176 2142 5252; baseline 0.002 -22"><span class='ocrx_word' id='word_1_625' title='bbox 589 5245 600 5252; x_wconf 28' lang='grc' dir='ltr'>ι</span> <span class='ocrx_word' id='word_1_626' title='bbox 666 5178 986 5231; x_wconf 85' lang='lat' dir='ltr'><strong>iiorribilem</strong></span> <span class='ocrx_word' id='word_1_627' title='bbox 1009 5176 1228 5246; x_wconf 89' lang='lat' dir='ltr'><strong>perinde</strong></span> <span class='ocrx_word' id='word_1_628' title='bbox 1247 5177 1615 5240; x_wconf 85' lang='lat' dir='ltr'><strong>bombardam,</strong></span> <span class='ocrx_word' id='word_1_629' title='bbox 1641 5195 1945 5248; x_wconf 87' lang='lat' dir='ltr'><strong>quanquam</strong></span> <span class='ocrx_word' id='word_1_630' title='bbox 1967 5182 2142 5250; x_wconf 87' lang='lat' dir='ltr'><strong>major</strong></span> 
     </span>
    </p>
   </div>
   <div class='ocr_carea' id='block_1_99' title="bbox 595 5267 2142 5340">
    <p class='ocr_par' dir='ltr' id='par_1_99' title="bbox 595 5267 2142 5340">
     <span class='ocr_line' id='line_1_99' title="bbox 595 5267 2142 5340; baseline -0.001 -17"><span class='ocrx_word' id='word_1_631' title='bbox 595 5271 863 5338; x_wconf 64' lang='lat' dir='ltr'><strong>alia,qnae</strong></span> <span class='ocrx_word' id='word_1_632' title='bbox 903 5267 1178 5325; x_wconf 89' lang='lat' dir='ltr'><strong>confracta</strong></span> <span class='ocrx_word' id='word_1_633' title='bbox 1211 5269 1329 5335; x_wconf 89' lang='lat' dir='ltr'><strong>fuit,</strong></span> <span class='ocrx_word' id='word_1_634' title='bbox 1367 5285 1526 5337; x_wconf 89' lang='lat' dir='ltr'><strong>quam</strong></span> <span class='ocrx_word' id='word_1_635' title='bbox 1561 5271 1647 5323; x_wconf 84' lang='lat' dir='ltr'><strong>vix</strong></span> <span class='ocrx_word' id='word_1_636' title='bbox 1677 5269 2142 5340; x_wconf 38' lang='lat' dir='ltr'><strong>boum’quinqua-</strong></span> 
     </span>
    </p>
   </div>
   <div class='ocr_carea' id='block_1_100' title="bbox 596 5361 2142 5429">
    <p class='ocr_par' dir='ltr' id='par_1_100' title="bbox 596 5361 2142 5429">
     <span class='ocr_line' id='line_1_100' title="bbox 596 5361 2142 5429; baseline 0.001 -16"><span class='ocrx_word' id='word_1_637' title='bbox 596 5363 743 5428; x_wconf 81' lang='lat' dir='ltr'><strong>ginta</strong></span> <span class='ocrx_word' id='word_1_638' title='bbox 768 5370 981 5414; x_wconf 89' lang='lat' dir='ltr'><strong>centum</strong></span> <span class='ocrx_word' id='word_1_639' title='bbox 1008 5362 1134 5429; x_wconf 88' lang='lat' dir='ltr'><strong>juga</strong></span> <span class='ocrx_word' id='word_1_640' title='bbox 1161 5362 1444 5420; x_wconf 85' lang='lat' dir='ltr'><strong>vehebant,</strong></span> <span class='ocrx_word' id='word_1_641' title='bbox 1474 5361 1538 5412; x_wconf 91' lang='lat' dir='ltr'><strong>ad</strong></span> <span class='ocrx_word' id='word_1_642' title='bbox 1564 5366 1768 5429; x_wconf 89' lang='lat' dir='ltr'><strong>partem</strong></span> <span class='ocrx_word' id='word_1_643' title='bbox 1799 5363 1941 5414; x_wconf 85' lang='lat' dir='ltr'><strong>illam</strong></span> <span class='ocrx_word' id='word_1_644' title='bbox 1963 5376 2142 5414; x_wconf 83' lang='lat' dir='ltr'><strong>muro-</strong></span> 
     </span>
    </p>
   </div>
   <div class='ocr_carea' id='block_1_101' title="bbox 595 5450 2141 5519">
    <p class='ocr_par' dir='ltr' id='par_1_101' title="bbox 595 5450 2141 5519">
     <span class='ocr_line' id='line_1_101' title="bbox 595 5450 2141 5519; baseline -0.001 -13"><span class='ocrx_word' id='word_1_645' title='bbox 595 5468 714 5506; x_wconf 91' lang='lat' dir='ltr'><strong>rum</strong></span> <span class='ocrx_word' id='word_1_646' title='bbox 755 5450 1105 5516; x_wconf 87' lang='lat' dir='ltr'><strong>simplicium,</strong></span> <span class='ocrx_word' id='word_1_647' title='bbox 1137 5467 1256 5519; x_wconf 70' lang='lat' dir='ltr'><strong>qua:</strong></span> <span class='ocrx_word' id='word_1_648' title='bbox 1288 5467 1387 5505; x_wconf 90' lang='lat' dir='ltr'><strong>nec</strong></span> <span class='ocrx_word' id='word_1_649' title='bbox 1416 5452 1655 5514; x_wconf 83' lang='lat' dir='ltr'><strong>fossatis,</strong></span> <span class='ocrx_word' id='word_1_650' title='bbox 1697 5468 1792 5506; x_wconf 89' lang='lat' dir='ltr'><strong>nec</strong></span> <span class='ocrx_word' id='word_1_651' title='bbox 1821 5451 2141 5506; x_wconf 88' lang='lat' dir='ltr'><strong>antemurali</strong></span> 
     </span>
    </p>
   </div>
   <div class='ocr_carea' id='block_1_102' title="bbox 600 5541 2140 5614">
    <p class='ocr_par' dir='ltr' id='par_1_102' title="bbox 600 5541 2140 5614">
     <span class='ocr_line' id='line_1_102' title="bbox 600 5541 2140 5614; baseline -0.001 -18"><span class='ocrx_word' id='word_1_652' title='bbox 600 5542 896 5607; x_wconf 79' lang='lat' dir='ltr'><strong>tutabatur,</strong></span> <span class='ocrx_word' id='word_1_653' title='bbox 929 5541 1262 5611; x_wconf 86' lang='lat' dir='ltr'><strong>Calegariam</strong></span> <span class='ocrx_word' id='word_1_654' title='bbox 1308 5543 1529 5607; x_wconf 88' lang='lat' dir='ltr'><strong>dictam,</strong></span> <span class='ocrx_word' id='word_1_655' title='bbox 1561 5543 1804 5614; x_wconf 86' lang='lat' dir='ltr'><strong>figentes,</strong></span> <span class='ocrx_word' id='word_1_656' title='bbox 1838 5543 2015 5612; x_wconf 88' lang='lat' dir='ltr'><strong>lapide</strong></span> <span class='ocrx_word' id='word_1_657' title='bbox 2047 5541 2140 5609; x_wconf 84' lang='lat' dir='ltr'><strong>qui</strong></span> 
     </span>
    </p>
   </div>
   <div class='ocr_carea' id='block_1_103' title="bbox 597 5633 2144 5707">
    <p class='ocr_par' dir='ltr' id='par_1_103' title="bbox 597 5633 2144 5707">
     <span class='ocr_line' id='line_1_103' title="bbox 597 5633 2144 5707; baseline -0.001 -20"><span class='ocrx_word' id='word_1_658' title='bbox 597 5637 787 5699; x_wconf 67' lang='lat' dir='ltr'><strong>[almis</strong></span> <span class='ocrx_word' id='word_1_659' title='bbox 805 5633 1053 5689; x_wconf 81' lang='lat' dir='ltr'><strong>undecim</strong></span> <span class='ocrx_word' id='word_1_660' title='bbox 1081 5649 1143 5688; x_wconf 88' lang='lat' dir='ltr'><strong>ex</strong></span> <span class='ocrx_word' id='word_1_661' title='bbox 1166 5636 1300 5688; x_wconf 89' lang='lat' dir='ltr'><strong>meis</strong></span> <span class='ocrx_word' id='word_1_662' title='bbox 1331 5636 1564 5707; x_wconf 85' lang='lat' dir='ltr'><strong>ambibat</strong></span> <span class='ocrx_word' id='word_1_663' title='bbox 1589 5636 1640 5689; x_wconf 87' lang='lat' dir='ltr'><strong>in</strong></span> <span class='ocrx_word' id='word_1_664' title='bbox 1668 5651 1817 5706; x_wconf 86' lang='lat' dir='ltr'><strong>gyro,</strong></span> <span class='ocrx_word' id='word_1_665' title='bbox 1848 5651 1912 5692; x_wconf 86' lang='lat' dir='ltr'><strong>ex</strong></span> <span class='ocrx_word' id='word_1_666' title='bbox 1939 5649 2001 5689; x_wconf 86' lang='lat' dir='ltr'><strong>ea</strong></span> <span class='ocrx_word' id='word_1_667' title='bbox 2027 5649 2144 5687; x_wconf 88' lang='lat' dir='ltr'><strong>mu-</strong></span> 
     </span>
    </p>
   </div>
   <div class='ocr_carea' id='block_1_104' title="bbox 597 5725 2143 5792">
    <p class='ocr_par' dir='ltr' id='par_1_104' title="bbox 597 5725 2143 5792">
     <span class='ocr_line' id='line_1_104' title="bbox 597 5725 2143 5792; baseline 0 -15"><span class='ocrx_word' id='word_1_668' title='bbox 597 5741 716 5777; x_wconf 91' lang='lat' dir='ltr'><strong>rum</strong></span> <span class='ocrx_word' id='word_1_669' title='bbox 745 5727 1120 5782; x_wconf 80' lang='lat' dir='ltr'><strong>conterebant.</strong></span> <span class='ocrx_word' id='word_1_670' title='bbox 1141 5726 1269 5780; x_wconf 86' lang='lat' dir='ltr'><strong>Erat</strong></span> <span class='ocrx_word' id='word_1_671' title='bbox 1292 5735 1467 5779; x_wconf 90' lang='lat' dir='ltr'><strong>tamen</strong></span> <span class='ocrx_word' id='word_1_672' title='bbox 1491 5741 1678 5781; x_wconf 90' lang='lat' dir='ltr'><strong>murus</strong></span> <span class='ocrx_word' id='word_1_673' title='bbox 1700 5728 1938 5792; x_wconf 87' lang='lat' dir='ltr'><strong>perlatus</strong></span> <span class='ocrx_word' id='word_1_674' title='bbox 1961 5725 2143 5784; x_wconf 84' lang='lat' dir='ltr'><strong>fortis-</strong></span> 
     </span>
    </p>
   </div>
   <div class='ocr_carea' id='block_1_105' title="bbox 533 5814 2138 5883">
    <p class='ocr_par' dir='ltr' id='par_1_105' title="bbox 533 5814 2138 5883">
     <span class='ocr_line' id='line_1_105' title="bbox 533 5814 2138 5883; baseline 0.002 -18"><span class='ocrx_word' id='word_1_675' title='bbox 533 5835 537 5840; x_wconf 32' lang='grc'>⁸</span> <span class='ocrx_word' id='word_1_676' title='bbox 598 5828 723 5883; x_wconf 86' lang='lat' dir='ltr'><strong>quc,</strong></span> <span class='ocrx_word' id='word_1_677' title='bbox 774 5814 863 5883; x_wconf 85' lang='lat' dir='ltr'><strong>qui</strong></span> <span class='ocrx_word' id='word_1_678' title='bbox 913 5824 1090 5872; x_wconf 87' lang='lat' dir='ltr'><strong>tamen</strong></span> <span class='ocrx_word' id='word_1_679' title='bbox 1139 5815 1399 5872; x_wconf 80' lang='lat' dir='ltr'><strong>machina:</strong></span> <span class='ocrx_word' id='word_1_680' title='bbox 1446 5823 1551 5871; x_wconf 89' lang='lat' dir='ltr'><strong>tam</strong></span> <span class='ocrx_word' id='word_1_681' title='bbox 1597 5816 1839 5873; x_wconf 86' lang='lat' dir='ltr'><strong>horribili</strong></span> <span class='ocrx_word' id='word_1_682' title='bbox 1894 5815 2138 5874; x_wconf 76' lang='lat' dir='ltr'><strong>cedebat.</strong></span> 
     </span>
    </p>
   </div>
   <div class='ocr_carea' id='block_1_106' title="bbox 2245 4627 3788 4696">
    <p class='ocr_par' dir='ltr' id='par_1_106' title="bbox 2245 4627 3788 4696">
     <span class='ocr_line' id='line_1_106' title="bbox 2245 4627 3788 4696; baseline -0.005 -10"><span class='ocrx_word' id='word_1_683' title='bbox 2245 4638 2520 4686; x_wconf 90' lang='lat' dir='ltr'><strong>tentarent</strong></span> <span class='ocrx_word' id='word_1_684' title='bbox 2551 4631 2893 4684; x_wconf 73' lang='lat' dir='ltr'><strong>fundamenta</strong></span> <span class='ocrx_word' id='word_1_685' title='bbox 2921 4627 3190 4683; x_wconf 72' lang='lat' dir='ltr'><strong>sutitnlere</strong></span> <span class='ocrx_word' id='word_1_686' title='bbox 3220 4636 3616 4696; x_wconf 82' lang='lat' dir='ltr'><strong>penetrareque</strong></span> <span class='ocrx_word' id='word_1_687' title='bbox 3670 4642 3788 4680; x_wconf 80' lang='lat' dir='ltr'><strong>om-</strong></span> 
     </span>
    </p>
   </div>
   <div class='ocr_carea' id='block_1_107' title="bbox 2241 4715 3790 4784">
    <p class='ocr_par' dir='ltr' id='par_1_107' title="bbox 2241 4715 3790 4784">
     <span class='ocr_line' id='line_1_107' title="bbox 2241 4715 3790 4784; baseline -0.003 -9"><span class='ocrx_word' id='word_1_688' title='bbox 2241 4722 2493 4775; x_wconf 89' lang='lat' dir='ltr'><strong>nifarium</strong></span> <span class='ocrx_word' id='word_1_689' title='bbox 2531 4721 2680 4776; x_wconf 90' lang='lat' dir='ltr'><strong>urbis</strong></span> <span class='ocrx_word' id='word_1_690' title='bbox 2711 4735 2945 4773; x_wconf 86' lang='lat' dir='ltr'><strong>murum.</strong></span> <span class='ocrx_word' id='word_1_691' title='bbox 2987 4721 3197 4771; x_wconf 81' lang='lat' dir='ltr'><strong>Ateum</strong></span> <span class='ocrx_word' id='word_1_692' title='bbox 3249 4732 3276 4769; x_wconf 86' lang='lat' dir='ltr'><strong>a</strong></span> <span class='ocrx_word' id='word_1_693' title='bbox 3333 4715 3698 4772; x_wconf 88' lang='lat' dir='ltr'><strong>fundamentis</strong></span> <span class='ocrx_word' id='word_1_694' title='bbox 3731 4717 3790 4784; x_wconf 88' lang='lat'><strong>(0</strong></span> 
     </span>
    </p>
   </div>
   <div class='ocr_carea' id='block_1_108' title="bbox 2240 4803 3791 4879">
    <p class='ocr_par' dir='ltr' id='par_1_108' title="bbox 2240 4803 3791 4879">
     <span class='ocr_line' id='line_1_108' title="bbox 2240 4803 3791 4879; baseline -0.002 -15"><span class='ocrx_word' id='word_1_695' title='bbox 2240 4812 2352 4865; x_wconf 87' lang='lat' dir='ltr'><strong>rem</strong></span> <span class='ocrx_word' id='word_1_696' title='bbox 2383 4810 2680 4866; x_wconf 88' lang='lat' dir='ltr'><strong>mirabilem</strong></span> <span class='ocrx_word' id='word_1_697' title='bbox 2707 4810 2746 4877; x_wconf 88' lang='lat'><strong>!)</strong></span> <span class='ocrx_word' id='word_1_698' title='bbox 2780 4809 3010 4879; x_wconf 86' lang='lat' dir='ltr'><strong>primum</strong></span> <span class='ocrx_word' id='word_1_699' title='bbox 3032 4808 3141 4877; x_wconf 87' lang='lat' dir='ltr'><strong>jam</strong></span> <span class='ocrx_word' id='word_1_700' title='bbox 3170 4803 3363 4862; x_wconf 82' lang='lat' dir='ltr'><strong>vallum</strong></span> <span class='ocrx_word' id='word_1_701' title='bbox 3385 4817 3436 4860; x_wconf 93' lang='lat' dir='ltr'><strong>et</strong></span> <span class='ocrx_word' id='word_1_702' title='bbox 3454 4808 3791 4862; x_wconf 80' lang='lat' dir='ltr'><strong>antemurale</strong></span> 
     </span>
    </p>
   </div>
   <div class='ocr_carea' id='block_1_109' title="bbox 2240 4897 3789 4966">
    <p class='ocr_par' dir='ltr' id='par_1_109' title="bbox 2240 4897 3789 4966">
     <span class='ocr_line' id='line_1_109' title="bbox 2240 4897 3789 4966; baseline -0.002 -10"><span class='ocrx_word' id='word_1_703' title='bbox 2240 4902 2490 4956; x_wconf 86' lang='lat' dir='ltr'><strong>mirando</strong></span> <span class='ocrx_word' id='word_1_704' title='bbox 2575 4917 2695 4956; x_wconf 92' lang='lat' dir='ltr'><strong>cum</strong></span> <span class='ocrx_word' id='word_1_705' title='bbox 2781 4899 2996 4954; x_wconf 89' lang='lat' dir='ltr'><strong>silentio</strong></span> <span class='ocrx_word' id='word_1_706' title='bbox 3072 4901 3494 4966; x_wconf 81' lang='lat' dir='ltr'><strong>subcavassent;</strong></span> <span class='ocrx_word' id='word_1_707' title='bbox 3562 4897 3789 4954; x_wconf 76' lang='lat' dir='ltr'><strong>Joannis</strong></span> 
     </span>
    </p>
   </div>
   <div class='ocr_carea' id='block_1_110' title="bbox 2241 4988 3785 5061">
    <p class='ocr_par' dir='ltr' id='par_1_110' title="bbox 2241 4988 3785 5061">
     <span class='ocr_line' id='line_1_110' title="bbox 2241 4988 3785 5061; baseline -0.003 -13"><span class='ocrx_word' id='word_1_708' title='bbox 2241 4988 2456 5049; x_wconf 77' lang='lat' dir='ltr'><strong>Grande</strong></span> <span class='ocrx_word' id='word_1_709' title='bbox 2492 4993 2758 5058; x_wconf 83' lang='lat' dir='ltr'><strong>Alcmani,</strong></span> <span class='ocrx_word' id='word_1_710' title='bbox 2791 4992 3057 5061; x_wconf 84' lang='lat' dir='ltr'><strong>ingeniosi</strong></span> <span class='ocrx_word' id='word_1_711' title='bbox 3089 4991 3293 5056; x_wconf 88' lang='lat' dir='ltr'><strong>militis,</strong></span> <span class='ocrx_word' id='word_1_712' title='bbox 3331 5006 3508 5045; x_wconf 91' lang='lat' dir='ltr'><strong>rerum</strong></span> <span class='ocrx_word' id='word_1_713' title='bbox 3573 4991 3785 5045; x_wconf 79' lang='lat' dir='ltr'><strong>bellica-</strong></span> 
     </span>
    </p>
   </div>
   <div class='ocr_carea' id='block_1_111' title="bbox 2244 5079 3787 5149">
    <p class='ocr_par' dir='ltr' id='par_1_111' title="bbox 2244 5079 3787 5149">
     <span class='ocr_line' id='line_1_111' title="bbox 2244 5079 3787 5149; baseline -0.002 -11"><span class='ocrx_word' id='word_1_714' title='bbox 2244 5101 2362 5138; x_wconf 92' lang='lat' dir='ltr'><strong>rum</strong></span> <span class='ocrx_word' id='word_1_715' title='bbox 2395 5083 2722 5144; x_wconf 90' lang='lat' dir='ltr'><strong>doctissimi,</strong></span> <span class='ocrx_word' id='word_1_716' title='bbox 2763 5097 2922 5149; x_wconf 91' lang='lat' dir='ltr'><strong>quem</strong></span> <span class='ocrx_word' id='word_1_717' title='bbox 2950 5079 3188 5135; x_wconf 77' lang='lat' dir='ltr'><strong>Joannes</strong></span> <span class='ocrx_word' id='word_1_718' title='bbox 3211 5079 3546 5136; x_wconf 88' lang='lat' dir='ltr'><strong>Justiuianus</strong></span> <span class='ocrx_word' id='word_1_719' title='bbox 3587 5082 3787 5136; x_wconf 59' lang='lat' dir='ltr'><strong>militia:</strong></span> 
     </span>
    </p>
   </div>
   <div class='ocr_carea' id='block_1_112' title="bbox 2244 5173 3793 5242">
    <p class='ocr_par' dir='ltr' id='par_1_112' title="bbox 2244 5173 3793 5242">
     <span class='ocr_line' id='line_1_112' title="bbox 2244 5173 3793 5242; baseline 0 -16"><span class='ocrx_word' id='word_1_720' title='bbox 2244 5174 2350 5227; x_wconf 86' lang='lat' dir='ltr'><strong>dux</strong></span> <span class='ocrx_word' id='word_1_721' title='bbox 2381 5173 3135 5239; x_wconf 86' lang='lat' dir='ltr'><strong>centurionemconduxerat,</strong></span> <span class='ocrx_word' id='word_1_722' title='bbox 3190 5173 3451 5228; x_wconf 90' lang='lat' dir='ltr'><strong>industria</strong></span> <span class='ocrx_word' id='word_1_723' title='bbox 3477 5183 3529 5228; x_wconf 91' lang='lat' dir='ltr'><strong>et</strong></span> <span class='ocrx_word' id='word_1_724' title='bbox 3586 5175 3793 5242; x_wconf 80' lang='lat' dir='ltr'><strong>sagaci-</strong></span> 
     </span>
    </p>
   </div>
   <div class='ocr_carea' id='block_1_113' title="bbox 2246 5264 3788 5334">
    <p class='ocr_par' dir='ltr' id='par_1_113' title="bbox 2246 5264 3788 5334">
     <span class='ocr_line' id='line_1_113' title="bbox 2246 5264 3788 5334; baseline -0.002 -14"><span class='ocrx_word' id='word_1_725' title='bbox 2246 5276 2352 5320; x_wconf 88' lang='lat' dir='ltr'><strong>tate</strong></span> <span class='ocrx_word' id='word_1_726' title='bbox 2384 5281 2519 5333; x_wconf 82' lang='lat' dir='ltr'><strong>Opus</strong></span> <span class='ocrx_word' id='word_1_727' title='bbox 2548 5266 2816 5321; x_wconf 91' lang='lat' dir='ltr'><strong>detectum</strong></span> <span class='ocrx_word' id='word_1_728' title='bbox 2873 5273 2954 5319; x_wconf 89' lang='lat' dir='ltr'><strong>est</strong></span> <span class='ocrx_word' id='word_1_729' title='bbox 2986 5282 3000 5318; x_wconf 89' lang='lat'><strong>:</strong></span> <span class='ocrx_word' id='word_1_730' title='bbox 3031 5264 3540 5334; x_wconf 78' lang='lat' dir='ltr'><strong>exploratorumque</strong></span> <span class='ocrx_word' id='word_1_731' title='bbox 3592 5265 3644 5318; x_wconf 90' lang='lat' dir='ltr'><strong>id</strong></span> <span class='ocrx_word' id='word_1_732' title='bbox 3699 5264 3788 5318; x_wconf 83' lang='lat' dir='ltr'><strong>fir-</strong></span> 
     </span>
    </p>
   </div>
   <div class='ocr_carea' id='block_1_114' title="bbox 2245 5354 3792 5419">
    <p class='ocr_par' dir='ltr' id='par_1_114' title="bbox 2245 5354 3792 5419">
     <span class='ocr_line' id='line_1_114' title="bbox 2245 5354 3792 5419; baseline 0.001 -7"><span class='ocrx_word' id='word_1_733' title='bbox 2245 5367 2446 5412; x_wconf 88' lang='lat' dir='ltr'><strong>matum</strong></span> <span class='ocrx_word' id='word_1_734' title='bbox 2467 5358 2746 5419; x_wconf 75' lang='lat' dir='ltr'><strong>relatione,</strong></span> <span class='ocrx_word' id='word_1_735' title='bbox 2777 5357 2984 5410; x_wconf 86' lang='lat' dir='ltr'><strong>animos</strong></span> <span class='ocrx_word' id='word_1_736' title='bbox 3015 5357 3256 5410; x_wconf 85' lang='lat' dir='ltr'><strong>omnium</strong></span> <span class='ocrx_word' id='word_1_737' title='bbox 3278 5357 3585 5410; x_wconf 88' lang='lat' dir='ltr'><strong>commovit.</strong></span> <span class='ocrx_word' id='word_1_738' title='bbox 3617 5354 3792 5413; x_wconf 67' lang='lat' dir='ltr'><strong>Grmci</strong></span> 
     </span>
    </p>
   </div>
   <div class='ocr_carea' id='block_1_115' title="bbox 2245 5440 3792 5520">
    <p class='ocr_par' dir='ltr' id='par_1_115' title="bbox 2245 5440 3792 5520">
     <span class='ocr_line' id='line_1_115' title="bbox 2245 5440 3792 5520; baseline -0.001 -16"><span class='ocrx_word' id='word_1_739' title='bbox 2245 5465 2366 5504; x_wconf 90' lang='lat' dir='ltr'><strong>cum</strong></span> <span class='ocrx_word' id='word_1_740' title='bbox 2399 5440 2594 5506; x_wconf 83' lang='lat' dir='ltr'><strong>dudum</strong></span> <span class='ocrx_word' id='word_1_741' title='bbox 2625 5449 2961 5510; x_wconf 78' lang='lat' dir='ltr'><strong>Barsicham,</strong></span> <span class='ocrx_word' id='word_1_742' title='bbox 3007 5447 3205 5511; x_wconf 83' lang='lat' dir='ltr'><strong>Ammi,</strong></span> <span class='ocrx_word' id='word_1_743' title='bbox 3264 5443 3597 5517; x_wconf 66' lang='lat' dir='ltr'><strong>lmoratque</strong></span> <span class='ocrx_word' id='word_1_744' title='bbox 3633 5449 3792 5520; x_wconf 79' lang='lat' dir='ltr'><strong>geni-</strong></span> 
     </span>
    </p>
   </div>
   <div class='ocr_carea' id='block_1_116' title="bbox 2245 5538 3790 5611">
    <p class='ocr_par' dir='ltr' id='par_1_116' title="bbox 2245 5538 3790 5611">
     <span class='ocr_line' id='line_1_116' title="bbox 2245 5538 3790 5611; baseline 0.003 -19"><span class='ocrx_word' id='word_1_745' title='bbox 2245 5550 2415 5595; x_wconf 89' lang='lat' dir='ltr'><strong>torem</strong></span> <span class='ocrx_word' id='word_1_746' title='bbox 2451 5541 2631 5611; x_wconf 89' lang='lat' dir='ltr'><strong>hujus,</strong></span> <span class='ocrx_word' id='word_1_747' title='bbox 2668 5539 2906 5610; x_wconf 90' lang='lat' dir='ltr'><strong>pristinis</strong></span> <span class='ocrx_word' id='word_1_748' title='bbox 2939 5538 3112 5599; x_wconf 83' lang='lat' dir='ltr'><strong>bellis,</strong></span> <span class='ocrx_word' id='word_1_749' title='bbox 3132 5539 3333 5594; x_wconf 89' lang='lat' dir='ltr'><strong>frustra</strong></span> <span class='ocrx_word' id='word_1_750' title='bbox 3391 5539 3672 5595; x_wconf 80' lang='lat' dir='ltr'><strong>laborasse</strong></span> <span class='ocrx_word' id='word_1_751' title='bbox 3734 5541 3790 5596; x_wconf 85' lang='lat' dir='ltr'><strong>in</strong></span> 
     </span>
    </p>
   </div>
   <div class='ocr_carea' id='block_1_117' title="bbox 2247 5631 3793 5701">
    <p class='ocr_par' dir='ltr' id='par_1_117' title="bbox 2247 5631 3793 5701">
     <span class='ocr_line' id='line_1_117' title="bbox 2247 5631 3793 5701; baseline 0.002 -15"><span class='ocrx_word' id='word_1_752' title='bbox 2247 5635 2485 5688; x_wconf 88' lang='lat' dir='ltr'><strong>cavanda</strong></span> <span class='ocrx_word' id='word_1_753' title='bbox 2507 5636 2638 5688; x_wconf 89' lang='lat' dir='ltr'><strong>urbe</strong></span> <span class='ocrx_word' id='word_1_754' title='bbox 2663 5632 3062 5701; x_wconf 86' lang='lat' dir='ltr'><strong>cognovissent,</strong></span> <span class='ocrx_word' id='word_1_755' title='bbox 3120 5632 3451 5700; x_wconf 88' lang='lat' dir='ltr'><strong>impossibile</strong></span> <span class='ocrx_word' id='word_1_756' title='bbox 3501 5631 3793 5699; x_wconf 71' lang='lat' dir='ltr'><strong>perbene</strong></span> 
     </span>
    </p>
   </div>
   <div class='ocr_carea' id='block_1_118' title="bbox 2247 5721 3792 5794">
    <p class='ocr_par' dir='ltr' id='par_1_118' title="bbox 2247 5721 3792 5794">
     <span class='ocr_line' id='line_1_118' title="bbox 2247 5721 3792 5794; baseline 0 -15"><span class='ocrx_word' id='word_1_757' title='bbox 2247 5723 2360 5779; x_wconf 83' lang='lat' dir='ltr'><strong>ﬁeri</strong></span> <span class='ocrx_word' id='word_1_758' title='bbox 2394 5741 2550 5794; x_wconf 87' lang='lat' dir='ltr'><strong>posse</strong></span> <span class='ocrx_word' id='word_1_759' title='bbox 2571 5721 3191 5788; x_wconf 84' lang='lat' dir='ltr'><strong>affirmabant.Quorum</strong></span> <span class='ocrx_word' id='word_1_760' title='bbox 3225 5722 3408 5790; x_wconf 82' lang='lat' dir='ltr'><strong>Opinio</strong></span> <span class='ocrx_word' id='word_1_761' title='bbox 3430 5738 3492 5778; x_wconf 77' lang='lat' dir='ltr'><strong>ex</strong></span> <span class='ocrx_word' id='word_1_762' title='bbox 3525 5723 3650 5779; x_wconf 85' lang='lat' dir='ltr'><strong>facti</strong></span> <span class='ocrx_word' id='word_1_763' title='bbox 3673 5726 3792 5781; x_wconf 84' lang='lat' dir='ltr'><strong>evi-</strong></span> 
     </span>
    </p>
   </div>
   <div class='ocr_carea' id='block_1_119' title="bbox 2247 5811 3792 5884">
    <p class='ocr_par' dir='ltr' id='par_1_119' title="bbox 2247 5811 3792 5884">
     <span class='ocr_line' id='line_1_119' title="bbox 2247 5811 3792 5884; baseline 0 -14"><span class='ocrx_word' id='word_1_764' title='bbox 2247 5814 2428 5870; x_wconf 86' lang='lat' dir='ltr'><strong>dentia</strong></span> <span class='ocrx_word' id='word_1_765' title='bbox 2451 5815 2678 5872; x_wconf 79' lang='lat' dir='ltr'><strong>conqua</strong></span> <span class='ocrx_word' id='word_1_766' title='bbox 2717 5822 2822 5870; x_wconf 88' lang='lat' dir='ltr'><strong>est.</strong></span> <span class='ocrx_word' id='word_1_767' title='bbox 2869 5812 3052 5884; x_wconf 81' lang='lat' dir='ltr'><strong>itaque</strong></span> <span class='ocrx_word' id='word_1_768' title='bbox 3081 5811 3376 5884; x_wconf 87' lang='lat' dir='ltr'><strong>pcnetralia</strong></span> <span class='ocrx_word' id='word_1_769' title='bbox 3432 5812 3542 5870; x_wconf 66' lang='lat' dir='ltr'><strong>haec</strong></span> <span class='ocrx_word' id='word_1_770' title='bbox 3587 5815 3792 5870; x_wconf 81' lang='lat' dir='ltr'><strong>nostris</strong></span> 
     </span>
    </p>
   </div>
  </div>
