4006 6338
265 417 375 491 929

258 727 667 798 turris,.ligneis
700 733 856 802 stylis
883 734 1222 793 bituminatis
1252 740 1459 805 innixa,
1516 745 1676 812 nobis
1734 748 1815 799 in-

258 819 414 871 ussit.
450 818 554 873 Sed
586 829 755 876 utres
801 824 858 877 in
895 825 1070 881 lucem
1106 831 1271 894 venit,
1304 835 1696 905 repulsis-igne
1760 847 1815 894 et

257 909 522 974 sulphure
573 913 818 971 hostibus
847 931 876 970 e
905 921 1128 976 latebris
1163 935 1558 994 reconstructa,
1600 945 1720 984 mox
1750 931 1815 984 ti-

258 1015 465 1056 morem
504 1009 765 1065 excussit.
796 997 1111 1081 Composuit
1143 1017 1366 1084 perinde
1397 1020 1602 1090 ligneas
1637 1031 1815 1078 turres

250 1095 408 1162 juxta
447 1101 666 1165 vallum,
699 1103 862 1158 humo
888 1107 1092 1176 plenas,
1131 1109 1364 1179 pellibus
1395 1114 1553 1168 boum
1583 1115 1816 1172 cireum-

256 1197 456 1248 tectas.
515 1207 578 1246 ex
615 1194 810 1262 quibus
869 1196 1093 1256 lassatis
1149 1202 1285 1265 clam
1338 1211 1534 1270 terram
1570 1208 1816 1277 quisqui-

253 1279 468 1349 liasque
492 1294 548 1338 ut
582 1286 756 1342 facilis
788 1289 866 1344 eis
902 1291 1051 1347 fleret
1087 1293 1384 1362 ingressus,
1420 1283 1810 1366 immittebaut.

251 1372 448 1430 Crates
481 1377 671 1432 deinde
710 1381 1027 1436 innumeras
1054 1399 1116 1438 ex
1139 1386 1390 1455 virgultis
1411 1391 1814 1462 viminibusque

252 1477 563 1530 contextas.
594 1483 770 1529 eattos
802 1475 1066 1545 oblongos
1107 1481 1396 1551 scalasque
1437 1485 1665 1547 rotatas.
1689 1502 1814 1541 cur-

253 1575 352 1611 rus
414 1565 726 1620 castellatos
782 1569 1017 1637 taliaque
1059 1572 1510 1639 machinamenta,
1567 1593 1687 1647 qua:
1727 1580 1811 1634 vix

251 1648 482 1704 Romani
509 1654 768 1710 advchus
804 1653 1001 1714 Poenos
1023 1659 1487 1718 construxiSSent.
1515 1665 1813 1730 Bumbarda

249 1755 512 1824 praeterea
550 1747 635 1800 ill-a
672 1749 880 1817 ingens,
908 1766 973 1806 eo
1001 1753 1146 1820 quod
1185 1753 1529 1825 Caligaream
1592 1767 1814 1814 strenue

254 1837 562 1902 reparatam
608 1840 875 1897 adversus
932 1860 1038 1898 non
1072 1846 1377 1913 proficeret,
1415 1838 1576 1902 alium
1635 1849 1810 1903 locum

1353 437 1447 502 DE
1491 419 2080 513 EXPUGNATIONE
2115 452 2396 517 crous.

261 542 761 602 reconfossionibus
807 549 1037 618 detecta,
1093 553 1280 609 urbem
1319 575 1424 612 non
1477 562 1662 626 laesere
1706 567 1822 621 :ti-
1848 574 1897 630 A

260 648 468 689 morem
499 646 677 693 tamen
713 632 984 708 ingentem
1043 641 1076 699 a'
1132 645 1501 704 fundamentis
1561 654 1810 710 confossa
1863 686 1865 689 -

3376 455 3481 519 930

1924 573 2111 642 irrigat
2141 583 2339 629 terram
2390 593 2406 632 :
2439 576 2605 632 Detur
2639 571 2852 631 summo
2877 573 3117 646 pontiflci
3149 587 3476 629 Contmctnn-
3524 571 3529 574 ’

1917 665 2142 722 rationis
2165 667 2360 731 honos,
2385 669 2477 723 sed
2500 670 2774 725 decretum
2804 669 3128 726 Florentina:
3156 670 3344 739 synodi
3373 675 3479 722 non

1917 755 2141 826 legatur.
2165 758 2272 813 Cur
2295 762 2415 827 hoc,
2459 761 2780 830 hypocrita?
2808 762 2875 818 Ut
2907 765 3150 827 deleatur
3173 749 3392 832 (inquit)
3416 778 3477 815 ex

1916 849 2164 930 decreto,
2181 855 2325 920 quod
2347 854 2584 922 Spiritus
2609 866 2831 910 sanctus
2858 872 2918 911 ex
2944 855 3100 924 Filio,
3133 858 3484 926 quemadmoé

1916 939 2041 993 dum
2067 957 2129 994 ex
2162 939 2316 996 Patre
2346 946 2604 1012 procedit.
2642 946 2750 1002 Cur
2774 947 2923 1007 item.
2945 948 3261 1018 hypocrita?
3289 946 3357 999 ne
3389 961 3478 1001 cr-

1918 1045 2068 1087 rasse
2099 1033 2382 1088 vidcantur
2406 1035 2601 1100 Graeci,
2631 1038 2675 1089 si
2702 1035 2889 1090 dicant
2925 1038 3062 1092 duos
3095 1038 3269 1092 sancti
3305 1035 3492 1105 Spiris

1918 1132 2004 1178 tus
2022 1125 2398 1192 productores.
2421 1123 2524 1196 Sed
2542 1145 2634 1182 cur
2653 1113 2870 1187 iterum.
2892 1131 3136 1195 obsecro,
3156 1129 3476 1200 hypocrita?

1916 1208 1995 1264 Ne
2031 1211 2191 1264 detur
2224 1214 2274 1267 ei
2308 1215 2400 1281 qui
2427 1224 2593 1268 totam
2624 1217 2728 1269 sibi
2781 1230 2850 1268 ex
2877 1215 3050 1270 ofiicio
3085 1224 3301 1283 captare
3325 1217 3478 1283 cupit

1917 1301 2179 1370 gloriam;
2217 1302 2529 1377 intendebat
2555 1321 2618 1359 ex
2675 1322 2777 1360 una
2836 1316 2984 1372 parte
3034 1300 3367 1366 Scholarius.
3411 1321 3475 1359 cx

1915 1387 2770 1464 altera‘Chirluea,quandoque
2803 1396 2869 1451 ad
2921 1391 3260 1466 praesentiam
3307 1389 3476 1454 semet

1917 1485 2582 1554 apostolicamvconferre,
2647 1474 2730 1542 ut.
2761 1488 2813 1542 hi
2845 1498 3028 1543 essent
3069 1490 3173 1557 qui,
3214 1489 3312 1542 soli
3362 1502 3473 1542 rem
3515 1485 3517 1487 ’

1918 1574 2248 1640 intellexisse
2283 1576 2618 1640 viderentur,
2652 1580 2855 1648 quique
2909 1579 3065 1647 primi
3123 1579 3472 1631 laudarentur

1918 1674 2082 1722 tantae
2111 1668 2331 1722 unionis
2394 1678 2664 1724 auctores.
2717 1671 2991 1724 Adversus
3045 1670 3187 1724 enim
3239 1670 3472 1739 legatum

1917 1756 2068 1810 multi
2116 1757 2317 1812 invidia
2369 1761 2616 1814 clanCnlo
2675 1755 3092 1830 torquebantur.
3145 1760 3282 1827 Ergo
3321 1760 3475 1812 dixi:

1915 1845 2216 1913 Paterisne,
2257 1863 2288 1900 ο
2324 1850 2650 1918 imperatori
2717 1859 2767 1902 ut
2805 1853 2917 1905 haec
2973 1851 3196 1904 ambitio
3258 1850 3470 1904 scindat

250 1926 577 1984 Ractatinere
611 1933 806 1992 turris.»
862 1935 1014 2002 juxta
1075 1935 1261 1991 Sani-ti
1321 1940 1545 1993 Romani
1606 1948 1812 2009 portam
1844 1913 1889 1972 Β
1919 1936 2234 1997 Ecclesiam.
2264 1947 2321 1991 ut
2344 1913 2506 2006 hujus
2527 1939 2603 1992 rei
2627 1940 2793 2006 gratia
2818 1940 2994 1991 divina
3049 1939 3130 1992 ira
3158 1938 3326 2007 magis
3367 1953 3477 1990 ma-

250 2019 380 2089 inde
431 2020 677 2086 dimota,
740 2024 916 2090 lapide
981 2027 1030 2079 in
1091 2043 1154 2081 ea
1211 2030 1572 2083 aestimatione
1652 2033 1805 2086 mille

248 2108 619 2174 ducentarum
643 2113 899 2183 librarum
921 2117 1153 2170 interdiu
1172 2118 1400 2183 collidit,
1417 2120 1667 2181 collisum
1687 2137 1820 2176 con-

247 2199 782 2255 cutitzeoncussum
838 2210 1176 2258 exterminat.
1236 2206 1409 2260 Ruina
1451 2188 1818 2266 iturris‘ante-

249 2291 481 2347 muralis
509 2292 772 2349 fossatum
800 2295 968 2364 replet
1010 2305 1293 2366 aequatque
1319 2299 1425 2350 :ita
1450 2309 1509 2353 ut
1539 2301 1622 2353 via
1649 2301 1819 2355 hosti-

249 2382 384 2448 bus,
416 2399 518 2459 qua
546 2384 842 2455 decurrere
864 2397 1107 2454 possent.
1137 2399 1302 2441 strata
1331 2399 1677 2446 cerneretur:
1710 2393 1815 2448 nisi

247 2473 381 2541 quia
395 2469 606 2530 concito
625 2475 940 2540 introrsum,
963 2478 1039 2532 uti
1060 2481 1110 2532 in
1131 2477 1426 2548 Caligareze
1445 2481 1812 2547 demolitione,

248 2566 681 2634 reparatio'facta
704 2566 917 2632 fuisset,
944 2569 1087 2632 haud
1109 2570 1273 2624 dubio
1296 2570 1497 2639 impetu
1521 2571 1708 2624 urbem
1736 2570 1816 2624 iu-

249 2664 508 2711 trassent.
545 2655 736 2731 Itaque,
763 2658 1010 2715 Teucrus
1036 2661 1366 2726 demolitum,
1393 2647 1548 2728 qam
1580 2662 1810 2730 primum

249 2753 616 2801 restauratum
650 2757 709 2803 ut
730 2753 1010 2820 conspexit
1037 2768 1287 2808 murum:
1330 2752 1444 2808 Non
1479 2752 1810 2818 Graecorum,

249 2836 452 2906 inquit,
483 2839 577 2894 sed
611 2833 945 2896 Francorum
980 2843 1082 2898 hoc
1110 2845 1384 2913 ingenium
1428 2853 1532 2907 est.
1565 2856 1623 2899 ut
1665 2856 1808 2900 tanta

250 2928 565 2983 resistentia
605 2930 714 2994 liat,
748 2939 899 2988 tanta
932 2920 1107 3000 pugna
1137 2949 1151 2990 :
1178 2948 1314 3002 quos
1351 2948 1453 2988 nec
1516 2933 1810 2986 innumerae

248 3022 484 3090 sagittae,
556 3035 651 3075 nec
693 3023 1068 3076 machinarum
1129 3023 1536 3094 ligneorumque
1587 3036 1808 3088 castro-

249 3128 375 3166 rum
405 3111 621 3179 horror,
654 3128 750 3168 nec
781 3114 1095 3170 intermissa
1126 3101 1374 3173 obsessio
1412 3115 1667 3169 deterret.

1921 2030 2118 2100 gisque
2156 2030 2349 2084 merito
2376 2031 2741 2089 accendatur?
2776 2030 2882 2085 Cur
2921 2046 3025 2083 non
3051 2046 3079 2084 e
3112 2032 3284 2083 medio
3313 2031 3479 2099 perti-

1919 2136 2084 2179 naces
2114 2124 2187 2176 illi
2219 2123 2898 2192 tolluntur?~Acquiescere
2964 2125 3255 2192 imperator
3301 2122 3471 2182 visus,
3516 2129 3521 2135 ‘

1919 2211 2397 2282 metropolitasque
2429 2214 2793 2279 Scholarium,
2815 2215 3108 2277 lsidorum,
3135 2209 3471 2285 Neopliytnm

1918 2301 2337 2370 complicesque,
2390 2301 2600 2371 judices
2644 2299 2981 2381 constituit,
3034 2307 3194 2357 verbo
3233 2307 3470 2373 quidem,

1920 2404 2026 2442 non
2096 2390 2258 2444 facto.
2322 2390 2453 2447 Nam
2507 2394 2550 2445 si
2613 2395 3118 2464 pusillanimitatem
3182 2396 3473 2464 imperator

1916 2487 2271 2564 excussisset,
2334 2487 2476 2541 hanc
2551 2487 2670 2540 lidei
2725 2486 3051 2541 illusionem
3120 2488 3467 2540 vindicasset.

1917 2575 2016 2642 Qui
2049 2579 2190 2631 enim
2239 2580 2573 2640 hominibus,
2630 2579 2739 2634 Deo
2772 2589 2974 2649 spreto,
3015 2565 3335 2646 cumplacet,
3369 2581 3473 2631 uti-

1920 2686 2024 2738 que
2056 2671 2440 2733 confundetur.
2486 2671 2788 2741 Cocrcendi
2819 2672 3032 2739 quidem
3076 2670 3148 2722 illi
3175 2679 3349 2732 erant,
3380 2673 3469 2740 qui

1914 2762 1958 2813 si
1989 2759 2237 2821 fuissent,
2291 2762 2535 2813 morbum
2567 2747 2878 2830 pestiferum
2931 2774 3036 2812 non
3067 2771 3470 2829 propagassent.

1917 2851 2021 2904 Sed
2058 2854 2266 2920 ignoro,
2303 2860 2556 2907 utrumne
2590 2851 2898 2919 imperator,
2939 2863 3031 2903 aut
3080 2849 3286 2913 iudices
3325 2850 3475 2902 dJl"~

1915 2939 2072 2993 nandi
2130 2941 2326 3007 quibus
2367 2940 2719 3007 correctionis
2769 2941 2937 3010 virga,
2970 2929 3292 3009 quanquam
3313 2941 3471 2994 mina:

1909 3030 2372 3096 intercessissent,
2437 3027 2643 3106 aberat.
2932 3066 2941 3075 .
2979 3038 2984 3039 ’

1967 3124 2292 3177 Continuata
2348 3124 2532 3192 igitur.
2562 3122 2865 3178 obsidionis
2916 3130 3251 3188 tempestate,
3286 3121 3471 3175 clausa

323 3206 566 3274 Agebant
591 3208 790 3263 interea
819 3207 1042 3274 Galatie,
1070 3211 1180 3266 sive
1203 3209 1484 3271 Perenses.
1504 3223 1807 3278 quanquam
1840 3246 1883 3300 ϐ
1912 3216 2067 3277 urbe,
2106 3216 2459 3268 ducentarum
2489 3225 2541 3294 et
2575 3214 2957 3282 quinquaginta
2985 3213 3262 3264 iustarum
3280 3228 3349 3266 ex
3385 3215 3472 3264 di-

249 3298 592 3368 prut'entius,
608 3317 672 3356 ne
706 3303 759 3356 in
776 3300 1102 3370 Propontide
1120 3311 1356 3357 castrum
1374 3301 1658 3356 struxisset
1678 3299 1812 3352 Teu-

249 3408 404 3457 crus,
439 3391 722 3447 sollicitam
771 3393 1082 3460 providendi
1114 3407 1299 3446 curam
1335 3407 1474 3444 nunc
1513 3403 1810 3450 armorum.

248 3500 401 3542 nunc
450 3485 700 3549 militum,
723 3486 972 3540 clanculo
993 3470 1194 3546 tamen,
1217 3499 1283 3538 ne
1310 3483 1471 3548 hosti,
1493 3482 1583 3551 qui
1625 3496 1809 3548 pacem

159 3596 168 3602 ν
249 3593 381 3632 eum
408 3580 488 3632 eis
517 3577 836 3640 simulabat;
856 3577 1184 3655 innotuisset
1212 3593 1228 3632 :
1259 3591 1378 3644 qua:
1409 3590 1496 3628 res
1527 3574 1811 3638 tenuisset,

252 3685 326 3722 ne
374 3669 634 3723 auxilium
681 3669 905 3739 posthac
935 3666 1134 3723 Grmcis
1167 3666 1419 3721 conferre
1480 3663 1810 3732 potuissent.

254 3760 350 3814 Sic
380 3754 628 3812 simulata
666 3760 754 3812 illa
785 3776 880 3826 pax
936 3761 1055 3813 urbi
1090 3759 1155 3812 ad
1196 3768 1408 3825 tempus
1448 3756 1665 3826 profuit.
1695 3755 1807 3820 Ego

243 3848 457 3918 judicio
483 3861 620 3911 meo,
647 3833 700 3900 ui
730 3839 904 3912 fallor,
930 3850 1160 3901 arbitror
1182 3858 1416 3915 apertam
1441 3843 1688 3915 gucrram
1720 3845 1816 3899 Pe-

257 3940 512 3993 rensibus
551 3954 578 3990 a
613 3939 784 4006 primo
809 3940 1188 4002 salubriorem,
1217 3952 1375 4011 quam
1405 3939 1576 3991 fictam
1606 3953 1812 4006 pacem.

253 4031 486 4095 Quidam
519 4029 755 4084 Teucrus
789 4046 957 4099 neque
991 4039 1248 4093 castrum,
1275 4029 1812 4100 quoddemulitiouis

217 4146 220 4148 ν
252 4137 445 4176 eorum
464 4137 621 4177 causa
650 4121 769 4183 fuit.
801 4121 1157 4185 condidisset,
1180 4135 1350 4188 neque
1382 4135 1630 4187 gucrram
1671 4130 1817 4190 post-

249 4218 363 4269 rhac
416 4223 522 4268 tam
581 4214 879 4268 terrlbllem
926 4213 1240 4268 intulisset..
1271 4211 1312 4268 Ο
1343 4207 1652 4266 Genuenses
1703 4214 1810 4281 jam

253 4301 654 4378 quodammodo
684 4305 941 4372 cicurati;
974 4303 1067 4360 sed
1088 4309 1240 4369 sileo,
1273 4321 1341 4360 ne
1363 4307 1427 4358 de
1453 4306 1584 4359 meis
1604 4291 1811 4373 loquar,

254 4406 397 4468 Quos
426 4397 632 4456 externi
663 4411 784 4449 cum
814 4396 1040 4450 veritate
1070 4395 1386 4463 dijudicant.
1417 4392 1517 4448 Ubi
1551 4403 1677 4449 sunt
1707 4395 1813 4459 pri-

255 4491 335 4544 sci
370 4488 553 4560 inclyti
577 4483 910 4550 Genuenses,
947 4471 1578 4553 qui'Galatam,accincti
1615 4485 1810 4553 gladio,

255 4581 334 4633 uti
355 4579 446 4649 Qui
484 4578 806 4647 reparabant
836 4575 1280 4645 Hierosolymam,
1315 4577 1708 4630 condiderunt?
1739 4578 1813 4628 illi
1852 4575 1891 4627 D

249 4665 563 4728 Cumeffuso
586 4684 781 4723 cruore
804 4678 856 4720 et
885 4683 1024 4726 mre:
1055 4683 1152 4722 vos
1177 4684 1242 4720 ne
1272 4683 1343 4720 :rs
1368 4680 1606 4730 vestrum
1637 4669 1817 4736 cupidi

252 4775 310 4819 et
336 4764 652 4834 sanguinem
674 4760 1037 4826 el'funderetis,
1058 4775 1178 4814 cum
1196 4760 1440 4814 vecordia
1463 4761 1603 4813 illam
1629 4763 1822 4814 mundo

251 4859 508 4929 decoram
525 4858 730 4912 Teucro
744 4855 1059 4913 tradidistis.
1077 4854 1121 4910 si
1138 4863 1313 4908 tamen
1329 4855 1535 4909 tradere
1553 4855 1821 4923 potuistis.

333 4951 439 5007 Sed
500 4952 581 5022 (ut
640 4950 919 5005 historiam
971 4948 1382 5018 prosequamur)
1440 4947 1638 4999 interea
1699 4947 1821 4999 fati-

255 5046 368 5113 gati
445 5044 614 5096 nostri
678 5043 745 5095 de
808 5041 1060 5111 praesidio
1094 5039 1419 5094 difﬁdebant.
1470 5037 1602 5090 Nam
1645 5053 1820 5106 neque

250 5157 321 5190 ex
353 5138 564 5197 Genua,
597 5150 771 5202 neque
796 5151 858 5186 ex
894 5132 1154 5196 Venetiis,
1195 5133 1395 5201 quibus
1447 5133 1601 5200 (pace
1628 5147 1816 5183 eorum

251 5231 472 5299 dicam)
504 5229 638 5280 nutti
674 5226 883 5291 debui',
945 5224 1209 5278 auxilium
1242 5224 1572 5278 mittebatur.
1640 5223 1821 5292 Neque

255 5321 479 5374 aliunde
503 5333 626 5387 spes
661 5329 797 5378 erat,
842 5317 940 5370 nisi
976 5333 1039 5370 ex
1067 5315 1171 5371 Deo
1200 5318 1354 5385 cujus
1389 5317 1474 5386 qui
1507 5316 1820 5385 prudentius

255 5413 561 5466 tarditatem
591 5411 934 5472 metiebatur,
964 5426 1027 5464 ex
1056 5412 1309 5481 mysterio
1343 5411 1452 5461 fieri
1479 5411 1816 5472 autumabat,

258 5505 416 5574 quod
440 5502 751 5567 infidelitas,
780 5502 1040 5570 irreligio,
1085 5515 1378 5568 magnaque
1404 5503 1625 5555 crimina
1654 5502 1816 5556 Deum

256 5594 462 5666 potius
503 5587 809 5647 irritabant.
872 5591 1026 5656 Vide,
1084 5593 1396 5647 beatissime
1446 5595 1622 5658 Pater,
1657 5611 1815 5662 quam

261 5687 508 5756 dignum,
571 5698 730 5750 quam
789 5693 993 5737 rectum
1048 5685 1351 5752 judicium!
1457 5684 1815 5739 Cclcbrarunt

254 5774 521 5834 unionem
551 5770 724 5826 Graeci
749 5786 897 5838 voce,
931 5773 1022 5827 sed
1055 5789 1213 5844 opere
1240 5775 1523 5842 negabant.
1584 5779 1814 5838 Aiebaut

275 5863 496 5937 quidem
531 5872 829 5934 magnates,
863 5880 1088 5933 quorum
1119 5882 1275 5920 cruor
1302 5867 1476 5921 hostili
1504 5868 1678 5937 gladio
1708 5869 1815 5936 jam

1921 3310 2090 3362 versis
2113 3308 2274 3370 Asiae,
2303 3306 2567 3368 Thraciae,
2593 3303 2857 3373 Pontique
2880 3305 3153 3358 littoribus
3178 3314 3365 3358 contra
3380 3320 3474 3356 ur-

1915 3378 2033 3455 bent
2061 3401 2318 3467 disposita
2346 3398 2536 3476 classis
2563 3398 2704 3451 venit
2729 3416 2742 3450 :
2767 3397 2904 3450 inter
2921 3412 3055 3470 quas
3084 3399 3330 3452 triremes
3356 3413 3472 3462 sex,

1915 3504 1966 3547 et
1995 3494 2175 3545 decem
2211 3491 2475 3546 biremes:
2517 3493 2858 3561 septuaginta
2911 3492 3132 3559 reliquae
3175 3492 3326 3548 fusta‘
3351 3494 3473 3546 unis

1917 3585 2317 3648 hanchoremis;
2337 3584 2537 3656 cymba:
2560 3586 2721 3638 etlam
2743 3585 3082 3655 barculaeque
3097 3584 3387 3654 sagittariis
3404 3584 3468 3637 ad

1917 3676 2332 3731 ostentationem
2354 3676 2527 3745 plenae
2546 3677 2880 3730 vehebantur
2909 3695 2922 3731 :
2957 3693 3074 3746 quae
3100 3678 3338 3731 cinctum
3378 3693 3471 3728 ca-

1847 3809 1860 3818 .
1915 3775 2036 3829 tena
2074 3778 2287 3835 portum
2312 3778 2369 3827 et.
2394 3768 2644 3834 manibus
2667 3771 2915 3823 rostratis
2938 3769 3071 3822 bene
3098 3765 3343 3832 armatis,
3363 3767 3470 3824 Ge-

1915 3858 2201 3911 uucusium
2227 3867 2452 3925 septem,
2476 3858 2811 3911 Cretensium
2848 3859 3028 3913 tribus
3055 3858 3360 3927 colligatum
3389 3861 3469 3910 in-

1916 3956 2056 4003 trare
2082 3964 2187 4004 non
2209 3949 2470 4016 valentes,
2488 3949 2666 4005 minus
2689 3950 2754 4003 ad
2781 3949 2952 4005 stadia
2976 3959 3195 4004 centum
3231 3949 3469 4022 Propon-

1889 4043 2049 4096 tidis
2071 4042 2186 4111 ripa
2219 4042 2485 4099 anchoras
2518 4044 2710 4114 figunt.
2761 4042 2826 4097 Et
2857 4057 2978 4096 cum
3013 4042 3318 4111 proximare
3361 4058 3472 4100 non,

1915 4135 2194 4199 auderent,
2224 4149 2369 4188 mare
2393 4151 2422 4190 c
2453 4135 2608 4202 longe
2637 4134 2927 4198 sulcantes,
2951 4131 3238 4200 lignamina
3265 4130 3472 4197 aliaque

1916 4229 2348 4282 machinamenta
2367 4227 2561 4280 castris
2575 4234 2876 4296 opportuna
2899 4222 3238 4277 deferebant.
3261 4222 3326 4273 At
3348 4237 3468 4274 cum

1915 4321 2155 4376 Teucrus
2182 4321 2484 4388 tribusjam
2513 4321 2566 4372 in
2595 4319 2727 4371 locis
2749 4331 3045 4371 concussos
3068 4314 3334 4382 lapidibus
3353 4332 3474 4368 mu-

1917 4429 2006 4467 ros
2032 4413 2302 4466 machinis
2325 4410 2616 4478 dissiparet
2644 4427 2657 4462 :
2689 4396 2987 4479 mempratu
3015 4405 3296 4477 cujusdam
3324 4406 3469 4459 infidi

1917 4503 2210 4558 Christiani
2238 4515 2308 4553 "ex
2344 4498 2482 4553 colle
2505 4498 2736 4563 biremes
2765 4497 3136 4551 intromittere
3166 4506 3343 4575 curat.
3382 4497 3476 4556 Est

1923 4595 2065 4648 enim
2094 4601 2280 4662 portus
2303 4591 2412 4656 ille,
2445 4581 2755 4644 beatissime
2785 4589 2966 4652 Pater.
2991 4589 3043 4644 in
3069 4589 3285 4658 longum
3308 4605 3476 4654 angu-

1925 4695 2175 4756 stumque
2194 4695 2500 4753 protractus
2525 4703 2539 4741 :
2571 4685 2728 4753 cujus
2756 4684 3070 4746 Orientalem
3095 4681 3300 4750 plagam
3323 4682 3475 4733 colil-

1925 4790 2061 4851 gata
2085 4794 2248 4833 naves
2269 4785 2321 4833 et
2345 4786 2532 4832 catena
2555 4777 2864 4830 muniebant
2887 4793 2902 4831 :
2934 4775 3058 4826 inde
3082 4771 3327 4825 hostibus
3357 4774 3470 4826 adi-

1927 4884 2012 4928 tus
2045 4871 2392 4940 impossibilis
2441 4862 2589 4924 erat.
2625 4864 2802 4934 Quare
2838 4872 2894 4920 ut
2934 4874 3315 4933 coangustaret
3365 4866 3475 4918 eir-

1924 4963 2375 5030 cumvalleretque
2424 4962 2595 5029 magis
2623 4961 2831 5019 urbem,
2852 4956 3016 5025 jussit
3041 4955 3179 5008 invia
3209 4972 3425 5019 mqttare
3455 4978 3466 5010 :

1924 5069 2097 5122 exque
2122 5052 2260 5105 colle
2294 5051 2592 5120 suppositis
2624 5049 2804 5103 lenitis
2833 5045 2980 5114 vasis
3005 5044 3321 5098 lacertorum
3356 5064 3473 5107 sex.

1923 5145 1986 5197 ad
2020 5144 2190 5197 stadia
2222 5129 2561 5213 septuaginta
2595 5141 2733 5194 trahi
2768 5138 3021 5206 biremes,
3065 5158 3184 5211 qua:
3242 5157 3472 5194 ascensu
3504 5194 3506 5197 ,

1923 5235 2139 5303 gravius
2173 5236 2418 5299 sublatae,
2460 5234 2685 5302 posthac
2723 5246 2785 5284 ex
2813 5232 2964 5300 apice
2996 5233 3050 5286 in
3085 5232 3373 5294 declivuzn,
3404 5233 3467 5283 ad

1921 5328 2092 5396 ripam
2121 5327 2273 5396 sinus
2293 5327 2561 5380 levissime
2595 5323 2891 5378 introrsum
2923 5321 3276 5393 vehebantur.
3297 5322 3466 5386 Quam

1923 5419 2214 5474 novitatem
2284 5427 2432 5486 puto,
2506 5412 2827 5469 Venetorum
2905 5429 3070 5478 more.
3142 5429 3204 5468 ex
3283 5414 3472 5465 Gahlze

1923 5510 2061 5572 lacu,
2122 5511 2166 5562 is
2209 5509 2298 5574 qui
2348 5506 2630 5562 artificium
2695 5506 2920 5562 Teucris
2998 5503 3265 5572 patefecit,
3335 5504 3472 5555 didi.

1920 5611 2087 5655 cerat.
2126 5602 2197 5653 lta
2232 5615 2328 5654 uos
2360 5601 2530 5670 magis
2585 5600 2782 5664 territi,
2838 5597 3200 5666 cogitabamus
3234 5610 3325 5648 eas
3375 5606 3470 5647 aut

1923 5693 2044 5760 igne
2073 5702 2166 5744 aut
2199 5692 2373 5760 lapide
2394 5694 2778 5748 exterminare.
2811 5689 2913 5742 Sed
2965 5701 3138 5755 neque
3186 5687 3284 5740 hoc
3341 5703 3464 5756 pro-

1922 5780 2058 5834 fuit:
2104 5796 2267 5834 naves
2301 5782 2403 5836 illa:
2454 5782 2673 5849 majoris
2721 5777 3021 5832 nocumeuti
3076 5776 3234 5830 nobis
3292 5785 3468 5840 erant,

1925 5870 2190 5925 machinis
2232 5873 2587 5944 undequaque
2623 5879 2823 5924 tutatae.
2853 5867 3076 5948 Siejam
3109 5868 3317 5939 perdito
3347 5861 3475 5937 per
