4006 6338
587 369 683 433 931
1492 390 1500 395 ’
1788 373 2141 435 [EONARD

2242 372 2570 434 illlEVSiS
3696 363 3787 423 93°.

586 493 663 548 tu,
700 499 916 540 tteCessc
979 487 1079 540 fuit
1106 502 1168 540 ex
1203 488 1395 555 postis,
1428 495 1483 540 ut
1514 488 1812 541 maritimos
1844 488 2147 542 eustodirc—
2180 491 2220 546 Α
2257 485 2461 545 hardis,
2485 482 2675 550 satagit
2704 477 2851 530 omni
2887 476 3121 531 acuitate
3154 476 3377 530 artificis
3413 489 3584 527 naves
3611 474 3784 527 infrin-

568 590 710 631 unus
736 593 940 642 muros.
969 578 1281 633 deminuere
1317 581 1535 634 milites.
1577 579 1809 633 Proinde
1857 580 1955 633 hoc
1985 582 2138 642 inge-

591 667 682 721 nio
712 684 816 721 non
857 678 1149 723 contentus
1175 669 1439 733 Teucrus,
1469 670 1610 724 aliud
1644 686 1881 739 quoque,
1909 687 2016 740 quo
2040 686 2139 725 nos

589 768 816 813 terreret
851 759 1044 827 magis,
1075 762 1398 821 construxit,
1429 770 1640 828 pontem
1668 761 1916 815 videlicet
1954 761 2140 829 longi-

593 842 801 903 tudinis
844 848 1140 903 stadiorum
1189 850 1407 903 circiter
1456 850 1697 917 triginta,
1755 866 1819 903 ex
1857 851 1971 918 ripa
2019 850 2139 904 urbi

589 940 857 1007 opposita,
892 940 1054 993 maris
1087 942 1176 1009 qui
1207 940 1383 993 sinunt
1425 942 1715 1003 scinderet,
1744 943 1886 994 vasis
1919 942 2140 995 vinariis

589 1029 878 1097 colligatis,
906 1029 1007 1083 sub
1027 1030 1372 1090 constructis,
1417 1031 1753 1099 confixisque
1816 1030 1998 1100 lignis,
2031 1046 2139 1100 quo

590 1120 858 1174 exercitus
882 1121 1213 1181 decurreret.
1239 1121 1303 1173 ad
1332 1136 1541 1174 murum
1574 1136 1758 1189 prope,
1789 1120 1941 1190 juxta
1989 1122 2138 1178 urbis

591 1211 819 1262 fanum:
853 1211 1090 1264 imitatus
1142 1196 1341 1265 Xerxis
1400 1211 1713 1278 potentiam,
1775 1212 1868 1281 qui
1901 1229 1965 1266 ex
2009 1214 2139 1266 Asia

590 1301 642 1357 in
696 1299 977 1355 Thraciam
1027 1300 1307 1369 BoSphoro
1364 1303 1663 1356 exercitum
1713 1304 1972 1357 traduxit.
2020 1303 2137 1357 Non

589 1390 829 1443 restabat
864 1405 991 1457 ergo
1030 1389 1129 1443 uisi
1162 1390 1378 1443 navium
1437 1401 1744 1460 catcnmque
1799 1391 2137 1448 diametralis

589 1479 766 1541 tuitio,
787 1495 905 1546 quae
926 1480 1209 1532 transitum
1231 1480 1597 1550 ingressumve
1614 1483 1771 1536 classi
1795 1482 2131 1550 prohibebat.

660 1566 865 1622 Interea
897 1584 959 1622 ex
992 1568 1127 1623 Chio
1170 1572 1221 1623 in
1272 1581 1515 1625 nostrum
1549 1573 1852 1627 subsidium
1893 1583 2001 1626 tres
2030 1572 2135 1628 Gc-

589 1671 823 1711 nuenses
853 1659 1039 1720 armis,
1064 1660 1323 1713 militibus
1348 1659 1723 1727 frumentoque
1743 1662 2020 1717 conductae
2044 1679 2136 1715 na-

589 1759 725 1798 ves:
760 1759 920 1797 unam
974 1746 1336 1815 imperatoris,
1372 1763 1492 1817 qua:
1522 1762 1585 1803 ex
1639 1749 1820 1804 Sicilia
1865 1751 2134 1807 frumento

2244 588 2368 641 gere
2393 590 2407 626 :
2435 567 3040 629 referensPerensibus,
3076 568 3349 634 quoniam,
3390 566 3470 620 uti
3524 567 3784 628 dixerant,

2241 669 2537 736 piratarum
2560 675 2736 724 erant.
2764 678 2900 732 quos
2930 662 3226 730 imperator
3258 659 3623 718 conduxerat,
3662 673 3783 709 cou-

2241 769 2323 812 tra
2348 773 2439 813 eas
2464 771 2623 827 agere
2645 755 2798 816 velle,
2817 768 2936 823 quae
2964 754 3303 806 inimicorum
3328 765 3554 805 suorum
3593 758 3786 803 essent.

2240 848 2425 918 Itaque
2460 847 2673 913 artifex,
2697 846 2784 900 cui
2814 843 3047 914 provisio
3105 853 3295 911 negata
3326 842 3447 903 fuit,
3479 856 3547 896 ex
3594 841 3786 894 nostris

2238 941 2305 993 ad
2335 938 2576 994 Teucros
2613 938 2886 995 reductus.
2919 945 3123 1005 quanto
3154 932 3372 1003 ingenio
3397 934 3596 1002 potuit,
3634 946 3786 984 naves

2239 1029 2486 1101 frangere
2514 1029 2763 1083 studuit:
2805 1026 3096 1095 nescioque
3157 1040 3265 1094 quo
3336 1024 3447 1077 fato
3517 1022 3785 1075 resultans

2237 1120 2549 1175 bombardae
2579 1116 2613 1172 a
2646 1118 2782 1174 colle
2815 1118 2972 1188 lapis.
3031 1116 3365 1171 centurionis
3400 1129 3615 1174 navem,
3657 1114 3787 1166 forte

2198 1203 2307 1267 fob
2337 1210 2564 1273 crimen,
2590 1225 2697 1263 uno
2726 1210 2834 1262 ictu
2863 1208 3115 1262 confodit
3146 1224 3161 1263 :
3191 1222 3313 1275 qua:
3351 1204 3624 1273 extemplo
3651 1220 3785 1256 mer-

2236 1301 2387 1356 cibus
2416 1308 2628 1365 onusta,
2665 1299 2886 1354 fumium
2912 1288 3082 1354 mersa
3142 1299 3317 1367 petiit,
3343 1292 3637 1349 maximum
3683 1294 3783 1345 dis.

2237 1394 2440 1449 crimen
2496 1392 2708 1462 quidem
2770 1389 3030 1445 inferens.
3086 1388 3205 1453 Quo
3245 1403 3372 1442 casu
3441 1385 3664 1453 reliqua:
3724 1398 3785 1435 ne

2236 1482 2647 1550 confringantur
2668 1496 2821 1534 muro
2841 1478 3041 1534 Galatze
3067 1486 3319 1546 protecta:
3341 1477 3568 1529 luerent.
3596 1472 3755 1526 Mirati
3771 1501 3784 1512 -

2237 1574 2359 1626 dum
2374 1573 2586 1642 quidem
2616 1554 3011 1638 Deijudicium,
3034 1580 3093 1623 ut
3123 1568 3377 1622 immissis
3397 1565 3781 1635 quinquaginta

2236 1666 2528 1717 etcentqu
2564 1676 2729 1732 prope
2759 1660 3048 1729 lapidibus,
3080 1659 3273 1729 quibus
3300 1656 3588 1736 perforatae
3616 1655 3786 1707 multa:

2235 1751 2436 1807 Galatre
2464 1753 2678 1815 domus,
2701 1751 2844 1805 inter
2877 1750 3096 1820 triginta
3123 1748 3380 1801 mulieres
3405 1746 3782 1815 congloliatas,

540 1905 542 1908 ν
589 1844 781 1888 onusta
809 1835 1121 1901 advenerat,
1143 1840 1392 1893 comitem
1419 1841 1683 1895 ducebant
1709 1860 1724 1896 :
1759 1857 1894 1911 quas
1917 1851 1974 1896 ut
2009 1859 2132 1897 mox
2168 1814 2208 1871 Β
2237 1858 2341 1896 una
2366 1843 2479 1897 sola
2508 1842 2721 1911 optima:
2752 1840 2905 1894 fama:
2927 1841 3241 1907 interempta
3277 1838 3398 1892 fuit.

588 1927 796 1981 vicinas
822 1928 939 1980 urbi
974 1928 1183 1993 classis,
1205 1946 1323 1998 qum
1342 1932 1659 1995 excubabat,
1682 1935 1951 2003 applicare
1969 1936 2139 1990 vidis-

591 2026 672 2069 set
708 2036 723 2073 :
755 2019 962 2073 concite
995 2021 1357 2088 strepentibus
1409 2024 1696 2094 tympanis,
1756 2026 2006 2096 tubisque
2053 2042 2141 2083 so-

594 2109 866 2171 nantibus,
900 2109 1228 2165 intuentibus
1260 2115 1411 2167 nobis
1439 2113 1680 2178 obvadit,
1731 2114 1939 2185 ﬁngens
1972 2116 2139 2187 impc-

594 2200 786 2253 ratoris
812 2215 1000 2253 navem
1031 2216 1339 2269 expugnare
1389 2204 1543 2259 velle.
1590 2203 1924 2261 Teucrorum
1952 2225 2041 2263 rex
2074 2224 2157 2265 ρκ’

593 2289 729 2343 colle
751 2290 992 2356 Perensi,
1046 2291 1277 2349 fortuna:
1324 2304 1646 2364 exspectans
1699 2311 1974 2361 eventum,
2018 2317 2142 2370 pro-

595 2382 772 2451 spicit.
803 2381 963 2437 Fiunt
990 2395 1116 2439 tunc
1143 2387 1280 2441 celsi
1307 2386 1601 2453 clamores;
1638 2390 1885 2446 triremes
1912 2391 2142 2461 majores

596 2474 823 2527 navibus
843 2473 1067 2540 hterent;
1094 2476 1665 2546 tentantimperialcm,
1710 2489 1764 2534 et
1802 2490 2143 2549 protectama

595 2566 797 2621 nostris
819 2567 1079 2622 audacius
1102 2567 1358 2622 invadunt
1384 2586 1399 2634 ;
1420 2578 1691 2624 certamen
1712 2571 1900 2626 ineunt
1924 2588 1938 2635 ;
1965 2571 2142 2626 locum

599 2658 865 2712 machinis
882 2659 1136 2715 adhibent
1158 2660 1655 2732 ;sagittas]aciunt.
1677 2661 1768 2717 Sic
1795 2676 1949 2718 atrox
1970 2678 2145 2735 pugna

596 2750 974 2805 committitur.
992 2751 1165 2807 Naves
1184 2751 1430 2805 Mauritio
1446 2752 1730 2807 Genuense
1754 2752 2147 2823 Catanoimpe-

596 2848 749 2892 rante
765 2855 828 2892 ex
847 2839 1068 2895 adverso
1085 2853 1401 2911 repugnant.
1422 2843 1498 2897 lbi
1518 2843 1819 2898 Dominicns
1833 2844 1899 2899 de
1917 2845 2059 2898 Nova
2070 2846 2147 2899 ria

594 2938 648 2983 et
678 2929 911 2998 Baptista
949 2932 1015 2985 de
1034 2932 1351 2996 Felliczano,
1372 2932 1634 2987 Balanerii
1669 2939 1877 3001 patroni
1899 2933 2151 2991 Genuen—

596 3026 693 3073 scs‘
711 3021 881 3074 ardne
904 3036 1140 3088 pugnam
1163 3032 1593 3089 prosequuntur.
1621 3022 1944 3076 Balistarum
1974 3022 2151 3076 horri-

2309 1932 2473 1986 Erant
2498 1930 2717 2001 perinde
2747 1932 2799 1985 iu
2832 1938 2989 1999 portu
3024 1931 3274 1983 triremes
3312 1926 3652 1980 mercatoria:
3680 1932 3782 1977 tres

2240 2019 2458 2076 Venetae
2483 2022 2714 2088 dureque
2731 2019 2897 2088 agiles
2927 2018 2978 2071 in
3005 2027 3216 2087 portum
3246 2015 3309 2069 ad
3332 2015 3556 2069 tutelam
3576 2029 3780 2067 earum-

2241 2114 2363 2166 dem
2388 2112 2680 2181 designate
2712 2129 2726 2165 ε
2756 2125 2893 2179 quas
2926 2123 3122 2176 magno
3149 2122 3271 2160 cum
3299 2107 3521 2159 hortatu
3557 2105 3781 2173 impera-

2242 2211 2330 2256 tor
2361 2203 2478 2255 auri
2513 2206 2565 2255 in
2603 2216 2818 2256 menses
2858 2216 3023 2270 prope
3070 2214 3163 2253 sex
3200 2213 3299 2268 pro
3347 2199 3580 2251 tuitione
3636 2197 3778 2249 urbis

2240 2303 2445 2349 restare
2472 2293 2698 2358 fecerat;
2721 2308 2860 2362 quat,
2883 2307 3067 2361 pacem
3091 2308 3211 2345 cum
3229 2292 3432 2345 Teucro
3451 2288 3784 2345 simulantes.

2241 2374 2481 2441 nonnisi
2544 2385 2851 2440 clanculum
2913 2382 3238 2451 praestabant
3292 2381 3496 2437 Grtecis
3556 2382 3783 2449 patroci~

2244 2476 2416 2531 nium.
2448 2474 2648 2529 Verum
2676 2489 2797 2549 cum
2847 2474 3048 2527 notitiae
3079 2473 3216 2541 fugze
3237 2471 3555 2541 aliquandiu
3606 2485 3785 2523 earum

2244 2568 2564 2637 patuissent,
2583 2577 2694 2619 tum
2708 2565 2849 2635 quod
2870 2578 3075 2619 merces
3092 2578 3157 2617 ex
3176 2563 3356 2617 fundis
3373 2560 3793 2631 supellectilem-

2245 2672 2351 2725 que
2384 2658 2763 2718 traducebant,
2792 2664 2970 2711 actum
3004 2663 3105 2718 est,
3141 2662 3200 2709 ut
3254 2654 3401 2709 nullo
3446 2663 3607 2725 pacto
3648 2652 3794 2722 quod

2244 2727 2499 2815 populum
2551 2746 2880 2810 turbassent,
2910 2746 3270 2816 prohibitione
3294 2746 3641 2815 imperatoris
3676 2758 3797 2810 qum

2247 2837 2531 2893 restabant
2588 2837 3059 2904 traducerentur;
3117 2838 3360 2906 quinimo
3420 2838 3701 2891 deonusta:
3744 2834 3794 2886 in

2248 2940 2447 2987 terram
2480 2938 2909 2999 reportarentur.
2948 2931 3054 2986 lies
3107 2932 3221 2986 hazc
3267 2929 3488 2984 Venetis
3545 2928 3799 2996 indigna-

2250 3020 2411 3074 tionis
2431 3020 2668 3074 f0mitem
2707 3020 3032 3073 ministravit
3065 3030 3293 3087 ;utpote
3319 3019 3461 3089 quod
3521 3019 3796 3080 libertate,

604 3111 792 3163 bilium
817 3112 1044 3165 missilia
1066 3111 1383 3178 iaciuntur;
1414 3126 1589 3179 exque
1613 3112 1831 3191 coronis
1862 3113 2149 3167 navalibus
2175 3156 2218 3213 C
2251 3109 2549 3180 privilegiis
2587 3125 2685 3178 pro
2756 3110 2965 3185 honore
2995 3109 3221 3163 dominii
3260 3124 3448 3163 eorum
3477 3110 3677 3171 nactis,
3710 3125 3798 3162 ve-

598 3202 740 3255 intra
767 3201 1099 3257 Teucrorum
1125 3207 1458 3258 comntistam
1482 3198 1710 3257 classem
1736 3202 1927 3257 infiniti
1946 3204 2149 3272 iapides

598 3294 973 3346 demittuntur.
1012 3292 1219 3347 Tuetur
1250 3310 1308 3349 se
1342 3296 1557 3363 egregie
1581 3280 1924 3364 imperatoris
1953 3296 2103 3349 navis
2132 3314 2147 3362 ;

598 3386 865 3440 succurrit
894 3381 1209 3439 Flectanella
1238 3395 1533 3454 patronus;
1583 3387 1887 3442 bombardte
1921 3396 2152 3457 perstre-

598 3476 767 3542 p’nnt;
818 3473 871 3526 fit
906 3474 1143 3528 ululatus
1170 3476 1221 3529 in
1257 3478 1453 3530 celum
1481 3494 1494 3539 ;
1527 3478 1941 3546 confringuutur
1974 3479 2150 3547 galea-

598 3583 713 3620 rum
745 3565 875 3621 remi
911 3583 924 3629 ;
958 3566 1147 3621 Teucri
1173 3567 1288 3621 sine
1336 3568 1654 3621 remissione
1676 3569 2008 3622 sanciantur.
2037 3566 2148 3622 Rex

596 3659 686 3725 qui
709 3674 770 3712 ex
787 3657 923 3712 colle
944 3657 1337 3727 circumspicit,
1362 3658 1504 3725 quod
1530 3657 1719 3711 classis
1744 3657 1877 3725 perit
1899 3657 2149 3726 blasphe-

598 3757 705 3801 mat
744 3765 757 3810 ;
791 3756 945 3817 urget
988 3761 1184 3813 equum
1217 3748 1267 3799 in
1295 3747 1467 3823 salum
1494 3765 1509 3812 ;
1537 3748 1854 3801 vestimenta
1905 3764 2025 3801 cum
2060 3748 2144 3801 fit-

599 3854 717 3891 rorc
746 3840 1088 3901 couscindit;
1123 3838 1481 3905 ingemismtnt
1508 3838 1718 3906 pagani,
1750 3848 1803 3892 et
1825 3847 1968 3893 totus
1992 3856 2145 3893 excr-

598 3929 737 3981 citus
769 3928 1071 3980 alliictatur.
1132 3927 1270 3992 Quid
1308 3928 1490 3981 ultra?
1554 3928 1755 3983 Bellum
1812 3942 2142 3993 recensetur,

599 4017 884 4071 invalescit
915 4031 1091 4085 pugna
1120 4032 1137 4079 ;
1166 4029 1220 4069 et
1249 4018 1410 4071 tantis
1456 4018 1679 4073 classem
1712 4021 1830 4074 telis
1854 4021 2145 4089 lapidibus-

598 4124 701 4177 que
734 4108 990 4167 obruunt,
1042 4115 1118 4159 tot
1179 4104 1413 4160 Teucros
1469 4110 1742 4173 occidunt,
1774 4122 1831 4165 ttt
1881 4114 2143 4166 declinato

600 4211 767 4253 marte
798 4201 861 4252 ad
887 4201 1037 4253 littus
1058 4215 1299 4253 remeare
1333 4215 1439 4253 non
1471 4202 1695 4268 possint.
1728 4202 2138 4269 Exploratorum

597 4298 649 4340 et
674 4287 1017 4357 profugorum
1050 4291 1222 4341 relatu
1262 4288 1569 4349 didicimus.
1600 4288 1740 4357 quod
1775 4291 1959 4344 decem
2014 4305 2140 4360 pro-

598 4394 659 4447 pe
689 4378 851 4430 millia
881 4379 1188 4430 ceciderunt
1218 4394 1231 4439 ;
1260 4378 1349 4430 alii
1381 4378 1557 4444 gladio
1583 4379 1865 4446 perempti,
1898 4389 1949 4433 ct
1979 4381 2139 4449 sagit-

2252 3201 2543 3256 recuntlius
2578 3203 2943 3269 privarentur.
2978 3199 3081 3256 Sed
3104 3200 3305 3255 sedatis
3334 3201 3563 3270 posthac
3593 3203 3795 3255 animis

2254 3309 2353 3349 suo
2384 3295 2609 3348 arbitrio
2650 3294 2845 3357 relicti,
2877 3293 3147 3362 spondent
3177 3294 3365 3348 Veneti
3401 3293 3547 3347 omni
3604 3292 3710 3345 lide
3738 3303 3793 3346 et

2251 3385 2430 3438 studio
2460 3384 2524 3437 ad
2553 3384 2710 3437 finem
2744 3399 2915 3453 usque
2950 3384 3069 3437 belli
3101 3384 3237 3437 tueri
3274 3382 3483 3437 urbem.

2322 3478 2388 3526 At
2442 3475 2667 3544 posthac
2696 3475 2840 3528 inter
2875 3472 3107 3528 Venetos
3151 3480 3205 3525 et
3251 3472 3567 3526 Genuenses
3593 3472 3797 3525 Galate

2249 3566 2443 3618 oborta
2500 3566 2785 3623 dissensio.
2829 3560 2912 3619 est
2967 3583 2979 3617 :
3046 3567 3189 3633 quod
3238 3565 3374 3619 alter
3445 3564 3598 3617 alteri
3658 3563 3798 3631 fuga-

2249 3655 2609 3725 suspicionem
2642 3655 3057 3724 exprobrassent
3090 3672 3101 3705 :
3139 3653 3505 3708 asserentibus
3530 3652 3753 3709 Venetis
3777 3692 3795 3717 .

2252 3756 2309 3799 ut
2345 3746 2567 3799 tollatur
2602 3746 2856 3814 suspicio,
2893 3746 3034 3814 quod
3060 3760 3089 3799 e
3136 3746 3379 3803 .navibus
3423 3746 3537 3799 suis
3600 3747 3797 3814 guber-

2249 3843 2436 3896 nacula
2465 3842 2801 3911 carbasaque
2835 3842 2976 3909 apud
3006 3840 3535 3910 Constantinopolim
3556 3842 3608 3893 in
3636 3841 3795 3891 salvo

2247 3934 2540 4001 deponant.
2570 3932 2835 4001 indignati
2870 3933 3183 3989 Genuenses
3213 3950 3226 3986 :
3261 3933 3326 3987 Et
3358 3934 3401 3987 si
3442 3947 3631 4001 parem
3693 3932 3797 3998 (iu-

2245 4025 2455 4094 quiunt)
2486 4027 2730 4079 consulto
2750 4027 2912 4079 etiam
2937 4027 3295 4094 imperatoris,
3320 4040 3417 4093 pro
3446 4027 3621 4079 salute.
3648 4025 3798 4078 Gne-

2244 4129 2450 4175 corum,
2484 4129 2602 4181 qua:
2654 4117 2954 4168 communis
2982 4123 3084 4177 est,
3131 4115 3306 4181 aliqua
3338 4115 3501 4182 proba
3537 4115 3793 4168 dissimu-

2244 4204 2441 4255 latione
2498 4212 2875 4272 supportatuus
2911 4218 3031 4256 cum
3085 4200 3317 4268 Teucro,
3370 4204 3507 4259 absit
3578 4214 3792 4258 tantum

2245 4292 2477 4355 facinus,
2518 4301 2578 4345 ut
2612 4291 2799 4345 Peratn
2847 4301 2957 4345 toto
2998 4295 3129 4347 orbe
3176 4294 3619 4362 pulcherrimam,
3660 4312 3795 4347 uxo-

2244 4397 2352 4446 res,
2392 4382 2611 4441 liberos,
2643 4382 3039 4449 thesaurosque
3070 4384 3383 4438 deseramus
3412 4400 3573 4454 quam
3612 4401 3791 4453 usque

596 4480 686 4533 Its,
718 4475 768 4521 et
799 4467 1086 4526 machinis,
1116 4466 1201 4517 alii
1231 4465 1465 4519 confossi
1526 4468 1857 4531 vulneribus.
1910 4472 2135 4525 flebilem
2166 4487 2216 4544 Ι)
2243 4476 2307 4525 ad
2334 4472 2618 4542 sanguinis
2649 4472 3268 4528 ell’usionemdefeusare
3288 4476 3649 4544 disponimus.
3680 4475 3795 4528 Gn-

597 4561 892 4615 exercitutn
946 4555 1319 4609 reddiderunt.
1365 4557 1667 4626 Erantqua?
1698 4561 2009 4615 invaserunt
2045 4579 2137 4615 ua-

595 4667 687 4703 ves
719 4652 857 4701 inter
920 4649 1167 4700 triremes
1222 4658 1274 4700 et
1314 4645 1541 4700 biremes
1602 4648 1823 4702 circiter
1871 4650 2134 4703 ducentae.

598 4738 828 4791 Confusa
893 4746 1017 4789 tunc
1052 4738 1190 4805 regis
1221 4737 1440 4797 ambitio
1467 4747 1569 4799 est,
1612 4737 1864 4806 parvique
1921 4751 2135 4807 reputa-

601 4840 650 4880 ta
679 4828 911 4895 potentia
943 4829 1085 4894 quod
1128 4836 1201 4879 tot
1234 4828 1479 4880 triremes
1531 4843 1717 4880 navem
1754 4828 1939 4881 saltem
1979 4844 2134 4881 unazn

604 4935 705 4969 non
732 4916 990 4985 ceperint.
1018 4914 1187 4969 Naves
1210 4931 1335 4983 ergo
1366 4915 1496 4981 (Deo
1517 4918 1707 4985 gratia)
1729 4931 1830 4969 non
1857 4917 2138 4979 imsze,'nec

605 5022 709 5058 uno
761 5007 948 5059 saltent
989 5006 1202 5061 homine
1260 5007 1509 5073 perdito,
1560 5009 1761 5075 aliquot
1803 5018 1977 5061 tamen
2028 5011 2141 5059 vul-

606 5101 823 5160 iteratis,
852 5107 1011 5151 noctu
1068 5098 1225 5149 salvae
1265 5098 1742 5165 ettmjucunditate
1799 5109 2007 5163 portum
2060 5099 2140 5150 in-

607 5199 764 5243 trant.
831 5190 937 5241 Rex
972 5198 1157 5240 contra
1218 5190 1405 5241 classis
1437 5189 1743 5255 prmfectum
1808 5189 2137 5256 Balthoglum

605 5283 798 5348 oppido
825 5282 1129 5347 indignatus
1154 5318 1169 5342 ,
1204 5280 1452 5346 precibus
1489 5279 1756 5330 Baronum
1779 5289 2059 5333 l*conces‘sa
2094 5280 2139 5333 ei

606 5376 731 5430 vita,
761 5373 1074 5424 sententiam
1114 5370 1254 5431 tulit,
1288 5371 1429 5437 quod
1461 5370 1632 5421 ollirio
1677 5376 1729 5420 ct
1760 5370 1911 5423 bonis
1962 5370 2139 5422 omni-

606 5467 703 5515 bus
726 5464 1039 5531 privaretur.
1068 5460 1331 5528 Cogitavit
1394 5462 1570 5527 itaque
1605 5462 1729 5513 odio
1794 5476 2056 5513 aceensus
2091 5462 2140 5512 in

546 5559 548 5561 ’
608 5567 767 5604 naves
795 5567 857 5603 ex
886 5551 1016 5603 colle
1048 5548 1268 5610 Galatae,
1296 5546 1539 5599 orientali
1575 5550 1746 5615 plaga,
1778 5548 1859 5599 vel
1890 5564 1980 5597 eas
2012 5547 2145 5613 lapi-

604 5644 761 5693 dibus
785 5641 1147 5691 machiuarutn
1166 5640 1410 5697 obruere,
1467 5637 1599 5687 vela
1628 5646 1817 5688 catena
1855 5639 2139 5702 depellere.

613 5730 892 5801 Dispositis
962 5731 1136 5799 itaque
1192 5740 1239 5783 et
1308 5746 1367 5784 ex
1436 5731 1548 5797 ripa
1620 5728 1934 5779 m'tiltlculali
1992 5729 2140 5781 bom-

2244 4563 2537 4616 bcrnacula
2574 4562 2916 4631 carbasaque
2950 4572 3255 4618 nostrarum
3304 4565 3545 4627 navium,
3582 4581 3647 4617 ne
3678 4567 3792 4615 exi-

2239 4670 2343 4721 guo
2380 4653 2551 4720 pretio
2585 4653 2822 4722 inclytus
2845 4655 3043 4707 Genuze
3074 4656 3241 4709 decor
3276 4655 3416 4722 apud
3441 4669 3540 4707 vos
3565 4656 3656 4713 sit,
3679 4670 3789 4705 non

2241 4743 2291 4793 in
2329 4742 2499 4793 aliena
2531 4750 2812 4807 potestate,
2842 4743 2933 4795 sed
2966 4746 3015 4794 iu
3050 4751 3233 4796 nostra
3258 4730 3610 4798 servabimus.
3640 4740 3792 4793 Nun-

2238 4848 2395 4901 quam
2423 4831 2556 4901 l‘ugnc
2583 4833 2796 4886 licentia
2817 4834 3169 4897 nobisdatur,
3202 4835 3247 4888 si
3273 4850 3358 4887 res
3381 4845 3601 4887 nostras
3632 4834 3786 4885 arbi—

2242 4924 2345 4975 trio
2378 4935 2565 4975 nostro
2598 4938 2896 4977 servamus.
2934 4925 3122 4978 f‘acata
3153 4925 3375 4994 posthac
3400 4934 3593 4978 cuncta
3633 4932 3787 4983 sunt,

2240 5014 2519 5080 agentibus
2544 5010 2763 5067 Venetis
2791 5015 2854 5065 de
2875 5016 3181 5068 triremibus
3205 5016 3343 5075 sois,
3364 5016 3439 5067 uti
3472 5016 3788 5068 voluissent.

2307 5105 2591 5158 Crescente
2617 5108 2949 5173 postmodum
2994 5108 3586 5173 angustia,consulttun
3608 5122 3712 5169 est,
3740 5114 3786 5161 si

2242 5212 2349 5264 quo
2382 5197 2538 5250 modo
2566 5198 2904 5250 intromissas
2934 5197 3166 5250 hostium
3223 5198 3391 5252 fustas
3422 5216 3577 5254 urere
3618 5206 3790 5255 nostri

2242 5298 2461 5353 possent
2488 5307 2500 5339 :
2533 5289 2890 5357 clanculoqne
2943 5306 3042 5341 una
3070 5289 3280 5341 dierum
3307 5299 3431 5343 ante
3460 5292 3633 5344 lucem
3658 5292 3791 5345 dua-

2244 5377 2342 5429 bus
2383 5380 2607 5431 navibus
2639 5383 2733 5448 νῦν
2770 5383 3028 5433 Joannem
3051 5378 3416 5435 Justiuiattum
3438 5383 3783 5449 capitaneum

2244 5467 2541 5533 dispositis,
2573 5486 2693 5521 cum
2723 5474 2925 5538 aliquot
2955 5472 3249 5524 biremibus
3281 5470 3346 5523 ad
3368 5474 3541 5540 ripam
3580 5476 3781 5527 vehen-

2245 5556 2348 5617 dis,
2384 5568 2566 5623 parato
2592 5561 2709 5612 foco
2738 5572 2787 5613 et
2817 5562 3079 5614 machinis
3116 5581 3126 5613 :
3159 5562 3211 5613 fit
3242 5562 3495 5619 detractis
3526 5568 3779 5624 navibus,

2247 5646 2371 5698 dato
2397 5649 2605 5709 ordine,
2641 5661 2697 5702 ut
2733 5653 2933 5719 cymbae
2962 5661 3137 5711 rectm,
3185 5669 3321 5720 quas
3361 5654 3616 5709 barbotas
3649 5658 3784 5709 diei-

2253 5740 2729 5809 tu'ts,ltiti-utraque
2765 5754 3117 5811 si‘qttm‘trntut‘
3166 5756 3177 5792 :
3220 5744 3313 5796 hoc
3351 5745 3469 5797 ideo
3506 5758 3561 5798 ttt
3615 5750 3787 5801 muni-
