4006 6338
183 414 302 476 933

1284 417 1378 474 DE
1409 415 2011 475 EXPUGNATIONE
2055 414 2342 474 CPOlJS.

3284 424 3396 488 93L

187 532 262 579 ta:
280 526 458 581 saccis
497 525 617 578 lana
654 524 827 594 plenis
855 539 1040 588 naves,
1074 525 1222 592 prius
1253 543 1313 580 ex
1351 526 1619 580 machinis
1650 541 1743 581 ac-
1774 531 1816 586 Α
1848 528 2176 581 excedebant
2209 544 2224 579 :
2272 526 2481 592 reliqui,
2513 527 2627 581 sive
2649 526 2988 588 Genuenses.
3027 528 3140 585 sive
3186 532 3396 595 Veneti,

184 608 439 687 ciperent
461 618 697 685 lapidum
748 618 909 670 ictus.

268 710 332 761 At
352 706 588 761 Jacobus
615 707 816 770 Coclia,
841 708 921 760 vir
945 705 1201 771 Venetus,
1222 717 1484 761 armatam
1511 723 1574 761 ex
1602 721 1736 760 nau-

191 800 267 853 tis
289 800 595 852 triremium
617 796 943 851 Venetarum
965 798 1297 866 imperialem
1330 800 1587 853 biit-mem
1615 798 1740 866 jux-
1790 800 1795 803 ’

192 900 251 942 ta
283 890 532 942 ordinem
563 891 767 951 datum,
796 890 979 958 gloria:
1015 904 1066 946 et
1090 892 1313 946 honoris
1340 891 1563 953 avidus,
1597 891 1744 943 laxa-

189 982 266 1033 tis
308 982 496 1042 remis,
544 980 956 1046 praevenientem
1031 982 1347 1043 convertit;
1394 995 1626 1047 moxque
1684 990 1741 1032 ut

188 1071 263 1122 ab
289 1072 533 1123 hostibus
550 1069 928 1139 cernitur(lieu
950 1070 963 1122 l
988 1085 1200 1139 gravem
1225 1081 1423 1124 sortem
1445 1070 1485 1138 l)
1524 1084 1554 1122 c
1588 1070 1738 1121 bom-

191 1160 366 1212 barda
387 1159 560 1226 lapide
580 1158 758 1211 medio
776 1169 1083 1227 penetratur
1107 1174 1121 1211 :
1150 1174 1270 1213 cum
1297 1153 1546 1213 omnibus
1568 1174 1741 1211 arma-

186 1250 265 1302 tis
291 1265 508 1314 :eqnore
528 1249 748 1301 biremis
774 1251 1116 1302 absorbetur.
1153 1250 1269 1302 Heu
1295 1251 1308 1302 l
1340 1250 1500 1302 Pater
1538 1248 1737 1301 beatis-

184 1341 349 1397 sime,
395 1353 556 1407 grave
589 1337 880 1391 discrimen
915 1347 974 1391 ut
1016 1354 1125 1391 uno
1182 1339 1290 1391 ictu
1328 1337 1560 1405 Neptuni
1590 1337 1742 1389 furor

192 1428 546 1480 immerserit.
575 1427 785 1480 Etenim
816 1443 901 1480 res
921 1428 1031 1480 hinc
1051 1428 1261 1481 detecta
1297 1428 1572 1494 relataque
1601 1426 1742 1478 Teu-

185 1520 673 1587 crtsagit,utdum
707 1519 874 1572 nostri
906 1527 1187 1587 percutere
1208 1518 1560 1585 V0lu0t‘0,ipsi
1593 1518 1741 1583 prius

195 1609 445 1677 percussi
498 1609 631 1663 sint.
676 1609 779 1663 Sed
799 1610 928 1677 quid
955 1610 1152 1672 dicam,
1200 1609 1510 1663 beatissime
1548 1608 1744 1661 Pater?

183 1703 540 1754 Accusarene
593 1701 891 1769 quempiam
934 1701 1103 1754 licet?
1157 1700 1427 1756 silendum
1476 1699 1602 1752 mihi
1636 1708 1742 1752 est.

184 1792 297 1855 Qui
329 1804 495 1844 casus
511 1805 638 1844 acer
656 1790 784 1844 bum
817 1790 1022 1843 luctum
1053 1793 1252 1846 noetris
1278 1792 1463 1856 dedit;
1496 1806 1551 1844 et
1597 1792 1739 1843 unde

1848 632 1971 680 cum
2010 617 2095 671 bis
2122 618 2215 686 qui
2243 632 2305 669 ex
2348 617 2477 670 Pera
2511 618 2650 670 clam
2679 620 2744 671 ad
2780 620 3092 685 praisidium
3154 636 3402 678 accesse-

1862 716 2009 766 rant,
2039 707 2123 759 vix
2158 721 2425 760 summam
2483 708 2642 760 trintn
2690 709 2914 762 millium
2943 710 3243 777 aequabant.
3296 715 3400 767 Sed

1847 797 1976 865 quid
2004 799 2213 863 agimus
2233 798 2284 849 in
2308 812 2401 849 ore
2430 797 2641 851 leonis?
2670 799 2796 867 qu'd
2827 801 3114 854 formicain
3140 817 3234 856 ore
3252 806 3404 857 ursi?

1848 889 1975 957 quid
2002 902 2142 941 unus
2164 895 2353 942 contra
2379 890 2523 942 mille
2554 890 2576 941 ?
2607 889 2813 943 Etenim
2843 897 3014 946 nostri
3056 896 3142 946 vix
3170 936 3173 939 .
3215 895 3398 949 urbem

1848 988 2013 1047 ponto
2041 988 2290 1046 terraque
2310 978 2587 1032 obsessam
2631 982 3217 1051 circumvallatatnque,
3241 1000 3398 1053 quam

1847 1068 2142 1123 octodecim
2204 1069 2451 1123 milliaria
2486 1070 2939 1137 complectuntur,
2988 1060 3325 1130 muniebant.

1921 1158 2045 1220 Sed,
2081 1173 2112 1210 o
2147 1158 2455 1212 Graecorum
2482 1161 2832 1228 impietatem,
2868 1178 2899 1215 ο
2931 1166 3118 1231 patria:
3157 1168 3400 1234 prodito-

1850 1262 1956 1308 res,
1986 1264 2017 1298 ο
2044 1262 2236 1299 avaros
2272 1250 2443 1316 lquos
2460 1265 2581 1302 cum
2610 1236 2979 1318 saepenumero
3003 1256 3253 1324 lacryniis
3272 1272 3399 1324 per~

1849 1336 2000 1389 fusus
2024 1336 2179 1405 inops
2210 1337 2503 1406 imperator
2529 1350 2774 1408 rogasset
2798 1351 2962 1410 utpro
2988 1344 3249 1415 militibus
3272 1364 3397 1398 con-

1847 1426 2105 1482 dncendis
2131 1428 2409 1496 pecuniam
2442 1432 3055 1499 mutuarent.jnrabant.
3074 1450 3133 1489 se
3186 1436 3395 1503 inopes.

1848 1517 2253 1584 exhaustosque
2305 1518 2533 1585 penuria
2590 1527 2917 1585 temporum,
2986 1538 3126 1589 quos
3172 1529 3397 1592 posthac

1849 1608 2147 1661 ditissimos
2164 1608 2332 1662 hostis
2360 1608 2646 1662 invenit.A
2678 1611 2859 1678 paucis
2877 1613 3227 1667 nihilominus
3247 1605 3394 1683 quae

1848 1699 1971 1750 dam
2009 1703 2256 1753 ultronea
2289 1698 2495 1753 oblatio
2527 1698 2668 1752 facta
2692 1709 2795 1754 est.
2844 1701 3146 1757 Cardinalis
3214 1704 3394 1758 hercle

1849 1804 2010 1843 omne
2037 1790 2270 1843 stadium
2301 1788 2545 1845 adhibuit
2568 1789 2860 1844 inferenda
2883 1807 3005 1862 ope.
3035 1798 3088 1847 in
3114 1796 3392 1850 ﬁrmandis

183 1885 464 1944 exierunt,
500 1894 668 1935 naves
686 1895 805 1933 cum
830 1880 1153 1936 confusione
1184 1883 1430 1936 retraxit.
1483 1880 1562 1937 Ex
1590 1896 1737 1934 mer-
1767 1882 2089 1976 Batttrribtts
2115 1889 2169 1934 et
2204 1895 2381 1935 muro.

185 1973 269 2025 sis
308 1973 434 2025 lude
459 1973 879 2039 supernatantes
900 1972 1121 2039 quidam
1142 1972 1207 2026 ad
1243 1972 1399 2025 littus
1444 1976 1733 2042 capiuntur

185 2063 261 2116 ab
292 2062 575 2127 bostibus,-
596 2075 735 2130 quos
760 2063 956 2130 impius
986 2077 1078 2116 rex
1113 2072 1239 2117 ante
1262 2062 1451 2117 oculbs
1514 2076 1734 2117 nostros

188 2152 256 2206 in
288 2156 528 2206 crastino
554 2152 806 2207 decollari
827 2152 1011 2221 jussit.
1044 2152 1222 2209 Nostri
1252 2155 1577 2216 exacerbati,
1598 2168 1735 2221 quos

188 2245 465 2297 habebant
492 2244 731 2311 captivos
758 2243 814 2296 in
841 2237 1082 2307 carcere,
1100 2241 1344 2297 Teucros
1374 2242 1439 2297 ad
1474 2257 1654 2296 muros
1682 2246 1734 2296 in

186 2349 414 2388 suorum
441 2343 726 2401 prospectu
749 2333 1040 2388 immanius
1073 2336 1350 2390 trucidant
1383 2351 1399 2399 ',
1425 2334 1613 2404 sicque
1638 2334 1738 2386 iui-

187 2426 364 2492 pietas
397 2424 713 2477 crudelitate
742 2427 1022 2481 commista
1046 2427 1505 2481 bcltum'atroeius
1544 2426 1691 2480 fecit.

268 2515 556 2571 Simulavit
601 2519 824 2582 posthac
859 2512 1097 2570 Teucrus
1121 2531 1307 2585 pacem
1343 2518 1520 2573 facere
1569 2518 1737 2579 velle;

189 2607 634 2676 exploratoribus
662 2607 1163 2663 ﬁcterefercntibus
1218 2609 1539 2676 pmnituisse
1595 2626 1738 2675 eum,

188 2697 341 2765 quod
370 2711 615 2763 gnerrain
638 2698 793 2767 quasi
812 2698 1119 2765 stimulatus
1144 2699 1214 2751 ab
1236 2696 1739 2768 Ungarisiutentas-

188 2800 279 2843 set
311 2806 326 2842 :
353 2788 652 2858 statuitque
688 2790 1121 2845 caduceatorem.
1157 2791 1261 2844 Sed
1300 2790 1414 2846 ilch
1471 2806 1555 2846 res
1616 2808 1742 2845 con-

188 2882 317 2932 ticta
341 2880 539 2948 patuit:
565 2880 690 2947 quia
706 2895 803 2933 nec
829 2879 1074 2934 demoliri
1106 2883 1361 2951 oppidum
1385 2883 1529 2951 quod
1552 2886 1601 2937 in
1620 2884 1743 2938 Pro-

190 2968 419 3037 pontide
444 2970 659 3031 struxit,
694 2985 791 3023 nec
825 2980 1134 3026 restaurare
1165 2988 1287 3041 qua:
1316 2983 1571 3036 vastarat,
1625 2990 1743 3043 per-

192 3059 467 3113 mittebat.
532 3056 799 3126 Quodqnc
830 3060 998 3128 magis
1027 3060 1274 3129 angebat,
1313 3062 1589 3116 inlideutia
1626 3073 1741 3114 erat

191 3144 416 3209 Teucri,
439 3147 924 3215 quijusjurandum
945 3146 1222 3218 fcedusque
1252 3164 1521 3217 nunquam
1562 3166 1742 3203 scrva-

1907 1969 2045 2034 Qnid
2074 1978 2249 2024 autem
2287 1972 2583 2040 imperator
2615 1976 2900 2043 perplexus
2945 1984 3092 2043 agat,
3146 1977 3391 2045 ignorat;

1836 2061 2069 2115 consulit
2097 2062 2365 2124 barones;
2401 2064 2638 2117 suadent
2666 2080 2773 2119 non
2807 2066 3080 2120 molestari
3112 2070 3252 2122 cives
3301 2084 3395 2121 an-

1838 2150 2014 2219 gustia
2055 2151 2314 2218 temporis
2342 2166 2359 2215 ;
2385 2151 2480 2205 sed
2514 2155 2894 2208 recurrcndum
2924 2156 3011 2224 ad,
3047 2173 3221 2212 sacra.
3279 2161 3391 2211 Au-

1840 2238 1963 2293 ferri
1993 2240 2153 2309 igitur
2174 2240 2460 2297 etconllari
2481 2242 2649 2310 jussit
2672 2259 2735 2296 ex
2765 2244 2937 2299 sacris
2961 2247 3174 2316 templis
3204 2260 3399 2302 sancta

1840 2328 1931 2384 Dei
1964 2326 2116 2392 vasa,
2153 2332 2313 2386 sicuti
2346 2330 2615 2387 Romanos
2656 2348 2754 2402 pro
2781 2338 3109 2391 necessitate
3135 2339 3391 2412 temporis

1817 2420 2031 2475 fecisse
2063 2421 2500 2491 lcgimus,exque
2528 2425 2607 2477 eis
2627 2426 2919 2491 pecuniam
2956 2427 3224 2496 insigniri,
3247 2430 3389 2483 dari-

1841 2526 1944 2578 que
1972 2511 2256 2577 militibus,
2295 2513 2594 2568 fossoribus
2643 2518 3237 2586 constructoribusqne,
3297 2522 3389 2589 qui

1843 2617 1951 2653 rem
1971 2616 2146 2665 Suam,
2172 2618 2277 2656 non
2296 2603 2562 2673 publicam
2582 2608 2936 2665 attendentes.
2963 2609 3064 2661 nisi
3081 2625 3144 2661 ex
3168 2610 3324 2663 deuai
3340 2613 3390 2663 iu

1841 2693 2239 2755 convenissent,
2271 2695 2335 2747 ad
2358 2709 2494 2763 opus
2520 2695 2597 2750 ire
2622 2696 2959 2753 recusabant.
2999 2698 3259 2768 Angustia
3293 2700 3389 2768 igi-

1843 2791 1929 2833 tur
1961 2781 2189 2839 amictus
2218 2784 2529 2850 imperator,
2568 2784 2844 2852 dispositis
2883 2785 2941 2845 in
2973 2790 3386 2854 pronugnacutk

1843 2872 2124 2936 militibus,
2146 2873 2318 2941 quoad
2344 2875 2536 2940 potuit,
2558 2876 2895 2930 antemurale
2912 2877 3088 2930 solum
3109 2880 3256 2932 urbis
3279 2881 3389 2934 val-

1844 2962 2060 3029 lumque
2083 2972 2164 3015 sat
2191 2962 2467 3015 ridebatur
2505 2966 2665 3018 tutari
2706 2981 2886 3033 posse.
2935 2967 3139 3023 Bellum
3170 2972 3386 3038 itaque,

1846 3058 2111 3122 paucitate
2128 3071 2341 3115 suorum
2368 3056 2636 3121 dilIidens,
2668 3058 2858 3113 tolerat
2886 3070 2975 3115 :et
2999 3076 3149 3130 spem
3169 3077 3381 3117 omnem

1846 3152 1898 3203 in
1924 3150 2133 3205 Joanne
2172 3151 2477 3207 Justiniano
2516 3154 2764 3221 praefecto
2800 3159 3058 3225 reposuit.
3098 3157 3237 3211 Bene
3269 3163 3385 3227 qui-

190 3246 304 3290 rat.
340 3236 448 3289 Cur
476 3238 636 3305 igitur
666 3252 851 3305 pacem
881 3239 1073 3306 quaerit
1130 3240 1382 3295 immanis
1444 3251 1495 3293 et
1549 3242 1743 3296 infidus
1768 3243 1813 3304 C
1847 3244 1965 3297 deni
1989 3245 2031 3297 si
2060 3242 2594 3300 fatasecundassent.
2619 3244 2779 3299 Juxta
2807 3262 2934 3315 ergo
2954 3263 3011 3302 se
3031 3249 3217 3303 eodem
3239 3251 3383 3318 capi-

189 3323 412 3378 liestis?
436 3323 845 3389 Percunctatus,
868 3340 931 3378 ex
960 3341 1105 3379 more
1133 3341 1255 3381 esse
1281 3327 1541 3395 intellexi,
1568 3340 1621 3383 ut
1650 3346 1747 3383 au-

196 3423 418 3481 tequam
451 3424 724 3468 certamen
760 3415 1007 3482 generale
1036 3418 1402 3481 committant,
1441 3423 1626 3475 hostes
1651 3438 1748 3490 op-

193 3506 345 3558 tione
363 3504 510 3573 pacis
539 3504 816 3573 petendos,
846 3521 931 3568 ne,
956 3519 1016 3559 ea
1045 3510 1425 3575 praetermissa,
1450 3512 1613 3565 Deum
1640 3527 1744 3565 non

192 3597 512 3665 propitium,
534 3596 626 3651 sed
658 3597 851 3649 iratum
881 3597 934 3650 in
959 3607 1107 3651 tanto
1138 3610 1305 3653 marte
1333 3603 1614 3656 sentirent.
1633 3601 1746 3656 ita-

189 3700 303 3754 que
332 3686 663 3741 delusionem
696 3688 813 3755 ejus
848 3689 1217 3756 praesidentes,
1250 3692 1481 3745 salutem
1508 3702 1745 3747 nostram

194 3775 311 3829 Deo
332 3776 750 3839 commisimus;
799 3778 913 3831 dies
965 3789 1178 3834 nostros
1227 3779 1630 3837 diuumerantes
1694 3786 1746 3835 in

160 3860 165 3867 ’
192 3864 562 3917 :itnatittttlitte
586 3865 789 3929 cordis,
816 3874 868 3918 et
891 3868 1245 3931 paenitudine,
1287 3872 1504 3934 litttniis,
1539 3873 1746 3925 sacriti-

192 3955 305 4013 cio.
334 3954 515 4015 thure,
549 3968 701 4020 prece
724 3952 1039 4019 placandum
1066 3952 1231 4007 Deum
1259 3958 1686 4024 preedieabamus
1730 3974 1744 4008 :

187 4040 398 4111 jejunio
426 4041 719 4094 indiximus
766 4041 1029 4109 imperare
1060 4043 1279 4105 nostris,
1322 4054 1377 4095 ut
1410 4048 1559 4099 solus
1608 4045 1747 4100 Deus

194 4147 440 4203 pugnare
473 4148 570 4200 pro
600 4131 754 4185 nobis
783 4132 1118 4199 dignaretur.
1153 4133 1254 4191 Sed
1286 4135 1413 4198 quid
1450 4138 1745 4204 proderunt

197 4226 310 4280 Deo
344 4225 522 4277 missae
543 4239 749 4292 preces,
781 4219 826 4278 si
858 4239 920 4276 ex
938 4226 1101 4279 corde
1123 4239 1228 4278 non
1253 4236 1397 4289 sunt,
1431 4228 1473 4279 si
1534 4229 1747 4296 pollutae

198 4316 685 4369 manushabentur
716 4316 796 4379 ;si
822 4315 981 4382 impia
1026 4325 1080 4368 et
1130 4314 1293 4367 inlida
1339 4316 1498 4369 corda
1542 4319 1751 4371 consis-

199 4419 323 4462 tunt
343 4423 359 4471 ;
382 4406 694 4475 iniquitates
721 4407 860 4457 enim
883 4415 1080 4459 nostra:
1103 4406 1402 4459 diviserunt
1420 4409 1556 4462 inter
1575 4424 1673 4462 nos
1696 4422 1750 4465 et

202 4500 374 4552 Deum
410 4515 426 4562 ;
465 4497 694 4551 Sabbata
721 4508 925 4558 nostra,
956 4496 1217 4559 kalendas,
1248 4498 1553 4556 incensum.
1584 4504 1744 4553 satri-

202 4593 321 4644 ticia
350 4592 402 4642 in
433 4588 878 4641 abominationem
915 4602 1063 4639 versa
1089 4595 1216 4639 sunt
1246 4602 1263 4650 ;
1297 4596 1347 4638 et
1374 4605 1528 4655 quem
1558 4590 1737 4655 propi-

199 4683 337 4733 tium
365 4676 713 4745 sperabamus
746 4677 938 4731 habere
959 4674 1145 4740 Deum,
1175 4677 1457 4730 habuimus
1478 4681 1741 4733 scelerum

200 4778 517 4822 nostrorum
552 4765 801 4818 ultorem.
1718 4824 1735 4836 .

272 4857 437 4911 Pauci
466 4855 750 4909 admodum
778 4866 829 4908 et
864 4856 1060 4923 majore
1088 4873 1313 4910 numero
1336 4876 1397 4911 ex
1423 4859 1621 4933 Crart‘is
1649 4860 1744 4910 im-

200 4950 393 5008 belles,
426 4954 599 5010 scuto,
642 4946 845 5009 lancea,
885 4964 1035 5008 aien,
1088 4949 1283 5015 gladio,
1336 4960 1522 5002 natura
1569 4952 1746 5017 potius

199 5052 363 5105 quam
392 5045 510 5089 arte
532 5037 833 5092 militabant
866 5054 881 5100 ;
924 5039 1155 5106 majores
1184 5042 1357 5107 galea,
1391 5042 1632 5101 thorace,
1671 5040 1746 5091 lo-

203 5130 338 5189 rica,
379 5124 576 5193 gladio,
610 5127 789 5177 lancea
828 5144 841 5181 :
876 5129 1092 5195 quidam
1127 5130 1593 5184 inarcuetbalista
1614 5133 1746 5185 doc-

203 5221 395 5275 tiores.
427 5217 518 5271 sed
551 5219 965 5283 prOpugnaculis
986 5220 1217 5287 impares
1244 5239 1466 5274 numero
1493 5225 1744 5290 agebant,

204 5305 385 5375 quoad
447 5305 719 5357 scireraut
768 5313 819 5356 et
882 5315 1145 5371 poterant.
1220 5312 1489 5365 Uadebaut
1548 5314 1743 5377 'I‘euci,

205 5398 297 5465 qui
334 5396 590 5449 audacius
617 5396 973 5447 adhaerebant.
1007 5398 1108 5451 Sed
1134 5401 1259 5467 quid
1279 5406 1323 5455 si
1348 5416 1558 5455 centum
1592 5406 1644 5457 in
1666 5406 1749 5459 die

206 5486 550 5545 occidissent,
578 5486 837 5538 innumeri
866 5487 936 5537 illi
970 5498 1172 5553 quanto
1195 5496 1407 5553 cadere,
1466 5502 1610 5546 tanto
1664 5512 1749 5548 re—

208 5590 430 5643 surgere
460 5574 639 5641 plures
669 5575 1017 5627 videbantur?
1050 5577 1102 5627 Si
1129 5595 1362 5648 unusex
1392 5587 1586 5639 nostris
1613 5588 1749 5639 ceri-

208 5667 399 5727 disset,
428 5675 538 5716 tum
575 5663 835 5731 principio:
872 5666 1126 5717 conlatus
1158 5670 1257 5729 vir,
1291 5681 1506 5724 centum
1573 5678 1749 5741 perdi-

208 5757 351 5810 disse
376 5751 631 5807 Πεδῧιυυδ
660 5772 672 5818 ;
702 5751 867 5805 (ἶιἸῐὲιῘ
900 5756 961 5805 λιιι
995 5772 1084 5810 sex
1119 5759 1279 5811 millia
1308 5762 1623 5815 bellaturum
1645 5784 1744 5818 il“ll

1848 3345 2003 3388 taneo
2019 3352 2139 3390 cum
2160 3340 2411 3390 trecentis
2432 3338 2888 3391 rounuilitoiiibus
2904 3338 3275 3394 Genucnsibus
3294 3358 3385 3409 po—

1847 3429 1972 3491 sito,
1996 3428 2286 3495 splendidis
2314 3428 2693 3496 refulgentibus
2720 3432 2907 3493 armis,
2928 3432 3149 3486 delectis
3166 3435 3382 3501 quidem

1846 3519 2177 3586 coadjunctis
2201 3519 2398 3573 Grrecis
2426 3521 2630 3588 aliquot
2658 3524 2913 3587 strenuis;
2934 3524 3081 3577 circa
3100 3524 3243 3577 illam
3270 3539 3388 3593 par-

1849 3620 1950 3663 tem
1988 3625 2260 3662 murorum
2282 3609 2463 3663 Sancti
2486 3609 2711 3665 Romani
2744 3625 3135 3681 reparatornni,
3159 3616 3245 3668 ubi
3271 3634 3385 3669 ma-

1848 3703 1929 3769 gis
1967 3702 2186 3768 urgebat
2211 3716 2406 3770 pugna,
2443 3704 2732 3769 imperator
2756 3706 2921 3757 Stetit.
2963 3705 3241 3761 Mauritius
3267 3708 3390 3760 inde

1847 3792 2148 3853 Catanmns,
2171 3791 2252 3845 vir
2272 3793 2465 3844 nobilis
2487 3792 2789 3847 Grnuensis
2810 3794 3090 3858 pr'efectus
3112 3797 3248 3849 inter
3268 3810 3389 3864 pur-

1847 3890 1950 3932 tam
1972 3880 2143 3948 Pighi,
2174 3881 2220 3932 id
2257 3889 2337 3934 est
2370 3880 2553 3946 fontis,
2578 3897 2749 3949 usque
2774 3884 2837 3934 ad
2865 3884 3118 3947 Auream,
3144 3901 3264 3937 cum
3284 3887 3385 3938 dii-

1846 3972 2018 4023 centis
2037 3969 2344 4036 lialistariis,
2369 3972 2665 4025 eommistis
2688 3972 2849 4025 etiam
2872 3971 3095 4036 Grzeris,
3113 3983 3301 4028 contra
3323 3977 3387 4029 li-

1848 4076 2040 4125 gneum
2063 4072 2327 4129 castrum,
2366 4062 2590 4131 pellibus
2618 4062 2776 4116 boum
2824 4073 3130 4118 contectum
3167 4070 3387 4136 opposi-

1850 4161 1961 4203 tum
1998 4164 2250 4206 accurate
2275 4154 2531 4206 decertat.
2557 4155 2753 4207 Paulus
2773 4154 3005 4219 Troilus,
3031 4159 3297 4213 Antonius
3322 4161 3389 4211 de

1850 4240 2160 4296 Bocbiardis
2180 4242 2388 4303 fratres.
2417 4244 2471 4297 in
2493 4247 2609 4298 loco
2625 4245 2791 4297 arduo
2816 4245 3106 4309 Miliandri,
3126 4264 3233 4315 quo
3256 4251 3383 4301 urln

1850 4335 2132 4397 titubabat,
2160 4351 2264 4389 tere
2296 4336 2510 4404 proprio
2539 4346 2592 4388 et
2647 4337 2845 4397 armis,t
2882 4352 3086 4389 summa
3131 4353 3250 4389 cum
3312 4341 3387 4389 \i-

1847 4423 2088 4490 gilantia,
2131 4435 2289 4477 noctu
2320 4427 2583 4494 diequeet
2630 4425 2934 4492 spingardis
2993 4426 3303 4491 horrendis,
3336 4443 3388 4483 et

1853 4514 2063 4564 balistis
2118 4515 2320 4565 torneis
2384 4515 2609 4566 viriliter
2659 4530 2885 4583 pugnam
2945 4519 3257 4570 sustinent:
3295 4522 3385 4585 qni

1848 4609 1993 4651 tanta
2024 4605 2383 4664 animositate,
2420 4620 2561 4657 nunc
2589 4607 2770 4672 pedes,
2812 4623 2953 4660 nunc
2977 4623 3158 4676 eques.
3207 4610 3389 4662 defen-

1848 4690 2000 4751 dnnt,
2051 4704 2109 4745 ut
2166 4691 2372 4747 Horatii
2413 4695 2631 4749 Coclitis
2692 4700 2834 4751 vires
2883 4702 3110 4767 repulsis
3143 4701 3388 4754 hoStibns

1846 4797 2053 4849 a‘qttarc
2087 4785 2419 4837 viderentur.
2476 4786 2606 4838 Nam
2652 4804 2749 4840 nec
2778 4790 2914 4840 muri
2951 4790 3102 4842 fracti
3167 4808 3391 4843 concus—

1847 4873 2016 4931 sione,
2039 4887 2135 4925 nec
2158 4874 2521 4927 machinarum
2549 4877 2758 4931 turbine
2792 4880 2980 4943 territi,
2999 4890 3114 4932 2cth
3132 4897 3253 4933 nam
3288 4886 3349 4935 si.
3375 4886 3388 4935 i

1849 4950 2155 5013 ιιιῖιιιιοῑίαιιι
2181 4964 2469 5015 vindicant.

1917 5048 2230 5103 Theodorus
2263 5054 2591 5116 (lbaristino,
2629 5070 2807 5116 senex,
2836 5057 2924 5109 sed
2958 5060 3208 5115 robustus
3244 5063 3388 5115 Ginc—

1847 5154 1960 5210 cus,
2031 5140 2081 5190 in
2142 5156 2267 5194 areu
2315 5144 2686 5208 doctissimus,
2756 5147 3193 5217 Tlieophilusquc
3238 5154 3387 5207 Grai-

1847 5243 1962 5287 ctis,
2020 5230 2212 5281 nobilis
2267 5231 2596 5302 Palmologus
2651 5236 2843 5287 litteris
2884 5241 3175 5305 eruditus,
3231 5248 3388 5295 ambo

1849 5317 2121 5377 catholiti,
2179 5334 2299 5372 cum
2359 5321 2565 5377 Joanne
2618 5326 2875 5379 Alemano
2922 5330 3222 5398 ingenioso,
3246 5333 3390 5385 Cati-

1849 5420 2060 5471 gaream
2093 5420 2408 5463 Concussam
2471 5428 3142 5487 rcparantpreteguotque.
3187 5423 3420 5473 Cottio--

1850 5511 2029 5557 Γθηιιςν
2072 5496 2209 5549 inter
2242 5498 2470 5557 Venetos
2492 5507 2841 5571 clarissimus,
2868 5509 3177 5577 capitanens
3196 5513 3334 5562 Auro
3354 5506 3383 5561 t-

1850 5595 2012 5651 portze
2046 5588 2616 5653 ctadjztceotesturres
2651 5604 2820 5665 usque
2858 5614 3005 5652 oram
3042 5598 3223 5657 maris,
3258 5600 3385 5650 viri.

1851 5677 1969 5725 l‘trr
2029 5680 2237 5739 pondus
2286 5683 2582 5751 sustinens,
2637 5688 2821 5742 hostes
2876 5678 3163 5756 impugnat.
3219 5688 3387 5741 Cra-ri

1854 5766 2075 5834 lwrimlc
2112 5768 2223 5832 alii:
2272 5777 2690 5832 SUIS'dislt'ilitlli
2731 5780 3171 5850 prupttgtiacnlis,
3202 5798 3373 5835 ξιιμῑμι
