4006 6338
438 324 447 341 "
503 360 506 363 λ
552 355 666 418 .935
1745 331 2136 397 LEONARDI
2172 320 2537 391 ClllENSlS
3516 417 3523 418 ί
3603 303 3754 418 ’936

520 526 521 529 η
565 478 733 526 mare,
761 466 1065 524 terramque
1093 453 1147 506 in
1178 452 1327 505 urbis
1358 464 1544 521 gyrum
1612 449 2097 518 prosequeliautur.
2131 451 2173 502 Α
2199 442 2342 496 lebat
2371 434 2621 506 injurias.
2664 429 2872 483 Interea
2928 423 3258 493 capitaneus-
3283 417 3561 489 generalis
3595 415 3755 472 Joan-

568 514 755 605 ii’alatii'
787 514 1075 615 iiiiperiaiis
1125 530 1254 595 cura
1320 514 1640 607 llieronymo
1684 514 1907 590 Minotto
1942 534 2113 588 Vene—
2215 547 2306 586 nea
2330 518 2692 585 Justinianus,
2726 520 2891 575 totius
2919 516 3149 615 fortuna:
3173 514 3603 615 observatornut
3632 523 3757 576 pra:-

2216 621 2392 677 sensit
2422 633 2485 672 ex
2520 610 2949 685 proclamatione
2970 606 3239 660 Teucrum
3273 612 3474 672 praesto
3510 601 3754 653 daturum

2216 694 2511 770 certamen,
2529 708 2717 777 agebat
2739 699 3016 756 confestim
3030 710 3335 756 murorum,
3358 707 3501 761 quos
3517 690 3760 743 machina

2217 800 2565 857 contriverat,
2596 790 2993 861 reparationem
3026 804 3041 840 :
3072 785 3375 856 petivitque
3404 781 3512 836 sibi
3549 796 3579 832 a
3613 780 3761 834 Chir-

2218 870 2343 947 luca
2360 906 2550 959 magno
2565 889 2707 942 duce
2724 880 3000 938 consulari
3017 891 3332 934 communes
3353 874 3768 941 urbisbombar-

2220 984 2337 1044 das,
2361 997 2495 1050 quas
2519 987 2702 1033 contra
2730 975 2916 1029 hostes
2941 971 3194 1041 adigeret.
3215 967 3363 1033 Quas
3392 982 3519 1021 cum
3539 967 3765 1033 superbe

2222 1075 2581 1143 denegasset:
2612 1067 2745 1133 Quis
2776 1080 2860 1119 me
2882 1062 3235 1141 (capitaneus
3265 1057 3503 1125 inquit),
3536 1072 3569 1108 o
3596 1057 3769 1125 prodi-

2224 1176 2337 1229 tor,
2357 1138 2521 1226 tenet,
2563 1168 2622 1213 ut
2658 1156 2835 1227 gladio
2874 1163 2996 1209 non
3024 1138 3312 1207 occumbas
3355 1149 3519 1201 meo?
3554 1146 3673 1213 Qua
3700 1148 3773 1215 ig-

2220 1254 2460 1310 nominia
2507 1249 2833 1318 indignatus,
2879 1254 2990 1298 tum
3061 1241 3204 1311 quod
3241 1237 3444 1293 Latinis
3491 1238 3540 1292 ei
3588 1250 3773 1306 capro.

2223 1348 2451 1406 brasset,
2490 1327 2769 1395 remissius
2794 1345 2980 1406 postea
3032 1332 3108 1386 rei
3137 1330 3338 1389 bellica:
3387 1321 3773 1398 providentiam

2222 1436 2392 1509 gessit
2424 1451 2437 1485 :
2473 1431 2752 1497 Graecique
2789 1426 2897 1495 μω
2937 1421 3200 1476 secretius
3235 1419 3378 1487 quod
3411 1418 3623 1472 Latinis
3672 1418 3779 1471 sal-

2226 1525 2405 1580 vandae
2435 1520 2585 1575 urbis
2609 1516 2778 1588 gloria
2799 1514 2979 1569 dedita
3001 1517 3165 1569 esset.
3193 1509 3380 1563 odiose
3408 1508 3683 1562 ferebant.
3712 1508 3780 1559 A't

2227 1619 2564 1685 capitaneus,
2585 1608 2811 1665 Joannis
2826 1603 3067 1659 Mauricii
3087 1598 3320 1655 Catanzei
3344 1598 3785 1668 praefecti,Joano

2235 1707 2336 1761 nis
2357 1706 2423 1759 de
2451 1702 2672 1763 Careto,
2705 1696 2857 1750 Pauli
2893 1692 3208 1770 Bochiardi,
3236 1689 3463 1745 Joannis
3494 1689 3563 1742 de
3586 1685 3790 1740 Forna-

567 650 744 695 tnrum
768 631 1220 691 bailocommissa
1252 637 1354 685 est.

632 725 953 787 Cardinalis,
976 737 1006 774 a
1025 721 1255 775 consilio
1273 732 1544 789 nunquam
1570 716 1785 779 absens,
1811 712 1995 768 Sancti
2022 711 2119 763 Dc-

573 817 747 872 mctrii
769 819 1041 884 regionem
1064 812 1129 865 ad
1149 823 1295 862 mare
1319 807 1630 865 defensabat
1650 822 1678 872 :_
1697 803 2116 859 Cathalannrum

574 909 765 963 consul
792 905 982 960 turrim
1021 910 1145 955 ante
1164 898 1602 967 Hippodromium
1634 893 1914 947 tutabatur
1942 906 1957 954 ;
2002 903 2121 942 ver-

575 1016 671 1054 sus
700 982 1011 1051 orientalem
1037 993 1265 1061 plagam.
1312 988 1569 1043 Chirluca
1612 987 1677 1038 ad
1716 998 1903 1047 curam
1936 987 2120 1049 portus

580 1089 855 1154 totiusque
886 1084 1163 1137 maritimze
1193 1080 1430 1149 regionis
1454 1075 1768 1144 invigilabat
1789 1077 1852 1126 ad
1871 1070 2118 1126 deferen-

577 1182 705 1233 dum
729 1174 1068 1246 Aprmsi’dium.
1101 1171 1459 1238 Hieronymus
1498 1167 1774 1225 ltalianus,
1803 1161 2121 1216 Leonardus

576 1271 644 1324 de
697 1267 993 1336 Laugasco,
1024 1259 1347 1323 Genuensis,
1371 1273 1493 1313 cum
1543 1257 1727 1310 multis
1755 1253 1920 1308 sociis
1960 1250 2123 1320 Xylo-

581 1368 784 1426 portam
810 1363 864 1409 et
894 1363 1070 1407 turres
1099 1364 1238 1420 quas
1260 1347 1561 1402 Aveniades
1597 1352 1811 1408 vocant,
1868 1341 2124 1410 impensis

579 1446 871 1499 cardinalis
900 1450 1175 1511 reparatas
1194 1441 1533 1509 spectabant.

651 1535 921 1590 Flamines
957 1532 1318 1600 monachique
1350 1545 1515 1597 supra
1552 1542 1738 1583 muros
1767 1526 2124 1596 undequaqu'e

585 1627 829 1682 collocati
854 1640 949 1689 pro
972 1626 1142 1677 salute
1158 1623 1343 1690 patriae
1363 1618 1716 1674 excubabant.
1757 1615 1973 1671 Gabriel
2007 1614 2128 1667 Tri-

590 1716 1097 1771 visanussubtilium
1118 1712 1387 1781 galearum
1414 1707 1703 1777 praefectus
1729 1706 1923 1761 nobilis
1947 1696 2123 1758 Vene-

592 1820 697 1871 tua,
728 1777 1153 1860 cordatissimea
1187 1801 1322 1854 turri
1361 1798 1490 1852 Fani
1510 1814 1681 1868 usque
1699 1796 1765 1850 ad
1789 1794 2124 1863 lmperialem
2156 1778 2199 1835 Β
2229 1795 2346 1859 riis,
2372 1791 2593 1845 Thomte
2614 1788 2681 1842 de
2694 1782 2997 1871 Salvatieis,
3018 1780 3254 1842 Lodixii,
3276 1777 3792 1840 GatilusiiJoann’s

591 1906 801 1964 portam
833 1905 955 1947 ante
972 1893 1148 1947 sinum
1165 1906 1287 1944 cum
1314 1889 1724 1957 quadringentis
1742 1885 1957 1942 Venetis
1975 1898 2129 1950 egre-

591 1986 689 2052 giis
732 1983 1056 2037 decertahat.
1111 1977 1432 2033 Grossarum
1491 1992 1621 2031 vero
1671 1977 1941 2044 galearum
1996 1985 2134 2040 prte-

596 2073 768 2125 l‘ectus
796 2067 1038 2139 Andreas
1066 2065 1254 2127 Diedo,
1278 2080 1398 2119 cum
1422 2064 1663 2131 reliquis,
1689 2064 1934 2115 triremes
1957 2060 2136 2127 potius

595 2160 843 2230 pavidus,
875 2172 1036 2226 quam
1071 2166 1299 2224 portam,
1331 2154 1689 2210 custodiebat.
1713 2153 1888 2206 Naves
1915 2148 2136 2220 perinde

598 2260 818 2305 armata:
858 2247 1319 2317 buccinisjugiter
1347 2255 1403 2301 et
1428 2247 1727 2300 ululatibus
1742 2245 1963 2298 Martem
1997 2242 2135 2295 invi-

600 2340 803 2391 tabant.
840 2336 1141 2390 Dentetrius
1181 2349 1336 2390 socer
1384 2334 1733 2404 Palmologus,
1780 2322 2141 2397 Nicolausqne

598 2420 809 2485 Gudelli
853 2442 1036 2497 gener,
1082 2426 1433 2496 praesidentes
1480 2433 1536 2477 ut
1582 2425 1875 2478 decurrant
1914 2422 2139 2484 urbem,

600 2536 721 2575 cum
754 2519 1020 2588 plerisque
1056 2516 1279 2570 armatis
1320 2515 1372 2568 in
1412 2528 1725 2569 succursum
1766 2520 2136 2565 reservantur.

672 2611 873 2663 Taliter
892 2622 1018 2678 ergo
1034 2606 1442 2676 pugnatoribus,
1462 2604 1574 2659 sive
1596 2603 1849 2664 ducibus,
1870 2602 1985 2655 sive
2018 2602 2150 2654 tiro.

606 2698 765 2753 nibus
777 2698 1058 2760 ordinatis,
1076 2696 1485 2766 exspectabatur
1501 2694 1776 2765 constituti
1798 2692 1980 2747 Martis
1994 2704 2154 2759 gene-

606 2788 737 2843 ralis
753 2787 989 2843 insultus
1005 2804 1019 2840 :
1038 2801 1145 2856 quo
1166 2799 1536 2856 saepenumero
1556 2785 1728 2838 territi
1745 2783 1918 2838 Graeci
1948 2792 2150 2851 postes,

609 2895 753 2934 nunc
783 2878 927 2947 agris
949 2892 1091 2931 nunc
1124 2876 1293 2931 vineis
1317 2876 1584 2939 colendis,
1604 2890 1752 2929 nunc
1788 2874 2154 2943 voluptatibus

526 2982 527 2985 ‘
610 2970 891 3035 laxati,.ex
920 2968 1182 3022 industria
1210 2966 1575 3020 declinabant.
1605 2964 1905 3035 Fingebam
1938 2964 2154 3031 quidem

611 3063 688 3115 rei
714 3060 996 3115 familiaris
1022 3072 1234 3118 curam,
1260 3056 1421 3110 etiam
1452 3054 1544 3137 qui
1578 3069 1766 3123 graves
1805 3054 2155 3106 videbantur:

615 3150 703 3200 alii
729 3148 963 3218 inopiam
982 3146 1339 3209 accusabant,
1374 3157 1477 3224 qua
1509 3143 1575 3201 ad
1601 3157 1739 3213 opus
1769 3141 2010 3196 lucrandi
2044 3157 2163 3211 gra-

620 3242 691 3293 tia
721 3240 1070 3308 cogebantur.
1100 3235 1248 3303 Quos
1288 3249 1410 3290 cum
1455 3234 1706 3293 absentes
1754 3232 2159 3302 corripuissem,

617 3330 916 3399 periculum
949 3343 1054 3381 non
1093 3327 1252 3382 modo
1284 3341 1471 3390 suum,
1496 3326 1590 3380 sed
1622 3326 1864 3380 omnium
1899 3322 2163 3377 Christia-

620 3434 808 3474 norum
852 3417 1091 3487 allegans
1116 3455 1131 3481 ,
1183 3417 1579 3487 respondebant
1614 3432 1630 3469 :
1667 3415 1808 3480 Quid
1856 3415 2010 3468 nobis
2039 3428 2160 3468 cum

617 3518 811 3571 castro,
833 3506 876 3559 si
904 3482 1181 3574 penuriam
1212 3482 1451 3559 sustinet,
1464 3506 1653 3559 domus
1679 3504 1899 3557 nostra?
1921 3506 1991 3556 ita
2021 3502 2164 3571 quod

620 3612 808 3664 magna
856 3586 943 3649 vis
980 3604 1096 3647 erat
1135 3594 1422 3649 reducendi
1454 3607 1547 3648 eos
1576 3593 1640 3647 ad
1670 3593 1809 3647 muri
1844 3593 2165 3647 custodiam.

621 3686 700 3741 Ob
739 3690 864 3753 hoc,
898 3686 1221 3758 paucitatem
1252 3687 1436 3759 hostes
1472 3693 1748 3754 captantes
1780 3684 2127 3755 pugnantium
2149 3721 2164 3746 ,

624 3779 852 3830 atulaces
890 3778 1037 3842 facti,
1067 3776 1286 3832 uncinis
1316 3792 1463 3840 vasa,
1513 3792 1631 3847 quae
1665 3777 1717 3830 in
1749 3775 2168 3847 propugnaculis

628 3876 926 3933 posuerant
975 3868 1185 3931 nostri,
1252 3867 1508 3922 demolito
1576 3884 1731 3923 muro
1796 3868 2167 3922 detrahebant.

626 3956 961 4024 Quandoque
995 3957 1179 4009 itidem
1226 3958 1450 4025 lapidem
1501 3959 1772 4027 ingentem
1811 3958 1952 4013 vallo
1980 3970 2045 4010 ex
2088 3972 2170 4011 re-

626 4049 767 4103 saltu
795 4048 1092 4115 collapsum
1114 4085 1131 4109 ,
1161 4061 1317 4113 quem
1358 4062 1549 4116 magna
1580 4050 1669 4101 illa
1692 4049 1979 4103 bombarda
2014 4061 2171 4100 muro

630 4141 908 4207 iniecerat,
985 4152 1107 4192 cum
1166 4137 1364 4192 rubore
1436 4146 1647 4212 nostro,
1694 4153 1815 4191 cum
1893 4138 2170 4191 retiaculis

629 4240 779 4282 extra
807 4228 1033 4292 ducunt,
1084 4228 1562 4298 reprojiciuntque.
1602 4227 1706 4281 Sed
1762 4228 1847 4281 ubi
1898 4229 2172 4291 custodes,

634 4315 723 4366 ubi
753 4314 947 4368 milites
990 4297 1314 4383 evagantes,
1366 4315 1456 4368 ubi
1489 4314 1710 4383 lapides,
1754 4322 1810 4367 ut
1856 4297 2175 4382 prohibeant

2230 1884 2452 1954 Illyrici,
2474 1880 2810 1945 aliorumque
2830 1870 3185 1926 Asiaticorum
3198 1869 3515 1925 Graecorum
3541 1866 3794 1921 consultu

2232 1980 2376 2031 acies
2436 1972 2872 2037 munimentaque
2918 1966 3128 2023 refecit.
3181 1962 3351 2030 Cujus
3395 1958 3793 2035 providentiam

2234 2067 2475 2121 Teucrus
2505 2062 2923 2117 commendans:
2952 2058 3123 2124 Quam
3157 2054 3371 2115 vellem,
3400 2050 3602 2118 inquit,
3634 2064 3799 2119 penes

2238 2140 2329 2212 me
2346 2156 2652 2225 praefectum
2676 2154 2822 2207 illum
2846 2149 3117 2203 Joannem
3142 2144 3519 2207 honorandum
3543 2142 3559 2194 l
3593 2141 3801 2205 Magnis

2241 2249 2417 2303 hercle
2484 2245 2642 2299 donis
2702 2254 2943 2310 auroque
2988 2240 3167 2299 multo
3234 2249 3587 2301 corrumpere
3648 2233 3802 2285 illum

2240 2338 2477 2395 studuit:
2501 2336 2657 2403 cujus
2686 2332 2954 2386 inflectere
2969 2330 3209 2383 animum
3235 2339 3509 2393 nunquam
3547 2324 3740 2392 potuit.

2314 2428 2555 2496 Operosa
2612 2434 2796 2478 autem
2851 2419 3161 2490 protegendi
3216 2418 3413 2470 vallum
3462 2426 3514 2469 et
3555 2413 3813 2469 autenm-

2245 2522 2360 2576 rale
2415 2516 2615 2572 nostris
2690 2513 2793 2567 fuit
2862 2527 3025 2576 cura;
3094 2509 3237 2579 quod
3299 2521 3485 2562 contra
3556 2509 3801 2560 animum

2250 2623 2426 2663 meum
2490 2618 2704 2673 semper
2774 2602 3064 2668 fuit,,qui
3136 2598 3457 2659 suadebant,
3524 2599 3579 2650 in
3660 2596 3810 2649 refu-

2251 2705 2396 2768 gium
2447 2712 2631 2752 muros
2658 2695 2795 2749 altos
2826 2693 3033 2762 primoa
3072 2706 3176 2743 non
3225 2690 3592 2743 deserendus:
3621 2688 3711 2754 qui
3756 2690 3825 2739 si'

2252 2791 2324 2845 ob
2375 2789 2579 2843 imbres
2605 2784 3091 2855 negligentiamque
3140 2781 3222 2833 vel
3248 2781 3426 2843 scissi,
3464 2780 3545 2831 vel
3575 2779 3814 2830 inermes

2257 2872 2677 2955 propugnaculis
2701 2886 2905 2938 essent,
2944 2890 2973 2929 a
3019 2872 3285 2943 principio
3310 2878 3435 2924 dum
3466 2868 3807 2939 pmposilttltt

2259 2986 2462 3040 guerraa
2505 2968 2827 3031 intervenit,
2868 2965 3107 3032 reparari
3151 2965 3487 3030 potuissent,
3527 2961 3811 3027 reparandi

2262 3058 2710 3127 custodiendique
2742 3065 2941 3110 erant:
2978 3057 3070 3123 qui
3105 3070 3209 3106 non
3234 3053 3457 3114 deserti,
3499 3052 3810 3118 prmsldiuni

2264 3152 2379 3205 urbi
2405 3150 2598 3204 salutis
2625 3148 3013 3202 contulissent.
3047 3147 3114 3198 At
3148 3145 3275 3213 quid
3311 3145 3521 3198 dicam?
3554 3159 3814 3213 arguam-

2261 3259 2331 3298 ne
2356 3242 2686 3311 principem,
2723 3255 2882 3309 quem
2929 3254 3142 3307 semper
3175 3240 3443 3305 praecipuo
3472 3238 3682 3290 honore
3710 3250 3814 3311 ve.

2262 3341 2485 3387 neratus
2519 3346 2641 3384 sum
2678 3348 2692 3383 :
2730 3331 2893 3397 cujus
2932 3328 3090 3381 fidem
3122 3343 3247 3397 erga
3285 3327 3585 3380 Romanam
3627 3308 3814 3378 Eccle-

2252 3416 2397 3479 siam
2440 3421 2706 3483 intellexi,
2743 3420 2847 3474 nisi
2880 3420 3334 3488 pusillanimitate
3371 3418 3716 3478 vinceretur;
3748 3431 3814 3468 an

2265 3515 2443 3583 potius
2492 3528 2588 3567 eos
2645 3513 2736 3579 qui
2775 3526 2841 3563 ex
2895 3511 3078 3568 officio
3124 3522 3306 3561 muros
3339 3505 3564 3561 reficere
3606 3507 3821 3559 debnis—

2264 3604 2417 3656 sent?
2451 3601 2495 3655 Ο
2524 3602 2752 3670 quorum
2787 3601 2979 3653 animae
3009 3601 3143 3652 forte
3169 3588 3516 3657 damnantur,
3558 3596 3819 3650 Manuelis

2210 3746 2213 3747 ,
2266 3693 2476 3762 Ciagari
2536 3691 2739 3763 dudum
2781 3691 2977 3758 inopis,
3032 3697 3085 3742 et
3138 3688 3397 3756 NeOphyti
3434 3687 3817 3741 llieromonaci

2268 3784 2485 3850 Rhodii,
2518 3783 2563 3838 si
2596 3784 2765 3835 audeo
2790 3781 2989 3845 dieare,
3022 3780 3353 3849 przedonum,
3392 3794 3497 3831 non
3529 3793 3819 3833 conserva-

2268 3885 2444 3929 torum
2477 3874 2803 3944 reipublicze,
2836 3873 3032 3944 quibus
3059 3873 3236 3924 .veluti
3282 3870 3599 3939 reipublicae
3630 3871 3821 3922 tutori-

2268 3969 2389 4027 bus,
2424 3975 2515 4017 aut
2545 3980 2607 4019 ex
2656 3965 2793 4018 aviis
2824 3964 3210 4030 intestatisque
3242 3962 3383 4014 bona
3418 3961 3630 4022 relicta,
3656 3961 3823 4014 muris

2270 4058 2469 4112 ascribi
2526 4056 2833 4121 debebant,
2865 4054 3088 4122 privatis
3136 4052 3315 4121 potius
3360 4051 3676 4105 commodis
3706 4041 3823 4104 ’ξηι-

2270 4147 2592 4217 pendebant.
2621 4144 2833 4197 Primus
2882 4144 3071 4213 viginti
3128 4155 3294 4210 prope
3329 4141 3558 4194 millium
3600 4139 3826 4195 ﬂoreno-

2274 4255 2391 4292 rum
2452 4252 2639 4291 servus
2691 4235 3016 4305 proditionis
3070 4236 3386 4297 monachus,
3418 4224 3560 4303 quos
3603 4233 3825 4303 posthac

2247 4314 2585 4384 "reconditos
2618 4343 2753 4380 urna
2789 4326 3128 4396 septuaginta
3163 4324 3390 4378 millium
3433 4340 3622 4393 gazam
3669 4326 3827 4379 relin~

632 4404 716 4456 vel
765 4404 1058 4472 repellant?
1096 4407 1136 4456 Ο
1175 4420 1335 4472 quam
1379 4405 1578 4459 malum
1606 4405 1979 4475 'prtesagiuml
2029 4404 2155 4468 Quit

2253 4419 2446 4489 'quunt
2490 4417 2740 4472 Teucris.
2794 4417 3161 4479 Idcircourbs
3185 4415 3492 4487 praedonum
3530 4415 3737 4470 incuria
3778 4418 3825 4467 in

634 4494 756 4559 erit,
798 4494 1049 4562 inquam,
1098 4495 1311 4563 quando
1357 4496 1501 4548 velut
1543 4506 1753 4550 torrens
1796 4495 1970 4564 Tigris
2004 4496 2172 4564 irruet

636 4588 939 4643 exercitus?
970 4562 1125 4643 Ordo,
1143 4585 1365 4656 perinde
1395 4600 1461 4638 ex
1510 4585 1612 4638 hoc
1640 4578 1799 4639 datus
1821 4562 1902 4638 est
1932 4594 1988 4637 ut
2017 4562 2172 4653 panis

640 4698 731 4750 per
756 4680 987 4735 familias
1017 4695 1168 4748 teque
1197 4678 1609 4731 distribuerelur
1638 4678 1654 4729 ':
1683 4691 1749 4730 ne
1775 4674 1917 4728 illius
1946 4675 2173 4728 curandi

638 4775 831 4842 gratia,
865 4773 937 4826 uti
966 4788 1024 4827 se
1049 4772 1393 4835 excusabant,
1433 4784 1461 4822 a
1492 4779 1672 4823 castro
1704 4766 2051 4831 recederent;
2084 4781 2178 4820 ne-

638 4881 744 4933 que
778 4864 971 4917 famem
1005 4863 1179 4930 potius
1212 4862 1460 4931 pepulus,
1504 4875 1661 4927 quam
1703 4859 1962 4928 gladium,
2014 4872 2181 4926 expa-

643 4965 880 5009 resceret
914 4971 927 5006 :
963 4968 1122 5021 quam
1171 4952 1389 5020 quidam
1435 4950 1727 5003 iunuanum
1756 4952 2071 5018 sanguinem
2100 4951 2177 5004 si-

646 5042 859 5109 tientes,
904 5043 987 5097 vel
1039 5028 1306 5096 occultato
1356 5040 1661 5104 frumento,
1689 5041 1770 5095 vel
1805 5049 1964 5095 aucto
2000 5043 2174 5110 pretio

648 5134 1062 5206 praetendebant.
1111 5131 1216 5185 Sed
1263 5133 1374 5186 haec
1416 5132 1668 5200 iniquitas
1709 5114 1812 5184 non
1866 5132 1967 5184 fuit
2018 5147 2180 5184 causa

649 5230 797 5291 mali,
839 5224 931 5281 sed
977 5223 1182 5279 ordinis
1231 5223 1496 5279 confusio.
1552 5220 1821 5275 Severitas
1869 5240 1897 5275 a
1945 5224 2185 5291 principe

648 5323 862 5378 aberat;
902 5332 1000 5371 nec
1040 5315 1514 5382 compescebantur
1568 5314 1788 5367 verbere
1833 5325 1926 5367 aut
1986 5315 2183 5381 gladio,

648 5409 741 5478 qui
806 5406 1167 5476 neglexissent
1220 5402 1601 5457 obedientiam.
1662 5404 1867 5457 Idcirco
1917 5404 2183 5471 quispiam

650 5498 764 5553 suis
810 5495 1129 5551 efferebatur
1175 5491 1563 5561 voluptatibus,
1610 5493 2091 5560 biandimentisque
2121 5507 2185 5544 ex

651 5599 842 5639 natura
883 5583 1261 5639 demulcebant
1294 5581 1490 5634 iratum
1535 5583 1875 5650 imperatoris
1914 5584 2185 5644 animum;

648 5675 1124 5745 delususimprnhc
1159 5689 1186 5728 a
1218 5674 1354 5737 suis,
1387 5656 1558 5725 bonus
1587 5674 1674 5728 illc
1700 5656 2043 5729 dissimulare
2072 5690 2186 5728 ma-

2270 4518 2418 4565 tauta
2458 4517 2776 4577 tempestate
2821 4509 3000 4577 periit.
3034 4511 3102 4560 At
3141 4521 3261 4561 cum
3286 4500 3478 4559 omnia
3518 4505 3824 4559 Graecorum

2269 4599 2449 4667 inepta
2482 4613 2643 4666 opera
2697 4599 3159 4665 reprehendantur
3186 4638 3201 4662 ,
3257 4612 3367 4652 non
3415 4599 3612 4650 mirum
3645 4600 3690 4652 si
3731 4601 3827 4652 hoc

2273 4688 2483 4759 illustre
2536 4688 2739 4740 sanctis
2778 4688 3199 4753 imperatoribus
3242 4686 3601 4749 institutum,
3660 4688 3827 4740 moni-

2275 4787 2513 4845 mentum
2586 4774 2856 4843 egregium
2912 4776 3101 4844 reique
3154 4776 3389 4844 publicae
3441 4783 3817 4836 tutamentum,

2280 4885 2403 4925 esca
2426 4867 2776 4938 praedonibus
2797 4866 2937 4931 fuit;
2963 4882 3125 4934 quam
3151 4875 3336 4936 postea
3358 4880 3482 4920 sero
3508 4866 3554 4921 si
3582 4881 3825 4936 reparare

2283 4960 2589 5022 voluerunt,
2626 4955 2732 5011 duo
2767 4956 3073 5019 defuerunt,
3111 4971 3183 5010 tes
3216 4966 3271 5010 et
3307 4964 3563 5026 tempus;
3595 4972 3714 5027 qua:
3744 4973 3827 5025 po-

2282 5058 2498 5111 terant,
2555 5050 2598 5103 si
2635 5063 2885 5117 gnerram
2936 5048 3329 5111 intendebant,
3378 5049 3737 5118 opportunius
3782 5057 3826 5099 ct

2284 5140 2644 5209 importunius
2692 5148 3037 5208 extorquere.
3080 5139 3185 5193 Sed
3226 5140 3411 5193 innata
3464 5153 3575 5192 non
3629 5140 3827 5194 sinebat

2283 5228 2797 5296 procrastinationis
2843 5229 3066 5296 ineptia.
3125 5229 3349 5282 Omnem
3398 5242 3529 5296 ergo
3584 5244 3733 5298 spem
3783 5230 3826 5281 in

2285 5320 2505 5373 fossatis
2552 5326 2605 5371 et
2651 5319 2970 5371 autemurali
3002 5329 3299 5386 posuerunt
3330 5336 3344 5371 :
3383 5298 3596 5387 quibus
3624 5320 3828 5373 tandem

2288 5410 2535 5479 perditis,
2562 5408 2624 5461 ad
2649 5408 2969 5461 altissimum
2992 5410 3263 5464 desertum
3284 5425 3494 5463 murum
3520 5418 3807 5479 coaugustn

2289 5501 2379 5562 tis,
2420 5500 2673 5555 habilitas
2732 5512 2837 5552 non
2899 5498 3022 5551 fuit.
3077 5498 3401 5554 Prudentius
3437 5497 3672 5561 Hebraei,
3724 5501 3831 5567 qui.

2291 5589 2495 5658 perdito
2521 5604 2624 5642 uno
2644 5606 2816 5651 muro,
2839 5590 3035 5644 deinde
3064 5589 3129 5643 ad
3149 5590 3468 5652 secundum,
3502 5599 3618 5643 tum
3634 5589 3699 5641 ad
3730 5597 3828 5639 ter-

2291 5680 2426 5733 tium
2464 5693 2521 5732 sc
2555 5679 2921 5759 contulerunt,
2975 5680 3171 5749 quibus
3201 5679 3359 5733 annis
3383 5686 3617 5747 quatuor
3645 5672 3830 5745 Vespa-
