4006 6338
121 533 225 598 θιι

1200 529 1293 588 DE
1342 523 1936 596 EXPUGNATIONF.
1966 533 2246 592 Cl’t;ll.lS.

3139 527 3327 596 ψη

122 634 238 698 ttite.
266 641 408 710 pleni
431 641 779 695 conclamant
804 638 1108 704 victoriam,
1137 639 1311 706 gladio
1333 648 1590 708 pugnant,
1618 646 1668 689 et
1704 640 1743 694 Δ
1777 643 2129 694 reverent‘am
2163 655 2334 710 neque
2370 639 2569 694 sanctis
2594 639 2914 710 imaginibus
2936 641 3154 704 habent,
3193 644 3321 713 quin

123 728 309 798 quoad
330 735 581 798 possunt,
600 727 744 781 omni
775 743 896 782 cum
920 729 1119 783 virtute
1143 735 1359 782 nostros
1385 729 1465 783 vel
1493 719 1671 781 ester—

125 823 360 887 minare,
391 821 473 876 vel
495 821 761 890 subjicere
790 821 1108 876 moliuntur.
1143 820 1439 889 lmperator
1465 820 1672 885 inti-liv,

125 925 190 965 nt
223 912 359 968 vidit
399 917 744 984 capitaneum
797 915 1138 983 desperatum
1173 931 1186 966 :
1236 913 1350 968 lleu
1399 928 1484 967 me
1517 915 1678 966 mise-

127 1005 284 1057 rum!
314 1005 510 1071 inquit,
540 1007 746 1075 peritae
769 1005 896 1060 urbs
919 1005 940 1056 ’ἒ
967 1003 1012 1058 Ο
1037 1003 1418 1058 infortunatam
1442 1007 1671 1059 sortem!

127 1094 287 1156 siste,
311 1109 523 1164 precor,
556 1096 853 1166 capitanee.
880 1095 1012 1150 Nam
1036 1083 1136 1148 tua
1162 1093 1284 1163 fuga
1322 1095 1456 1149 alios
1490 1094 1678 1149 incitat

127 1191 196 1240 ad
224 1187 558 1257 fugiendum.
582 1187 694 1241 Non
715 1196 798 1241 est
823 1189 1050 1240 mortale
1073 1185 1289 1249 vulnus,
1314 1196 1498 1256 patere
1525 1186 1678 1242 dolo—

127 1294 269 1343 rem,
303 1287 358 1333 et
405 1280 536 1334 siste
572 1279 826 1345 viriliter,
864 1288 924 1333 ut
959 1279 1318 1350 spopondisti.
1358 1279 1425 1332 At
1456 1278 1544 1332 ille
1590 1291 1680 1331 sa-

128 1371 284 1430 lutis.
339 1373 540 1438 gloriae,
600 1371 796 1440 suique
835 1371 1058 1432 oblitus,
1118 1372 1194 1424 uti
1246 1371 1405 1425 altam
1463 1371 1677 1439 quidem

130 1461 311 1530 primo
348 1462 873 1532 magnanimitatem,
901 1463 972 1516 ita
1005 1462 1232 1532 posthac
1269 1461 1682 1532 pusillanimita-

129 1566 236 1604 rem
273 1553 527 1606 ostendit.
586 1552 777 1607 Debuit
800 1553 967 1619 enim,
995 1554 1039 1608 si
1076 1561 1285 1622 poterat
1315 1553 1554 1607 vulneris
1580 1552 1678 1605 do-

128 1644 301 1695 lerem
329 1641 574 1706 sutl'erre,
607 1659 712 1698 non
739 1643 1009 1708 recedere,
1036 1642 1078 1696 si
1107 1642 1183 1694 vir
1206 1651 1322 1696 erat
1346 1657 1363 1709 3
1386 1642 1468 1697 vel
1490 1643 1679 1697 saltem

125 1735 318 1797 alium,
355 1737 444 1802 qui
477 1737 593 1790 loco
623 1737 706 1790 sui
743 1736 1006 1803 stetisset,
1039 1737 1350 1805 subrogare.

201 1824 544 1894 Franguntur
567 1841 629 1880 et
660 1827 762 1881 hoc
785 1828 1024 1881 omnium
1052 1828 1475 1900 commilitonum
1498 1829 1682 1893 animi,

130 1913 456 1966 lachr-tantur
512 1915 672 1979 vires,
729 1924 782 1970 et
825 1918 1162 1984 capitaueum
1239 1919 1550 1987 fugientem,
1621 1939 1682 1971 ne

117 2013 382 2070 pereant,
431 2005 810 2075 insequuntur.
855 2007 926 2059 Du
987 2008 1266 2070 clientulo,
1309 2010 1480 2078 inquit
1533 2013 1681 2078 capi-

127 2102 345 2152 taneus.
365 2097 564 2148 clavem
591 2106 777 2165 portae,
796 2112 955 2164 quam
978 2113 1097 2152 mox
1119 2109 1406 2154 reseratam
1435 2112 1683 2171 satagunt

127 2201 328 2257 magna
357 2203 478 2240 cum
512 2192 922 2256 compressione
958 2191 1208 2244 transire.
1244 2190 1498 2246 Rescrata
1531 2206 1680 2260 porta

127 2278 268 2348 fugit
287 2279 598 2346 capitaneus
624 2280 830 2341 Pcram,
857 2282 948 2349 qui
983 2291 1166 2350 postea
1192 2283 1380 2337 Chium
1402 2286 1680 2353 natigans,

127 2384 191 2421 ex
223 2371 441 2424 vulnere
497 2371 579 2423 vel
627 2371 843 2426 tristitia
876 2374 1164 2443 inglorium
1213 2377 1498 2429 transitum
1533 2375 1677 2429 fecit.

129 2457 434 2525 Imperator
494 2459 736 2526 insuper,
792 2477 858 2515 ne
911 2463 979 2516 ab
1021 2462 1266 2517 hostibus
1308 2466 1602 2534 capiatur:
1639 2467 1682 2516 Ο
1729 2487 1732 2490 ~

127 2549 422 2617 quispiam,
449 2551 641 2618 inquit,
673 2553 856 2607 valens
880 2562 997 2622 ty.ro
1019 2560 1235 2623 prOpter
1259 2553 1448 2618 Deum,
1475 2570 1541 2608 ne
1573 2573 1682 2607 rua-

126 2639 300 2708 jestas
334 2642 497 2716 vafris
523 2644 652 2696 viris
681 2647 1015 2708 Suceumbat,
1049 2661 1168 2699 meo
1193 2647 1368 2713 gladio
1402 2663 1484 2700 me
1511 2657 1681 2700 trans-

132 2731 282 2800 figat.
317 2731 457 2786 Inter
482 2737 593 2787 haec
622 2733 955 2804 Theophilus
991 2735 1340 2806 Paluaolugus,
1377 2739 1457 2790 vir
1486 2742 1678 2793 eatiiu-

133 2823 307 2876 Iicus:
331 2821 445 2876 ,ιλιαδ
470 2825 672 2891 perdita
693 2826 843 2890 urbe,
867 2845 968 2890 me,
993 2831 1184 2896 inquit,
1210 2832 1382 2883 vivere
1400 2846 1504 2884 non
1530 2833 1678 2895 liccl;

132 2909 579 2983 Teucrorumque
608 2918 814 2983 pondus
837 2920 1150 2985 aliquandiu
1183 2903 1478 2984 sustinens,
1513 2931 1563 2975 et
1592 2927 1676 2977 de—

130 3015 372 3068 certans,
414 3008 588 3061 securi
633 3008 971 3063 discinditur.
1017 3012 1091 3063 lta
1135 3011 1406 3067 Iohannes
1459 3015 1680 3068 Sciat-us

134 3097 402 3166 lllyricus,
439 3098 595 3152 veluti
624 3099 879 3154 llercules
899 3116 957 3154 se
980 3117 1276 3170 Opponeus,
1308 3106 1504 3158 multos
1535 3108 1681 3172 prius

134 3197 360 3251 mactat,
395 3190 585 3244 deinde
607 3191 781 3260 gladio
807 3192 974 3247 linivit
1000 3195 1162 3248 vitam
1193 3196 1391 3249 hostili.
1441 3198 1508 3251 Se
1543 3199 1681 3251 iuvi-

1779 734 1958 801 potius
1991 735 2371 795 exterminant,
2417 733 2604 786 oculos
2647 731 2954 786 sanctorum
2999 731 3322 796 suflodiunt,

1779 835 2085 879 sanctorum
2139 837 2356 893 quoque
2414 821 2676 894 reliquias
2724 823 3189 889 vcl,dilaccrant,
3241 822 3322 876 vel

1734 979 1753 1001 ‘
1777 916 2095 985 dispergunt
2121 914 2399 984 sacrilega
2431 929 2660 977 manus;
2699 927 2820 966 mox
2857 921 3043 966 sancta
3074 911 3170 965 Dei
3202 924 3328 965 vasa

1781 1017 2060 1088 usurpant,
2084 1013 2362 1073 argentum
2389 1019 2692 1074 aurumque
2725 1013 2830 1058 tam
2860 1014 3168 1059 sanctarum
3194 1001 3327 1055 ima-

1780 1101 1959 1168 ginltll'
1984 1137 1999 1160 ,
2051 1113 2211 1165 quam
2241 1111 2492 1150 vasorum
2539 1110 2816 1150 sacrorum
2841 1136 2856 1162 ,
2896 1094 3128 1149 sacculis
3159 1091 3322 1147 infer-

1780 1191 1948 1244 ciunt.
1997 1189 2086 1243 Fit
2127 1191 2331 1243 clamor
2371 1201 2426 1244 et
2465 1189 2700 1243 ululatus
2743 1189 2808 1242 ad
2865 1187 3100 1252 cmlum;
3146 1185 3323 1240 omnis

1783 1295 1966 1341 sexus,
2010 1280 2169 1334 homo
2221 1282 2416 1345 omnis,
2466 1294 2624 1332 omne
2653 1293 2867 1344 aurum,
2901 1291 3060 1330 omne
3088 1291 3184 1339 aes,
3210 1289 3324 1328 oui-

1784 1375 1867 1424 nis
1889 1370 2150 1438 supellex,
2179 1371 2463 1438 omnisque
2499 1370 2650 1425 urbis
2677 1370 2982 1426 substantia
3015 1369 3068 1423 in
3093 1367 3323 1438 putidam

1785 1463 2026 1515 vertitur.
2059 1459 2352 1516 Securilnus
2380 1461 2575 1515 scn‘uia
2602 1461 2892 1524 scindunt;
2918 1457 3119 1512 fundos
3145 1456 3327 1526 perfo-

1786 1557 1938 1606 diunt
1973 1568 2069 1622 pro
2100 1554 2388 1610 thesauris;
2420 1552 2511 1620 qui
2541 1553 2675 1606 tanti
2711 1553 3069 1621 reperiuntur,
3091 1561 3146 1607 ct
3177 1567 3225 1600 ιιι
3256 1572 3265 1592 -.
3289 1551 3322 1606 ⁵.

1785 1657 1836 1696 rt
1867 1655 2092 1708 veteres,
2128 1655 2184 1696 ut
2226 1645 2370 1698 nulla
2419 1647 2488 1698 sit
2530 1647 2653 1698 urbs
2701 1660 2730 1698 a
2772 1643 2966 1699 saeculo
3016 1658 3132 1710 qum
3166 1641 3323 1694 tantis

1788 1733 1986 1797 adluat,
2036 1746 2090 1788 et
2134 1736 2184 1788 bi
2223 1752 2410 1791 omnes
2449 1736 2748 1791 absconditi
2799 1736 2851 1789 in
2907 1751 3097 1788 manus
3140 1750 3324 1788 eorum

1788 1834 2162 1891 pervenerunt.
2200 1826 2435 1881 OGrzeci
2487 1828 2595 1895 jam
2655 1827 2838 1881 miseri
2864 1837 2918 1879 et
2969 1825 3324 1880 miserabiles.

1788 1917 1876 1983 qui
1900 1917 2132 1984 impiam
2189 1919 2480 1984 tingebatis,
2504 1933 2625 1972 ecce
2649 1917 2757 1985 jam
2787 1918 2839 1970 in
2863 1918 3034 1970 lucem
3062 1927 3314 1968 venerunt

1787 2007 2044 2071 thesauri,
2081 2023 2214 2075 quos
2244 2024 2336 2074 pro
2370 2004 2517 2062 urbis
2551 2009 2791 2062 subsidio
2819 2008 3144 2077 denegastis.
3203 2004 3324 2058 'l‘ri-

1784 2096 1888 2150 duo
1917 2098 2076 2164 igitur
2113 2098 2165 2149 in
2203 2095 2428 2163 prmdam
2464 2096 2745 2151 dccursam
2781 2099 3051 2150 civitatem
3088 2096 3324 2164 depopu-

1784 2191 2053 2255 latamque
2083 2189 2222 2258 regis
2259 2185 2592 2241 Teucrorum
2620 2189 2807 2241 ditioni
2838 2188 2999 2242 dicati
3039 2187 3334 2257 admodum

1787 2282 2114 2348 relinquunt.
2143 2279 2463 2332 Traducitur
2493 2280 2554 2332 ad
2623 2279 2915 2348 papiliones
2968 2279 3143 2334 omnis
3203 2278 3326 2332 sub.

1784 2375 1981 2428 stantia
2004 2381 2054 2425 et
2075 2373 2272 2440 praeda,
2302 2371 2568 2438 vinctique
2587 2386 2771 2424 omnes
2806 2371 2869 2424 ad
2903 2372 3176 2439 sexaginta
3211 2369 3328 2420 mil-

1786 2468 1851 2517 lia
1894 2465 2112 2517 funibus
2135 2463 2428 2517 Christiani
2464 2461 2802 2528 captivantur
2833 2478 2847 2526 ;
2885 2477 3078 2517 cruces
3107 2478 3171 2515 cx
3194 2473 3326 2514 tem-

1786 2559 1991 2624 plorum
2026 2556 2267 2623 apicibus
2296 2553 2698 2622 parietibusque
2717 2552 2914 2607 evulsa:
2948 2553 3172 2620 pedibus
3195 2567 3323 2605 con-

1786 2650 2103 2708 Culcantttv;
2139 2649 2404 2701 violantur
2441 2648 2689 2700 mulieres
2721 2662 2736 2709 ;
2771 2644 3003 2713 virgines
3054 2643 3326 2697 deﬂeren-

1786 2755 1868 2796 tttr
1897 2761 1912 2807 ;
1943 2756 2120 2794 mares
2150 2741 2376 2803 juvenes
2408 2741 2460 2792 in
2493 2737 2876 2807 turpitudinem
2935 2737 3272 2788 maculantur
3308 2754 3321 2794 ;

1785 2833 2222 2889 sanctimonialcs
2243 2846 2304 2884 ac
2329 2830 2544 2896 reliqua:
2560 2829 2720 2883 etiam
2739 2843 2855 2898 qum
2876 2835 3194 2903 apparentes
3217 2827 3330 2879 fur-

1787 2936 1930 2994 runt,
1967 2926 2094 2978 luxu
2124 2923 2410 2978 fmlaulur.
2444 2921 2488 2975 Ο
2527 2921 2663 2974 Deus
2699 2935 2869 2983 meus,
2934 2934 3094 2988 quam
3156 2920 3325 2972 iratus

1785 3017 1982 3071 videris
2020 3018 2217 3084 lquam
2245 3013 2739 3067 itntniserirorditer
2789 3011 2979 3065 faciem
3023 3027 3054 3065 a
3081 3011 3328 3064 fidelibus

1785 3109 2021 3163 avertisti
2061 3107 2228 3177 lQujd
2252 3107 2464 3160 dicam?
2489 3099 2666 3160 Silebo
2697 3113 2787 3157 aut
2813 3103 3110 3157 narraboin
3137 3103 3324 3157 Salva-

1784 3211 1952 3256 torem
2009 3209 2062 3255 et
2114 3208 2327 3254 sanctas
2389 3197 2646 3265 imagines
2698 3194 2874 3247 iliatas
2919 3193 3332 3247 contumelias?

132 3296 251 3332 cem
284 3291 467 3348 postea
499 3283 704 3345 nostri,
738 3293 794 3335 ut
837 3291 1040 3351 portam
1085 3284 1451 3354 ingrediantur
1472 3329 1486 3350 ,
1531 3306 1680 3342 co.n-
1706 3298 1750 3356 α
1789 3306 1944 3360 parce
1969 3291 2118 3355 mihi,
2151 3288 2389 3347 Domine,
2438 3286 2484 3339 si
2513 3296 2619 3336 tam
2659 3284 2859 3336 fomlam
2906 3283 3078 3335 scelus
3109 3294 3329 3334 errario.

137 3371 438 3438 primcntes
478 3382 723 3440 pereunt.
755 3373 967 3439 Quibus
1013 3377 1226 3430 intulistis
1259 3379 1548 3459 imperator
1589 3398 1678 3431 ea—

133 3462 271 3513 drns
312 3470 471 3528 atque
515 3476 818 3530 resurgens.
877 3463 1155 3528 relabitur,
1189 3474 1240 3517 et
1283 3467 1680 3533 compressione

136 3554 393 3618 princeps
439 3554 622 3618 patriae
655 3567 683 3605 e
717 3552 824 3604 vita
874 3553 1152 3620 demigrat.
1200 3553 1481 3608 Perierunt
1524 3556 1681 3624 igitur

135 3659 198 3695 ex
239 3645 437 3695 nostris
466 3640 669 3694 Latinis
709 3656 759 3696 ct
781 3641 982 3698 Grtecis
1014 3661 1071 3697 se
1102 3643 1328 3700 invicem
1363 3649 1677 3700 conculcan—

135 3738 287 3786 tibus
319 3732 372 3785 in
408 3741 567 3800 porta:
587 3734 730 3787 exitu
762 3736 980 3790 circiter
1002 3735 1312 3805 octingenti.
1337 3737 1464 3793 lude
1487 3738 1680 3793 Teucri

136 3824 308 3873 altum
353 3839 560 3875 murum
598 3824 976 3890 decurrentes,
1017 3841 1078 3879 ex
1114 3827 1222 3880 alto
1274 3843 1410 3896 quos
1457 3840 1681 3896 possunt

135 3911 402 3982 lapidant,
434 3926 743 3980 cuneusque
789 3917 909 3968 uuis
955 3916 1178 3970 vocibus
1221 3933 1316 3984 per
1351 3920 1682 3970 antrtnurale

135 4005 500 4065 descendens.
547 4005 599 4057 in
649 4005 829 4074 fugam
882 4023 1070 4060 trames
1121 4019 1340 4062 nostros
1391 4010 1682 4076 compellit.

140 4099 436 4150 llutnorem
489 4094 860 4163 jacturamqne
913 4115 974 4149 ev
1026 4096 1354 4165 fugientibus
1404 4101 1686 4154 audientes

137 4188 346 4241 Paulus
384 4185 706 4254 Troilusque
755 4184 1080 4248 Bochiardi,
1121 4187 1224 4240 viri
1277 4187 1487 4253 Latini,
1538 4192 1688 4246 urtis

136 4281 310 4342 cives,
337 4291 459 4330 cum
490 4277 689 4344 aliquot
714 4275 913 4330 Grazcis
940 4278 1172 4331 strenuis
1199 4277 1509 4347 Latinisque
1535 4282 1688 4347 equis

137 4368 464 4430 insidentes,
496 4366 548 4419 in
576 4367 757 4421 hostes
784 4368 1004 4420 vadunt.
1027 4368 1241 4432 Teucri,
1266 4351 1404 4422 forte
1431 4369 1688 4437 majorem

138 4473 450 4514 numerum.
483 4473 642 4525 quam
667 4465 1244 4522 cssentpaututnantes,
1278 4469 1422 4526 terga
1456 4470 1686 4513 vertunt.

137 4553 342 4607 Paulus
375 4551 427 4602 iu
468 4549 728 4603 Teucrum
764 4557 913 4617 urget.
943 4565 1161 4616 equum,
1197 4551 1483 4614 lanceaque
1517 4568 1683 4604 unum

1782 3383 1826 3438 Ο
1852 3382 2229 3436 contusioncm
2261 3377 2712 3436 Christ-iuuenum,
2743 3374 2787 3426 si
2819 3373 3016 3426 Christi
3059 3372 3152 3426 Dei
3183 3373 3292 3438 iltj't
3319 3405 3328 3411 -

1784 3456 2192 3528 rias'vindicarc
2217 3467 2488 3520 retardent
2517 3467 2528 3518 !
2567 3464 2758 3519 Sacras
2793 3462 2884 3519 Dei
2915 3473 2968 3517 ct
3018 3473 3325 3528 sanctorum

1783 3563 1982 3632 efﬁgies
2015 3561 2180 3613 homo
2206 3566 2554 3626 prosternunt
2588 3575 2603 3611 :
2636 3556 2842 3625 quibus
2861 3571 3040 3624 super,
3083 3566 3187 3608 nan
3219 3570 3331 3605 mo-

1783 3657 1852 3708 do
1884 3653 2184 3721 crapulam,
2220 3652 2311 3706 sed
2355 3650 2622 3703 luxuriam
2657 3649 2948 3716 complent.
2998 3647 3328 3702 CruciliXum

1788 3742 2012 3810 posthac
2050 3755 2142 3809 per
2161 3748 2336 3793 castra
2361 3739 2572 3808 praeviis
2603 3736 2869 3807 tympanis
2909 3736 3212 3789 deludendo
3237 3737 3332 3787 de-

1787 3845 2023 3904 portant:
2055 3831 2247 3901 sputis,
2273 3829 2638 3898 blasplremiie,
2673 3825 3183 3896 opprobriisiterum
3207 3840 3280 3892 pr-
3304 3855 3330 3864 -

1785 3925 2158 3979 eessio..alitcr
2197 3920 2559 3987 crucitigunt:
2603 3918 2797 3984 pilcum
2848 3914 3327 3980 Teucrale,"quod

1787 3997 2044 4068 larchula
2079 4013 2289 4073 vocant,
2324 4009 2487 4076 capiti
2517 4013 2962 4075 superponentes,
2991 4003 3284 4058 dcridcndo
3317 4047 3328 4056 .

1788 4110 1886 4161 llic
1920 4115 2001 4160 est
2035 4106 2170 4158 Deus
2195 4100 2650 4156 Clu-istianornm.
2670 4097 2714 4152 Ο
2745 4097 2830 4151 Dei
2859 4097 3206 4166 patientiam!
3233 4096 3330 4150 Be-

1789 4215 1854 4251 ne
1879 4195 2078 4249 videris
2117 4195 2309 4254 iratus,
2339 4192 2476 4246 bone
2490 4190 2635 4254 Jcsu,
2666 4198 2718 4241 ut
2751 4205 2848 4257 pro
2879 4190 3112 4256 peccatis
3135 4195 3333 4243 nostris

1790 4295 1964 4340 tantas
1990 4283 2213 4352 injurias
2241 4284 2430 4336 iterum
2467 4281 2662 4334 toleres
2697 4278 3022 4355 indignatus.

1861 4377 2016 4431 Parta
2058 4385 2234 4429 autem
2268 4374 2516 4437 victoria,
2548 4370 2709 4424 Turci
2752 4369 3105 4423 Bacchanalia
3141 4367 3331 4420 festos-

1793 4484 1896 4536 que
1951 4469 2064 4521 dies
2094 4467 2362 4520 celebrant
2397 4483 2409 4518 :
2441 4465 2635 4533 quibus
2675 4477 2766 4514 rex
2814 4459 2951 4513 forte
2989 4459 3331 4512 temulentior

1798 4561 1971 4612 factus
1999 4559 2314 4625 sanguinem
2350 4556 2557 4608 Baccho
2586 4552 2797 4607 misceri
2825 4551 2991 4604 voluit
3017 4551 3324 4603 humanum.

141 4644 530 4703 transfodiens,
565 4651 786 4694 caeteros
812 4643 866 4693 in
907 4641 1084 4708 fugam
1131 4643 1306 4714 vertit.
1345 4644 1478 4696 Cum
1509 4655 1687 4698 autem
1726 4622 1767 4674 ο
1801 4650 2011 4703 \‘ocatis
2040 4649 2200 4716 igitur
2233 4648 2297 4700 ad
2334 4662 2388 4699 se
2417 4646 2666 4700 Cbirluca
2701 4643 3016 4713 ueterisque
3038 4642 3332 4696 baronibus

137 4753 203 4791 ex
233 4738 346 4788 alto
392 4733 657 4799 lapidibus
697 4731 1072 4795 obruerentur,
1105 4732 1168 4784 ad
1215 4731 1451 4785 Troilum
1482 4749 1494 4785 :
1535 4732 1644 4786 llaa
1674 4735 1686 4786 !

140 4827 329 4897 periit,
377 4824 570 4893 inquit,
615 4823 828 4885 civitas,
884 4839 1084 4889 nosque
1126 4823 1283 4879 facile
1338 4830 1405 4878 ab
1455 4826 1687 4879 liestium

139 4916 492 4972 multitudine
527 4913 869 4974 circumdati,
905 4928 1049 4981 spem
1082 4914 1200 4968 vita:
1236 4915 1534 4983 perdemus.
1570 4912 1692 4969 Ha-c

139 5025 266 5063 cum
305 5009 528 5066 diceret,
576 5005 748 5060 securi
784 5004 923 5060 ictus
965 5005 1296 5078 inchitice,
1347 5009 1464 5059 lusu
1498 5021 1692 5059 cruore

143 5115 247 5151 una
276 5112 405 5152 cum
436 5098 599 5149 lratre
632 5096 695 5149 ad
715 5094 955 5149 Galatam
979 5095 1235 5163 confugit.
1266 5097 1308 5152 Ο
1335 5113 1440 5149 rem
1469 5096 1690 5148 mirabi-

140 5195 247 5245 lem
272 5195 284 5240 ἱ
311 5201 342 5240 o
364 5189 673 5255 s’nporem!
713 5188 943 5240 Necdum
973 5186 1206 5241 Phoebus
1227 5190 1371 5240 orbis
1403 5187 1693 5254 perlustrat

143 5275 601 5347 liv‘mispha'r'ium,
633 5284 686 5330 et
737 5285 844 5329 tota
900 5279 1028 5330 urbs
1058 5293 1086 5329 a
1120 5277 1341 5345 paganis
1375 5276 1424 5328 in
1460 5279 1688 5344 praedam

142 5386 468 5440 aucupatur.
497 5370 718 5426 Concite
747 5370 911 5438 igitur
935 5384 1120 5423 oumes
1147 5369 1352 5438 pedites
1372 5371 1690 5431 decurrunt,

146 5478 394 5534 quosque
425 5463 742 5517 resistentes
764 5459 959 5530 Agladio
999 5461 1216 5525 feriunt,
1260 5460 1576 5522 imbecilles,
1605 5459 1697 5511 dc-

147 5553 404 5623 crepitos,
444 5551 685 5620 leprosos
717 5558 878 5617 atque
911 5547 1151 5623 inﬁrmos
1184 5549 1474 5600 trucidant.
1524 5545 1694 5602 Obse-

148 5611 444 5713 quentt‘bus
474 5611 612 5693 viam
654 5611 876 5708 parcunt
920 5639 1018 5706 (l).
1078 5611 1437 5691 S’anctissiinte
1483 5636 1697 5706 Sophim

151 5735 529 5788 admirandum
551 5717 834 5796 templum,
862 5731 1003 5797 quod
1032 5743 1129 5782 nec
1163 5728 1466 5784 Salomonis
1500 5741 1693 5800 aequat,

150 5825 360 5893 profani
388 5834 551 5893 atque
580 5819 728 5896 infidi
753 5819 1129 5888 ingredientes,
1158 5819 1358 5872 nullam
1387 5821 1558 5875 sacris
1585 5822 1694 5872 aris

215 5940 285 6000 (ι)
321 5938 681 6000 Obsequentium
713 5936 822 5987 vitre
850 5941 1068 5994 parcunt.
1105 5936 1320 5986 Bzorius.

1797 4738 2174 4793 conSularibus
2204 4738 2562 4802 reprehensis,
2603 4735 2745 4803 quod
2773 4750 2876 4789 non
2910 4736 3205 4790 suasissent
3237 4736 3305 4789 im

1801 4829 2053 4903 peratori,
2088 4827 2169 4879 vel
2205 4841 2388 4893 pacem
2425 4826 2724 4893 petendam,
2753 4827 2834 4878 vel
2859 4825 3086 4878 dandam
3115 4841 3224 4879 sua:
3253 4827 3304 4878 di
3325 4855 3336 4866 -

1797 4919 1929 4973 tioni
1959 4919 2139 4972 urbem
2165 4934 2179 4974 ;
2205 4914 2473 4977 Cbirluca,
2504 4915 2594 4983 qtti
2621 4915 2944 4982 cogitaverat
2969 4914 3084 4980 ejus
3109 4917 3332 4982 gratiam

1799 5017 2036 5078 captare,
2083 5007 2342 5059 adversus
2369 5003 2629 5058 Perenscs
2661 5003 2999 5070 Venetosque
3033 5006 3123 5071 qui
3163 5021 3330 5066 arma,

1803 5101 1996 5153 milites
2026 5097 2419 5164 consiliumque
2453 5096 2747 5158 dedissent,
2783 5096 2991 5160 culpant
3023 5105 3334 5160 retorquere
3403 5164 3405 5166 η

1801 5191 2026 5251 curavit,
2077 5171 2304 5255 quorum
2340 5186 2509 5253 gratia
2541 5185 2830 5252 imperator
2867 5170 3222 5234 resistentium
3260 5185 3334 5236 fe-

1800 5279 1962 5331 cisset
1993 5293 2007 5327 :
2054 5275 2341 5342 volensque
2371 5274 2458 5326 ille
2503 5273 2699 5344 miser,
2730 5268 3076 5340 qui-semper
3110 5273 3332 5340 gloriam

1802 5367 2092 5421 mendaciis
2121 5375 2174 5418 et
2201 5364 2491 5418 schismate
2529 5369 2742 5442 captare
2781 5360 3108 5429 concupivit,
3146 5363 3332 5425 iisdem

1803 5458 2008 5512 artibus
2035 5457 2280 5520 evadere,
2325 5448 3118 5517 Calibasciam‘vetustioremf
3140 5452 3253 5506 loco
3283 5466 3336 5507 et

1801 5545 2081 5616 prudentia
2107 5546 2336 5613 primum
2367 5531 2559 5599 Teucri
2589 5545 2866 5609 baronem,
2892 5541 3120 5595 amicum
3156 5543 3334 5596 admu-
3395 5530 3404 5594 έ

1797 5639 1926 5694 dum
1958 5621 2354 5702 Graecis,,quod
2391 5636 2594 5690 crebris
2639 5635 2825 5688 litteris
2862 5633 2926 5686 ad
2951 5634 3332 5704 imperatorem

1802 5727 1977 5781 missis
2020 5725 2135 5792 ejus
2174 5725 2415 5784 animum
2443 5740 2472 5777 a
2517 5726 2663 5793 pacis
2709 5722 2948 5778 consiliis
2989 5719 3330 5782 detraxisset,

1803 5831 1967 5884 utque
1997 5815 2150 5870 fortis
2194 5825 2355 5868 Slztl't-t
2386 5815 2760 5881 persuasisset,
2795 5816 3100 5878 accUsavit;
3135 5813 3336 5884 epist-)-
