4006 6338
655 436 758 498 ΜΓῖ

1583 488 1587 492 .
1634 426 1989 495 lSlDORUS
2048 425 2105 486 S.
2150 425 2223 485 Β.
2258 423 2323 487 Ε.
2354 419 2829 495 CARDINALIS.

3690 378 3693 379 ί
3742 406 3852 466 su

660 552 846 616 tasque
882 522 1125 600 servatas
1178 543 1230 596 in
1285 538 1542 615 Μοντιιεί
1589 536 1946 617 pra-sentavit.
2001 533 2204 599 Quibus
2236 535 2273 591 Α
2306 544 2463 613 pain;
2486 538 2543 583 ut
2575 544 2677 583 non
2700 527 2981 583 erubesCat
3008 524 3207 589 dicere,
3267 516 3851 618 sin-um;_Adriatlt:-um

596 694 597 697 η
655 610 853 707 oppido
889 614 1215 697 commotus,
1274 610 1466 684 terram
1496 627 1661 691 Perse,
1710 610 1891 679 nescio
1943 622 2044 676 nisi
2090 620 2216 675 Deo.
2300 610 2597 690 penetrare,
2628 619 2957 688 Romamque
2982 631 3040 671 se
3063 614 3240 671 venire
3262 613 3414 667 velle.
3447 610 3855 707 Moveatjgitur

656 734 961 792 revocante,
982 733 1035 778 et
1055 721 1297 777 demoliri
1317 727 1371 773 ct
1386 719 1654 773 trucidare
1669 715 1950 793 disposuit.
1969 711 2205 765 Calibas-

657 822 793 873 ciam
810 834 872 873 ex
896 817 998 871 hoc
1018 816 1248 885 primum
1265 812 1502 865 vinctum
1527 806 1819 875 mancipari
1837 806 1991 869 turri,
2013 803 2203 857 deinde

656 908 802 961 omni
834 914 965 960 attro
998 914 1047 959 et
1080 902 1379 959 substantia
1420 898 1651 968 privari;
1679 897 1902 965 posthac
1924 896 1975 951 in
2020 894 2207 948 Adria-

658 998 891 1067 nopolitn
909 996 1241 1059 translatum,
1259 992 1367 1046 vita
1388 990 1582 1059 privari
1596 988 1759 1058 jussit
1776 1005 1790 1051 ;
1810 988 1962 1058 cujus
1985 996 2206 1040 mortem

657 1090 895 1143 lamenta
958 1086 1117 1140 ﬁebili
1146 1099 1284 1152 aegre
1314 1092 1457 1136 totus
1483 1083 1752 1136 exercitus
1772 1080 1911 1133 tulit.
1961 1083 2027 1132 At
2058 1078 2210 1135 Chir-

659 1180 781 1234 luca
832 1178 1031 1232 malitia
1067 1192 1277 1247 pugnam
1312 1188 1416 1227 non
1444 1173 1615 1228 evasit
1645 1190 1658 1225 :
1687 1171 1777 1241 qui
1815 1172 2057 1241 protinus
2089 1187 2209 1241 per-

658 1274 804 1339 ditis,
840 1270 1070 1340 primum
1105 1270 1157 1321 in
1229 1268 1366 1322 bello
1396 1266 1602 1321 duobus
1651 1264 1834 1319 liberis
1893 1264 2205 1332 majoribus,

658 1364 764 1415 alio
802 1356 1086 1429 impubere
1144 1360 1295 1414 luxui
1353 1358 1518 1428 regali
1582 1366 1873 1422 reservato,
1923 1370 2209 1424 coramque

660 1456 833 1508 ot-ulis
859 1457 1014 1507 tertio
1040 1452 1147 1506 ﬁlio
1176 1468 1335 1516 caeso,
1376 1467 1495 1504 eum
1530 1450 1739 1504 caeteris
1774 1438 2066 1527 baronibtts
2118 1447 2206 1503 de-

662 1547 905 1599 collatur.
937 1544 1137 1598 Bailtnn
1172 1544 1351 1597 itidem
1372 1541 1719 1607 Venetorum,
1750 1541 2091 1610 rcliqtrosquc
2118 1540 2210 1593 de-

663 1639 830 1690 lectos
867 1638 1093 1702 nobiles,
1121 1646 1173 1690 et
1234 1636 1397 1687 [ilium
1454 1620 1632 1705 gladio
1683 1634 1951 1710 exstingui
2005 1634 2207 1701 jubet:

665 1730 1051 1796 consulemque
1085 1727 1565 1791 Taraeonensiutn,
1598 1740 1721 1779 eunt
1768 1724 1983 1779 duobus
2019 1742 2034 1789 ;
2062 1717 2206 1792 pari-

665 1832 745 1875 tcr
776 1824 934 1875 etiarn
964 1820 1315 1875 Catltarinutn
1345 1819 1732 1883 Contarenum,
1771 1818 1944 1870 virum
2012 1818 2208 1870 burna-

666 1911 969 1974 nissimum,
1009 1924 1131 1963 eum
1164 1924 1257 1962 sex
1287 1907 1554 1962 nobilibus
1583 1906 1821 1972 Venetis,
1849 1907 1957 1975 jam
1980 1909 2208 1975 primum

667 2001 971 2068 redemptis,
1015 2011 1204 2054 contra
1236 1999 1479 2053 omnium
1513 1998 1686 2064 ﬁdem,
1719 1998 1819 2052 nisi
1852 2008 2055 2068 septem
2090 2001 2210 2052 ntil-

670 2094 812 2143 libus
836 2105 1125 2146 aureorum
1158 2092 1321 2144 vitam
1352 2092 1631 2165 eluissent,
1659 2101 1829 2145 morte
1881 2094 2066 2158 utique
2087 2086 2215 2143 alle-

668 2183 851 2235 rissct.
880 2180 1115 2249 Eapletis
1147 2191 1322 2235 autent
1354 2182 1803 2249 Bacchanalibus,
1842 2198 2103 2237 concessa
2154 2184 2214 2235 li-

605 2304 611 2309 ο
668 2274 865 2338 evntis,
892 2273 1119 2327 traditis
1134 2273 1185 2325 in
1209 2274 1346 2340 capti
1360 2290 1373 2322 ι
1389 2277 1569 2328 itatem
1592 2273 1809 2341 Graecis,
1834 2274 1971 2329 forte
1986 2276 2214 2344 patriam

674 2378 777 2414 non
810 2361 1026 2427 visuris,
1076 2362 1127 2414 in
1161 2378 1284 2416 suas
1330 2365 1576 2430 regiones
1610 2363 1809 2419 Teucri
1850 2377 2213 2423 revertuntur.

653 2462 655 2466 ‘
740 2450 784 2506 0
818 2452 1044 2513 miseros
1089 2463 1142 2507 et
1184 2453 1521 2509 miserabiles
1566 2454 1804 2521 Graecos,
1864 2459 1955 2525 qui
1996 2457 2218 2514 Latinos

672 2544 1014 2613 proinbuere,
1042 2561 1108 2599 ne
1132 2560 1281 2600 sacra
1307 2557 1723 2615 eontrectarent,
1757 2550 1835 2603 vel
1861 2551 1967 2604 aris
1991 2551 2221 2605 libarent

676 2637 810 2700 suis,
844 2651 979 2705 quas
1014 2634 1122 2705 jam
1158 2637 1398 2705 profanis
1432 2646 1485 2691 et
1519 2640 1809 2694 collitnosis
1840 2641 2087 2696 dederint
2118 2661 2131 2696 :
2164 2655 2221 2697 et

656 2728 765 2791 qui
828 2730 1079 2781 uuimtem
1140 2730 1259 2782 lidei
1315 2740 1796 2798 cotutempserunt,
1844 2733 1954 2801 jam
2002 2730 2219 2804 quoque

677 2816 906 2882 dispersi
950 2817 1002 2869 in
1040 2834 1205 2870 unum
1241 2820 1444 2887 peccati
1463 2834 1618 2887 paena
1651 2822 1941 2877 convenire
1974 2838 2082 2878 non
2100 2840 2222 2894 pos-

678 2915 824 2961 suiut.
873 2906 994 2962 Περ
1046 2911 1302 2979 recogita,
1340 2909 1497 2964 Pater
1544 2912 1873 2981 beatissime,
1924 2916 2018 2983 qui
2079 2918 2222 2991 vices

685 2996 885 3061 Christi
931 2999 1070 3064 geris
1092 2998 1142 3050 in
1165 3007 1345 3062 terris,
1380 2998 1787 3068 cujusinterest
1811 3002 2224 3059 tantas'Christi

677 3094 732 3138 cl
757 3085 991 3141 ﬁdelium
1018 3088 1245 3156 injurias
1274 3088 1486 3144 ulcisci.
1512 3079 1721 3144 llloveat
1744 3100 1794 3144 te
1819 3093 1997 3145 divina
2029 3093 2220 3160 pietas,

679 3183 733 3227 et
762 3175 1018 3231 miserere
1060 3177 1485 3235 Christianitatis
1528 3189 1649 3247 tuas,
1682 3183 1773 3252 qui
1800 3186 1906 3238 seis
1936 3191 1989 3238 et
2018 3196 2167 3253 potes
2205 3202 2221 3238 :

683 3265 769 3317 cui
802 3266 869 3318 ad
908 3279 1097 3322 nutum
1133 3286 1321 3327 omnes
1352 3272 1648 3327 Christiani
1685 3275 1956 3350 principes
1992 3276 2227 3333 vindiea-e

684 3357 789 3409 turi
821 3358 1253 3415 Christianorum
1285 3364 1511 3430 injurias
1555 3365 1711 3421 facile
1757 3368 2224 3437 obtemperabunt.

682 3448 835 3504 Alias
854 3450 986 3505 scito
1008 3452 1275 3506 Teucrum
1300 3454 1353 3508 in
1380 3464 1578 3509 tantam
1597 3446 1707 3523 jam
1729 3460 2059 3526 superlatunt
2083 3474 2231 3528 potn-

2306 721 2354 766 te
2394 713 2606 777 iterum,
2648 710 2806 765 Pater
2842 709 3172 773 beatissime,
3208 704 3345 765 ﬁdes.
3374 712 3429 760 et
3464 702 3625 757 sedes
3665 699 3804 753 Petri
3836 716 3851 759 ;

2304 813 2515 857 moveat
2538 790 2739 856 Christi
2762 798 3100 855 incnnsutilis
3123 796 3371 861 amictus,
3393 792 3645 863 spongia,
3666 798 3721 843 et
3741 804 3858 840 mn-

2306 910 2399 950 cro
2423 894 2639 964 perditi,
2664 893 2971 947 dilacerata:
2990 900 3297 945 sanctorum
3320 885 3583 954 reliquiae,
3608 881 3749 936 ades
3766 895 3860 933 sa-

2308 1002 2413 1042 (ξι-ω
2450 1000 2674 1050 ewrsaa,
2706 994 2760 1040 et
2786 984 3065 1054 profanata
3105 978 3458 1049 sterquiliniis
3491 976 3585 1030 Dei
3626 973 3851 1043 templa.

2379 1079 2482 1134 Sed
2514 1078 2634 1133 vide
2666 1075 3417 1143 connexampariterjacturte
3449 1074 3855 1135 tempestatem,

2310 1182 2368 1225 ut
2395 1170 2656 1226 Perenses
2686 1169 2813 1223 dum
2853 1168 3038 1221 urbem
3081 1170 3289 1234 captant
3314 1161 3519 1225 vident,
3580 1158 3635 1211 iu
3678 1156 3858 1225 fugam

2309 1262 2464 1330 quasi
2500 1269 2742 1315 amentes
2775 1266 3068 1312 vertantur.
3128 1248 3287 1309 Fiunt
3339 1268 3402 1307 ex
3425 1250 3561 1320 ipsis
3592 1248 3686 1317 qui
3720 1260 3860 1299 neu-

2313 1356 2437 1411 dum
2463 1368 2630 1409 naves
2654 1350 3010 1407 ascenderant
3036 1349 3367 1402 Teucrorum
3395 1342 3555 1396 fustis
3585 1340 3653 1393 ad
3686 1340 3859 1407 ripam

2312 1449 2750 1511 incursantibus,
2810 1445 2864 1498 in
2915 1443 3147 1513 praedam
3191 1439 3609 1508 :'captivantur
3661 1443 3861 1487 matris

2309 1539 2499 1594 liberis
2536 1538 2735 1592 relictis
2761 1548 2812 1591 et
2876 1545 3115 1590 cecntra.
3164 1524 3273 1587 Alii
3308 1544 3526 1599 mquore
3563 1525 3858 1595 compressi

2315 1641 2646 1701 merguntur,
2682 1643 2904 1699 gemma:
2935 1637 3285 1695 sparguntur,
3346 1633 3399 1675 et
3433 1620 3668 1695 invicem
3700 1632 3757 1671 se
3780 1615 3836 1682 ip

2315 1720 2405 1778 sos
2430 1725 2542 1778 sine
2561 1724 2758 1790 pietate
2780 1720 3119 1789 praedantur:
3152 1725 3209 1770 ut
3245 1730 3426 1769 verum
3452 1744 3455 1745 ν
3484 1713 3580 1774 Sit,
3609 1706 3751 1778 quod
3781 1714 3864 1757 tu-

2316 1818 2391 1886 git
2425 1816 2641 1884 impius,
2672 1815 2881 1867 nemine
2914 1818 3285 1879 persequente.
3303 1805 3465 1885 'lQuid
3481 1804 3659 1857 dicam
3685 1801 3753 1852 io
3771 1816 3864 1867 pn-

2313 1917 2477 1963 tcstas
2506 1908 2654 1962 Pera:
2696 1908 2710 1960 l
2746 1919 2778 1959 ο
2812 1919 3032 1974 pravunt
3062 1910 3117 1955 et
3149 1893 3422 1955 insulsum
3474 1906 3695 1948 tuorum
3733 1905 3861 1944 con-

2313 2002 2516 2055 Sillllttt.

2384 2094 2637 2145 Oratores
2703 2102 2906 2147 terrore
2962 2087 3211 2143 concussi
3278 2101 3308 2138 a
3360 2083 3690 2138 Patrensibus
3753 2081 3866 2148 regi

2315 2196 2373 2239 ut
2401 2185 2574 2239 claves
2598 2183 2847 2247 oderant,
2891 2182 3197 2236 mittuntur.
3236 2180 3331 2237 llle
3388 2173 3746 2246 perjucunde,
3778 2174 3865 2225 in-

2318 2278 2561 2345 telligens
2608 2274 2749 2343 quod
2788 2282 3107 2340 poteStatem
3154 2288 3258 2324 non
3298 2269 3575 2331 habeant,
3616 2265 3870 2331 suscipit,

2317 2370 2371 2421 in
2412 2381 2705 2434 servosque
2754 2364 3045 2418 foederatos
3092 2370 3354 2431 acceptat.
3399 2359 3697 2414 Constituit
3728 2356 3869 2409 Teu-

2318 2474 2468 2511 crum
2502 2467 2802 2520 rectorem;
2836 2454 3059 2510 ascribit
3088 2453 3217 2526 ﬁsco
3246 2452 3482 2505 omnium
3517 2452 3868 2518 perfugarum

2320 2549 2669 2603 substantiam
2696 2565 2710 2600 :
2735 2558 2913 2600 turres
2940 2550 3284 2612 murumque
3341 2543 3576 2596 civitate
3610 2540 3748 2594 dirui
3784 2538 3883 2606 ῇιῑ-ηη

2320 2637 2852 2705 betzobtemperant,
2897 2646 2946 2691 et
2990 2652 3048 2690 se
3067 2648 3123 2689 ttt
3163 2634 3294 2691 salvi
3337 2636 3467 2696 sint,
3531 2633 3581 2686 ei
3624 2631 3875 2699 neglecto

2321 2726 2519 2783 Genua:
2560 2729 2815 2781 mandato
2848 2727 3177 2796 manciparat,
3228 2727 3530 2794 turrimque
3597 2724 3651 2778 in
3712 2724 3875 2792 cujus

2322 2823 2567 2875 aeutnine
2597 2819 2796 2875 Christi
2830 2821 3041 2886 signum
3081 2821 3282 2880 crucis,
3317 2835 3344 2871 a
3412 2834 3519 2887 quo
3551 2830 3605 2871 et
3629 2808 3887 2871 deuornii

2325 2916 2574 2976 nabatur,
2626 2922 2799 2989 usque
2839 2914 2904 2965 ad
2965 2912 3313 2967 fundamenta
3368 2912 3535 2965 everti
3590 2912 3872 2965 tolerant:

2327 3008 2514 3073 sicque
2551 3005 2642 3074 qui
2672 3004 2828 3078 liberi
2867 3016 3038 3068 erant,
3092 3017 3387 3073 pacemque
3426 3003 3724 3065 tenebant,
3762 3002 3873 3070 jam

2328 3099 2469 3152 servi
2503 3105 2628 3150 sunt
2657 3112 2765 3151 non
2802 3097 2918 3166 sine
2952 3096 3305 3166 ptenitudine,
3330 3110 3358 3147 a
3382 3109 3487 3163 qua
3520 3094 3607 3146 vix
3634 3108 3871 3162 unquam

2322 3188 2535 3244 liberari
2564 3196 2835 3257 poterunt,
2866 3188 2971 3241 nisi
3002 3202 3093 3253 per
3116 3196 3164 3240 te
3191 3196 3243 3239 et
3266 3202 3331 3239 ex
3361 3194 3411 3239 te
3444 3185 3700 3254 pontiﬁce
3722 3202 3874 3241 suin-

2323 3296 2445 3343 nto;
2486 3295 2643 3347 quem
2672 3262 2731 3334 ut
2766 3279 2901 3334 Deus
2939 3280 3140 3333 anitnct
3172 3281 3238 3332 ad
3276 3278 3564 3334 vindictam
3590 3319 3606 3339 ,
3651 3293 3875 3333 oramus

2332 3371 2623 3455 ﬁdentius,
2663 3372 3041 3441 supplicesque
3076 3386 3376 3440 precantur.
3421 3371 3614 3425 Datum
3640 3386 3708 3426 ex
3740 3371 3878 3425 Chio

2332 3460 2397 3517 to
2422 3462 2685 3529 Augusti,
2730 3461 3004 3515 ttcoLnt.

692 3617 3873 3677 Ἢ

826 3800 1731 3963 lSIDOliUS
1813 3807 1970 3963 S.
2072 3812 2222 3959 Β.

2325 3811 2499 3959 Ε.
2602 3808 3735 3971 CARDINALIS

2018 4234 2559 4323 NOTITIA.

1590 4399 1821 4466 Purpura
1838 4393 1996 4463 docta;
2022 4403 2256 4480 Μουκιιῆ
2293 4405 2429 4470 t7”,
2466 4381 2606 4471 parte
2647 4408 2733 4470 ιιι,
2772 4422 2819 4471 ρ.
2854 4410 2981 4474 tos.)

767 4682 1008 4738 lSidONS
1070 4681 1574 4773 Τῑιθεεειιοιιίςεηδίε
1608 4722 1622 4748 ν
1684 4691 1983 4742 monachus
2046 4690 2304 4762 Sanctia
2335 4667 2613 4753 Sarmatis:
2641 4702 2954 4769 populorqu
3009 4702 3268 4766 moribus,
3302 4716 3303 4719 ‘
3339 4703 3443 4758 ritu
3505 4719 3570 4759 ac
3624 4704 3872 4773 religione

700 4774 882 4841 Blasii,
910 4784 965 4829 et
998 4773 1161 4829 abbas
1185 4774 1367 4830 Sancti
1402 4772 1656 4827 Demetrii
1677 4774 2235 4846 Constantinopolita-

704 4865 780 4923 ni.
810 4865 1244 4933 archiepiscopus
1305 4847 1696 4930 lluthenorum,
1755 4880 1876 4920 cum
1932 4870 1996 4922 ad
2060 4872 2242 4925 conci-

704 4959 830 5010 lium
856 4954 1221 5010 Florentinum
1248 4957 1300 5009 in
1330 4959 1605 5010 consortio
1629 4958 1963 5016 Bessarionis
1992 4963 2241 5025 venisSt-t;

707 5063 769 5100 ac
801 5048 1081 5113 utriusque
1140 5046 1334 5110 virtus,
1374 5048 1618 5102 doctrina
1656 5059 1710 5103 et
1743 5050 1912 5119 pietas
1942 5066 2049 5105 non
2084 5055 2242 5107 modo

707 5138 807 5205 ipsi
848 5137 1098 5205 pontiﬁci
1122 5130 1389 5202 llornano,
1421 5140 1512 5193 sed
1563 5150 1613 5193 et
1650 5144 1743 5195 ιοιί
1808 5144 2036 5213 concilio
2083 5161 2243 5214 quant

707 5230 935 5282 maxime
964 5228 1297 5295 probareldr,
1347 5230 1504 5284 ambo
1543 5234 1609 5284 ab
1667 5232 2009 5301 Eugenio”,
2041 5238 2089 5290 in
2127 5240 2246 5305 ipso

708 5321 925 5373 Patrum
958 5333 1214 5373 consessu
1260 5320 1311 5372 in
1345 5336 1557 5374 sacrum
1592 5334 1836 5377 senatum
1895 5329 2071 5381 allecti
2096 5340 2244 5393 sunt,

708 5410 947 5463 Isidorus
994 5408 1203 5476 quidem
1254 5410 1354 5463 sub
1409 5400 1563 5464 titulo
1611 5414 1904 5483 presbyteri
1960 5420 2247 5474 cardinalis

709 5496 804 5550 SS.
826 5498 967 5552 Petri
986 5508 1035 5549 et
1065 5494 1356 5551 Marcellini
1389 5515 1402 5562 ;
1441 5499 1723 5556 Bessarion
1785 5518 2092 5567 sanctorum
2156 5511 2243 5565 Xll

711 5588 1110 5655 Apostolorum.
1142 5586 1318 5640 Refert
1340 5588 1637 5645 Alexander
1669 5592 1941 5664 Guagnius
1974 5598 2243 5653 Veronen-

712 5678 788 5730 sis
818 5680 870 5731 in
894 5695 997 5733 sua
1052 5678 1331 5733 Sarmatiae
1368 5679 1593 5749 Europa:
1639 5685 2024 5755 descriptione,
2054 5692 2142 5745 ubi
2178 5693 2245 5746 de

715 5769 1103 5835 liutbenorutn,
1158 5771 1567 5827 llloseovitarntn
1626 5766 1955 5847 aliorumque
2004 5783 2243 5850 ejusdem

2345 4789 2471 4857 agit,
2510 4790 2767 4843 lsidorum
2817 4792 3167 4855 cardinalem,
3226 4800 3508 4863 postquam
3566 4794 3620 4847 in
3682 4793 3874 4863 synodo

2346 4878 2652 4933 Florrtttina
2678 4881 2946 4936 Ecelesias
2978 4882 3331 4949 Rutltenicas,
3398 4884 3625 4952 abjeetis
3675 4885 3873 4938 Cra-co-

2350 4988 2465 5024 rum
2490 4974 2703 5050 ritibus,
2742 4989 2866 5028 cum
2899 4971 3141 5028 Rou‘tana
3176 4972 3418 5029 Ecclesia
3447 4975 3730 5041 univisset,
3759 4992 3874 5045 pott-

2350 5057 2508 5111 tilieis
2539 5058 2691 5127 jussu
2712 5065 2760 5112 in
2781 5059 3031 5116 Russiatu
3058 5077 3351 5128 reversum,
3378 5134 3381 5135 ν
3406 5064 3589 5133 ibique
3609 5081 3728 5120 cum
3764 5084 3872 5135 pru-

2349 5152 2579 5219 positunt
2613 5149 3023 5215 suum.et‘rern
3060 5156 3189 5229 jam
3215 5157 3525 5212 conclusam
3576 5166 3871 5227 exponeret,

2348 5258 2548 5311 eosque
2578 5260 2638 5297 ex
2686 5246 2847 5299 verbo
2895 5245 2983 5317 Dei
3044 5249 3107 5301 ad
3166 5250 3426 5303 unitatem
3473 5258 3526 5303 et
3548 5252 3869 5303 concordiam

2349 5335 2471 5389 ﬁdei
2490 5336 2798 5402 instrueret,
2820 5351 3054 5409 captum,
3072 5351 3123 5394 et
3140 5341 3296 5405 bonis
3331 5340 3585 5395 omnibus
3603 5341 3868 5409 spoliatum

2350 5429 2400 5479 in
2438 5442 2705 5482 carcerem
2725 5432 3024 5500 conjectum
3088 5447 3225 5487 esse.
3276 5429 3445 5485 Fuere
3476 5444 3710 5499 namque
3732 5432 3771 5484 ii
3798 5445 3871 5499 ptr-

2352 5514 2485 5583 pnli,
2510 5532 2576 5571 ex
2601 5534 2708 5585 quo
2732 5522 2892 5573 semel
2929 5522 3085 5585 ritus,
3104 5532 3155 5574 et
3187 5534 3401 5575 errores
3450 5518 3760 5576 Graecorum
3792 5523 3871 5573 iu:-

2352 5607 2619 5670 biberunt,
2647 5609 2778 5662 adeo
2805 5626 2988 5663 eorum
3006 5620 3220 5665 tenaces
3238 5612 3635 5679 observatores,
3699 5623 3758 5667 ut
3776 5610 3870 5665 uol-

2351 5693 2417 5746 lis
2468 5703 2784 5749 eazterorum
2851 5696 3126 5754 Grzecisnti
3177 5700 3541 5770 professorum
3609 5704 3867 5759 cesserint.

2352 5782 2534 5838 multis
2555 5789 2712 5839 etiam
2740 5791 3133 5850 praecesserint.
