4006 6338
255 555 537 613 Delsidori
600 575 726 616 vero
778 566 1070 626 cardinalis
1111 572 1531 644 vitazpericulo',
1579 583 1726 638 aliis-

173 665 288 716 que
317 652 574 707 :erumnis
604 657 750 723 apud
775 657 1052 718 Ruthenos
1104 670 1374 733 perpessis
1419 671 1728 731 distinctius

175 754 347 808 agens
375 740 693 812 Michovius,
722 747 798 801 ait
849 764 969 803 eum
1031 766 1177 807 anno
1219 757 1420 814 “Win
1477 761 1726 817 Russiam

177 833 408 886 missum
446 819 568 888 una
618 853 738 891 (nm
785 839 1165 909 diplomatibus
1207 850 1515 917 apostolicis
1557 855 1730 921 plum-

175 920 315 983 beis,
349 926 762 993 etimperatoris
791 930 1364 1006 Constantinopolitani
1413 920 1591 998 aureis
1647 946 1729 1000 in-

172 1021 356 1066 trasse
386 1015 436 1067 in
471 1014 706 1071 Sandeclt
737 1020 987 1089 oppidum
1023 1024 1252 1082 l’olonia:
1283 1029 1413 1083 feria
1466 1030 1531 1086 Vl
1570 1033 1728 1087 Para-

168 1118 382 1170 sceves,
414 1107 588 1177 ibique
619 1125 711 1178 per
736 1111 1020 1183 Sbigneum
1052 1120 1359 1192 episc0pum
1411 1124 1726 1189 Cracoviens

169 1208 290 1246 sem
319 1195 551 1264 hospitio
585 1204 982 1271 perhumaniter
1019 1211 1212 1285 fuisse
1235 1226 1524 1285 receptum,
1579 1229 1633 1274 et
1657 1220 1722 1274 ad

168 1282 556 1344 celebrandum
585 1291 783 1359 divina,
833 1311 978 1352 more
1019 1277 1132 1354 ‘suo
1197 1300 1403 1368 Graeco,
1448 1289 1704 1374 tanqua'n

169 1369 432 1432 Ecclesiae
457 1377 710 1438 Romana:
734 1388 1026 1451 reunitum.
1081 1391 1372 1446 admissum
1454 1393 1717 1449 Unionem

167 1475 352 1523 tamen
384 1471 528 1539 illam
554 1472 803 1531 Ecclesia
836 1478 1039 1534 Latina:
1070 1497 1192 1534 cum
1244 1481 1428 1538 Graeca
1477 1487 1720 1540 brevius-

166 1556 296 1610 cule
322 1559 568 1624 durasse,
605 1563 827 1628 Gracis,
878 1575 933 1622 et
966 1569 1228 1626 Ruthenis
1271 1575 1412 1628 illam
1450 1576 1720 1630 irridenti-

167 1646 300 1708 bus,
328 1658 386 1725 et
412 1655 738 1729 contemptui
767 1657 1108 1726 habentibus,
1172 1671 1330 1732 atque
1397 1666 1541 1731 inde,
1571 1668 1715 1720 .dnm

167 1728 730 1800 Isidorus’eardinalis
759 1746 826 1802 ad
865 1765 993 1806 suos
1057 1752 1420 1822 sufl‘ragancos
1485 1758 1536 1809 in
1581 1757 1714 1812 Rus-

167 1827 334 1891 siam,
363 1845 425 1894 ac
458 1831 730 1890 Moscham
772 1840 1024 1904 venisset,
1053 1852 1104 1897 et
1163 1845 1305 1898 illam
1355 1847 1600 1926 unionem
1639 1850 1716 1903 e‘is

168 1918 512 1988 praedicaret,
542 1939 637 1994 per
660 1927 1168 1999 principesMoschaa
1188 1947 1423 2005 captum,
1445 1918 1507 1990 et!
1522 1939 1572 1991 in
1600 1953 1718 1992 car-
1751 1929 1789 1983 Β

167 2024 300 2065 cere
340 2015 629 2079 reclusum,
656 2019 819 2075 rebus
876 2023 1127 2078 erunibus
1168 2028 1452 2093 spoliatum
1514 2029 1710 2084 fuisse:

164 2101 300 2155 inde
331 2112 506 2159 tamen
544 2109 700 2176 paulo
728 2120 869 2179 post,
905 2111 1118 2170 favente
1155 2116 1286 2183 Deo,
1310 2116 1428 2190 fuga
1452 2119 1710 2190 elapsum,

163 2187 396 2247 Romam
422 2196 661 2253 rediisse.
690 2199 813 2275 llaec
841 2205 1159 2262 lliichovius.

239 2282 554 2343 Transactis
582 2294 872 2349 nonnullis.
900 2295 1085 2352 Romae
1114 2302 1407 2367 mensibus,
1474 2303 1712 2359 Isidorus

165 2376 240 2430 ab
273 2377 514 2453 Eugenio
539 2381 1060 2454 Constantinopolim
1085 2391 1281 2446 missus
1313 2403 1394 2447 est
1418 2397 1622 2463 legatus
1643 2396 1708 2450 ad

165 2467 576 2536 imperatorem,
609 2481 665 2525 ut
705 2478 1069 2544 concordiam,
1131 2489 1182 2535 et
1231 2482 1546 2539 Christianae
1590 2488 1706 2541 tidei

162 2558 372 2622 fmdus,
403 2577 562 2629 quam
587 2563 755 2622 ϐιωσί
788 2552 908 2622 cum
931 2568 1120 2624 Latina
1156 2571 1394 2628 Ecclesia
1427 2575 1708 2633 Florentia:

159 2649 854 2726 semel_prol'essi.fuerant-,
887 2675 984 2714 sua
1034 2663 1429 2733 adhortatione,
1477 2683 1709 2735 pnesen-

160 2737 352 2807 tiaqne
400 2750 601 2796 sartam
640 2753 835 2800 lectam
884 2760 1147 2806 servaret.
1202 2752 1409 2809 Mortuo
1448 2755 1703 2827 Eugenio.

159 2828 271 2882 sub
298 2843 611 2887 successore
641 2835 858 2890 NiColao
878 2839 938 2900 V,
975 2840 1163 2894 eodem
1200 2858 1423 2899 munere
1457 2845 1701 2914 fungens,

157 2919 237 2983 ibi
269 2925 579 2990 permansit,
611 2927 803 3006 unita‘ti
839 2928 913 2982 illi
945 2934 1222 2988 servandae
1249 2950 1458 2990 omnem
1488 2952 1701 3006 operam

157 3011 451 3068 adhibens.
475 3014 541 3068 At
571 3031 692 3071 cum
727 3011 897 3072 Graeci
948 3021 1295 3079 nihilominus
1348 3028 1399 3078 in
1432 3029 1702 3096 perﬁdiam

156 3111 324 3172 atque
348 3105 587 3160 haeresim
648 3108 789 3164 laede
847 3111 1036 3181 relapsi
1104 3113 1343 3182 inissent,
1405 3121 1698 3175 certissima

156 3195 493 3254 vindicantis
515 3198 760 3256 Numinis
790 3203 1065 3272 punitione
1092 3207 1288 3261 factum
1339 3220 1442 3271 est,
1476 3221 1532 3263 nt
1593 3228 1696 3266 non

157 3287 339 3340 multo
372 3298 510 3356 post,
527 3290 613 3345 die
638 3294 844 3348 scilicet
870 3283 1089 3364 Spiritui
1113 3308 1302 3354 sancto
1332 3316 1485 3355 saera
1523 3305 1698 3373 (cujus
1725 3278 1766 3335 ο

157 3392 259 3444 per
287 3392 553 3433 summam
588 3381 912 3451 impietatem
973 3391 1371 3454 processioncm
1422 3408 1484 3448 ex
1537 3393 1694 3450 Patre

153 3479 206 3524 et
235 3469 375 3525 Filio
397 3473 856 3544 impngnaverant,
878 3478 1206 3535 validissimo
1230 3481 1417 3538 Turcre
1437 3488 1696 3540 succincti

154 3565 424 3626 exercitu,
454 3563 1000 3638 Constantinopolim,
1035 3571 1327 3628 Orientalis
1351 3575 1560 3644 imperii
1611 3594 1697 3632 ra-

155 3663 274 3721 put,
305 3662 360 3708 et
390 3655 569 3711 sedem
588 3669 986 3728 expugnarent,
1015 3671 1069 3716 et
1093 3673 1301 3731 captam
1342 3681 1509 3734 usque
1536 3668 1598 3721 ad
1620 3671 1700 3722 in-

155 3746 520 3798 ternecionem
545 3748 1118 3826 barbara‘immanitate
1155 3764 1447 3809 vastarent.
1501 3757 1572 3811 De
1599 3776 1698 3814 cu-

149 3838 241 3906 jus
285 3839 620 3892 memorabili
655 3841 887 3904 excidio,
940 3849 1194 3911 quoniam
1218 3849 1301 3900 hic
1338 3850 1482 3903 locus
1505 3866 1697 3919 oppor-

155 3941 321 3985 tunus
343 3930 573 3997 videtur,
610 3932 781 3988 fusius
815 3917 1102 4001 disserere,
1163 3939 1300 3993 haud
1354 3942 1586 3997 alienum
1633 3945 1701 3998 ab

153 4023 408 4081 instituto
436 4025 705 4078 existimo.
728 4023 922 4080 Verum
957 4027 1199 4084 historia:
1232 4020 1422 4096 series,
1451 4043 1509 4087 ut
1535 4037 1698 4103 probe

152 4114 509 4184 intelligatur,
534 4117 692 4183 paulo
725 4118 889 4172 altius
917 4118 1209 4187 repetenda
1254 4126 1420 4178 venit.

223 4204 356 4259 Post
378 4213 654 4258 cruentam
718 4206 861 4258 illam
893 4225 1145 4276 pugnam,
1179 4227 1334 4279 quam
1358 4216 1422 4267 ad
1467 4214 1695 4270 Varnam

149 4297 358 4351 editam
395 4310 558 4364 supra
607 4295 658 4349 in
706 4294 821 4350 Vita
853 4295 1046 4352 Juliani
1111 4301 1399 4358 cardinalis
1434 4320 1697 4360 memora-

152 4387 371 4450 vimus,
426 4387 750 4442 Amurathes
806 4388 1100 4444 Turearum
1168 4393 1452 4461 imperator
1510 4396 1699 4452 Adria-

150 4477 392 4547 nopolim
423 4493 689 4543 reversus,
725 4478 830 4533 Deo
867 4495 963 4534 suo
993 4496 1110 4549 quae
1147 4483 1314 4537 victor
1345 4485 1560 4550 fecerat,
1598 4503 1693 4542 vo-

1625 477 1947 546 NOTITIA.

3272 494 3374 558 946

1757 603 1803 658 Α
1903 590 2111 648 Ellluxit
2135 594 2330 653 deinde
2354 613 2456 654 non
2510 615 2727 671 parvum
2771 613 3000 674 tempus,
3064 605 3115 661 in
3140 620 3248 677 que
3275 626 3373 673 nec

1833 680 2300 754 llungari'l’urcas,
2336 708 2429 745 nec
2465 693 2650 749 Turcze
2678 696 2958 767 Hnngaros
3002 700 3167 755 armis
3201 701 3365 756 laees-

1831 787 1948 827 sere
1973 790 2429 848 praesumpserunt
2458 800 2472 834 :
2503 801 2599 840 sua
2631 801 2894 856 quemque
2914 787 3193 846 calamitas
3226 789 3364 844 domi

1828 864 2113 920 attonitum
2146 871 2352 925 tenuit:
2408 877 2782 931 cruentissima
2836 877 3362 947 quippe-Varnensis

1828 969 2000 1025 pugna
2032 957 2176 1014 vires
2200 963 2476 1032 utriusque
2494 967 2660 1034 partis
2691 970 2934 1024 eliserat.
2993 971 3104 1025 Nec
3147 971 3360 1038 Turcis,

1826 1060 1999 1113 neque.
2027 1045 2298 1119 [iungaris
2333 1069 2398 1107 ex
2434 1055 2571 1109 bello
2601 1057 2826 1113 idoneus
2879 1069 2995 1113 erat
3035 1078 3051 1127 ;
3118 1062 3219 1117 hos
3249 1062 3359 1116 llu—

1826 1133 2035 1200 niades,
2098 1139 2218 1194 illos
2277 1141 2553 1200 Calibassa
2606 1146 2778 1199 alieno
2833 1147 3045 1202 nomine
3096 1148 3360 1218 guberna-

1825 1228 1900 1289 vit
1931 1245 1944 1282 :
1976 1228 2202 1285 ferocior
2229 1230 2519 1300 Huniadcs,
2577 1239 2763 1305 reique
2819 1238 3066 1294 militaris
3122 1240 3362 1308 peritior,

1827 1319 2171 1386 ignominiam
2205 1322 2396 1379 νει-ηαξ
2422 1337 2692 1395 acceptam
2727 1329 2967 1384 oblivisci
3029 1346 3131 1384 non
3163 1334 3360 1399 potuit.

1824 1409 1976 1464 Unde
2006 1410 2130 1474 dies,
2159 1423 2452 1485 noctesque
2484 1419 2860 1484 meditabatur,
2919 1435 3150 1489 quonam
3212 1431 3362 1492 pacto

1821 1498 2031 1553 abolere
2055 1501 2420 1566 infamiam,et
2447 1508 2710 1562 resarcire
2747 1493 2938 1564 damna
2981 1513 3208 1566 maxime
3243 1528 3357 1582 pos-

1821 1599 1918 1646 set.
1957 1591 2110 1658 Spem
2141 1594 2276 1648 bene
2305 1596 2549 1665 gerenda:
2581 1600 2656 1652 rei
2685 1599 2979 1655 Turearnm
3043 1603 3196 1670 quies
3226 1602 3360 1673 prae-

1821 1681 1956 1744 buit,
1997 1683 2086 1750 qni
2111 1682 2220 1752 jam
2250 1686 2454 1754 pridem
2490 1689 2692 1742 nttllum
2745 1690 2863 1744 belli
2927 1705 3237 1762 apparatum
3271 1709 3358 1755 os,-

1821 1771 2121 1836 tenzlerant,
2154 1775 2295 1830 vires
2325 1777 2430 1832 illis
2501 1791 2661 1849 atque
2712 1785 2922 1837 animos
2985 1783 3222 1840 defuisse
3279 1800 3358 1840 ra-

1818 1871 1924 1925 tus,
1948 1874 2151 1932 tempus
2174 1867 2424 1947 idoneum
2456 1871 2786 1930 existimavit
2839 1877 2894 1930 in
2953 1892 3058 1945 quo
3087 1878 3360 1947 pristinam

1823 1966 2140 2021 recuperare
2165 1945 2416 2023 gloriam‘
2444 1972 2644 2030 posset,
2699 1963 3016 2037 Turcasque
3043 1978 3358 2038 pessumda-

1822 2057 1900 2105 re,
1932 2035 2125 2110 quibus
2154 2048 2198 2101 si
2238 2049 2414 2105 adsint
2447 2055 2738 2118 exercitus,
2763 2056 3142 2126 imperatorem
3181 2058 3359 2118 tamen

1819 2148 2034 2207 prorsus
2068 2136 2374 2194 defuturum
2401 2144 2784 2211 arbitrabatur,
2817 2163 2915 2202 nec
2944 2150 3113 2217 magis
3173 2151 3360 2205 exisﬁ-

1820 2227 2071 2282 mandum
2093 2235 2382 2287 exercitum
2416 2235 2532 2290 sine
2559 2237 2712 2302 duce,
2776 2253 2934 2306 quam
2987 2241 3170 2295 ducem
3201 2255 3358 2297 exer-

1816 2317 1922 2370 citu
1954 2331 2244 2375 carentem.
2279 2323 2494 2380 Coactis
2548 2327 2726 2396 itaque
2772 2339 2987 2398 repente
3052 2333 3222 2401 copiis
3287 2350 3379 2389 exs

1728 2462 1730 2464 ,
1816 2409 2104 2482 llungaria,
2161 2417 2439 2473 accersitis
2481 2421 2640 2474 etiam
2673 2420 3050 2476 .Bohemornm
3113 2425 3356 2488 auxiliis,

1816 2505 2264 2561 mcrcenariorum
2311 2524 2524 2579 quoque
2555 2511 2780 2565 militum
2815 2527 2919 2567 non
2973 2514 3162 2580 exigua
3196 2530 3354 2568 manu

1814 2597 2095 2663 conducta,
2127 2600 2323 2656 ducere
2356 2603 2651 2658 exercitum
2681 2605 2730 2658 in
2759 2605 2958 2659 ancas
2981 2607 3189 2671 statuit,
3218 2623 3355 2674 qttus

1811 2685 1960 2754 prius
2037 2703 2438 2757 aggressurum,
2488 2701 2650 2762 atque
2696 2693 3062 2749 confecturum
3096 2695 3352 2762 credidit,

1813 2793 1972 2846 quam
1996 2780 2288 2836 novissime
2339 2799 2403 2841 ex
2473 2783 2742 2854 llnngaria
2794 2787 3138 2842 nuntiaretur
3171 2805 3186 2841 :
3219 2803 3339 2841 eam

1813 2871 1970 2925 rebus
1993 2873 2240 2940 gerendis
2262 2874 2528 2928 solertiam
2553 2891 2613 2929 ac
2685 2876 3014 2932 celeritatem
3088 2879 3348 2934 adhibuit.

1811 2961 2105 3017 Consilium
2143 2965 2260 3033 ejus
2313 2966 2600 3034 Gregorius
2651 2953 2851 3022 Servia:
2904 2969 3122 3038 despota
3155 2981 3346 3038 prtetcr

1808 3053 1964 3107 fidem
2021 3053 2197 3108 datam
2244 3055 2540 3109 Turcarum
2598 3058 2826 3112 ducibus
2882 3061 3172 3126 patefecit;
3227 3076 3347 3115 ma-

1811 3159 2082 3213 gnmnque
2105 3146 2246 3214 genti
2263 3146 2554 3213 periculum
2576 3146 3077 3218 itnminens,.majus
3092 3151 3344 3205 ostendit.

1877 3235 2113 3289 Perculsi
2137 3252 2197 3290 eo
2226 3239 2415 3295 nuntio
2439 3237 2626 3293 Turem
2652 3239 2779 3309 quid
2813 3250 3032 3314 agerent
3061 3260 3164 3299 non
3216 3245 3344 3301 satis

1802 3324 2190 3394 intelligebant.
2222 3326 2542 3382 Amnrathes
2567 3329 2674 3397 iam
2703 3330 2884 3383 senior
2914 3331 3157 3400 religioni
3184 3326 3344 3403 atque

1798 3416 1928 3476 otio,
1964 3424 2022 3471 ut
2053 3427 2173 3471 ante
2199 3417 2448 3480 diximus,
2483 3418 2752 3485 addictus,
2783 3407 2929 3490 regni
2980 3438 3138 3479 curas
3195 3427 3371 3501 ahjc-u

1797 3512 1962 3559 cerat.
1996 3505 2322 3562 Mahumetes
2357 3515 2513 3560 {etate
2539 3508 2732 3573 minor,
2771 3517 2971 3564 tantam
2994 3511 3114 3567 belli
3148 3498 3368 3569 molem

1798 3593 1940 3651 ferre
1965 3611 2122 3666 posse
2147 3611 2254 3650 non
2307 3598 2631 3652 credebatur
2663 3615 2678 3654 :
2705 3600 2995 3658 Calibassae
3038 3604 3342 3658 defuturam

1797 3690 2155 3762 obedientiam
2189 3690 2465 3758 putabant,
2499 3707 2614 3760 qua.
2637 3693 2872 3764 nihilost
2905 3695 2959 3747 in
2991 3693 3131 3749 bello
3169 3697 3339 3765 magis

1799 3783 2188 3837 necessarium.
2220 3780 2514 3852 Trepidare
2547 3783 2728 3852 igitur,
2759 3794 3007 3851 :estuare,
3036 3787 3192 3842 modo
3211 3787 3338 3851 huc,

1802 3873 1960 3926 modo
1987 3873 2111 3926 illnc
2136 3872 2479 3926 ﬂuctuantem
2510 3876 2744 3929 animum
2770 3863 3101 3942 convertere,
3131 3877 3336 3934 nullnnt

1799 3965 2078 4018 consilium
2109 3966 2240 4019 Satis
2271 3963 2480 4032 placere
2523 3962 2846 4020 ltaareittibns
2878 3966 2928 4020 in
2950 3966 3336 4022 deliberatione

1799 4058 2046 4125 satrapis,
2081 4058 2208 4109 nihil
2244 4058 2460 4112 tandem
2501 4059 2775 4114 salubrius
2803 4058 3153 4128 vismnquam
3186 4066 3336 4115 revo-

1764 4203 1772 4211 ,
1798 4163 1919 4200 care
1949 4147 2013 4201 ab
2044 4144 2156 4200 otio
2185 4148 2530 4201 Atnurathem
2568 4166 2582 4212 ;
2611 4166 2780 4217 neque
2805 4153 3044 4206 veterani
3080 4153 3181 4208 sub
3232 4153 3336 4208 alio

1799 4233 2080 4288 militaturi
2107 4234 2482 4301 credebantur,
2507 4252 2602 4290 nec
2631 4237 2896 4292 fortunam
2929 4241 3048 4294 belli
3076 4252 3337 4296 cunctan-
3406 4253 3410 4257 “

1796 4321 1918 4376 dam
1944 4315 2361 4391 arbitrabantur,
2391 4342 2549 4396 quant
2589 4328 2688 4382 sub
2720 4330 2904 4396 coqui
2936 4331 3145 4383 vincere
3201 4349 3334 4386 con~

1797 4414 2520 4482 suesset.llujussententi-.e
2557 4417 2830 4473 Calibassa
2875 4430 3061 4472 auctor
3108 4420 3227 4476 fuit.
3278 4425 3331 4477 lu

1796 4518 1900 4573 qua
1925 4519 1980 4556 re
2002 4503 2319 4560 Maltumetis
2340 4509 2576 4558 animum
2604 4508 2949 4564 vehementer
2971 4510 3212 4578 oll‘endit,
3235 4531 3334 4568 cn-

150 4579 199 4624 ta
228 4568 514 4638 persolvit.
549 4568 682 4622 Exin
724 4571 947 4625 volvens
973 4572 1347 4642 animo,.regni
1373 4591 1530 4630 curas
1558 4595 1691 4632 verae
1723 4601 1766 4657 D
1793 4597 1984 4664 ρίσηιίε
2010 4598 2060 4648 in
2099 4611 2158 4649 ea
2190 4599 2529 4660 expeditione
2592 4615 2710 4653 sese
2743 4601 2928 4654 .vimm
2984 4605 3272 4660 ostendere
3308 4623 3324 4670 ς

150 4659 436 4724 felicitatis
466 4670 714 4730 expertes
736 4675 876 4727 esse,
903 4662 1313 4726 inconstantiam
1343 4681 1552 4747 quoque
1582 4668 1692 4722 lor-

148 4762 294 4806 tunae
321 4751 612 4820 prudenter
644 4755 866 4820 veritus,
906 4769 1024 4822 quae
1061 4755 1190 4808 nulli
1247 4770 1506 4825 perpetuo
1554 4760 1693 4815 bona

146 4853 259 4910 est,
320 4845 601 4903 accersitis
637 4846 1032 4914 provinciarum
1075 4847 1390 4916 majoribus,
1421 4850 1690 4908 Mabumc-

144 4947 253 4988 tem
280 4950 347 4987 ex
366 4935 554 5006 liberis
575 4937 690 4992 suis
717 4947 842 4991 natu
869 4940 1122 5009 majorem
1159 4957 1253 5009 pro
1271 4926 1341 5016 se
1363 4958 1536 5011 regem
1562 4959 1692 4998 con-

143 5026 342 5079 stituit.
369 5025 485 5094 ipse
510 5029 771 5097 privatam
810 5030 1050 5100 dilegcns
1083 5032 1240 5084 vitam
1271 5033 1321 5085 in
1352 5033 1533 5087 Asiam
1569 5051 1692 5103 pro-

143 5120 343 5180 lectus,
385 5135 506 5172 cum
562 5125 750 5189 paucis
796 5124 1081 5194 voluptarii
1125 5125 1209 5178 sui
1251 5125 1345 5179 otii
1400 5127 1690 5184 comitibus

142 5211 394 5280 religioni
433 5212 643 5265 cuidam
675 5215 927 5286 solitariae
954 5231 1075 5272 sese
1118 5217 1344 5273 addixit.
1391 5219 1687 5290 Calibassa,

142 5306 290 5364 inter
312 5312 561 5374 satrapas
591 5305 888 5361 Turcarum
927 5308 1114 5376 opibus
1142 5318 1193 5362 et
1225 5314 1541 5368 auctoritate
1573 5328 1713 5367 ιιιει-⁸

134 5397 246 5473 jor,
272 5397 563 5452 Mahumeti
593 5394 702 5468 regi
724 5397 992 5454 declarato
1019 5401 1158 5469 quod
1179 5402 1409 5457 nondum
1434 5419 1526 5473 per
1556 5415 1688 5460 teta-

140 5469 244 5542 te'm
293 5499 470 5556 aptus
515 5497 658 5544 esset
690 5490 932 5558 imperio,
971 5491 1295 5558 gubernator
1325 5495 1504 5559 datus,
1537 5496 1686 5549 elon—

139 5587 267 5647 gato
293 5575 555 5632 A‘murate
576 5581 756 5632 omnia
801 5579 1232 5636 administrabat.
1278 5583 1488 5654 Reliqui
1521 5589 1685 5639 Amu-

141 5671 277 5733 ratis
314 5667 406 5722 ﬁlii
448 5684 670 5723 numero
697 5673 984 5744 sexdecim,
1021 5687 1085 5750 ne
1120 5688 1253 5743 quas
1309 5674 1595 5732 Mahumeti
1615 5678 1680 5731 ad

140 5760 428 5830 imperium
453 5759 594 5814 elato
623 5759 808 5816 turbas
840 5763 898 5818 in
960 5777 1122 5834 regno
1177 5765 1491 5831 excitarent,
1536 5784 1682 5822 more

137 5850 312 5927 gentis
343 5851 514 5927 necati
546 5861 693 5908 sunt.

1795 4687 2138 4756 verentisque
2167 4703 2232 4742 ne
2262 4688 2541 4755 imperium
2562 4691 2854 4757 amitteret,
2882 4695 2926 4747 si
2961 4703 3113 4762 pater
3141 4695 3330 4750 iterum

1793 4794 2016 4846 regnum
2065 4789 2404 4832 aSSIIlllt'l't‘lZ
2445 4789 2504 4830 ut
2549 4791 2674 4834 sunt
2721 4783 2992 4837 hominum
3047 4786 3329 4841 mutabiles

1792 4869 2113 4920 voluntates.
2139 4866 2285 4919 Missi
2317 4882 2447 4934 ergo
2505 4867 2660 4936 legati
2714 4870 3065 4926 Amurathem
3113 4887 3329 4931 reveca-

1791 4973 1935 5023 vere,
1970 4957 2059 5026 qui
2084 4965 2395 5024 comparatu
2431 4957 2654 5012 terribili
2682 4973 2802 5010 mox
2828 4960 3068 5015 exercitu
3102 4963 3151 5016 in
3211 4966 3326 5018 hos-

1793 5064 1894 5107 tem
1923 5051 2211 5122 profeetus,
2239 5067 2344 5105 non
2370 5054 2521 5106 aliter
2551 5066 2713 5122 quam
2747 5055 2789 5110 si
2820 5056 2886 5112 ad
2920 5059 3150 5125 praedam
3196 5075 3317 5125 pcr-

1790 5151 1993 5212 gerent,
2029 5143 2234 5195 alacres
2264 5142 2459 5197 milites
2482 5143 2653 5197 duxit.

1855 5231 1971 5286 ,ἴδω
2001 5231 2292 5288 olluniadcs
2325 5249 2446 5288 cum
2503 5233 2673 5301 cepiis
2714 5231 2963 5302 Sophiatn
3011 5236 3318 5305 transierat,

1790 5326 2181 5394 prostratisque
2225 5326 2315 5394 qui
2349 5334 2700 5380 occurrerant
2754 5324 2986 5380 locorum
3032 5327 3319 5395 praefectis.

1790 5411 2009 5464 hostiles
2042 5427 2199 5480 agros
2225 5412 2331 5466 late
2386 5413 2689 5481 populatus,
2741 5414 2854 5467 loco
2882 5415 2970 5482 qui
3005 5413 3194 5471 Basilia
3224 5435 3319 5473 vo—

1786 5505 1939 5549 catur
1986 5511 2161 5552 eaStra
2209 5509 2476 5567 posuerat,
2512 5516 2632 5554 cum
2676 5504 2962 5557 adventare
3011 5505 3318 5560 Amnrathis

1785 5587 2055 5643 exercitus
2087 5590 2381 5644 nuntiatur.
2404 5591 2519 5645 Non
2542 5594 2869 5660 exspectavit
2898 5593 3166 5672 Huniades
3194 5613 3315 5664 pru-

1787 5678 1986 5742 vocari,
2039 5675 2325 5747 prior‘ipse
2368 5684 2576 5736 sublato
2613 5686 2844 5738 clamore
2893 5700 3118 5753 pugnam
3173 5689 3312 5747 iniit.

1785 5769 2086 5824 (IonunisSO
2121 5771 2302 5838 prndio
2329 5787 2524 5840 anceps
2557 5773 2647 5834 diu
2679 5784 2944 5828 certamen
2992 5776 3161 5830 haesit.
3199 5779 3312 5847 Qua

1787 5869 1934 5930 parte
1967 5863 2215 5932 ptigttavit
2240 5861 2530 5930 llnniades,
2572 5865 2672 5918 fusi
2711 5865 2891 5923 hostes
2927 5878 3064 5935 terga
3096 5868 3310 5938 dedere,
