4006 6338
676 440 776 508 947

1662 451 2019 512 lSlDOliUS
2088 455 2145 517 S.
2190 455 2266 515 R.
2306 456 2375 520 E.
2413 456 2877 519 CARDINALIS

3776 464 3867 523 918

676 574 776 613 nec
826 573 986 630 parva
1014 569 1221 629 strages
1263 560 1403 613 edita
1438 576 1450 612 :
1485 563 1595 629 pari
1643 564 1798 617 modo
1822 577 1874 619 ct
1899 567 2220 623 Amurathes
2253 571 2295 625 Α
2318 570 2610 639 juraudnm
2644 574 2895 643 perjurus
2959 576 3119 628 etiam
3172 574 3373 638 intulit,
3410 575 3575 631 simul
3608 588 3661 630 ct
3695 592 3870 643 gerere

676 653 727 703 in
760 646 925 707 cornu
966 668 1066 706 suo
1094 654 1158 706 vi:
1179 662 1262 705 tor
1294 653 1577 723 Ilungaros
1611 652 1767 710 fudit.
1794 655 2073 713 Postremo
2099 675 2221 714 cum

674 740 850 793 victor
884 740 1138 795 victorem
1171 742 1494 805 incurreret,
1530 758 1634 797 non
1655 746 1895 801 tulerunt
1922 748 2221 805 Christiani

677 829 977 886 Turcarum
998 831 1281 902 impetum,
1314 835 1404 904 qui
1445 850 1754 906 quanquam
1784 838 1982 893 virtute
2009 848 2229 908 praesta-

676 930 817 983 rent,
844 938 1069 977 numero
1121 935 1295 978 tamen
1327 930 1585 993 superati,
1616 943 1719 981 ιιοιι
1753 936 1861 985 tam
1910 930 2036 985 victi
2066 947 2225 998 quam

675 1012 1018 1068 multitudine
1050 1017 1293 1084 oppressi
1330 1032 1391 1071 ac
1418 1017 1545 1073 lassi
1577 1021 1838 1089 compulsi
1866 1022 2222 1089 suntgcedete.

644 1101 947 1169 _lluniades
987 1104 1269 1174 postqna’m
1312 1124 1441 1163 suos
1490 1123 1665 1177 neque
1713 1112 1871 1165 minis
1903 1128 2076 1182 neque
2108 1130 2227 1182 pre—

672 1194 823 1248 cibus
856 1195 1048 1250 sistere
1082 1208 1284 1262 posset,
1332 1213 1453 1252 cum
1500 1201 1684 1271 paucis
1734 1217 1952 1256 suorum
1980 1220 2041 1257 ex
2082 1205 2224 1258 bello

674 1285 930 1356 profugit.
992 1285 1142 1340 Multi
1205 1287 1490 1359 llungarize
1542 1306 1813 1361 proceres,
1871 1304 1922 1348 et
1978 1294 2221 1347 nonnulli

677 1377 1041 1431 Ecclesinrnm
1097 1380 1366 1435 antistites
1413 1382 1465 1436 in
1506 1398 1572 1438 eo
1621 1385 1804 1452 prmlio
1843 1385 2102 1440 cecidere.
2135 1386 2225 1439 Fi-

672 1466 872 1521 delium
909 1468 1092 1537 viginti
1139 1470 1303 1525 millia
1360 1473 1661 1529 desiderata
1693 1485 1842 1541 sunt,
1885 1492 1981 1530 nec
2055 1478 2227 1532 minor

673 1559 909 1613 hostium
954 1562 1255 1617 occisorum
1292 1580 1553 1619 numerus
1612 1574 1746 1621 erat.
1774 1566 2016 1637 Emptam
2060 1570 2227 1623 multo

674 1652 934 1721 sanguine
982 1652 1267 1709 victoriam
1339 1657 1667 1729 Amurathes
1726 1659 1944 1713 domum
2005 1662 2223 1714 retulit:

674 1758 846 1812 neque
864 1744 1126 1811 fugientes
1143 1745 1481 1802 ChriSIianos
1506 1748 1785 1803 insecutus
1798 1759 1900 1814 est,
1926 1766 2099 1817 neque
2117 1752 2229 1820 gl-‘i-

673 1836 967 1891 riabnndus
994 1838 1130 1891 inter
1152 1854 1277 1893 suos
1298 1840 1577 1909 magnifica
1608 1841 1766 1895 verba
1782 1842 2025 1909 iactavit,
2045 1857 2218 1909 neth

2327 665 2512 733 cmpit.
2551 664 2848 720 Senserant
2877 665 2994 733 eius
3045 666 3281 721 animum
3313 666 3508 726 Cra-ci.
3557 667 3871 721 difﬁdentes-

2327 772 2435 824 que
2470 757 2582 810 suis
2605 758 2833 823 viribus,
2870 757 3083 811 hortatu
3116 759 3347 813 maxime
3397 760 3589 814 lsidorl
3631 761 3870 815 cardina-

2330 847 2416 910 lis,
2450 850 2515 901 ad
2546 847 2859 903 Latinorum
2895 864 3022 919 opes
3052 850 3424 920 confugerant,
3462 853 3687 922 iugibus
3708 853 3872 920 lacry-

2327 939 2431 991 mis
2457 953 2642 992 eorum
2683 940 2881 994 auxilia
2930 949 2985 995 et
3016 941 3361 1008 implorantes
3392 952 3447 994 et
3474 954 3868 1011 exspectantes.

2327 1030 2393 1081 At
2443 1030 2639 1094 surdae,
2685 1031 2813 1099 proli
2842 1033 3053 1100 pudor!
3082 1046 3377 1086 nostrorum
3398 1036 3694 1099 principum
3726 1051 3870 1087 aures

2325 1123 2469 1193 fuere
2496 1121 2693 1190 (inquit
2722 1123 3081 1191 ingemiscens
3106 1125 3205 1178 hoe
3229 1125 3344 1177 iuro
3379 1123 3582 1179 Encas
3616 1126 3871 1194 Sylvius).

2326 1214 2495 1266 clausi
2511 1212 2699 1276 loculi;
2717 1216 2837 1268 cwci
2853 1215 3010 1279 oculi,
3028 1218 3114 1283 qui
3142 1216 3357 1269 cadente
3373 1216 3600 1280 Gracia,
3619 1218 3873 1269 ruituram

2328 1303 2637 1357 Christiana:
2668 1304 2931 1371 religionis
2965 1306 3220 1373 reliquam
3251 1316 3454 1373 partem
3485 1323 3589 1360 non
3623 1307 3873 1369 riderent,

2326 1397 2557 1460 quamvis
2570 1398 2784 1463 priuatis
2800 1413 3050 1465 quemque
3075 1408 3166 1450 aut
3198 1397 3358 1457 odiis.
3378 1407 3471 1449 aut
3488 1397 3874 1452 commoditati—

2329 1486 2421 1539 bus
2434 1487 2709 1547 intentum,
2722 1487 2939 1538 salutem
2957 1486 3217 1551 publicam
3243 1485 3529 1555 neglexisse
3546 1487 3871 1540 crediderim.

2396 1576 2728 1631 Mahumetcs
2776 1578 2974 1630 interea
3027 1579 3231 1631 coactis
3266 1577 3505 1647 undique
3548 1580 3747 1647 copiis,
3779 1580 3879 1630 mi-

2331 1666 2486 1721 rabili
2559 1676 2839 1735 apparatu,
2910 1668 3251 1722 formidanda
3308 1671 3487 1723 animo
3543 1679 3598 1723 et
3652 1671 3874 1737 impetu.

2331 1769 2473 1812 terra
2504 1759 2749 1827 marique
2784 1761 2982 1827 regiam
3032 1761 3219 1815 urbem
3270 1776 3577 1829 aggressus,
3614 1762 3879 1814 cuniculis

2333 1865 2396 1903 ac
2418 1851 2887 1905 latentibus'l‘ossis
2911 1852 3169 1906 altissime
3191 1853 3349 1915 actis,
3374 1868 3563 1919 aggere
3586 1852 3697 1905 late
3718 1855 3876 1918 edito,

673 1934 876 1981 utante
901 1942 1229 1994 assueverat,
1264 1931 1486 1985 hilarem
1542 1934 1752 1987 vultum
1781 1935 2032 1988 ostendit.
2062 1935 2228 1989 lntcr-
2258 1924 2301 1979 Β
2331 1950 2515 2011 ponte,
2548 1956 2654 2010 qua
2702 1940 2887 1996 Pet'atn
2940 1942 3197 2011 Oppidum
3247 1956 3436 1996 versus
3498 1957 3647 1996 mare
3701 1958 3880 1995 muros

674 2025 921 2088 rogatus,
971 2022 1224 2090 quidnam
1262 2025 1467 2079 tristior
1508 2037 1670 2091 esset,
1706 2036 1759 2080 et
1797 2042 1893 2081 cur
1937 2042 2045 2081 non
2072 2028 2226 2082 victis

674 2108 924 2171 hostibus
973 2115 1315 2171 exsultaret?
1377 2118 1609 2181 Nollem,
1667 2121 1864 2187 inquit,
1896 2123 2085 2188 sapius
2136 2122 2228 2174 hoc

670 2203 828 2258 modo
858 2207 1060 2262 vincere
1092 2224 1110 2260 :
1145 2208 1448 2278 iubensque
1484 2225 1608 2264 vasa
1642 2210 1843 2278 colligi,
1888 2211 2074 2279 copias
2109 2227 2227 2279 qum

673 2293 1316 2367 srrperfuerant,:d0tttttnt
1338 2300 1570 2355 remisit.
1588 2302 1697 2355 Nec
1721 2302 1813 2355 diu
1833 2312 2014 2371 postea
2038 2302 2227 2357 relicto

676 2382 966 2441 Malmmeti
1002 2388 1229 2458 imperio
1258 2391 1322 2444 ad
1359 2391 1526 2446 otium
1556 2407 1828 2458 reversus,
1862 2394 2132 2450 enervatis
2161 2408 2220 2447 ex

674 2490 873 2532 venere
909 2479 1110 2536 viribus
1140 2480 1292 2545 obiit,
1333 2497 1477 2536 anno
1512 2484 1702 2539 salutis
1732 2485 1887 2551 1451,
1936 2486 2108 2539 aetatis
2135 2486 2223 2551 65,

676 2568 885 2636 imperii
934 2568 1022 2625 52.
1056 2569 1265 2637 Corpus
1309 2574 1427 2642 ejus
1462 2590 1609 2629 more
1641 2561 1904 2643 majorum
1960 2577 2012 2629 in
2057 2573 2222 2631 Bursa

677 2660 966 2728 sepultum.
998 2662 1072 2717 Ea
1102 2672 1183 2718 est
1215 2664 1476 2733 Bithynia:
1507 2666 1719 2731 civitas,
1741 2675 1792 2720 et
1824 2668 2045 2722 Asiatici
2078 2669 2223 2736 regni

679 2763 863 2821 caput.
923 2753 1094 2808 Paulo
1152 2764 1436 2824 antequam
1498 2760 1843 2821 excessisset,
1900 2760 2224 2814 Amuratltcs

680 2860 901 2899 uxorem
933 2845 1178 2913 duxerat,
1206 2846 1364 2901 filiam
1396 2848 1726 2916 Spondcrbei
1762 2851 1957 2905 nobilis
1992 2850 2041 2904 in
2092 2850 2223 2904 Pen-

679 2937 891 2991 deracia
947 2949 1196 3009 satrapae.
1252 2956 1317 2994 ex
1369 2956 1474 3010 qua
1535 2951 1719 2995 natum
1781 2944 1944 2996 lilium
2011 2945 2227 2997 nomine

678 3026 1002 3095 (Zhilapium,
1025 3040 1231 3083 sextum
1253 3038 1363 3084 tuan
1388 3040 1632 3098 agentem
1655 3046 1918 3095 mensem,
1936 3032 2225 3088 Calibassae

684 3118 916 3170 nzoz'iens
979 3119 1393 3175 commendavit.
1466 3121 1562 3175 Ille
1627 3121 1947 3175 Mahumetis
1998 3124 2224 3189 gratiam

683 3208 905 3274 perfidia
937 3210 1193 3272 initurus,
1226 3218 1278 3263 et
1309 3221 1529 3264 matrem
1568 3220 1619 3265 et
1644 3228 1867 3280 puerum
1891 3214 1937 3267 ei
1966 3214 2223 3283 prodidit.
2255 3250 2299 3309 ρ

680 3296 1010 3354 Hahumctcs
1051 3303 1328 3356 accersitis
1365 3302 1605 3401 trigintg,
1649 3314 1701 3356 ut
1737 3306 2226 3381 aiunt,gn:atroni3,

682 3404 801 3458 quas
825 3405 1048 3460 puerum
1073 3404 1481 3461 cognoscerent,
1512 3406 1795 3465 postquam
1829 3408 2029 3452 certam
2060 3401 2227 3452 Art-n-

683 3485 852 3541 rathis
894 3485 1130 3541 sobolem
1186 3501 1299 3539 --sse
1346 3489 1609 3548 constitit,
1647 3489 2035 3554 strangulatum
2073 3490 2227 3543 matri

688 3577 853 3630 lilium
902 3557 1465 3646 reddidit,ilmmsque
1527 3580 1677 3646 regio
1725 3596 1876 3634 more
1930 3580 2227 3632 fraternum

686 3668 860 3733 duxit,
900 3667 1135 3734 auspicia
1167 3670 1312 3733 regni
1349 3668 1648 3723 fratricidio
1697 3684 2038 3724 consecratis.
2072 3669 2225 3723 lleul

687 3774 845 3821 utinm
878 3757 1094 3814 felicius
1123 3761 1260 3828 apud
1300 3759 1506 3814 Turcas
1553 3761 1779 3829 privatis
1819 3777 1977 3829 quam
2014 3763 2229 3830 regibus

688 3851 840 3905 liberi
871 3860 1166 3907 nascuntur
1190 3852 1202 3905 l

760 3942 1094 3998 Mahumctes
1146 3945 1313 4011 igitur
1364 3936 1628 3998 defuncto
1687 3934 1977 3999 Aiunt-athe
2040 3945 2231 4014 guber-

691 4034 879 4084 rarnla
909 4035 1118 4101 imperii
1154 4049 1213 4086 cx
1248 4045 1374 4087 voto
1408 4035 1657 4100 adeptus,
1695 4035 1940 4088 instituta
1972 4037 2229 4103 uvajorum

692 4138 787 4189 pro
814 4124 1031 4191 ingenio
1053 4125 1309 4177 correxit.
1335 4122 1503 4191 Leges
1529 4126 1642 4187 ipse
1669 4138 1795 4175 suas
1822 4124 1965 4177 domi
1992 4124 2232 4192 forisque

692 4213 833 4274 lltill,
865 4197 1144 4266 :rrarinm“
1176 4214 1539 4281 locupletavit,
1576 4228 1711 4266 nova
1746 4213 2023 4281 vectigalia
2078 4230 2234 4267 exco-

691 4305 899 4371 gitavit,
927 4304 1111 4373 copias
1144 4306 1313 4369 auxit,
1355 4305 1519 4371 inque
1570 4318 1823 4372 proceres
1867 4306 2145 4371 suspectos
2184 4312 2235 4357 et

693 4396 896 4452 aulicos
924 4396 1114 4451 saevire
1131 4412 1192 4450 ac
1216 4396 1605 4463 contumeliose
1640 4409 1796 4465 agere
1817 4396 2001 4463 coepit.
2029 4395 2125 4449 llic
2154 4404 2236 4451 est

698 4487 783 4538 il'e
820 4486 1153 4540 )laltutnetcs
1183 4487 1343 4555 hujus
1379 4488 1609 4541 nominis
1634 4486 1703 4552 ll,
1732 4488 1828 4557 qui
1856 4486 2234 4542 Constantino-

2328 2032 2480 2086 alluit
2538 2032 2709 2098 urbis,
2752 2033 3105 2102 longitudinis
3135 2035 3201 2085 ad
3253 2032 3359 2086 duo
3409 2031 3577 2085 millia
3630 2046 3881 2098 passuum

2328 2126 2531 2194 raptim
2546 2126 2845 2188 exstructo,
2873 2125 3114 2179 turribus
3147 2125 3342 2195 ligneis
3369 2140 3433 2178 eo
3462 2138 3637 2196 usque
3664 2124 3881 2181 erectis,

2327 2225 2386 2270 ttt
2418 2230 2604 2270 muros
2641 2214 2888 2287 quamvis
2919 2215 3214 2268 altissimos
3232 2215 3575 2277 excederent,
3606 2216 3881 2268 machina-

2328 2316 2654 2370 mentorum,
2728 2315 3231 2375 tormentorumque
3302 2306 3580 2376 multiplici
3645 2306 3883 2359 adhibito

2327 2414 2522 2467 genere
2565 2408 2874 2469 oppugnata
2926 2410 3007 2455 est
3068 2400 3214 2463 urbs,
3265 2400 3587 2468 defensaque
3653 2399 3881 2453 summis

2331 2415 2522 2467 genere
2565 2415 2707 2469 oppu
2750 2415 2874 2453 nata
2926 2415 3007 2455 est
3068 2415 3214 2463 urbs,
3265 2415 3587 2468 uerens-aque
3653 2415 3881 2453 SllmlnlS

2331 2478 2584 2559 utrinque
2613 2415 2836 2546 viriiws.
2871 2490 2986 2544 Non
3023 2491 3211 2561 paucis
3240 2500 3360 2559 post
3388 2490 3582 2544 diebus
3607 2489 3674 2542 ad
3707 2499 3882 2542 extre-

2329 2601 2472 2637 mum
2514 2599 2645 2639 voce
2670 2584 2932 2653 prmconis
2964 2584 3093 2641 totis
3123 2584 3318 2637 castris
3366 2582 3720 2635 int‘lamntutn
3750 2590 3831 2634 est
3862 2597 3878 2632 :

2329 2676 2523 2740 Quinto
2549 2672 2814 2730 Kalendas
2863 2675 2996 2728 Maii
3034 2673 3222 2727 milites
3252 2665 3426 2728 omnes
3456 2673 3727 2742 jejunium
3760 2689 3882 2726 san-

2327 2766 2579 2843 cti/item,
2611 2776 2849 2834 sequente
2890 2766 2974 2819 die
3006 2767 3055 2819 in
3085 2766 3244 2820 armis
3275 2766 3468 2829 adsint,
3507 2766 3684 2818 urbem
3712 2778 3883 2818 extre-

2330 2858 2429 2911 mis
2471 2859 2664 2912 viribus
2717 2860 3091 2928 oppugnaturi,
3129 2858 3301 2911 triduo
3336 2858 3600 2912 civitatem
3659 2856 3882 2908 militum

2327 2950 2605 3016 direptioni
2625 2951 2881 3019 futuram.
2927 2949 3229 3003 Constituto
3267 2950 3354 3005 die
3380 2951 3643 3018 jejunium
3675 2947 3741 2999 ad
3774 2962 3873 2998 no-

2327 3049 2465 3095 ctem
2509 3054 2680 3109 nsque
2702 3048 2974 3093 servatum
3008 3040 3172 3094 :exin
3203 3038 3513 3092 lucentibus
3536 3039 3712 3093 stellis
3745 3039 3857 3090 invi

2332 3133 2565 3183 lationes
2611 3143 2673 3181 ac
2720 3129 2968 3182 convivia
3020 3130 3220 3197 passim
3274 3128 3478 3188 habita,
3529 3135 3584 3179 et
3633 3127 3885 3194 quisquis

2332 3215 2587 3281 amicum,
2618 3215 3000 3283 prepinquum,
3047 3223 3346 3283 notumque
3391 3214 3599 3281 habuit,
3649 3230 3775 3269 cum
3822 3232 3888 3267 eo

2333 3304 2519 3358 hilaris
2574 3304 2824 3372 epulatus
2878 3314 2999 3372 cst;
3032 3315 3197 3374 atque
3254 3306 3342 3360 ubi
3374 3307 3506 3359 satis
3561 3307 3883 3369 belluatum,

2332 3404 2586 3462 tanquam
2617 3408 2675 3447 se
2709 3394 2967 3462 deinceps
3008 3410 3283 3464 nunquam
3323 3395 3495 3449 visuri
3527 3406 3736 3461 essent,
3769 3414 3882 3448 ant~

2331 3481 2526 3550 plexati
2550 3483 2958 3551 exosculatiquc
2989 3484 3148 3537 simul
3173 3484 3419 3537 ultimum
3453 3484 3573 3537 vale
3603 3484 3874 3537 dixerunt.

2331 3572 2387 3625 ln
2420 3574 2551 3627 urbe
2571 3582 2751 3628 autem
2776 3574 3088 3629 sacerdotes
3133 3575 3199 3628 ad
3228 3575 3548 3629 instantiam
3584 3574 3881 3629 lsidorisa-

2332 3680 2451 3717 cras
2507 3664 2778 3732 imagines
2831 3664 3088 3728 ferentes,
3136 3678 3394 3733 sequente
3432 3664 3653 3734 pepulo,
3694 3668 3879 3718 urbem

2334 3756 2585 3814 lustrare;
2604 3755 2861 3807 auxilium
2883 3756 2944 3809 de
2963 3756 3101 3809 cmlo
3121 3755 3794 3825 petere,corporajejuuiis
3810 3756 3883 3807 af-

2332 3842 2507 3911 ﬂigere
2522 3856 2679 3913 atque
2693 3843 3026 3897 orationibus
3042 3844 3273 3899 universi
3295 3845 3437 3899 cives
3453 3845 3755 3910 intendere,
3770 3848 3883 3900 sub-

2332 3946 2513 3987 secuta
2552 3947 2710 3989 nocte
2728 3934 2790 3987 ad
2808 3950 2903 3989 sua
2923 3936 3151 4004 quisque
3188 3936 3300 3989 loca
3328 3935 3664 3990 defendenda
3687 3938 3879 3991 redire.

2405 4023 2570 4077 Erant
2608 4025 2746 4077 muri
2785 4026 2934 4078 urbis
2966 4034 3020 4079 et
3068 4026 3363 4103 altitudine
3401 4035 3470 4081 et-
3524 4030 3881 4083 crassitudine

2330 4124 2448 4175 toto
2476 4117 2608 4168 orbe
2638 4115 2900 4173 celebres,
2931 4116 3020 4168 sed
3052 4118 3120 4169 ob
3151 4124 3467 4171 vetustatem
3494 4126 3551 4169 et
3571 4118 3876 4173 Graecorum

2338 4206 2597 4259 incuriam
2619 4206 2795 4273 pinnis
2814 4222 2874 4259 ac
2898 4210 3309 4275 prOpugnacnlis
3338 4208 3494 4273 nudi,
3525 4212 3876 4263 antemuralia

2337 4312 2465 4352 vero
2520 4307 2822 4367 opportuae
2886 4300 3242 4353 communita.
3309 4299 3366 4352 ln
3405 4300 3489 4353 his
3518 4298 3693 4355 ϐινωεί
3736 4302 3880 4355 salu-

2338 4399 2441 4442 tem
2486 4403 2734 4457 posuere.
2788 4388 2990 4441 Armasi
3037 4390 3233 4442 milites
3262 4389 3401 4443 inter
3440 4406 3625 4445 muros
3654 4400 3706 4445 et
3734 4402 3879 4445 antc-

2338 4478 2563 4561 muralia
2606 4494 2828 4549 pugnam
2864 4480 3139 4548 sustinere
3187 4479 3565 4535 decreverunt.
3616 4480 3878 4552 Triangu-

700 4577 952 4642 politanis
992 4574 1188 4627 bellum
1231 4575 1433 4639 intulit,
1465 4576 1531 4630 de
1552 4591 1659 4645 quo
1692 4592 1835 4630 nunc
1874 4577 2074 4631 referre
2104 4591 2237 4646 prte-
2263 4568 2314 4626 Il
2345 4570 2505 4624 larem
2546 4584 2680 4639 pene
2744 4569 2894 4625 urbis
2942 4569 3165 4624 formam
3215 4569 3382 4623 fuisse
3445 4570 3669 4625 tradunt
3699 4589 3714 4624 :
3747 4574 3877 4624 duas

699 4675 859 4720 eunte
896 4666 1069 4719 {Enea
1110 4664 1291 4733 Sylvio
1328 4664 1470 4717 haud
1509 4667 1739 4721 alienum
1778 4667 1957 4720 fuerit.
1987 4667 2237 4721 Volverat

694 4759 805 4824 jam
875 4757 1076 4825 pridem
1144 4756 1325 4808 animo
1386 4753 1739 4821 Mahumetes,
1788 4770 2018 4824 quonam
2084 4757 2239 4810 modo

699 4844 1227 4915 Cutistantinopolim
1280 4843 1507 4898 alteram
1541 4844 1592 4897 in
1624 4840 1845 4898 Oriente
1872 4843 2095 4898 Romam
2134 4844 2237 4900 sibi

703 4938 952 5006 subigere
992 4942 1223 5006 posset;
1274 4951 1445 5006 neque
1488 4936 1631 4991 enim
1684 4935 1750 4990 ad
1808 4950 1960 4990 suam
2015 4936 2239 5006 gloriam

706 5030 975 5095 pertinere
1001 5028 1386 5090 arbitrabatur,
1418 5028 1603 5081 urbem
1638 5028 1690 5081 ir.
1721 5027 1897 5082 medio
1943 5026 2240 5082 Turcarum

706 5122 862 5171 sitam
887 5135 1029 5181 esse,
1060 5134 1180 5188 qua:
1202 5134 1301 5174 suo
1334 5120 1559 5188 imperio
1586 5134 1690 5172 non
1724 5127 1955 5188 pareret,
1988 5131 2244 5188 tantoque

710 5211 880 5278 majus
908 5211 1029 5265 inde
1066 5212 1266 5266 nomini
1307 5225 1406 5264 suo
1448 5211 1611 5264 decus
1640 5212 1911 5274 accedere,
1935 5212 1979 5265 si
2010 5226 2125 5265 eam
2152 5227 2243 5266 ur-

709 5302 825 5351 item
870 5310 1219 5370 expugnaret,
1274 5310 1475 5371 quanto
1535 5300 1901 5368 progenitorc's
1958 5303 2039 5355 sui
2104 5303 2242 5356 idem

711 5388 1143 5456 tonati,turpi,ns
1187 5407 1214 5441 a
1263 5389 1457 5456 emptis
1486 5387 1841 5442 destitissent.
1894 5387 2027 5441 Cum
2060 5392 2242 5458 paucis

711 5482 873 5542 Igitur
904 5481 1077 5547 iiSque
1126 5478 1401 5533 ﬁdissimis
1451 5479 1847 5533 cowmunicalo
1886 5482 2128 5545 CODSlliO,
2154 5501 2243 5537 (³η-

713 5574 923 5626 -ιΙΕΗυΙΙΙ
971 5574 1119 5641 juxta
1166 5573 1315 5625 littus
1361 5570 1427 5623 ad
1468 5570 1665 5623 Ostium
1713 5568 1936 5639 Bospori
1988 5576 2145 5641 paulo
2178 5578 2244 5627 alt

711 5664 838 5714 urbe
863 5666 1132 5721 remotius,
1166 5663 1307 5716 aliud
1328 5660 1695 5723 diSSilltlllalIS,
1729 5660 2022 5717 incredibili
2056 5667 2241 5717 (ciet-sn

710 5761 813 5806 tutt-
838 5763 969 5804 esst:
991 5754 1099 5805 usit
1116 5765 1270 5820 atque
1290 5753 1514 5806 munivit
1534 5767 1546 5803 :
1570 5750 1764 5804 bellum
1785 5751 1977 5806 deinde
2000 5755 2113 5807 urbi
2140 5772 2241 5807 nou

714 5842 871 5903 modo
894 5841 1101 5903 induit,
1130 5846 1217 5898 sed
1252 5854 1434 5900 contaa
1470 5863 1497 5897 :t
1527 5848 1634 5898 ulta
1659 5842 1877 5905 hedera,
1916 5854 2101 5900 rontra
2138 5848 2244 5911 ίοιέη.

2340 4673 2522 4731 partes
2557 4662 2709 4715 alluit
2762 4675 2910 4715 mare
2947 4678 2961 4715 :
3002 4678 3099 4716 nec
3141 4664 3279 4715 muti
3312 4666 3505 4715 desunt
3548 4663 3614 4717 ad
3672 4664 3877 4733 prepnlo

2342 4753 2541 4807 sandes
2574 4754 2793 4806 navales
2818 4754 3048 4821 impetus
3080 4754 3277 4807 idonei.
3310 4754 3463 4818 Quod
3489 4754 3756 4824 reliquum
3780 4764 3875 4813 est,

2341 4842 2407 4897 ad
2440 4851 2639 4896 terram
2673 4859 2898 4911 vergens
2926 4854 3047 4911 post
3077 4844 3182 4897 alta
3218 4846 3415 4899 munia
3447 4855 3501 4899 et
3526 4847 3875 4900 antem-tralia

2342 4934 2542 5004 ingenti
2566 4935 2831 4989 clauditur
2858 4934 3025 4990 fossa.
3047 4936 3292 5004 Cmptum
3322 4946 3401 4990 est
3434 4938 3675 5006 praelium
3696 4939 3879 5008 paulu-

2344 5028 2455 5082 lum
2489 5034 2613 5081 ante
2641 5027 2838 5094 luccm,
2870 5042 2991 5081 cum
3037 5029 3193 5082 miles
3234 5028 3407 5083 Turca
3449 5030 3675 5099 periculi
3720 5046 3875 5102 quam

2343 5132 2507 5173 morae
2562 5119 2851 5188 patientior
2881 5128 3045 5182 esset,
3094 5134 3157 5172 ac
3206 5120 3427 5174 vulnera
3474 5131 3530 5175 et
3566 5124 3872 5191 sanguinem

2343 5209 2646 5277 prmdarum
2675 5210 2960 5265 dulcedine
3007 5221 3279 5279 pensaret.
3353 5212 3658 5286 Pugnatum
3709 5213 3873 5267 estin

2346 5300 2583 5354 tenebris
2660 5302 2887 5368 majore:
2938 5297 3235 5352 Turcarum
3297 5300 3561 5369 pernicie,
3621 5302 3673 5355 in
3745 5317 3873 5370 quos

2344 5394 2447 5445 tela
2510 5405 2737 5457 superne
2790 5388 3153 5443 vibrabantur.
3217 5392 3285 5442 At
3339 5399 3621 5459 postquam
3685 5392 3871 5451 illuxit,

2344 5486 2469 5537 dato
2522 5484 2675 5550 signo
2711 5482 2947 5550 undique
2988 5496 3093 5534 non
3148 5488 3323 5536 solum
3364 5481 3869 5551 Constantinopolis.

2348 5576 2439 5626 sed
2490 5584 2541 5626 et
2570 5578 2680 5642 ipsa
2744 5576 2900 5626 clinm
2951 5574 3099 5637 l'cra,
3160 5588 3226 5627 ne
3255 5573 3381 5638 quid
3441 5574 3625 5627 auxilii
3681 5574 3870 5629 Gracia

2349 5674 2651 5733 prusstaret,
2683 5665 2983 5732 Oppugnari
3018 5672 3192 5731 cazpta
3230 5674 3332 5719 est.
3365 5662 3869 5741 Sua\cniquelcgio-

2350 5760 2397 5807 ni
2428 5773 2699 5808 murorum
2739 5771 2861 5823 pars
2890 5770 2948 5803 ait
2984 5763 3257 5820 pnttarum
3286 5756 3568 5814 attributa,
3598 5762 3657 5807 ut
3682 5755 3870 5807 discre-

2350 5856 2431 5901 tus
2464 5849 2609 5900 lztl‘ut'
2646 5852 2809 5899 lin-trs
2855 5855 2995 5904 itque
3023 5862 3242 5900 ignavos
3280 5846 3659 5909 distingueret,
3690 5858 3745 5903 et
3769 5860 3868 5914 Ipsa
