4006 6338
143 407 252 470 949

1603 421 1923 483 NOTITIA.

3251 419 3350 482 9ἰο

146 525 504 578 contentione
536 525 750 581 decoris
781 530 1013 585 tuilitum
1039 535 1213 589 virtus
1249 535 1421 604 magis
1450 551 1512 589 ac
1539 537 1714 602 magis
1739 545 1783 598 Α
1816 553 1985 606 noque
2013 536 2245 602 amplius
2273 536 2469 589 milites
2496 551 2560 588 ex
2595 533 2800 588 Latinis
2828 531 3137 599 Graecisque
3173 533 3346 598 peric-

149 615 567 695 accenileqetur.
591 617 712 672 Pari
738 622 899 679 modo
930 634 983 678 et
1006 626 1226 680 navales
1255 626 1388 680 socii
1415 627 1708 681 attributas

152 715 341 770 partes
371 706 624 762 invadere
642 708 827 777 jussit.
849 705 1217 768 Adnmventur
1243 717 1358 769 urbi
1389 717 1576 785 ligneae
1597 727 1710 770 tur-

155 809 267 848 res.
287 792 624 852 Convectant
658 799 855 856 milites
901 803 1173 868 dolabras,
1207 803 1374 859 falces
1403 806 1708 875 scalasque.

159 885 222 940 Et
248 887 360 956 jam
400 889 561 945 elatis
610 906 779 962 super
810 894 987 964 capita
1018 897 1212 961 scutis,
1243 898 1410 952 densa
1444 900 1712 953 testudine

152 978 480 1034 sucredunt.
529 980 703 1038 Graeci
755 999 1009 1039 saxorum
1062 987 1298 1056 pondera
1353 990 1709 1056 provolvunt,

156 1069 442 1139 disjectam
500 1081 664 1143 atque
741 1074 1048 1132 ﬂuitantem
1116 1079 1446 1134 testudinem
1509 1081 1712 1135 lanceis

156 1162 451 1232 mutisque
509 1174 943 1234 perscrutantur,
995 1168 1170 1226 donec
1223 1171 1402 1226 soluta
1459 1185 1714 1240 compage

159 1261 470 1320 scutorum,
534 1272 835 1328 exsangues
904 1261 1220 1329 lacerosque
1276 1257 1712 1330 prostraverunt.

161 1343 247 1399 ιείι
299 1355 510 1416 strages
559 1364 750 1420 magna
790 1367 804 1404 :
841 1358 895 1406 et
946 1353 1056 1426 jam
1102 1352 1294 1406 Turcz
1341 1351 1715 1408 deficientibus

159 1435 361 1490 animis
404 1437 714 1508 languidius
763 1428 1023 1512 pugnant.
1055 1444 1158 1498 Sed
1187 1445 1339 1499 adest
1385 1444 1714 1498 Mahumetes

159 1525 527 1582 fortissimum
557 1546 830 1601 quemque
859 1535 1186 1590 nominatim
1240 1538 1505 1598 vocitans,
1549 1545 1716 1605 utque

156 1618 209 1669 in
246 1617 490 1686 prtelium
523 1621 770 1685 redeant,
803 1623 1128 1680 adhortatur
1163 1645 1178 1680 :
1209 1628 1308 1682 hos
1335 1626 1570 1695 praemiis
1600 1628 1718 1680 alli-

153 1713 253 1769 cit,
309 1709 432 1766 illos
483 1712 652 1768 minis
697 1713 958 1772 deterret.
997 1718 1338 1772 lustauratur
1391 1731 1455 1772 ex
1509 1719 1717 1786 integro

157 1805 438 1853 certamen
464 1816 482 1856 :
508 1800 700 1857 Turcze
733 1818 925 1860 rursus
965 1807 1230 1862 subruere
1261 1821 1497 1869 murum,
1530 1814 1716 1874 portas

1813 646 1888 693 re,
1916 630 2107 699 partim
2134 628 2446 681 vulneribus
2481 641 2509 679 a
2542 634 2692 694 tergo
2725 625 2983 692 confossi,
3005 624 3194 690 partim
3214 639 3348 677 con.

1812 721 2058 773 versione
2081 719 2344 786 oppressi.
2380 718 2574 784 Etjam
2608 717 2782 770 hostis
2845 715 3182 786 superiorem
3228 732 3346 766 tun-—

1813 826 1931 863 t'utn
1964 809 2202 876 tenebat,
2233 823 2472 877 saxaque
2512 809 2564 861 in
2603 810 2756 862 cives
2796 809 3106 871 devehens,
3172 806 3374 873 in‘l'C“

1810 904 2082 958 dientibus
2105 903 2220 958 suis
2243 903 2442 956 auxilio
2463 911 2598 954 erat.
3272 889 3281 901 ’

1883 995 1994 1048 lloc
2029 996 2193 1049 modo
2223 1002 2378 1060 capta
2409 994 2562 1056 urbe,
2594 992 2748 1047 caesis
2797 991 3050 1044 omnibus
3078 991 3170 1060 qui
3220 990 3352 1042 resi-

1812 1095 1954 1140 stere
1985 1085 2100 1138 ausi
2133 1093 2277 1145 sunt,
2318 1085 2369 1138 in
2401 1084 2618 1151 rapinas
2662 1082 2978 1136 catervatim
3043 1088 3126 1134 est
3189 1081 3350 1132 itum.

1815 1176 1938 1228 Erat
1971 1174 2230 1227 victorum
2252 1173 2494 1226 infinitus
2517 1187 2681 1240 prope
2699 1185 2977 1234 numerus,
3000 1169 3050 1222 in
3071 1168 3348 1222 libidinem

1813 1273 1867 1318 rt
1901 1264 2158 1318 saevitiam
2193 1263 2496 1330 corruptior
2528 1280 2543 1316 :
2605 1277 2710 1315 non
2738 1261 2994 1332 dignitas,
3030 1275 3134 1312 non
3199 1268 3350 1320 tetas,

1815 1373 1920 1410 non
1943 1371 2106 1411 sexus
2131 1369 2457 1424 quemquam
2491 1354 2826 1422 protegebat.
2870 1351 3067 1419 Stupra
3099 1351 3354 1410 caedibus,

1813 1447 1984 1500 caedes
2013 1447 2220 1513 stupris
2255 1445 2640 1502 miscebantur.
2709 1443 2877 1496 Senes
2931 1451 3120 1496 exacta
3178 1452 3356 1501 :rtate,
3437 1500 3445 1509 ⁸

1815 1537 2041 1591 feminas
2068 1537 2202 1589 viles
2231 1536 2294 1588 ad
2328 1537 2559 1603 prmdam
2597 1536 2647 1589 in
2688 1534 2977 1587 ludibrium
3028 1534 3312 1586 trahebant
3341 1549 3355 1588 :

1815 1625 2112 1679 ubi‘adulta
2151 1626 2322 1689 virgo,
2366 1633 2459 1679 aut
2493 1625 2614 1692 quis
2652 1623 2824 1678 forma
2849 1623 3173 1688 conspicuus
3223 1622 3357 1675 inei-

1813 1717 2053 1772 dissetin
2079 1730 2271 1769 manus
2306 1715 2644 1782 rapientium,
2685 1715 2923 1766 divulsus
2973 1716 3114 1782 ipsos
3149 1720 3354 1779 postre-

1817 1824 1904 1863 mo
1936 1809 2242 1877 direptores
2274 1807 2326 1862 in
2349 1817 2592 1861 mutuam
2627 1808 2920 1876 perniciem
2955 1805 3167 1872 agebat.
3227 1805 3358 1856 Dum

157 1900 412 1957 quatere,
442 1892 615 1946 innixi
639 1893 904 1960 humeris,
939 1905 994 1949 et
1024 1911 1190 1966 super
1212 1897 1457 1951 iteratam
1486 1895 1712 1951 testudi-
1750 1879 1787 1932 Β
1819 1901 2122 1966 pecuniam,
2151 1900 2233 1953 vel
2263 1899 2446 1968 gravia
2475 1900 2795 1965 templorum
2831 1897 2968 1950 dona
2997 1897 3096 1949 sibi
3131 1897 3360 1960 quisque

161 1995 284 2034 nem
311 1984 638 2040 scandentes
667 2001 928 2055 prensare
956 1989 1194 2044 hostium
1228 1989 1330 2044 tela
1383 1989 1716 2056 brachiaque

161 2075 420 2130 nituntur
451 2093 465 2129 :
500 2077 693 2130 iterum
749 2077 944 2169 integri
994 2096 1119 2136 cum
1169 2082 1397 2144 sauciis,
1457 2081 1717 2137 semiani-

159 2165 283 2222 mes
310 2182 432 2222 eum
462 2165 866 2236 exspirantibus
899 2173 1249 2230 evolvuntur.
1287 2171 1540 2227 Cernitur
1571 2173 1715 2226 varia

154 2259 506 2324 pereuntium
539 2258 734 2326 forma,
768 2270 824 2316 et
853 2263 1088 2336 plurima
1131 2265 1322 2318 mortis
1347 2265 1547 2332 imag‘o.

229 2346 374 2402 Inter
401 2350 512 2403 haec
534 2349 772 2407 Joannes
797 2352 1160 2420 Justinianus,
1191 2354 1328 2422 apud
1355 2352 1599 2408 Genuam
1633 2352 1718 2404 Lio

154 2449 356 2501 gurum
382 2438 726 2510 metrOpolim
750 2441 918 2494 nobili
963 2441 1080 2496 loco
1113 2451 1296 2504 nattts,
1343 2441 1436 2509 qui
1468 2444 1718 2510 superio-

158 2529 315 2582 rbus
353 2529 548 2585 diebus
593 2534 741 2587 solus
793 2534 983 2586 urbem
1045 2531 1359 2587 defendisse
1408 2531 1716 2594 videbatur,

157 2617 398 2682 graviter
432 2622 766 2685 vulneratus,
795 2623 884 2675 ubi
928 2622 1141 2674 fluitare
1187 2621 1509 2689 sanguinem
1557 2635 1716 2674 suum

158 2707 572 2767 animadvertit.
632 2726 700 2764 ne
753 2720 978 2766 caeteros
1037 2712 1357 2773 deterreret,
1418 2711 1717 2764 remedium

159 2812 431 2866 quaerens,
462 2799 597 2852 clam
617 2816 736 2856 sese
765 2817 955 2872 pugnae
983 2802 1262 2855 subduxit.
1306 2801 1408 2854 Sed
1458 2801 1724 2854 Constat»

161 2898 314 2948 tinus
355 2892 669 2961 imperator,
703 2903 759 2946 ιιι
787 2894 978 2947 abesse
1025 2891 1394 2945 Iustinianum
1445 2891 1717 2960 cognovit,

162 2999 276 3053 quo
308 2985 430 3039 ierit
453 2987 848 3053 percontatur?
889 2984 1188 3048 l’roditum,
1220 2999 1280 3036 ac
1311 2984 1613 3047 inventum,
1657 2999 1724 3035 ne

167 3090 398 3144 pugnam
421 3075 656 3141 deserat,
677 3077 834 3129 enixe
851 3085 1020 3144 rogat.
1045 3075 1138 3130 ille
1155 3076 1321 3129 nihilo
1342 3075 1509 3142 magis
1533 3075 1724 3136 flexus,

163 3165 362 3233 aperiri
409 3160 616 3233 portam
675 3166 851 3234 jubet,
912 3181 1017 3234 qua
1077 3177 1366 3220 curaturus
1417 3165 1610 3217 vulnus
1660 3164 1714 3216 iu

159 3346 366 3414 quibus
387 3347 455 3400 ad
483 3349 842 3400 autetnuralia
879 3349 1096 3418 patel'at
1130 3348 1256 3410 iter,
1285 3363 1350 3399 ire
1379 3364 1483 3412 qua
1515 3343 1720 3410 fugien-

160 3440 213 3491 di
249 3439 480 3495 facultas
513 3440 668 3494 ιιιίὶίῑὶ
698 3448 866 3499 esset,
911 3455 972 3493 ac
1005 3447 1288 3508 propterea
1341 3437 1535 3492 fortius
1583 3435 1719 3488 hosti

163 3551 188 3584 r
227 3533 446 3587 sisteret
483 3549 497 3586 :
538 3534 594 3586 fit
639 3535 846 3586 interea
905 3533 1185 3586 remissior
1244 3529 1509 3590 defensio,
1553 3525 1719 3596 quod

161 3624 359 3678 Turcte
401 3624 766 3686 advertentes,
819 3624 1052 3677 instante
1107 3623 1339 3676 maxime
1401 3619 1720 3681 Malmmcle,

160 3715 349 3769 acrius
383 3715 723 3768 incumbunt.
762 3717 822 3768 lit
852 3716 1104 3783 quoniam
1133 3729 1256 3781 pars
1300 3717 1434 3765 ntttri
1472 3712 1580 3780 jam
1615 3720 1725 3764 tor-

165 3807 368 3859 mentis
435 3807 604 3860 aeneis
661 3805 910 3872 disjecta,
967 3804 1163 3859 fossam
1225 3817 1416 3870 magna
1461 3817 1525 3854 ex
1571 3809 1725 3869 parte

161 3883 501 3966 oppleverat.
521 3910 618 3964 per
647 3895 832 3949 ruinas
855 3897 999 3962 ipsas
1025 3896 1368 3954 scandentes,
1390 3889 1725 3945 antemurale

162 3989 567 4052 conscendunt,
622 3987 948 4056 GI‘llN‘OStllle
1001 3989 1316 4055 perterritos
1358 3986 1476 4040 loco
1533 3983 1724 4037 detur-

163 4086 320 4137 bant.
345 4081 524 4141 Porta,
546 4096 660 4150 qua:
678 4079 981 4134 .lustiniano
999 4079 1457 4145 sauciOpatucrat,
1477 4073 1726 4126 omnibus

164 4180 356 4236 aperta
394 4168 570 4238 fugam
622 4169 981 4236 profusiorem
1031 4165 1225 4220 reddit.
1264 4165 1416 4218 Tunc
1459 4163 1726 4217 Constan-

164 4263 342 4324 tipus,
375 4275 482 4313 non
519 4267 578 4312 ιιι
606 4261 990 4328 imperatorem
1048 4258 1253 4319 decuit,
1281 4255 1587 4324 pugnando,
1632 4254 1726 4309 sed

168 4353 388 4421 fugiens
447 4350 498 4403 iu
545 4349 678 4419 ipsis
727 4357 894 4416 portae
927 4348 1213 4417 angustiis,
1258 4363 1380 4403 cunt
1418 4345 1723 4408 cecidisset,

165 4442 572 4510 a-rumpcntinm
618 4439 960 4493 multitudine
1015 4451 1323 4505 Oppressus,
1378 4436 1728 4505 calcatusque

1816 1991 2073 2055 traheret,
2108 1992 2314 2060 majore
2338 1992 2568 2044 aliorum
2603 1991 2650 2043 vi
2706 1989 3077 2042 truncabatur.
3117 1988 3360 2054 Cumque

1816 2082 1868 2134 in
1895 2083 2135 2137 exercitu
2162 2084 2400 2137 maxime
2434 2098 2496 2137 ac
2525 2084 2769 2144 dissono,
2820 2099 2885 2136 ex
2941 2083 3152 2136 civibus
3199 2080 3359 2134 seriis

1815 2184 1977 2242 atque
1997 2175 2235 2229 externis
2257 2174 2502 2241 conflato,
2535 2176 2763 2230 diversae
2785 2176 3000 2242 liuguzr,
3028 2173 3160 2227 varii
3184 2187 3359 2225 mores

1817 2275 1974 2330 atque
2014 2263 2290 2331 cupidines
2325 2277 2525 2330 essent,
2566 2267 2709 2320 aliud
2737 2269 2931 2332 cuique
2958 2267 3039 2320 fas
3073 2264 3355 2331 nefasque,

1819 2354 1950 2405 nihil
1995 2355 2238 2408 illicitum
2293 2365 2406 2408 toto
2463 2356 2644 2408 triduo
2701 2355 3180 2422 Constantinopoli
3235 2354 3358 2409 fuit.

1819 2445 2098 2512 Τι-ιιιριιιηι
2137 2445 2374 2512 Sophim,
2406 2444 2698 2500 Iustiniani
2754 2446 2983 2500 Caesaris
3045 2461 3200 2513 opus.
3246 2453 3356 2498 toto

1818 2538 1949 2591 orbe
1999 2538 2370 2601 decantatum,
2416 2546 2469 2589 et
2518 2539 2600 2589 cui
2664 2534 2967 2602 comparari
3017 2534 3244 2586 alterum
3295 2550 3359 2585 eo

1821 2643 2057 2698 tempore
2094 2645 2199 2682 non
2246 2631 2436 2697 potuit,
2487 2631 2744 2682 ntfdatum
2809 2642 2958 2679 sacra
3019 2623 3359 2694 supellectili,

1821 2725 1884 2775 all
1914 2737 2103 2775 omnes
2136 2721 2426 2785 spurcitiae
2457 2723 2629 2787 patuit
2662 2739 2673 2774 :
2711 2737 2942 2788 nanupte
2987 2719 3108 2772 illuc
3131 2719 3177 2771 vi
3243 2732 3366 2786 per-

1821 2823 2002 2866 tractre
2041 2813 2268 2879 captiva!
2299 2812 2531 2878 virgines
2556 2826 2724 2864 same
2755 2822 2916 2876 atque
2972 2810 3230 2878 profante,
3283 2809 3365 2862 vi-

1821 2906 2119 2971 dtuealque
2156 2912 2430 2966 matrona»,
2469 2904 2738 2955 decenues
2770 2903 2932 2953 etiam
2994 2902 3142 2966 pueri
3197 2911 3361 2968 atque

1825 2994 2358 3065 pucllte,inexplebili
2391 2992 2866 3058 spnreissimorutn
2903 3005 3097 3041 ratium
3155 2991 3365 3042 l:bidini

1823 3092 1877 3135 rt
1904 3084 2141 3141 luxuriat,
2173 3085 2340 3134 donee
2365 3082 2605 3134 efflarent
2651 3081 2876 3142 animas,
2914 3080 3178 3132 inservire
3233 3089 3361 3132 sunt

204 3171 362 3233 periri
409 3175 616 3233 portam
675 3171 851 3234 jubet,
912 3181 1017 3234 qua
1077 3177 1366 3220 curaturus
1417 3171 1610 3217 vulnus
1660 3171 1714 3216 iu

204 3254 353 3308 rhem
381 3255 581 3308 redeat.
625 3256 791 3309 Erant
846 3259 988 3310 enim
1045 3259 1307 3310 obseratae
1341 3257 1486 3309 urbis
1517 3255 1708 3310 ianua}.

1825 3187 2041 3228 coactae.
2067 3175 2201 3227 Οςςίι
2239 3182 2551 3238 martyrum,
2583 3188 2702 3240 qum
2755 3172 2969 3224 fuerant
3003 3172 3054 3224 itt
3096 3171 3181 3224 illa
3234 3172 3365 3224 urbe

1825 3265 2224 3310 nrptinsissima
2262 3265 2708 3310 ranilmsnltiectu
2732 3275 2783 3310 et
2813 3264 3017 3310 suibus-
3045 3263 3362 3310 Satn-torum

163 3266 353 3308 urbem
381 3266 581 3308 redeat.
625 3266 791 3309 Erant
846 3272 988 3310 etttnt
1045 3266 1307 3310 obseratae
1341 3266 1486 3309 IIIDES
1510 3266 1708 3320 pinna},

1823 3265 2226 3332 pretiosissima,
2262 3265 2708 3329 eanibnsohjet‘ta
2732 3275 2783 3316 et
2813 3264 3017 3316 suibus.
3045 3263 3362 3316 Sullt'ltttu’tl

1823 3354 2079 3421 imagines
2107 3363 2197 3406 aut
2223 3353 2333 3404 luto
2366 3352 2577 3406 ftedutae
2609 3362 2700 3403 aut
2738 3352 2881 3404 ferro
2921 3353 3129 3415 deletae,
3167 3356 3357 3407 altaria

1823 3446 2001 3498 diruta
2027 3454 2418 3512 atqueot’et'su.
2460 3444 2511 3495 in
2548 3444 3004 3509 t‘eliquistemplis
3061 3455 3150 3496 aut
3211 3447 3366 3511 lupa-

1822 3536 1974 3589 naria
2003 3535 2350 3588 merctrieunt
2412 3532 2572 3598 facta,
2619 3543 2710 3586 aut
2737 3550 3000 3600 etptorum
3037 3535 3270 3587 stabula.
3308 3536 3362 3588 Ιιι

1823 3635 2064 3680 sacratos
2105 3624 2210 3678 Deo
2249 3625 2394 3678 viros
2423 3665 2434 3685 ,
2497 3626 2776 3691 religiosos
2820 3641 2880 3676 ac
2931 3625 3242 3680 sacerdotes
3299 3627 3366 3679 ita

1807 3716 1965 3769 futile
1990 3717 2226 3769 stevitunt
2259 3727 2361 3777 est,
2390 3727 2440 3767 ιιι
2491 3716 2680 3767 modus
2743 3716 3089 3775 dett-stabilis,
3139 3732 3246 3784 quo
3281 3733 3372 3769 veo

1823 3808 1930 3858 xati
1966 3817 2130 3873 atque
2157 3807 2326 3858 enecti
2374 3816 2519 3874 sunt,
2556 3805 2862 3874 tit-utiquam
2894 3807 3114 3859 hours":
3171 3806 3362 3860 referri

1825 3906 2006 3965 queat.
2062 3896 2141 3948 Ad
2194 3898 2305 3951 hrec
2367 3898 2542 3950 adacti
2595 3908 2719 3949 sunt
2782 3899 2918 3952 servi
2947 3898 3265 3954 verberibus
3288 3909 3370 3950 at-

1825 4001 1930 4053 que
1950 3987 2251 4047 tormentis,
2273 3986 2608 4038 dominorum
2632 3987 2806 4039 abdita
2824 3989 3054 4046 serutari
3074 4003 3135 4041 ac
3159 4003 3368 4051 eruere;

1828 4077 2031 4130 inventi
2061 4079 2160 4130 hac
2193 4086 2307 4130 arte
2326 4078 2540 4130 maximi
2575 4079 2836 4140 thesauri,
2861 4093 2995 4145 quos
3017 4080 3069 4132 in
3098 4079 3217 4146 ipso
3244 4079 3368 4132 belli

1828 4167 2095 4235 principio
2132 4167 2381 4221 infelices
2412 4168 2756 4222 sufl‘oderunt
2808 4170 2974 4222 cives.
3040 4169 3268 4232 Quibus,
3325 4171 3371 4222 si

1828 4272 1924 4326 pro
1951 4256 2261 4311 defensione
2297 4257 2446 4311 urbis
2467 4243 2550 4312 usi
2583 4257 2829 4319 fuissent,
2855 4273 3007 4333 suam
3047 4258 3186 4310 haud
3208 4261 3371 4313 dubie

1829 4349 2012 4410 vitam,
2048 4346 2235 4415 patrita
2261 4346 2558 4400 libertatem
2607 4357 2937 4402 servassent.
2982 4347 3084 4403 Sed
3129 4364 3292 4403 avaro
3319 4353 3370 4404 in

1829 4451 2020 4490 aurum
2047 4435 2190 4488 nulla
2214 4442 2472 4504 potestas.
2494 4435 2597 4503 Ipsi
2632 4437 2836 4492 interea
2868 4454 3002 4493 auro
3026 4442 3282 4505 emuncti,
3311 4458 3372 4495 ac

169 4531 406 4590 interiit.
438 4529 494 4584 ln
519 4537 664 4584 tanta
701 4528 1050 4584 multitudine
1078 4535 1433 4596 pugnatorum
1477 4526 1586 4583 duo
1615 4535 1731 4579 tan—
1754 4533 1807 4595 υ
1835 4541 1985 4582 more
2017 4541 2266 4595 pecorum
2298 4526 2352 4580 in
2383 4536 2559 4582 castra
2587 4531 2868 4596 prott'acti,
2905 4541 3027 4598 post
3057 4533 3286 4585 ludibria
3307 4537 3373 4586 ad

169 4641 287 4679 tum
334 4621 534 4693 reperti
571 4629 717 4685 sunt,
763 4620 856 4690 qui
905 4634 965 4673 se
1003 4621 1150 4676 viros
1192 4615 1558 4682 ostenderint,
1595 4617 1731 4671 alter

167 4719 420 4778 tit-secus,
454 4715 590 4767 alter
619 4711 881 4775 Dalmata,
920 4707 1253 4779 Theophilus
1294 4705 1649 4774 Palatologus,
1678 4712 1732 4758 et

168 4808 416 4862 Joannes
457 4805 708 4865 Sclavus.
754 4805 846 4872 qui
880 4800 1064 4871 iugere
1105 4811 1258 4868 turpe
1290 4796 1560 4861 arbitrati,
1605 4810 1728 4848 cum

171 4900 272 4956 diu
315 4896 618 4952 incredibili
669 4895 860 4962 vigore
898 4893 1213 4948 Turcarnm
1257 4890 1517 4958 impetum
1567 4884 1730 4940 susti-

175 4989 450 5050 nuissent,
504 4986 815 5052 multosque
865 4983 1308 5040 obtruncasscut,
1340 4977 1572 5044 denique
1620 4990 1726 5027 non

173 5095 288 5136 tam
320 5077 451 5133 victi
477 5089 636 5145 quam
686 5074 951 5126 vincendo
1006 5070 1211 5138 fatigati
1263 5069 1408 5122 inter
1459 5067 1745 5120 cadavera.

175 5170 424 5226 hostium
489 5165 813 5222 occubuere.
873 5161 1211 5216 Justinianus
1257 5160 1311 5213 in
1363 5157 1551 5212 Peram
1589 5171 1731 5225 πει-θ

172 5264 468 5325 eluctatus,
500 5271 626 5312 cum
656 5251 972 5307 tumultibus
1007 5249 1318 5317 perturbata
1361 5249 1570 5312 omnia,
1605 5261 1728 5309 nec,

173 5367 343 5422 quem
369 5349 602 5404 maxime
623 5344 912 5416 quatrehat,
939 5343 1202 5394 medicum
1229 5339 1576 5398 iuvettissset,
1606 5337 1729 5390 inde

173 5443 373 5495 Chium
407 5439 698 5507 navigavit,
750 5437 933 5504 ibique
977 5449 1070 5488 seu
1121 5446 1186 5483 ex
1235 5431 1473 5483 vulneris
1523 5429 1729 5482 acerbi-

129 5542 135 5546 ‘
177 5541 308 5593 tate,
349 5544 446 5582 seu
482 5544 543 5582 ex
600 5526 766 5580 animi
803 5523 1059 5578 ntmstitia
1092 5521 1146 5572 ιιι
1185 5523 1426 5571 morbum
1465 5521 1730 5582 incidens,

180 5621 448 5687 inglorius
482 5619 643 5669 vitam
683 5616 849 5668 finivit
887 5634 900 5668 :
936 5615 1061 5668 felix
1103 5610 1342 5682 profecto
1397 5614 1732 5677 multumque

178 5710 510 5772 laudandus,
548 5709 591 5760 si
629 5708 681 5756 itt
714 5697 843 5773 ipsis
872 5713 1194 5774 oppugnatur
1251 5699 1402 5752 urbis
1451 5703 1724 5755 liuentibus

183 5803 428 5863 animum
461 5797 782 5855 exhalasset.
819 5795 876 5852 lu
923 5796 1166 5862 ingressu
1242 5802 1408 5860 porta:
1442 5792 1730 5865 octingenti

1831 4634 1998 4672 unum
2031 4632 2222 4674 omnes
2247 4617 2394 4671 vario
2425 4619 2614 4672 mortis
2645 4635 2840 4687 genere
2889 4621 3158 4675 interfecti
3225 4637 3371 4676 sunt.

1833 4707 2493 4770 SimulacrumCrucitixi,
2556 4722 2712 4774 quem
2776 4707 3026 4774 colimus,
3086 4721 3140 4765 ct
3188 4729 3372 4767 verum

1832 4798 1995 4851 Deum
2018 4812 2136 4851 esse
2166 4796 2421 4861 fatemur,
2454 4796 2802 4864 (horrendum
2839 4798 3009 4862 dictu,
3046 4808 3210 4868 atque
3275 4819 3371 4856 au-

1829 4889 1966 4957 ditu)
1999 4889 2144 4942 tubis
2165 4904 2227 4942 ac
2282 4891 2552 4956 tympanis
2599 4889 2988 4956 prateuutibus,
3055 4900 3262 4956 raptum
3307 4909 3369 4943 et

1832 4979 1964 5032 urbe
1986 4981 2174 5032 hostes
2206 4979 2271 5030 ad
2329 4980 2560 5031 tentoria
2611 4979 2878 5040 deferunt.
2942 4989 3101 5048 sputo
3156 4981 3373 5047 lutoque

1833 5068 2060 5129 foedant,
2094 5075 2147 5120 et
2174 5069 2240 5120 ad
2283 5078 2479 5121 μυξη-ξιξ
2499 5069 2780 5136 religionis
2808 5070 3116 5124 irrisioaeut
3172 5070 3367 5125 iterum

1830 5155 1978 5208 cruci
2017 5156 2276 5224 alligunt;
2307 5156 2429 5208 exin
2461 5157 2618 5223 pileo,
2651 5173 2810 5224 quem
2839 5159 3107 5212 sartulum
3156 5176 3368 5226 vocant,

1830 5245 1994 5312 capiti
2025 5246 2145 5313 ejus
2172 5246 2674 5316 itnposito,,corona
2709 5247 2947 5314 ttndique
2975 5249 3113 5302 facta
3163 5252 3373 5305 succla.

1831 5345 1979 5388 munt
2008 5351 2022 5390 :
2059 5336 2153 5389 Hic
2177 5348 2251 5390 est
2281 5335 2700 5391 Christianorum
2750 5335 2932 5399 Deus;
2982 5348 3090 5390 tum
3144 5340 3373 5408 lapides.

1836 5427 2112 5493 lutum-pte
2148 5427 2412 5493 jactautrs
2471 5426 2621 5479 tniris
2653 5425 3007 5480 dehonestent
3043 5430 3238 5496 modis.
3272 5431 3374 5484 Sed

1835 5516 1969 5568 nihil
2001 5517 2111 5570 lucc
2144 5517 2341 5569 obsunt
2372 5515 2482 5570 Deo
2517 5510 2701 5570 nostro
2737 5517 2927 5570 coelum
2955 5519 3178 5584 tenenti,
3203 5521 3375 5590 inquit

1822 5608 1933 5659 'hoc
1966 5605 2080 5657 loco
2113 5605 2316 5660 {Encas
2341 5608 2578 5675 Sylvius,
2614 5607 3058 5674 nccmajestatem
3091 5608 3208 5675 ejus
3240 5628 3372 5678 quo.

1833 5697 2117 5765 quomodo
2159 5697 2476 5751 imminuetc
2538 5707 2782 5765 possunt,
2832 5696 2986 5764 cujus
3048 5714 3112 5751 ea
3153 5713 3236 5754 est
3261 5706 3368 5770 glo-

1834 5791 1930 5858 tia,
1967 5803 2027 5844 ea
2058 5787 2381 5854 sublimitas,
2412 5806 2474 5844 ea
2506 5787 2852 5843 beatitudinis
2878 5790 3157 5858 perfectio,
3189 5804 3245 5846 ut
3273 5810 3367 5851 ure
