4006 6338
652 439 750 500 951

1623 451 1983 515 lSIDORUS
2020 458 2059 517 S
2127 460 2196 518 Β.
2244 460 2306 521 Ε.
2353 464 2813 528 CARDINALIS

3753 474 3854 539 952

653 564 905 625 laudibus
931 571 1179 634 humanis
1202 578 1408 644 extolli,
1430 628 1442 648 ,
1465 596 1562 634 nec
1599 581 1870 639 humiliari
1924 589 2204 657 vitupcriis
2238 575 2278 629 Α
2311 571 2618 631 “maiorum
2645 593 2922 633 ""memm
2955 579 3184 641 ίιιίῖιτδηίι
3203 596 3264 636 ac
3286 595 3515 652 corpora
3551 584 3748 652 Passim
3769 588 3850 655 3³·

655 673 943 738 pravorum
969 667 1156 733 possit.
1174 664 1278 746 Nos
1301 670 1402 723 ista
1419 671 1638 738 laedunt,
1661 671 1822 745 atque
1840 680 2200 742 confundunt.

662 751 752 822 qui
789 767 883 819 per
913 750 1174 822 ignaviam
1211 768 1371 828 atque
1428 757 1885 832 desidiamndum
1929 771 2038 824 veri
2111 772 2198 827 Dei

657 843 857 895 cultum
893 847 1063 913 perire
1089 848 1343 928 sinimus,
1379 864 1429 909 et
1455 855 1508 909 in
1533 856 1632 911 hoc
1665 859 1863 912 saeculo
1893 859 2089 914 bonum
2108 878 2202 917 no-

656 949 796 998 tuen,
821 938 945 989 etin
973 938 1139 992 altero
1157 955 1301 1008 spem
1324 945 1516 998 salutis
1541 947 1859 1004 amittimus.
1881 952 2018 1015 Quin
2041 952 2202 1020 igitur

653 1038 698 1089 p:
722 1025 841 1081 sitis
871 1027 1025 1083 bellis
1055 1043 1315 1088 coeuntes
1347 1035 1636 1092 Christiani
1658 1039 1794 1095 hanc
1827 1048 2027 1098 tantam
2063 1045 2198 1114 inju-

652 1117 781 1170 riam
822 1121 1156 1177 vindicamus
1174 1123 1200 1176 τ
1490 1148 1492 1150 ·

717 1205 845 1261 Post
876 1209 986 1265 haec
1010 1212 1334 1271 convivatus
1359 1214 1712 1283 biahumctes,
1737 1237 1856 1276 cum
1892 1224 2050 1277 solito
2078 1227 2197 1296 plus

647 1298 754 1351 \‘ini
777 1299 1135 1370 adhibuisset,
1163 1311 1221 1360 ut
1239 1309 1548 1378 sanguinem
1566 1313 2074 1383 truculentuslmero
2097 1317 2196 1370 ad-

649 1383 819 1457 deret,
836 1391 1106 1466 principes
1122 1395 1514 1470 optimatesque
1537 1404 1775 1457 civitatis
1796 1418 2002 1475 captos,
2037 1408 2197 1477 inque

645 1491 991 1549 conspectum
1033 1485 1302 1544 admissos
1331 1503 1614 1562 postquam
1637 1499 1802 1564 probe
1843 1499 1951 1554 illis
1992 1499 2198 1555 illusis-

644 1577 742 1634 set,
766 1573 1002 1631 crudelis
1031 1587 1081 1632 et
1123 1583 1506 1650 sanguinarius
1538 1586 1778 1640 carnifex
1807 1587 1949 1643 ftede
1971 1590 2194 1646 misere-

642 1677 746 1726 que
767 1662 1002 1734 jugulari
1030 1669 1214 1736 jussit.
1253 1669 1528 1730 Sirelueas
1570 1679 1820 1748 princeps
1845 1679 1940 1734 alti
1971 1684 2194 1752 sangui.

645 1753 748 1817 nis,
771 1757 860 1823 qui
888 1759 1024 1826 apud
1055 1759 1462 1817 Constantinum
1488 1767 1778 1834 plurimum
1799 1779 2029 1838 poterat,
2056 1787 2193 1830 caeso

645 1848 771 1896 ante
796 1843 986 1898 oculos
1013 1848 1200 1916 majori
1233 1853 1363 1915 tilio,
1395 1853 1585 1918 altero,
1621 1858 1764 1924 quod
1793 1860 2072 1927 speciosus
2102 1877 2193 1916 es-

610 1944 615 1948 '
643 1939 746 1994 set,
775 1931 839 1984 ad
870 1934 1086 1991 illicitos
1112 1955 1240 1995 usus
1264 1953 1558 2014 reservato,
1586 1948 1761 2002 securi
1783 1965 2072 2017 percussus
2088 1964 2190 2006 est.

645 2021 760 2076 Duo
794 2025 914 2092 ejus
952 2028 1040 2082 alii
1071 2030 1159 2084 ﬁlii
1209 2034 1590 2091 occicierantin
1631 2040 1789 2094 bello.
1819 2039 2052 2096 Uxorem
2081 2043 2192 2096 im-

641 2115 918 2176 peratoris
939 2117 1303 2187 Constantini,
1325 2125 1476 2190 ﬁlias,
1509 2128 1818 2198 primasque
1857 2131 1994 2186 aulae
2031 2133 2194 2202 virgi-

643 2220 758 2271 nes,
797 2222 860 2261 ac
892 2220 1166 2266 matronas
1197 2215 1468 2286 principes
1493 2217 1654 2284 jussit
1675 2231 1938 2290 tyrannus
1989 2224 2041 2275 in
2064 2239 2193 2278 eon-

639 2294 839 2348 vivium
869 2300 1084 2354 adduci.
1104 2302 1180 2356 ibi
1204 2306 1436 2373 primum
1473 2309 1539 2362 ab
1562 2311 1674 2379 ipso
1696 2311 2193 2376 Mahumete,aliis-

625 2397 741 2446 'que
771 2387 1010 2453 ejusdem
1047 2397 1280 2464 satrapis
1343 2410 1728 2469 constuprattn,
1764 2406 1987 2472 posmae
2053 2405 2188 2457 nihil

642 2473 943 2532 valentibus
990 2481 1236 2548 precibus
1271 2489 1320 2537 in
1356 2484 1525 2540 frusta
1565 2487 1809 2543 (lissettae
1838 2501 1987 2545 sunt.
2017 2489 2190 2560 Caput

601 2627 604 2631 η
646 2563 981 2623 Constantini
1001 2571 1305 2629 abinvenlo
1322 2577 1581 2634 cadavere
1602 2579 1896 2648 desectum,
1917 2583 2188 2652 hastaque

647 2659 885 2728 :sfﬁxtnn,
903 2672 961 2717 ut
976 2666 1229 2742 omnibus
1250 2667 1479 2724 ludibrio
1497 2680 1659 2736 esset,
1678 2657 1771 2740 per
1789 2675 1937 2729 urbis
1953 2679 2185 2744 compita

639 2761 684 2801 et
716 2763 890 2805 castra
923 2757 1298 2811 maximorum
1325 2763 1521 2838 probro
1557 2764 1930 2818 circumlatum
1963 2777 2064 2820 est.
2089 2767 2188 2818 Fe-

642 2850 786 2905 runt,
808 2843 894 2909 qui
925 2848 1106 2913 copias
1124 2847 1445 2903 Mahumetis
1469 2862 1771 2921 compertas
1795 2856 2052 2919 habuere,
2081 2865 2188 2909 tre-

640 2943 792 2985 centa
831 2932 992 2990 fuisse
1043 2939 1205 2992 millia
1248 2950 1625 3010 pugnatorum,
1657 2945 1748 3014 qui
1781 2946 1965 2999 urbem
2027 2947 2182 3000 nobi-

641 3025 897 3081 lssimam
955 3045 981 3082 a
1039 3041 1179 3084 terra
1225 3035 1616 3103 oppugnarint;
1672 3051 1700 3090 a
1763 3040 1898 3092 mari
1963 3039 2197 3109 triginta-

641 3117 829 3184 millia,
877 3123 1132 3176 trecentis
1183 3125 1321 3178 velis.
1356 3126 1643 3181 adnotatis.
1693 3128 1868 3198 Atque
1899 3129 1972 3184 ita
2007 3145 2180 3199 expu-

2303 667 2476 721 centia
2505 669 2877 738 explorabant,
2902 673 3107 740 ingenti
3138 674 3261 728 elati
3292 676 3490 745 gaudio
3513 690 3848 746 repererunt,

2302 767 2355 810 et
2380 759 2620 829 ejusdem
2647 762 2933 830 praecisum
2952 773 3114 832 caput
3171 777 3329 819 roseo
3356 775 3671 822 contectum
3703 770 3844 836 pileo

2303 849 2468 904 hasne
2499 850 2741 921 inﬁgunt;
2772 866 2834 907 ac
2858 853 3125 910 clamante
3153 872 3418 924 prrecone,
3442 859 3587 914 Illud
3619 879 3726 916 esse
3761 879 3845 915 ca-

2299 948 2393 1008 put
2431 943 2723 996 cardinalis
2747 943 2999 1011 Rutheni;
3016 961 3109 1023 per
3147 958 3316 1017 captae
3348 950 3582 1006 civitatis
3612 956 3842 1023 compita

2287 1033 2520 1102 viasque
2553 1035 2721 1088 multa
2759 1050 2881 1111 cum
2917 1036 3169 1091 irrisione
3206 1039 3620 1097 circumferunt.
3650 1043 3844 1099 lllein-

2301 1123 2454 1176 terim
2483 1124 2634 1195 vivus
2657 1125 2798 1194 apud
2833 1126 3129 1182 Turearum
3161 1129 3458 1199 principem
3490 1134 3721 1189 sordidis
3744 1137 3844 1190 de-

2298 1219 2530 1272 stinatus
2551 1220 2865 1275 ministeriis
2889 1222 3107 1295 latebat.
3134 1225 3249 1290 Qua
3269 1227 3531 1282 servitute
3557 1245 3660 1283 non
3684 1232 3852 1284 multo

2300 1313 2417 1373 post
2469 1307 2631 1376 (quod
2671 1308 2793 1362 vilis
2821 1311 3114 1365 homuncio
3155 1315 3506 1382 crederetur)
3567 1320 3850 1386 persolutis

2300 1399 2558 1452 trecentis
2608 1400 2818 1468 asperis
2870 1410 3170 1470 exemptus,
3204 1414 3512 1461 transverso
3547 1423 3709 1462 cursu
3744 1411 3848 1466 Bo-

2298 1499 2441 1538 mam
2475 1488 2737 1551 pervenit.
2773 1488 2872 1543 Ubi
2899 1505 2925 1543 a
2960 1489 3183 1545 Nicolao
3208 1494 3251 1548 ν
3289 1493 3441 1550 Pont.
3476 1495 3623 1550 Max.
3672 1501 3849 1554 multis

2300 1576 2612 1630 muneribus
2665 1578 2716 1631 in
2753 1579 2922 1633 vicem
2954 1581 3199 1637 laborum
3231 1586 3485 1652 donatus,
3545 1591 3688 1642 trino
3730 1605 3851 1646 sen—

2297 1663 2397 1716 sim
2425 1664 2757 1733 episcopatu,
2783 1670 3036 1725 nimirum
3068 1671 3378 1740 Sabinensi,
3411 1673 3762 1746 Cdrphiensi,
3791 1697 3851 1736 ac

2297 1753 2616 1821 Nicasiensi,
2639 1769 2832 1816 auctus
2861 1772 2945 1817 est
2972 1781 2984 1813 :
3022 1765 3222 1831 quibus
3263 1756 3384 1821 cum
3419 1783 3611 1824 novem
3639 1772 3851 1826 circiter

2297 1848 2453 1901 annis
2496 1864 2704 1905 summa
2737 1853 2858 1907 vitze
2893 1853 3197 1922 integritate
3217 1865 3381 1925 atque
3407 1860 3697 1926 prudentia
3717 1876 3850 1929 prte-

2297 1937 2507 2004 l'uisset,
2545 1943 2758 1996 tandem
2798 1957 2939 1998 anno
2970 1945 3125 2010 M63,
3159 1948 3241 2002 die
3264 1947 3333 2002 27
3387 1950 3594 2018 Aprilis
3641 1962 3842 2008 natura

2298 2029 2534 2084 debitum
2561 2033 2743 2087 Rome
2768 2036 3018 2099 exsolvit,
3048 2053 3243 2107 magno
3277 2042 3517 2095 omnium
3551 2043 3699 2096 luctu
3727 2055 3846 2113 post

2295 2121 2498 2174 obitum
2537 2126 2791 2179 conditus
2823 2126 2888 2180 ad
2928 2127 3185 2183 Sanctum
3224 2129 3441 2186 Petrum
3471 2134 3522 2186 in
3563 2132 3864 2205 Vaticano._

2367 2211 2439 2266 De
2475 2214 2687 2268 lsidoro
2716 2217 2992 2273 cardinale
3014 2235 3179 2288 agens
3202 2220 3473 2278 Laonieus
3497 2225 3850 2298 Chaleondy-

2297 2305 2373 2357 lus
2394 2305 2505 2358 haec
2537 2308 2692 2363 habet
2723 2327 2736 2366 :
2777 2308 2844 2364 In
2880 2313 2975 2365 Itae
3005 2329 3178 2366 rerum
3231 2315 3383 2369 turba
3407 2318 3700 2371 miserabili
3729 2321 3846 2384 (lo-

2293 2398 2476 2465 quitur
2501 2478 2504 2479 ν
2531 2399 2616 2464 de,
2649 2401 2800 2456 urbis
2851 2404 3478 2476 Constantinopolitanre
3511 2392 3847 2479 direptione)

2291 2501 2470 2556 captus
2501 2478 2574 2544 est
2610 2492 2898 2545 cardinalis
2930 2492 3170 2550 Isidorus
3211 2495 3582 2550 Sarmatarum
3610 2500 3848 2561 antistes,

2289 2581 2377 2648 qui
2397 2585 2581 2635 ductus
2608 2586 2658 2636 in
2681 2584 2952 2636 Galatiam
2990 2588 3166 2639 urbem
3199 2590 3437 2641 venditus
3469 2600 3569 2652 est,
3607 2593 3696 2643 sed
3724 2598 3850 2644 con-

2289 2686 2474 2722 scensa
2507 2673 2886 2742 naviprofugit
2918 2677 2968 2726 in
3001 2674 3429 2743 Peloponnesum.
3449 2678 3510 2734 Si
3534 2696 3627 2732 rex
3655 2681 3850 2733 Turca-

2290 2777 2406 2813 rum
2439 2763 2604 2814 virum
2629 2767 2765 2817 hunc
2799 2766 3040 2829 novisset,
3086 2768 3326 2822 videlicet
3371 2771 3510 2839 quod
3556 2773 3848 2824 cartlinalis

2288 2862 2438 2916 esset,
2469 2865 2604 2907 certe
2632 2872 2745 2908 cum
2773 2859 3146 2924 interfecisset;
3175 2875 3290 2911 cum
3319 2876 3434 2912 eum
3461 2862 3603 2914 inter
3632 2871 3848 2916 caterva

2288 2946 2514 2997 occisum
2539 2956 2745 3012 putaret
2773 2989 2784 3008 .
2815 2949 3014 3001 nullam
3052 2949 3164 3016 ejus
3200 2952 3453 3004 rationem
3512 2952 3750 3004 habebat.
3789 2951 3847 3004 lu

2290 3037 2524 3092 concilio
2551 3036 2866 3095 Florentino
2895 3041 2997 3095 sub
3045 3039 3284 3104 Eugenio
3313 3039 3376 3096 IV
3399 3041 3693 3105 celebrato,
3723 3057 3851 3110 pro-

2288 3128 2522 3183 cessioni
2555 3127 2790 3198 Spiritus
2819 3131 2990 3184 sancti
3045 3143 3110 3183 ex
3137 3129 3295 3182 Patre
3332 3141 3385 3184 et
3421 3130 3583 3195 Filio,
3649 3133 3848 3186 tertius

639 3215 791 3272 gnata
819 3209 1264 3280 quinquagesimo
1294 3224 1448 3268 sexto
1487 3217 1555 3269 ab
1594 3217 1876 3271 obsidione
1912 3220 2000 3272 die
2041 3220 2187 3273 Con-
2213 3226 2252 3280 C
2288 3228 2407 3288 post
2442 3219 2827 3287 imperatorem
2859 3219 3169 3275 Graecorum
3193 3235 3290 3290 pro
3317 3219 3592 3277 Dorotheo
3616 3225 3850 3290 patriar-

639 3300 1010 3369 stanlinopoli,
1031 3303 1312 3372 imperium
1333 3306 1762 3361 Christianorum
1796 3309 2180 3376 imperatorum

583 3441 586 3446 .
641 3394 691 3446 in
714 3392 929 3449 Oritante
958 3411 1103 3454 anno
1135 3399 1499 3455 salutisJiSS
1525 3402 1761 3466 ﬁnitum,
1795 3404 1974 3459 nobile
2007 3417 2060 3461 et
2086 3423 2182 3460 an-

590 3519 595 3524 .
643 3491 996 3562 iquissimum
1033 3510 1048 3545 :
1085 3494 1227 3561 quod
1271 3496 1374 3550 sub
1422 3505 1686 3564 potestate
1731 3496 1968 3551 ﬁdelium
2026 3500 2184 3554 annis

639 3580 927 3632 duraverat
957 3581 1248 3650 nonaginta
1272 3591 1327 3636 et
1349 3598 1456 3637 uno
1485 3599 1657 3652 supra
1679 3597 1896 3638 centum
1930 3594 1984 3639 et
2014 3587 2182 3641 mille.

641 3670 700 3721 ιςι
722 3672 862 3738 quod
895 3680 1082 3724 notatu
1111 3671 1513 3747 dignissimum.
1539 3674 1930 3728 Constantinus
1959 3675 2185 3738 Magnus

626 3752 850 3816 Helena:
871 3761 1028 3826 ﬁlius,
1051 3763 1253 3830 primus
1278 3764 1403 3818 illud
1433 3764 1700 3829 fundavit,
1733 3774 1784 3819 et
1809 3767 1982 3819 erexit
2012 3767 2185 3819 :altcr

646 3869 768 3906 wro
814 3854 1203 3910 Constantinus
1254 3855 1683 3924 XVimperator,
1735 3853 1916 3910 itidem
1973 3855 2185 3910 Helena:

645 3947 808 4009 ﬁlius,
848 3945 974 4000 illud
1007 3948 1186 4000 amisit
1214 3965 1226 4000 τ
1260 3957 1317 4001 ut
1345 3948 1555 4000 initium
1584 3947 1673 4000 ﬁni
1700 3948 2074 4002 concordaret.

715 4037 769 4090 In
794 4039 892 4090 hac
913 4039 1236 4098 calamitate,
1258 4046 1309 4088 ct
1329 4037 1544 4112 publico
1567 4037 1911 4092 nobilissima!
1929 4039 2078 4094 urbis
2095 4054 2186 4093 ex-

643 4129 785 4183 cidio
811 4127 1046 4183 Isidorus
1067 4129 1373 4191 eardinalis,
1423 4128 1738 4196 pontiﬁcius
1766 4145 1827 4182 ea
1860 4139 2180 4199 tempestate

640 4224 703 4274 a.|
733 4221 1146 4277 Constantinum
1175 4219 1399 4285 legatus,
1428 4233 1454 4269 a
1487 4218 1739 4272 Barbaris
1759 4218 1822 4272 ad
1840 4235 2020 4273 necem
2044 4235 2188 4288 quaa-

640 4316 917 4382 situs,quo
941 4328 1000 4367 se
1028 4311 1461 4381 praesentissima:
1497 4309 1634 4364 cladi
1669 4309 1925 4376 eriperet,
1946 4309 2188 4364 fervente

640 4405 869 4458 mmultu
891 4403 1109 4456 mutatis
1142 4416 1368 4470 propere
1409 4416 1530 4455 cum
1551 4400 1784 4467 jacentis
1814 4401 2077 4454 cadavere
2101 4415 2187 4456 ve-

640 4498 834 4560 stibus,
861 4511 921 4548 ac
946 4495 1259 4562 fugientium
1296 4494 1460 4546 turbae
1495 4493 1764 4546 immistus
1789 4491 1919 4546 urbe
1946 4491 2184 4547 excessit

641 4585 946 4643 incolumis.
986 4560 1201 4644 \lerum,
1235 4584 1324 4650 qui
1355 4583 1612 4635 entcntito
1664 4583 1809 4635 cultu
1845 4591 2072 4636 mortem
2108 4583 2188 4638 ef—
2215 4560 2264 4618 D

641 4685 870 4745 lugeret,
894 4676 1030 4729 haud
1059 4673 1171 4743 pari
1195 4672 1409 4727 fortuna
1443 4673 1754 4725 servitutem
1775 4672 1988 4725 evasit:
2018 4672 2184 4740 siqui-

643 4770 761 4821 dem
799 4769 866 4820 ah
902 4763 1312 4834 insequentibus
1373 4763 1667 4816 victoribus
1716 4772 1928 4829 captus,
1975 4771 2030 4815 et
2059 4764 2184 4830 quis

645 4869 784 4913 mset
813 4860 881 4912 ob
905 4874 1080 4912 rasum
1109 4863 1344 4910 mentum
1375 4863 1686 4922 vestemque
1712 4855 2048 4922 peregrinam
2081 4869 2186 4906 non

650 4952 885 5018 agnitus.
931 4949 1288 5034 pihilominus
1321 4947 1370 5000 in
1405 4946 1719 4999 servitutem
1773 4945 2038 4999 abductus
2083 4953 2187 5000 est.

649 5045 849 5096 interea
876 5043 1125 5103 cadaver,
1151 5039 1291 5109 quod
1311 5046 1658 5107 purpuratum
1691 5035 1948 5089 EceleSiaz
1968 5044 2188 5108 senato-

653 5146 760 5185 rem
799 5147 859 5185 ex
890 5131 1081 5199 injecta
1113 5131 1296 5185 lsidori
1335 5138 1480 5182 veste
1511 5125 1891 5187 mentiebatur,
1925 5127 2018 5192 qui
2048 5125 2190 5181 desi-

2291 3310 2391 3362 eha
2443 3309 2888 3364 Antiochenohis
2949 3311 3131 3365 verbis
3177 3311 3501 3378 subscripsit
3543 3328 3558 3366 :
3602 3310 3851 3366 Isidorus

2292 3399 2620 3468 metropolita
2656 3399 2964 3453 ’Kioviensis
3030 3401 3288 3477 totiusque
3322 3399 3557 3467 Παιδία,
3595 3415 3644 3458 et
3675 3405 3848 3458 locum

2293 3506 2467 3545 tenens
2489 3491 2792 3559 apostolica:
2822 3491 2960 3544 sedis
2979 3491 3296 3544 sanctissimi
3322 3493 3645 3558 patriarcha:
3674 3495 3846 3547 domi-

2291 3582 2344 3632 ni
2378 3581 2626 3633 Dorotltei
2647 3582 2777 3634 satis
2812 3581 3004 3634 habens
3038 3580 3340 3648 subscripsi.
3368 3581 3424 3634 In
3459 3584 3648 3636 eadem
3679 3599 3850 3654 synoc

2292 3671 2599 3738 do'piuries
2631 3663 2834 3724 hisidori
2872 3672 3077 3725 mentio
3139 3672 3440 3742 ingeritur;
3481 3675 3728 3729 sessione
3759 3676 3850 3736 25.

2291 3775 2428 3824 cum.
2449 3761 2516 3816 de
2541 3763 2888 3831 processione
2907 3761 3144 3832 Spiritus
3168 3765 3645 3830 sanctiageretur,
3677 3765 3852 3823 Isido-

2293 3868 2384 3906 tus
2413 3847 2544 3907 ante
2570 3852 2946 3908 Bessarionem
2977 3855 3114 3908 dixit
3148 3873 3162 3910 :
3200 3855 3438 3910 Dicimus
3469 3855 3702 3922 Spiritus
3727 3877 3851 3913 san-

2233 4014 2235 4016 _
2293 3944 2362 3994 cti
2388 3945 2760 4009 processionem
2794 3943 2939 3997 Filio
2964 3961 3162 4013 quoque
3183 3946 3339 3998 tribui
3369 3963 3470 3998 non
3491 3951 3661 4000 solum
3688 3965 3720 4001 a
3750 3949 3851 4002 Pa-

2293 4035 2457 4088 tribus
2483 4033 2929 4100 Occidentalibus,
2960 4035 3047 4088 sed
3069 4037 3226 4086 etiam
3263 4035 3648 4089 Orientalibus.
3697 4037 3847 4100 Qua-

2291 4137 2501 4195 propter
2539 4143 2744 4196 wquum
2767 4136 2951 4209 est,.ul
2979 4137 3182 4180 sanctos
3209 4134 3410 4180 nostra:
3439 4138 3707 4196 sequentes
3735 4145 3851 4181 cum

2291 4218 2527 4272 Romana
2558 4218 2792 4274 Ecclesia
2823 4220 3221 4288 conjungamur.

2365 4311 2492 4364 Erat
2523 4319 2701 4363 autem
2749 4307 2986 4363 Isidorus
3029 4306 3326 4364 cardinalis
3353 4311 3440 4364 vir
3483 4310 3852 4378 undecunque

2293 4401 2659 4465 doctissimus,
2682 4400 2963 4468 theologus
2985 4401 3287 4456 Graecorum
3309 4403 3558 4472 insignis,
3580 4403 3634 4457 in
3650 4402 3852 4456 divinis

2293 4491 2588 4560 Scripturis
2607 4492 2847 4560 apprime
2871 4498 3140 4551 versatus.
3157 4476 3377 4562 ingenio
3397 4492 3612 4547 subtilis
3627 4501 3678 4547 et
3700 4507 3851 4556 acer,

2294 4582 2346 4636 in
2379 4581 2608 4635 dicendo
2631 4595 2896 4635 nervosus
2918 4589 2970 4634 et
3003 4581 3220 4648 gravis:
3257 4581 3376 4649 ejus
3397 4580 3706 4636 facundiam
3729 4591 3852 4635 tan-

2293 4687 2454 4739 quam
2483 4687 2548 4726 ex
2578 4686 2756 4746 ungue
2785 4671 2997 4724 leonem
3027 4707 3044 4732 ,
3071 4685 3138 4724 ex
3168 4670 3424 4739 epistola,
3444 4685 3550 4739 qua
3585 4672 3637 4724 in
3665 4671 3847 4724 Thra-

2293 4763 2374 4816 cia
2406 4760 2647 4829 Byzantii
2677 4760 3035 4828 direptionem
3073 4768 3127 4813 et
3170 4760 3424 4814 acerbum
3489 4760 3649 4812 funus
3685 4761 3850 4819 luxit.

2296 4849 2494 4904 Paulus
2523 4848 2804 4903 Cortesius
2825 4848 2888 4902 de
2909 4849 3244 4903 cardinalatu
3272 4855 3609 4915 perspectam
3639 4847 3849 4899 habuit.

2297 4944 2481 4998 Dictus
2510 4941 2725 4996 alicubi
2777 4943 3037 5011 facundus
3075 4938 3376 4994 Grecorum
3406 4943 3615 5006 doctor,
3647 4950 3696 4992 ct
3729 4957 3851 5008 gem

2300 5040 2361 5090 tis
2391 5036 2565 5088 decus.
