4006 6338
171 441 288 504 953

648 598 2961 638 Μ

1062 455 1157 512 AD
1200 455 1836 524 CiiRlSTtFIDELES
1879 467 1971 525 DE
2015 466 2238 526 CAPTA
2278 469 2510 529 CPOLI.

3290 467 3386 540 05!
3433 533 3436 536 .

1465 775 2115 890 lSlDORUS

816 991 1286 1054 CARDINALIS
1329 996 1778 1071 RUTHENUS,
1809 1002 2228 1064 EPISCOPUS
2285 1008 2732 1071 SABINENSIS

1322 1076 1324 1078 ’
1390 1117 1736 1177 LEGATUS
1769 1104 2216 1191 PONTIFlClS,

1117 1235 1560 1327 UNIVERSIS
1622 1268 1881 1330 emus
1893 1271 2450 1336 TIFIDELIBUS.
2523 1333 2527 1337 ,

1332 1424 1624 1488 (Reussner,
1675 1429 1757 1477 ubi
1799 1416 1971 1492 supra,
2010 1444 2059 1493 p.
2106 1432 2235 1494 104.)

199 1701 207 1715 ’
230 1720 458 1789 Audite,
484 1734 674 1775 omnes
693 1731 902 1790 gentes,
924 1721 1107 1775 audite
1129 1730 1180 1777 et
1205 1723 1426 1782 aurihtis
1457 1703 1722 1796 percipite

1851 1707 2039 1766 Turcae
2071 1713 2412 1769 contumeliis
2443 1723 2780 1786 opportunas
2815 1734 3074 1788 personas
3107 1734 3167 1777 ut
3208 1740 3384 1781 mere-

135 1844 138 1846 -
166 1811 266 1884 qui
304 1801 566 1865 habitatis
596 1806 794 1865 orbem
814 1811 856 1862 ⁸.
887 1809 1085 1866 Audite
1109 1813 1222 1888 haec
1247 1814 1451 1880 omnia,
1478 1815 1568 1883 qui
1604 1815 1733 1869 fide-

151 1899 282 1951 ‘lem
318 1900 471 1953 orbis
521 1909 727 1970 partem
780 1901 1038 1970 incolitis,
1088 1907 1342 1974 ministri,
1389 1921 1634 1976 pastores
1675 1917 1729 1964 et

172 1988 460 2058 principes
498 1994 738 2044 omnium
789 1993 1153 2049 Ecclesiarum
1190 1998 1389 2054 Christi
1424 2017 1438 2052 :
1490 2001 1728 2056 universi

167 2096 400 2150 quoque
435 2096 587 2151 reges
617 2096 681 2136 ac
715 2082 992 2151 principes
1022 2082 1379 2147 Christicolae,
1419 2099 1483 2138 ac
1513 2084 1705 2140 univer

166 2187 271 2228 sus
299 2173 516 2227 Domini
551 2173 777 2242 populus
806 2188 928 2228 cum
962 2174 1223 2244 religiosis
1251 2177 1480 2231 cunctis.
1509 2176 1726 2243 Audite,

170 2263 428 2330 inquam,
455 2272 510 2316 et
538 2273 724 2316 notum
765 2261 834 2317 sit
868 2261 1045 2327 vobis,
1099 2264 1240 2333 quod
1281 2281 1584 2335 praecursor
1615 2266 1728 2321 veri

165 2352 533 2417 Antichristi,
556 2351 862 2406 Turcorum
891 2353 1141 2423 princeps
1157 2363 1210 2408 et
1229 2355 1508 2428 dominus.
1537 2371 1728 2411 servus

168 2453 361 2497 autem
387 2449 466 2497 tot
487 2442 892 2505 daemoniorum,
937 2455 1068 2512 quot
1111 2445 1388 2502 vitiorum.
1435 2446 1591 2513 cuius
1618 2463 1727 2501 no-

106 2560 109 2561 ν
170 2547 302 2600 men
353 2541 442 2591 est
487 2533 783 2597 Mahumet,
820 2533 1074 2588 inimicus
1099 2535 1278 2590 crucis
1299 2536 1525 2614 Christi,
1558 2537 1728 2592 haeres

168 2621 248 2674 rei
276 2629 332 2674 et
359 2621 593 2676 nominis
619 2625 763 2696 illius
796 2625 954 2696 primi
1000 2625 1482 2696 pseudOprophette
1515 2664 1530 2690 ,
1568 2636 1623 2682 et
1654 2629 1729 2681 la-

169 2707 319 2759 toris
360 2707 493 2776 lcgis
523 2692 887 2776 spurcissima
919 2714 1309 2781 Agarenorum,
1347 2715 1487 2770 illius
1518 2715 1728 2772 Satanrc

170 2796 429 2848 omnium
467 2795 921 2864 ﬂagitiosissimus
945 2819 958 2854 :
984 2801 1073 2869 qui
1108 2802 1264 2858 furiis
1298 2803 1539 2859 invectus
1569 2816 1621 2859 et
1647 2807 1728 2858 in-

165 2887 350 2949 sania,
378 2889 690 2958 sanguinem
714 2889 1149 2945 Christianorum
1181 2893 1298 2947 sine
1327 2894 1725 2952 intermissione

166 2978 324 3043 sitit;
364 2994 464 3034 nec
493 2979 764 3051 exstingui
792 2981 931 3034 valet
960 2981 1078 3051 ejus
1113 2982 1234 3038 sitis
1263 2995 1402 3053 post.
1423 3001 1607 3041 eorum
1639 2987 1725 3041 in-

167 3084 430 3123 numeras
461 3071 671 3134 credes;
704 3079 962 3140 tantoque
992 3073 1120 3128 odio
1144 3085 1331 3128 contra
1362 3075 1635 3131 Christum
1665 3087 1721 3134 et

165 3160 412 3214 membra
445 3161 564 3231 ejus
600 3172 844 3217 movetur
867 3203 881 3226 ,
914 3172 973 3218 ut
1013 3164 1234 3220 eradere
1267 3181 1463 3221 nomen
1496 3167 1613 3237 ejus
1655 3176 1720 3225 de

165 3259 315 3329 terra
351 3249 590 3314 nitatur;
615 3260 667 3305 et
697 3252 938 3320 inspecto
961 3254 1142 3329 aliquo
1162 3255 1474 3312 Christiano
1505 3258 1605 3314 sibi
1627 3261 1722 3315 ob-

162 3325 354 3394 viante
391 3352 451 3395 se
500 3341 626 3397 inde
682 3344 958 3398 existimat
1002 3325 1362 3411 sordidatum,
1412 3359 1472 3402 ut
1529 3350 1719 3404 oculos

165 3431 372 3495 abluat,
412 3436 466 3484 et
502 3445 586 3492 os,
649 3430 984 3486 immundum
1019 3446 1076 3486 se
1109 3433 1370 3502 profiteris
1395 3434 1568 3502 prius.
1602 3433 1717 3489 Hoc

168 3520 340 3587 igitur
368 3527 476 3574 tam
513 3520 752 3575 terribile
793 3533 846 3576 et
884 3522 1217 3577 horrendum
1250 3534 1575 3588 monstrum,
1605 3526 1719 3580 exi-

166 3611 424 3679 gentibus
447 3613 725 3669 demeritis
762 3612 1214 3682 Christianorum,
1249 3643 1256 3653 α
1267 3616 1417 3686 justo
1458 3616 1549 3670 Dei
1574 3617 1716 3687 judi-

82 3729 92 3735 τ
165 3704 276 3767 cio,
307 3700 366 3756 in
397 3718 490 3758 eos
522 3699 711 3758 saevire
743 3717 804 3757 ac
821 3706 1056 3775 grassari
1090 3707 1410 3775 permissus.
1443 3709 1715 3763 civitatem

168 3793 504 3859 imperialem
559 3778 790 3847 Novam
827 3795 1084 3861 Romam,
1135 3786 1260 3851 olim
1323 3797 1715 3862 felicissimam,

169 3896 316 3935 nunc
353 3882 731 3948 miserrimam,
771 3890 826 3937 et
851 3887 996 3936 omni
1029 3884 1338 3938 calamitate
1371 3900 1709 3954 oppressam,

167 3975 721 4042 Constantinopolim,
775 3974 864 4028 diu
920 3976 1194 4054 obsessam
1237 3977 1398 4046 cepit,
1436 3992 1713 4050 expugna-

167 4065 264 4130 vit,
296 4063 550 4134 spoliavit
581 4065 832 4120 omnibus
864 4067 1041 4128 bouis.
1068 4078 1122 4125 et
1147 4082 1278 4137 pene
1309 4068 1540 4123 delevit.

236 4156 376 4223 Quis
425 4163 603 4209 autem
666 4158 750 4226 (ut
792 4159 969 4212 verbis
1017 4165 1142 4224 utar
1181 4161 1520 4229 propltctze')
1569 4162 1716 4217 dabit
1758 4158 1760 4161 ’

168 4247 342 4317 capiti
371 4261 491 4301 meo
520 4261 737 4315 aquam,
771 4256 824 4300 et
856 4247 1030 4301 oculis
1055 4249 1187 4303 meis
1215 4247 1415 4304 fontem
1455 4251 1717 4321 lacryma-

1853 1801 2071 1855 triculas
2101 1811 2155 1856 et
2195 1804 2246 1856 in
2279 1805 2523 1874 lupanari
2551 1810 2866 1875 prostitutas
2901 1814 3219 1883 trahebant;
3257 1820 3381 1873 talia

1848 1897 1902 1941 et
1935 1899 2078 1945 tanta
2112 1904 2300 1947 contra
2329 1911 2420 1949 eas
2446 1899 2696 1965 agebant,
2724 1912 2922 1962 quanta
2959 1906 3024 1960 de
3063 1907 3234 1962 brutis
3264 1910 3385 1962 ani-

1837 1974 2086 2034 malibus.
2132 1988 2186 2030 et
2233 1980 2412 2046 qualia
2466 1986 2586 2036 sine
2625 1985 2824 2038 rubore
2870 1984 2970 2040 fari
3006 1989 3228 2044 minime
3255 1991 3380 2060 quis

1832 2063 2042 2117 valeat:
2067 2067 2495 2124 adolescentulos
2518 2070 2800 2140 utriusque
2825 2088 2990 2130 sexus
3018 2090 3046 2129 a
3066 2081 3379 2146 parentibus

1833 2157 2208 2224 segregabam,
2231 2160 2511 2214 etdivisim
2536 2163 2602 2218 de
2623 2164 2701 2218 eis
2723 2164 2897 2232 pretio
2920 2167 3335 2236 negotiabantur
3361 2189 3378 2224 :

1834 2243 2066 2302 infantes
2137 2246 2327 2304 ceram
2405 2254 2745 2320 genitoribus
2809 2256 2925 2312 suis
2990 2266 3048 2312 ttt
3099 2263 3378 2328 agniculos

1834 2338 2173 2403 mactabam;
2233 2349 2433 2396 matres
2498 2343 2644 2409 ﬁliis,
2707 2353 2762 2398 et
2821 2347 2984 2416 geniti
3025 2339 3380 2417 genitrieilius

1833 2429 2184 2495 privabantur
2214 2446 2231 2486 :
2259 2435 2498 2502 germani
2543 2450 2572 2488 a
2613 2435 2899 2502 fratribus,
2928 2456 3127 2496 uxores
3156 2459 3185 2495 a
3219 2445 3373 2507 viris,

1832 2535 2001 2599 nurus
2037 2536 2064 2574 a
2095 2526 2362 2578 socrubus
2389 2526 2701 2594 lugentibus
2739 2538 2794 2583 et
2833 2531 3170 2586 ululantibus
3194 2543 3378 2602 aegre-'-

1828 2597 2135 2678 gabantur:
2179 2613 2440 2682 disjuncti
2475 2618 2864 2688 consanguinei
2904 2628 2957 2674 et
2995 2621 3154 2675 amici
3197 2597 3376 2677 invdi-

1830 2702 1998 2756 versis
2015 2705 2324 2770 regionibus
2348 2709 2485 2761 servi
2525 2711 2726 2764 venditi
2759 2713 3093 2767 ducebantur
3110 2753 3123 2765 .
3147 2713 3190 2768 Ο
3214 2729 3372 2782 quam

1829 2790 2022 2846 amara:
2067 2796 2350 2866 lacrymaal
2389 2816 2422 2853 ο
2452 2809 2653 2868 quanta
2697 2787 2973 2873 suspiria!
3029 2819 3062 2858 ο
3099 2813 3230 2874 quot
3255 2805 3372 2860 cla-

1829 2889 1962 2938 mosi
2004 2888 2272 2957 singultus
2323 2891 2464 2948 iuter
2512 2894 2717 2949 amicos
2748 2903 2802 2948 et
2837 2905 3023 2960 notos,
3053 2913 3172 2965 qua:
3211 2898 3375 2953 mise-

1830 2976 2026 3033 rabiles
2085 2994 2244 3036 voces
2298 2984 2685 3038 cmittebantur
2732 2985 2878 3039 inter
2933 2993 3114 3040 tantas
3175 2989 3374 3052 caedes,

1829 3069 2138 3133 servitutes.
2168 3073 2516 3142 expulsiones
2545 3084 2597 3129 et
2628 3077 3028 3132 contumelias!
3059 3077 3360 3147 Principes,

1827 3159 2059 3214 barones
2095 3169 2148 3216 et
2178 3161 2418 3234 domini,’
2444 3164 2823 3231 bubulcorum,
2856 3165 3245 3237 porcariorttm,
3276 3168 3373 3222 lto-

1826 3250 2171 3315 muncionum
2218 3249 2393 3306 en'eeti
2443 3263 2570 3307 sunt
2612 3255 2836 3320 famuli;
2871 3255 3012 3310 intra
3042 3257 3370 3312 decennium
3419 3278 3422 3282 ’

1824 3353 2022 3407 pueros
2104 3341 2172 3396 ad
2234 3343 2372 3397 ritus
2434 3357 2545 3398 suae
2594 3344 2811 3414 perﬁdae
2850 3355 3034 3411 .sccla'
3082 3347 3370 3418 compelle-

1823 3430 1968 3483 bant.

1892 3599 2030 3655 lleul
2074 3603 2347 3669 quomodo
2376 3603 2728 3662 obscuratum
2759 3617 2843 3664 est
2873 3623 3064 3664 aurum
3100 3607 3365 3681 fulgidum

1821 3692 2097 3758 sapientia;
2139 3682 2234 3762 per
2285 3696 2534 3751 tenebras
2575 3697 2924 3768 ignorantia:
2955 3691 3155 3755 aurum
3185 3690 3365 3770 digni-

1821 3785 1946 3836 tatis
1999 3798 2093 3851 per
2139 3786 2532 3854 ignobilitatem
2592 3790 3205 3859 servitutislquomodo
3242 3805 3369 3845 mu—

1821 3881 1962 3928 tatus
2007 3864 2097 3944 est~
2129 3877 2279 3932 color
2309 3876 2546 3945 optimus
2567 3878 2764 3934 Graeca:
2791 3881 3112 3950 eloquentiae
3143 3883 3196 3934 in
3225 3883 3359 3936 bare

1820 3964 2021 4020 hariem
2067 3964 2314 4022 Turciae!
2369 3966 2597 4037 Lapides
2642 3973 2953 4038 sanctuarii,
2988 3974 3033 4029 si
3080 3975 3171 4045 qui
3200 3969 3364 4032 erant

1816 4066 2129 4114 constantes
2164 4057 2220 4113 in
2250 4058 2374 4127 fide,
2404 4060 2633 4128 dispersi
2662 4074 2794 4118 sunt
2824 4064 2876 4116 in
2913 4066 3090 4134 capite
3115 4067 3362 4122 omnium

1820 4150 2026 4200 viarum
2057 4146 2299 4212 jacentes
2347 4150 2623 4216 prostrati.
2683 4151 2757 4207 De
2809 4156 3020 4209 caeteris
3057 4167 3393 4222 taceamus.-

1820 4239 1937 4303 quze
1979 4241 2207 4287 humana
2239 4246 2387 4302 sunt,
2418 4239 2509 4290 setl
2553 4239 2618 4293 de
2645 4239 2881 4309 injuriis,
2910 4240 3352 4302 subsannationi-

172 4350 295 4390 rum
323 4379 340 4403 ,
390 4347 449 4390 ut
486 4339 698 4406 plorare
744 4339 948 4392 valeam
981 4339 1067 4393 die
1099 4355 1162 4394 ac
1201 4349 1358 4396 nocte
1399 4321 1715 4400 iriterl‘ectos
1747 4381 1787 4435 ο
1825 4321 2340 4435 ¹²¹¹⁸οιξ³⁰¹¹ί¹¹¹¹¹ῗ¹ίξξ³
2366 4326 2669 4435 ονξῖτθδτίξδ
2717 4329 2956 4435 δὀθξθξίξξ
3010 4348 3135 4403 "Ea
3173 4334 3356 4435 dm“?

170 4427 359 4495 populi
421 4426 588 4489 illius,
637 4436 694 4482 et
759 4429 1172 4484 sceleratissima
1232 4432 1515 4501 sacrilegia
1561 4438 1613 4487 in
1657 4450 1720 4490 ea

171 4525 399 4587 captura
423 4525 724 4584 perpetrata
740 4516 763 4569 ?
779 4517 913 4582 Quis
937 4517 1095 4585 hujus
1114 4519 1493 4575 horribilitatis
1514 4537 1723 4575 memor

172 4623 281 4662 non
334 4606 732 4686 Obstupescat?
763 4622 868 4661 non
917 4607 1248 4688 lethargicus
1301 4609 1432 4663 ﬁat?
1469 4626 1574 4664 non
1611 4627 1722 4682 prae

172 4699 361 4753 dolore
389 4698 726 4770 Obmutescat
751 4697 774 4750 2
801 4695 908 4752 Nec
933 4707 1111 4752 tamen
1144 4698 1338 4754 cuncta
1360 4703 1603 4758 enormia
1630 4721 1722 4759 ex-

175 4791 413 4859 plicabo,
457 4802 525 4843 ne
575 4789 674 4856 pia:
721 4803 881 4842 aures
931 4789 1123 4844 audire
1163 4789 1471 4861 refugiant:
1509 4794 1602 4848 sed
1657 4811 1721 4851 ex

173 4878 524 4944 paucissimis
571 4878 755 4934 relatis
794 4881 1099 4949 cogitentur
1134 4881 1261 4935 alia.
1325 4881 1423 4938 Hic
1453 4885 1724 4941 nefandus

176 4974 443 5036 tyrannus
490 4968 799 5023 nominibus
847 4969 1194 5039 blasphemiae
1244 4972 1460 5040 plenus,
1496 4976 1717 5033 civitate

178 5065 412 5126 recepta,
457 5069 581 5128 post
635 5060 1095 5130 .decapitationem
1161 5061 1496 5131 imperatoris
1531 5109 1546 5133 ,
1597 5085 1714 5124 eun

179 5147 327 5202 omni
371 5150 469 5202 sua
506 5148 760 5217 progenie
785 5157 837 5202 et
869 5151 1181 5216 nebilitate,
1231 5156 1496 5220 plurimos
1532 5158 1722 5215 ferreis

181 5238 413 5293 manicis
455 5248 508 5293 et
557 5238 908 5306 compedibus
960 5241 1226 5308 alligatos,
1254 5259 1315 5297 ac
1346 5246 1501 5301 collis
1531 5263 1716 5303 eorum

124 5351 136 5358 —
182 5327 401 5382 funibus
431 5329 644 5396 cinctis,
671 5339 822 5384 extra
860 5330 1046 5383 urbem
1079 5332 1300 5389 deduxit
1331 5354 1343 5390 :
1382 5338 1577 5394 milites
1604 5343 1721 5410 ejus

184 5419 412 5480 nobiles,
437 5422 699 5488 plebeios,
729 5423 1024 5476 monachos
1051 5432 1104 5477 ct
1147 5428 1641 5494 monacbas,mares
1669 5447 1721 5488 et

198 5508 446 5572 feminas,
478 5511 674 5565 virtute
692 5521 743 5566 et
774 5511 1079 5566 conditione
1112 5519 1420 5582 przeclaros,
1457 5525 1720 5592 vitupera-

177 5597 362 5651 biliter
390 5598 688 5664 detractos,
721 5602 905 5656 multis
933 5601 1154 5670 injuriis
1283 5605 1469 5665 affecit.
1618 5613 1714 5688 Ubi

256 5796 270 5824 ί
294 5792 428 5848 Jocl.
461 5810 498 5858 ι,
522 5795 573 5846 ει.
652 5797 669 5825 ¹
699 5793 893 5848 Jcrcm.
935 5810 1006 5861 ix,
1039 5797 1091 5850 ‘2.

1825 4424 1937 4476 quae
1956 4411 2132 4478 lingua
2147 4411 2319 4465 valeat
2338 4415 2638 4482 explicare?
2661 4419 2784 4486 quis
2805 4419 3105 4477 intellectus
3128 4430 3369 4495 capere?

1824 4516 1939 4570 qua:
1960 4515 2114 4555 aures
2137 4501 2405 4570 patienter
2425 4505 2651 4562 audire?
2680 4506 2739 4560 Ni
2767 4507 2943 4575 fallor,
2968 4527 3255 4583 numquam
3282 4519 3355 4573 ita

1826 4591 2176 4650 inhonoratus
2206 4595 2367 4650 Deus.
2398 4595 2556 4661 Deus,
2589 4609 2848 4654 venerunt
2889 4615 3074 4672 gentes
3103 4587 3362 4675 gehennae

1820 4686 2010 4740 deditae
2042 4687 2092 4738 ln
2134 4685 2498 4741 haereditatem
2535 4701 2700 4754 tuam,
2732 4707 2850 4758 qua:
2895 4695 3060 4747 Israel
3090 4708 3170 4749 est
3197 4705 3245 4749 te
3272 4698 3352 4750 vi-

1821 4779 1950 4833 dens
1976 4793 2069 4847 per
2088 4779 2267 4833 ﬁdem.
2295 4780 2605 4834 Polluerunt
2627 4782 2880 4851 templum
2900 4793 3144 4856 sanctum
3180 4795 3359 4852 tuum,

1819 4870 2106 4924 ecclesiam
2149 4867 2539 4931 nobilissimam
2574 4869 2632 4924 S.
2663 4868 2876 4942 Sephim
2909 4890 3014 4928 una
3042 4891 3175 4943 cum,
3197 4878 3351 4930 aliis:

1821 4959 2074 5029 imagines
2132 4957 2340 5011 Domini
2403 4959 2567 5013 nostri
2627 4959 2751 5016 Jesu
2799 4963 3034 5031 Christi,
3077 4976 3132 5022 et
3165 4966 3351 5022 Matris

1821 5052 1954 5120 ejus,
1986 5049 2219 5119 Virginis
2249 5050 2583 5116 gloriosae,et
2608 5047 2918 5108 san’ctorum
2950 5071 3012 5109 ac
3043 5065 3352 5111 sanctarum

1822 5145 1928 5209 Dei,
1965 5143 2196 5212 insignia
2223 5141 2444 5198 viviﬁca‘.
2492 5145 2670 5198 crucis
2702 5155 3088 5214 conspuentes,
3115 5147 3360 5202 confrin-

1820 5242 2024 5303 gentes,
2051 5231 2435 5288 conculcantes
2463 5249 2478 5297 ;
2518 5243 2865 5288 sacrosancta
2888 5234 3201 5303 Evangelia,
3226 5237 3356 5298 Mis-

1819 5323 1948 5378 salia
1991 5334 2044 5378 et
2090 5322 2325 5391 reliquos
2371 5322 2611 5377 ecclesiae
2657 5322 2822 5377 libros
2853 5324 3232 5392 dilacerantes,
3266 5327 3356 5382 de-

1821 5420 2114 5481 turpantes,
2146 5412 2554 5475 comburentes;
2577 5425 2762 5466 sacras
2779 5423 2956 5467 vestes
2985 5412 3351 5477 sacerdotum,

1823 5505 2133 5572 reliquaque
2177 5512 2493 5558 ornamenta
2539 5503 2778 5579 ecclesiae
2817 5503 3143 5566 scindentes,
3173 5503 3238 5554 ad
3270 5503 3353 5555 in-

1819 5598 2129 5649 dumentum
2191 5612 2345 5650 suum
2399 5604 2453 5649 et
2509 5605 2756 5671 ornatum
2815 5592 3214 5658 sunientcs,vel
3249 5609 3355 5660 pro

1820 5685 1907 5739 \‘ili
1940 5685 2110 5752 pretio
2133 5685 2473 5740 conferentes
2553 5701 2678 5740 vasa
2709 5686 2912 5741 Domini
2944 5694 2996 5739 et
3023 5684 3142 5752 ejus
3177 5684 3346 5737 culzui
