4006 6338
659 369 764 432 955

658 567 913 632 conﬂata,
957 573 1021 625 ad
1056 574 1310 642 profanos
1345 594 1477 633 usus
1506 581 1922 640 transferentes.

731 659 1034 714 Posuerunt
1074 663 1306 734 denique
1348 682 1540 724 carnes
1593 684 1912 729 sanctorum
1961 688 2198 742 tuorum,

661 751 946 806 morticina
993 767 1268 829 servorum
1331 769 1568 827 tuorum,
1619 767 1881 836 reliquias
1920 769 2197 825 beatorum

657 852 972 906 corporum,
1038 859 1190 900 escas
1243 849 1556 904 volatilibus
1599 855 1768 908 eteli:
1820 856 2200 926 dispergentes

658 922 784 981 hinc
811 930 934 984 inde
991 948 1186 998 carnes
1247 948 1561 994 sanctorum
1610 951 1846 1011 tuorum,
1888 963 2025 1016 quos
2058 954 2203 1005 oeci-

658 1019 887 1086 dehaat,
919 1024 1108 1080 bestiis
1139 1014 1296 1081 terra:
1327 1046 1340 1081 :
1372 1045 1478 1082 non
1509 1034 1648 1099 eral,
1682 1037 1774 1103 qui
1805 1039 2078 1106 sepeliret.
2110 1042 2200 1095 Al-

659 1112 794 1164 taria
841 1111 1200 1176 suilederunt,
1231 1116 1546 1176 invocantes
1576 1139 1768 1178 nomen
1792 1127 2058 1183 maledicti
2091 1130 2198 1185 .lla-

651 1191 877 1266 homcti,
932 1203 1211 1261 laudantes
1243 1225 1365 1262 eum
1401 1215 1464 1265 de
1494 1213 1740 1270 victoria.

723 1291 927 1347 Omitto
954 1311 1062 1365 pne
1091 1299 1314 1366 pudore,
1351 1303 1490 1369 quod
1517 1305 1849 1376 mingebant,
1871 1312 2198 1367 stercoriza-

653 1380 803 1445 bant,
851 1385 1030 1439 omnia
1089 1388 1464 1458 vituperabilia
1508 1398 1837 1452 exercebant
1868 1400 1918 1452 in
1955 1386 2192 1469 templis,

653 1469 979 1539 imaginibus
1034 1485 1087 1530 ct
1141 1481 1386 1549 reliquiis
1429 1486 1688 1552 sanctis;
1737 1501 1923 1544 sancta
1971 1493 2195 1555 canibus

651 1558 886 1624 dabant;
935 1568 1255 1634 margaritas
1303 1560 1771 1628 sacramentorum
1819 1586 1943 1633 ante
1993 1596 2186 1648 porcos

654 1647 1034 1712 projicicbant.
1096 1652 1232 1707 Dum
1276 1656 1389 1710 haec
1431 1661 1633 1723 recolo,
1679 1673 1823 1718 totus
1865 1683 1928 1720 ex
1969 1647 2192 1727 horrore

646 1743 1006 1796 contremisco
1033 1761 1046 1795 :
1095 1760 1194 1799 nec
1227 1749 1448 1804 ulterius
1477 1753 1611 1820 style
1641 1769 1862 1812 exarare
1900 1776 2041 1829 queo
2073 1765 2192 1818 illo-

1695 379 1989 442 ISIDORI
2030 384 2129 444 AD
2167 385 2807 452 CHRISTIFIDELES

659 479 923 544 dedicata,
951 480 1000 533 in
1023 482 1100 537 eis
1128 485 1468 556 comedentes
1491 498 1543 543 et
1566 488 1831 557 bibentes,
1864 494 1914 546 in
1947 494 2209 564 reliquum
2237 509 2287 567 Α

3752 395 3846 458 956

2395 499 2487 552 llis
2529 502 2890 556 atrocisszmis
2921 503 3083 559 rebus
3115 519 3222 560 non
3254 513 3544 562 contentus
3587 507 3849 564 callidissi-

2293 606 2430 662 ‘mtts
2467 599 2521 644 et
2551 595 3364 663 cruentissimusMahometus,
3399 597 3844 654 Christicolarum

2305 696 2555 737 summus
2601 682 2898 747 inimicus,
2950 687 3014 740 ad
3067 687 3325 742 ulteriora
3369 703 3430 744 se
3479 691 3761 744 extendit:
3799 702 3849 745 et

2305 771 2553 825 triremes
2578 773 2720 825 inter
2737 788 2958 844 magnas
2978 785 3032 830 et
3054 791 3249 846 parvas
3265 778 3374 846 jam
3394 788 3616 834 centum
3641 789 3848 846 septua-

2301 860 2444 927 ginta
2474 865 2790 931 praeparavit
2816 905 2831 928 ,
2853 874 2905 918 et
2936 865 3001 919 ad
3034 882 3182 922 mare
3215 866 3458 936 λεεωεοω
3494 869 3647 925 misit
3675 872 3736 924 ad
3762 875 3844 924 in—

2299 948 2445 1003 aulas
2476 950 2739 1019 Cycladas
2774 951 2876 1007 sibi
2911 954 3294 1024 subjiciendus.

2372 1038 2581 1096 Exinde
2634 1058 2693 1097 se
2761 1054 3032 1114 praeparat
3093 1062 3216 1100 cum
3271 1049 3483 1103 inﬁnito
3511 1050 3746 1102 exercitu
3777 1050 3840 1102 ad

2299 1137 2408 1181 tres
2466 1129 2629 1184 urbes
2671 1132 2939 1188 notabiles
2973 1142 3023 1186 et
3053 1144 3301 1201 potentes
3330 1152 3495 1204 prope
3546 1135 3838 1190 Danubium

2298 1216 2432 1272 sitas
2496 1221 2922 1289 transmigrare,
2990 1238 3195 1292 easque
3268 1241 3616 1294 expugnare:
3685 1243 3838 1281 unam

2297 1322 2460 1376 quam
2511 1307 2756 1364 Periston
2817 1327 3218 1382 nuncupamus,
3257 1315 3484 1391 alteram
3531 1315 3838 1381 Forabiutn,

2293 1399 2504 1452 tertiam
2551 1398 2969 1470 Bellogradum,
3025 1404 3314 1459 intendens
3357 1416 3480 1475 post
3525 1415 3691 1462 totam
3725 1425 3837 1476 per-

2292 1500 2512 1540 currere
2563 1484 2850 1558 Ungariam
2884 1527 2902 1554 ,
2954 1505 3183 1560 eamque
3222 1494 3478 1563 spoliare.
3534 1495 3833 1559 devastare,

2291 1586 2610 1634 conterere:
2657 1589 2715 1634 ut
2744 1583 3014 1637 neminem
3051 1592 3196 1638 retro
3228 1600 3285 1640 se
3309 1585 3548 1641 dimittat
3580 1587 3833 1653 impedire

2294 1668 2358 1720 ad
2383 1667 2488 1721 alia
2523 1668 2640 1723 loca
2671 1671 2946 1738 proﬁcisci
2976 1673 3268 1728 volentem.
3293 1674 3436 1740 Quin
3463 1677 3626 1730 etiam
3655 1678 3718 1731 ad
3742 1676 3838 1732 lta-

2292 1758 2415 1811 liam
2459 1774 2620 1826 quam
2651 1763 2813 1816 citius
2854 1765 3239 1834 transmigrare
3268 1766 3548 1819 contendit
3576 1807 3593 1831 ,
3641 1768 3871 1838 prazpa-'

653 1845 772 1884 rum
800 1833 1041 1924 piacula,
1068 1844 1121 1890 et
1161 1837 1283 1892 lldei
1317 1839 1640 1897 Christiatnc
1665 1848 1943 1924 religionis
1972 1853 2153 1907 irrisio
2172 1885 2191 1892 --

2299 1861 2420 1900 rare
2456 1863 2672 1916 quoque
2709 1859 2941 1903 conatur
2964 1853 3142 1919 galeas
3176 1869 3400 1923 magnas
3431 1863 3483 1908 et
3516 1871 3710 1919 parvas
3741 1867 3836 1913 trc-

646 1937 746 1978 nes
766 1936 816 1979 et
833 1916 1094 1984 dedecora
1118 1928 1332 1998 injecta.
1352 1932 1672 1991 Monasteria
1691 1950 1797 1992 tam
1816 1920 2196 1998 monachorum

649 2032 812 2084 quam
849 2021 1158 2074 tuonialium
1185 2025 1504 2080 invadentes
1526 2031 1707 2098 omnia
1723 2032 2072 2101 diripiebant,
2101 2039 2199 2108 eji-

642 2109 848 2163 cientcs
871 2109 988 2165 illos
1009 2112 1073 2164 de
1091 2113 1509 2172 habitationibus
1531 2119 1665 2184 suis,
1694 2124 2024 2178 xenodochia
2048 2127 2196 2180 infir-

654 2211 862 2251 morum
881 2201 1248 2256 tit-struebant.
1273 2205 1382 2258 Etsi
1401 2207 1468 2260 de
1485 2209 1664 2265 multis
1680 2221 1733 2264 et
1751 2215 1954 2281 magnis
1971 2217 2193 2272 excidiis

658 2301 722 2338 ac
784 2293 1118 2347 extermiuiis
1198 2295 1477 2351 civitatum
1547 2300 1972 2373 historiographi
2029 2312 2188 2362 etiam

647 2379 929 2443 gentilium
987 2382 1241 2450 referant,
1296 2390 1405 2444 fere
1452 2392 1596 2446 nulla
1645 2409 1832 2462 posset
1862 2399 2186 2454 tlesolationi

645 2469 808 2539 hujus
843 2476 1138 2543 eoaquari.
1192 2477 1412 2534 Nullum
1446 2483 1674 2556 incolam
1703 2487 1844 2541 intra
1880 2489 2066 2544 urbem
2099 2483 2187 2547 re?

643 2560 954 2629 liquerunt:
997 2582 1104 2621 non
1157 2568 1427 2634 Graecum,
1471 2590 1578 2628 non
1617 2573 1892 2642 Latinum,
1938 2574 2044 2634 non
2088 2583 2185 2635 Ar-

643 2655 902 2716 menium,
937 2673 1041 2710 non
1071 2659 1314 2714 Judaeum
1344 2679 1358 2727 ;
1403 2664 1590 2719 urbem
1632 2669 1800 2737 ipsam
1829 2671 1941 2730 suis
1976 2673 2185 2729 civibus

537 2761 558 2804 μ
639 2743 922 2810 nudatam,
963 2748 1116 2814 quasl
1165 2753 1438 2807 desertam
1471 2755 1815 2827 en‘eeerunt;
1850 2761 1966 2829 ipse
1994 2780 2182 2819 eorum

638 2844 789 2888 actus
816 2845 868 2889 et
897 2852 1057 2904 opera
1094 2844 1326 2910 propriis
1353 2848 1524 2900 oculis
1562 2850 1687 2915 vidi,
1745 2864 1791 2904 et
1828 2868 1950 2907 eum
1992 2857 2185 2924 aliqui-

556 2978 570 2994 ἱ
638 2922 738 2976 bus
772 2931 1230 2985 constantissimis
1261 2933 1393 2989 viris
1423 2952 1525 2989 una
1563 2939 1711 3007 plura
1743 2957 2030 3010 perpessus
2060 2964 2179 3000 sunt

613 3017 773 3087 .mala
805 3026 855 3070 et
884 3019 1126 3085 pericula
1153 3038 1166 3074 :
1203 3023 1324 3080 licet
1353 3028 1418 3081 de
1462 3033 1712 3086 manibus
1743 3051 1927 3089 eorum
1968 3054 2051 3092 me
2075 3041 2182 3093 eri-

635 3108 814 3171 ptterit
857 3108 1014 3173 Deus,
1045 3122 1101 3166 ut
1124 3111 1313 3169 Ionam
1339 3119 1406 3173 de
1438 3135 1624 3178 ventre
1653 3129 1755 3178 (“eti
1783 3168 1796 3181 .

2299 1944 2506 2002 centas,
2533 1951 2694 1990 naves
2727 1952 2944 2006 magnas
2978 1939 3188 2006 viginti,
3216 1939 3545 2008 pedestrium
3573 1951 3625 1994 et
3655 1956 3836 2010 eques.

2299 2026 2460 2078 trium
2514 2028 2846 2081 exercituum
2901 2030 3040 2082 ultra
3086 2041 3300 2085 centum
3347 2030 3562 2085 millia:
3610 2041 3663 2088 et
3694 2034 3772 2088 sic
3808 2048 3832 2087 a

2299 2115 2631 2185 Dyrrhachio
2677 2117 3046 2174 Brundusium
3105 2122 3334 2176 transire
3379 2123 3680 2190 contendit,
3723 2141 3834 2196 qua:

2293 2205 2489 2259 civitas
2521 2205 2624 2260 sita
2654 2215 2740 2259 est
2771 2207 2822 2258 in
2857 2222 3025 2275 regno
3052 2207 3274 2276 Apuliae.
3447 2261 3449 2263 ,
3808 2239 3818 2271 ι

2362 2295 2700 2364 Quapropter
2747 2298 3027 2366 deprecor,
3058 2314 3224 2356 exoro
3257 2312 3418 2370 atque
3446 2305 3708 2359 exhortor
3743 2322 3832 2360 vos

2289 2400 2480 2441 omnes
2505 2387 2882 2449 Christicolas.
2916 2399 2976 2444 ut
3006 2393 3119 2444 zelo
3159 2391 3277 2448 lidei
3311 2405 3364 2447 et
3393 2393 3721 2452 Christiana:
3750 2415 3830 2454 re-

2292 2475 2509 2544 ligionis
2561 2492 2660 2546 pro
2720 2490 2899 2533 vestra
2967 2482 3216 2537 libertate
3273 2484 3450 2553 gladio
3480 2487 3829 2558 accingamini

2285 2575 2470 2618 contra
2529 2577 2633 2620 tam
2690 2569 2838 2624 diros
2888 2570 3070 2626 hostes
3109 2571 3279 2628 di'vini
3323 2571 3503 2631 cultus
3531 2616 3546 2641 ,
3577 2587 3632 2632 et
3659 2582 3830 2634 omnis

2285 2657 2673 2724 sanctimonire,
2716 2670 2770 2714 et
2815 2661 2936 2716 vita:
2988 2664 3256 2719 moralis:
3307 2675 3361 2720 et
3414 2669 3589 2736 primo
3619 2671 3827 2739 quidem

2284 2747 2604 2816 abjicicntcs
2638 2765 2856 2806 omnem
2907 2753 3305 2812 dissensionem
3343 2767 3508 2828 atque
3541 2761 3829 2815 aemulatio-

2280 2856 2426 2902 nem,
2471 2842 2807 2899 remittentes
2847 2845 3075 2901 invicem
3107 2848 3376 2915 oﬂ'enSas,
3420 2852 3563 2906 sicut
3592 2861 3645 2907 et
3671 2852 3824 2908 Chri-

2279 2937 2396 2984 stus
2427 2931 2654 2986 donavit
2689 2936 2964 2999 omnibus,
2995 2953 3181 3006 pacem
3210 2949 3263 2992 et
3285 2943 3544 2996 unionem
3582 2960 3823 3000 sumtuo-

2279 3035 2407 3087 pere
2451 3021 2595 3076 inter
2615 3039 2710 3079 vos
2737 3028 3140 3094 atnpleotamiui
3172 3047 3185 3082 :
3228 3041 3284 3084 ut
3317 3033 3451 3086 uniti
3486 3044 3543 3088 et
3574 3035 3822 3092 fortiores

2287 3111 2411 3164 inde
2487 3112 2683 3177 ell‘ecti,
2744 3112 3081 3172 conﬁdentes
3133 3120 3183 3172 in
3235 3123 3507 3192 adjutorio
3560 3125 3821 3182 Altissimi

708 3198 1024 3265 Espugnata
1076 3205 1545 3277 Constantinopoli
1595 3214 1781 3269 I’eram
1815 3235 1920 3276 non
1950 3224 2174 3278 multum

2290 3203 2461 3268 {cujus
2510 3211 2594 3256 est
2628 3204 2858 3260 victoria
2908 3217 2961 3261 et
3029 3209 3227 3266 bellum
3251 3252 3267 3276 ,
3300 3229 3407 3268 non
3438 3219 3818 3291 multitudinis)

639 3285 772 3342 inde
795 3290 1081 3348 distantem
1112 3313 1450 3367 occuparunt
1483 3322 1496 3356 :
1527 3309 1724 3360 mmnia
1757 3311 1876 3377 ejus
1911 3315 1975 3366 ad
2002 3317 2175 3369 solum

635 3393 803 3447 usque
837 3382 1186 3440 deducentes.
1238 3389 1312 3441 Ex
1339 3398 1619 3459 ca.npan?s
1639 3401 1994 3456 ecclesiarum
2028 3406 2181 3459 bom-

637 3473 830 3526 liardas
883 3476 1302 3532 conﬂaverunt:
1349 3497 1588 3552 crucem,
1624 3504 1741 3554 qua:
1779 3493 1972 3546 eratin
2013 3512 2185 3551 cacu-.

638 3560 782 3614 mine
805 3567 970 3620 turris
992 3567 1130 3634 ejus,
1157 3584 1277 3622 cum
1303 3572 1413 3640 ipsa
1442 3578 1572 3630 turri
1598 3582 2002 3640 contriverunt:
2031 3604 2174 3642 rem-

644 3652 912 3729 publicam
944 3646 1010 3710 ἑά
1040 3660 1264 3720 nihilum
1295 3666 1658 3734 reduxerunt;
1680 3673 1918 3743 judicent
1949 3689 2001 3734 et
2034 3683 2183 3747 prin-

643 3743 815 3812 cipem
886 3747 1006 3817 ejus
1082 3751 1315 3814 Tureum
1344 3759 1358 3773 '
1393 3770 1785 3822 COllSlllUClilt‘s
1833 3785 1848 3831 ;
1911 3773 2178 3843 pedagia,

644 3835 916 3902 quidagia,
967 3840 1346 3908 itnpositiones
1381 3858 1448 3929 _et
1493 3858 1802 3918 gravamina
1852 3835 1962 3917 illic
2011 3835 2182 3933 appli;

646 3919 892 3978 cantibus
945 3930 1024 3981 vel
1071 3923 1508 3998 permanent-ibus
1550 3953 1743 4012 suapte
1782 3919 2182 4012 volttnlate'sta-

644 4020 884 4066 luerunt.
1316 4026 1322 4032 ’

2178 4985 2258 5001 ιτ.

2283 3291 2458 3359 ipsum
2503 3291 2758 3348 Satanam
2812 3314 2932 3351 cum
2970 3301 3295 3358 satellitibus
3320 3310 3435 3360 suis
3467 3309 3572 3370 sub
3601 3313 3819 3378 pedibus

2280 3383 2473 3435 vestris
2512 3395 2789 3441 conterere
2825 3389 3047 3446 valeatis
3070 3431 3084 3446 .
3127 3394 3273 3451 Licet
3303 3399 3444 3450 enim
3477 3400 3530 3459 in
3571 3403 3815 3456 multitu-

2283 3471 2408 3525 dine
2446 3475 2700 3536 conﬁdat,
2747 3490 2798 3530 ct
2847 3479 3056 3534 feritate
3106 3499 3372 3559 suorum,
3421 3491 3607 3555 plures
3651 3502 3815 3546 tamen

2284 3573 2432 3627 Sunt,
2467 3565 2558 3632 qui
2602 3568 2882 3622 nobiscum
2928 3583 3049 3624 sunt
3089 3592 3101 3627 :
3133 3575 3238 3628 itno
3282 3577 3545 3638 Dominus
3577 3585 3690 3654 ipse
3722 3587 3818 3638 mi-

2285 3647 2517 3702 litiarum
2544 3690 2560 3715 ,
2606 3669 2701 3720 pro
2737 3657 2891 3724 cujus
2925 3659 3030 3713 lide
3067 3671 3118 3716 et
3154 3665 3417 3734 religione
3445 3674 3722 3740 pugnatis,
3745 3674 3812 3726 ita

2286 3749 2346 3794 ut
2374 3751 2588 3795 centum
2632 3760 2694 3798 ex
2750 3749 2901 3803 vobis
2955 3756 3200 3823 persequi
3239 3765 3292 3808 et
3326 3774 3590 3829 superare
3615 3765 3817 3818 valeant

2287 3829 2522 3886 mille‘ex
2557 3833 2684 3900 illis,
2704 3848 2756 3892 et
2783 3841 2930 3894 mille
2959 3859 3024 3895 ex
3062 3846 3212 3902 vobis
3232 3848 3417 3903 decem
3452 3854 3645 3910 millia.
3674 3855 3815 3926 lgna-

2284 3923 2368 3974 via
2402 3925 2545 3977 enim
2575 3933 2628 3979 et
2663 3927 2930 3996 imperitia
2962 3935 3085 3986 belli
3120 3937 3196 3992 eis
3231 3939 3443 3996 innata.

2354 4012 2529 4078 Pera';
2565 4030 2705 4070 anno
2736 4018 2937 4076 Christi
2975 4024 3126 4079 lli-52.
