4006 6338
139 513 252 574 9Τ3

1063 511 1550 570 DISCEPTA'NO
1590 509 1735 568 PRO
1775 507 1983 568 CONC.
2031 509 2399 573 FLORENT.

3245 514 3348 576 θῖί

217 629 375 694 Ἀκρ.
402 628 572 681 Νὖνό
621 628 808 698 Πατὴρ
837 627 1171 698 ἀμφιϐάλλει
1211 629 1351 681 κατᾶ
1406 629 1494 681 τὸν
1541 628 1682 693 λόγοε

1873 624 2012 678 Aud.
2046 623 2197 678 Nunc
2221 623 2376 678 Pater
2408 625 2505 679 iste
2534 625 2758 692 hmsitat,
2780 635 2852 679 \ut
2880 641 2940 680 ex
2972 623 3146 682 verbis
3174 627 3344 698 ipsius

137 736 333 771 αυτου.

216 809 365 864 Eii).
401 811 461 863 Εί
489 807 576 881 ἦν,
602 809 776 878 ἐφάνη
815 810 901 863 ἄν.
947 809 1019 862 Τὸ
1047 807 1104 861 δὲ
1135 810 1327 874 εἰπεῖν,
1382 811 1482 874 ὅτι,
1548 829 1565 860 ι
1597 810 1692 871 Τίς

134 897 317 965 οἶδεν;
359 919 376 950 ι
441 899 599 953 τοῦτο
651 901 948 970 ἁμφίόολον
1008 900 1275 970 ὑπάρχειο
1321 901 1426 952 ἀπὸ
1473 901 1528 952 δὲ
1584 902 1692 952 τῶν

137 994 466 1061 ἀμφιϐόλων
491 993 643 1046 οὐδὲν
701 994 990 1058 συνάγεται
1044 992 1240 1062 ἀληθὲς
1297 992 1688 1062 συμπέρασμα.

137 1086 361 1137 Μᾶλλον
423 1085 531 1137 ἀπὸ
599 1083 788 1137 τούτου
834 1083 928 1134 τοῦ
993 1083 1151 1150 λόγου
1203 1084 1280 1144 εἰς
1332 1083 1568 1151 ὑποψίαν
1633 1085 1696 1138 ἇο

141 1193 264 1242 γεις
300 1193 386 1242 με.

229 1267 392 1320 Ῥακι.
423 1267 487 1319 Τί
522 1267 583 1319 σὺ
615 1265 939 1329 ὑποπτεύεις
965 1284 980 1330 ;

217 1359 363 1412 Ιῖὐλ.
399 1357 718 1410 Ὑποπτεύω
740 1361 847 1412 πᾶν
876 1359 1204 1422 τούναντίον,
1236 1358 1371 1428 ὅπερ
1400 1374 1464 1411 συ
1487 1356 1687 1424 λέγεις.

135 1451 203 1502 Εἰ
234 1452 344 1519 γὰρ
370 1452 510 1502 κατὰ
534 1450 778 1503 Λατίνων
802 1451 856 1504 ἐν
879 1453 944 1518 τῇ
974 1449 1173 1519 συνόδῳ
1205 1450 1386 1519 ἐκείνῃ
1417 1449 1684 1520 ἐπράχθη,

135 1540 287 1612 εἶχον
315 1545 380 1596 ἂν
416 1545 463 1595 oi
483 1544 707 1610 Γραικοὶ
730 1543 828 1604 τὰς
876 1542 1109 1612 βίόλους,
1145 1541 1330 1611 ῶσπερ
1380 1543 1557 1610 χρυσᾶ
1601 1543 1688 1608 ὲγο

136 1635 336 1686 κόλπια
363 1635 788 1702 φυλαττομένας,
827 1637 913 1695 εἰς
954 1633 1015 1685 τὸ
1068 1632 1334 1685 δεικνύειν
1393 1635 1503 1694 τοῖς
1550 1632 1687 1702 μετὰ

136 1727 334 1791 ταῦτα,
365 1726 446 1778 ὃτι
485 1726 704 1786 δικαίως
734 1726 913 1777 αὐτῶν
959 1725 1358 1794 ἐχωρίσθησαν.
1421 1725 1573 1776 Ἐπεὶ
1630 1725 1687 1777 δὲ

134 1818 295 1886 παρὰ
323 1816 420 1884 μὲν
445 1821 556 1880 τοῖς
582 1817 832 1885 Γραικοῖς
858 1816 1034 1886 βίϐλος
1068 1817 1127 1868 οὖ
1181 1817 1429 1885 φαίνεται
1464 1817 1686 1886 οὐδεμία

134 1909 286 1965 κατὰ
310 1910 556 1964 Λατίνων
580 1908 678 1978 τῆς
714 1909 930 1961 συνόδου
955 1908 1192 1978 ἐκείνης,
1233 1909 1382 1976 παρὰ
1432 1907 1489 1960 δὲ
1522 1908 1684 1960 Λατί-

134 2021 252 2064 νοις
271 2003 605 2072 εὑρίσκεται,
643 2001 875 2071 μάλιστα
896 2001 952 2053 δὲ
983 2003 1074 2054 καὶ
1105 2003 1255 2070 παρὰ
1299 2002 1566 2070 Γραικοῖς,
1596 2001 1687 2052 καὶ

135 2095 258 2164 βοᾷ,
285 2095 366 2147 ὅτι
399 2095 431 2162 ή
457 2093 658 2164 πρᾶξις
687 2092 868 2160 ἐκείνη
891 2091 1028 2161 ὑπὲρ
1059 2094 1303 2147 Λατίνων
1335 2088 1423 2163 ἦν,
1456 2092 1688 2160 ὑποψίαν

139 2204 235 2254 μοι
283 2185 509 2254 παρέχει
568 2185 828 2254 μεγάλην,
877 2185 1076 2255 μᾶλλον
1123 2185 1176 2237 δὲ
1234 2185 1328 2237 καὶ
1358 2186 1420 2236 σὺ
1451 2183 1688 2252 ἔφθασας

136 2278 331 2342 εἰπὼν,
358 2277 439 2329 ὅτι
464 2268 606 2340 τινὲς
626 2276 732 2329 τῶν
757 2275 1006 2344 Γραικῶν
1061 2279 1117 2329 ἐν
1164 2277 1300 2348 αὐτῇ
1344 2277 1692 2347 ἑλατινοφρό-

136 2384 332 2436 νησαν.

195 2460 370 2512 Ῥακ.
407 2454 575 2510 Είπόν
602 2474 703 2523 σοι,
750 2459 839 2510 καὶ
889 2458 1051 2512 πάλιν
1088 2456 1196 2526 ἐρῶ
1236 2473 1338 2523 σοι,
1388 2459 1469 2510 ὅτι
1520 2460 1574 2510 ὲν
1617 2459 1684 2526 τῇ

135 2551 343 2619 συνόδῳ
369 2550 553 2622 ἐκείνῃ
601 2550 969 2619 ὕπερίσχυσαν
1019 2549 1066 2601 οί
1112 2548 1347 2615 Λατῖνοι,
1407 2552 1500 2603 καὶ
1531 2550 1686 2600 κατέ-

132 2657 338 2694 πεισαν
369 2645 460 2694 καὶ
491 2642 617 2706 τοὺς
671 2641 938 2711 Γραικοὺς
984 2641 1238 2706 δέξασθαι
1290 2643 1382 2696 καὶ
1415 2640 1684 2708 φρονῆσαι

132 2735 203 2786 τὰ
238 2733 450 2784 ἑαυτῶν
499 2730 640 2787 ’ἀλλὰ
666 2732 919 2801 λυθείσης
957 2736 1056 2802 τῆς
1111 2733 1349 2794 συνόδου,
1395 2731 1455 2783 τὸ
1504 2733 1684 2784 πλεῖον

133 2827 307 2895 μέρος
334 2824 492 2876 πάλιν
526 2824 770 2894 ἐσχίσθη,
803 2825 911 2877 τῶν
939 2825 1184 2894 Γραικῶν
1213 2824 1475 2894 δηλονότι.

206 2918 357 2970 Εὺλ.
398 2915 537 2983 Ἐγὼ
564 2917 621 2968 οὑ
645 2915 880 2984 δύναμαι
918 2916 1149 2982 συνάψαι
1185 2918 1251 2967 τὰ
1277 2916 1428 2984 παρὰ
1467 2916 1560 2967 σοῦ
1606 2917 1686 2967 εί-

133 3012 376 3080 ρημὲνα.
414 3007 671 3060 Δοκοῦσιν
705 3002 796 3059 οὖν
829 3024 920 3076 μοι
971 3007 1187 3058 ἐναντία
1237 3005 1484 3074 ἀλλήλοις
1517 3002 1678 3060 εἶναι.

130 3103 252 3172 Πρὸ
311 3101 491 3167 ὀλίγου
525 3102 631 3169 γὰρ
660 3095 815 3160 εἶπας
849 3099 928 3150 ὅτι
967 3096 1106 3150 κατὰ
1142 3097 1387 3150 Λατίνων
1421 3099 1452 3168 ἡ
1487 3099 1683 3166 πρᾶξις

127 3195 234 3262 τῆς
285 3193 500 3246 συνόδου
559 3194 769 3258 ἐκείνης
805 3190 1046 3256 ἐγένετοο
1116 3189 1386 3259 ἐλεγχθεὶς
1445 3190 1502 3241 δὲ
1551 3191 1681 3259 παρ’

1797 717 2012 786 colligo.

1869 809 2025 863 Pius.
2062 809 2115 864 Si
2145 819 2304 876 esset,
2331 810 2668 880 apparuisset
2701 810 2913 879 utique.
2946 813 3008 864 At
3034 811 3341 875 enuntiare,

1801 921 1819 952 ι
1859 901 1994 967 Quis
2021 903 2167 955 scit?
2200 921 2218 952 ι
2262 903 2570 972 ambiguum
2596 910 2677 956 est.
2733 911 2895 972 atque
2930 903 3217 956 incertum.
3261 901 3336 956 Ex

1794 992 2059 1060 ambiguis
2133 992 2463 1062 incertisque
2537 994 2682 1045 nulla
2760 1009 2886 1046 vera
2948 993 3162 1046 elicitur
3209 1008 3341 1045 cou-

1794 1082 1984 1135 clusio.
2040 1082 2146 1136 Imo
2186 1082 2286 1136 hoc
2313 1092 2412 1137 tuo
2461 1099 2710 1137 sermone
2756 1098 2841 1137 me
2870 1084 2924 1136 in
2975 1084 3333 1153 suspicionem

1793 1174 2030 1228 adducis.

1870 1265 2031 1321 Rhac.
2060 1266 2196 1332 Quid
2237 1268 2568 1343 suspicaris?

1870 1356 2019 1411 Pius.
2051 1358 2310 1426 Suspicor
2336 1359 2515 1412 omnia
2549 1360 2652 1427 tuis
2679 1361 2856 1414 verbis
2893 1361 3182 1416 contraria.
3220 1361 3341 1417 Eva-

1792 1451 1902 1504 nim
1955 1451 1998 1505 si
2046 1461 2233 1506 contra
2268 1450 2488 1504 Latinos
2514 1467 2576 1506 ea
2610 1454 2660 1505 in
2703 1454 2909 1522 synodo
2945 1465 3122 1508 actum
3165 1463 3332 1519 esset,

1792 1552 2102 1595 servassent
2133 1544 2233 1597 sibi
2260 1543 2430 1598 Grmci
2458 1543 2643 1607 libros,
2672 1555 2923 1613 tanquam
2959 1561 3122 1600 aurea
3163 1547 3338 1599 moni-

1791 1631 1858 1686 lia
1893 1633 1944 1687 in
1981 1645 2195 1702 pectore
2225 1635 2422 1690 futuris
2457 1635 2762 1690 hominibus
2793 1637 3080 1702 ostensuri,
3118 1653 3219 1690 non
3254 1637 3335 1689 2n-

1785 1723 1923 1790 juria
1952 1738 2009 1777 se
2037 1724 2105 1778 ab
2140 1725 2246 1779 illis
2289 1736 2582 1794 separatos.
2620 1727 2754 1781 Cum
2792 1743 2919 1781 vero
2952 1728 3091 1797 apud
3121 1727 3336 1782 Graecos

1789 1817 1970 1869 nullus
2005 1817 2136 1872 libcr
2170 1818 2315 1873 illius
2347 1821 2534 1887 synodi
2586 1831 2770 1874 contra
2798 1820 3017 1876 Latinos
3059 1832 3337 1891 appareat,

1791 1907 1929 1972 apud
1979 1905 2200 1961 Latinos
2234 1923 2359 1962 vero
2391 1909 2735 1991 inveniatur”
2761 1911 2890 1980 quin
2922 1920 2974 1965 et
3020 1913 3157 1980 apud
3190 1911 3337 1967 Grae-

1790 2013 1904 2064 cos,
1947 2000 2305 2070 inelametque
2345 2004 2610 2057 actionem
2646 2004 2787 2057 illam
2825 2019 2922 2073 pro
2944 2003 3148 2059 Latinis
3193 2021 3333 2066 esse.

1789 2089 2152 2156 suspicionem
2188 2091 2314 2144 milii
2341 2092 2532 2170 injicit,
2563 2108 2793 2162 eamque
2831 2111 3099 2163 magnam,
3130 2105 3236 2147 tum
3269 2112 3334 2147 eo

1789 2180 2151 2248 petissimum,
2194 2183 2338 2252 quod
2369 2195 2422 2238 et
2465 2194 2522 2237 tu
2570 2192 2726 2240 antea
2769 2187 3006 2250 dixeras,
3049 2190 3333 2243 nonnullas

1787 2286 1850 2324 ex
1875 2270 2074 2324 Crtecis
2105 2271 2421 2327 Latinorum
2449 2280 2731 2331 sententia:
2752 2277 3061 2334 adlimsisse.

1857 2446 2021 2501 Rliac.
2057 2446 2174 2501 Dixi
2216 2450 2349 2517 tibi,
2391 2451 2674 2521 dicamque
2710 2453 2903 2507 iterum
2942 2471 3003 2508 ea
3043 2457 3092 2508 in
3125 2460 3333 2527 synodo

1788 2535 1986 2592 Graecis
2026 2538 2250 2596 Latinos
2286 2543 2595 2611 superiores
2631 2543 2802 2599 fuisse
2827 2585 2842 2609 ,
2893 2549 3333 2618 persuasisseque

1787 2629 1987 2683 Graecis
2027 2631 2274 2700 accipere
2323 2635 2602 2689 eteadem
2654 2646 2813 2704 atque
2853 2637 2925 2690 illi
2972 2641 3190 2693 sentire.
3225 2640 3328 2695 Sed

1786 2722 2028 2781 absoluta
2062 2724 2269 2794 synodo
2317 2728 2597 2795 potissima
2641 2745 2767 2799 pars
2794 2730 2958 2786 scissa
2991 2743 3092 2798 est,
3121 2732 3334 2788 ϐιαιως

1787 2829 1904 2867 rum
1947 2816 2169 2870 scilicet.

1859 2912 2012 2965 Pius.
2078 2914 2197 2983 ipse
2224 2915 2478 2986 equidem
2517 2919 2657 2973 baud
2689 2921 2871 2986 valeo,
2913 2939 3031 2992 qua:
3067 2936 3118 2977 tu
3171 2925 3333 2987 dicis.

1785 3006 2162 3073 committere;
2184 3022 2420 3078 namque
2443 3010 2545 3064 sibi
2566 3014 2842 3067 adversari
2867 3016 3142 3072 videntur.
3167 3018 3334 3074 Paulo

1784 3110 1910 3154 ante
1950 3099 2221 3168 siquidem
2256 3100 2473 3155 dixeras
2505 3103 2771 3159 adversus
2799 3105 3022 3163 Latinos
3062 3114 3331 3167 actionem

1783 3190 1930 3243 illius
1976 3189 2168 3259 synodi
2224 3201 2498 3259 peractam
2552 3193 2760 3260 fuisse;
2809 3206 2990 3264 postea
3050 3203 3332 3258 convictus

129 3283 296 3353 ἐμοῦ,
317 3284 391 3345 ὡς
418 3285 515 3353 οὐχ
541 3283 767 3353 εὕρηται
789 3282 966 3350 βίϐλος
991 3281 1120 3334 ποτὲ
1146 3280 1492 3353 μαρτυροῦσα
1513 3285 1681 3346 τουτὶ,

1785 3296 2051 3350 nusquam
2112 3293 2376 3352 apparere
2429 3284 2651 3363 librum,
2693 3287 2787 3354 qui
2827 3289 2878 3341 id
2927 3299 3170 3356 testetur,
3225 3296 3330 3350 alio

128 3378 327 3445 ἑτέραν
377 3377 660 3444 ἐτράπης,
716 3375 799 3427 ὅτι
845 3374 1216 3444 ὑπερίσχυσαν
1257 3377 1305 3426 οἱ
1353 3375 1568 3427 Λατῖνοι
1624 3375 1682 3425 ὲν

127 3470 292 3538 αὐτῇ,
329 3469 421 3520 καὶ
450 3466 778 3518 κατέπεισαν
819 3466 910 3517 καὶ
947 3465 1069 3527 τοὺς
1105 3464 1402 3534 ἡμετέρους
1430 3463 1681 3530 δέξασθαι

125 3562 198 3612 τὰ
233 3559 433 3612 αὑτῶ-ι’
469 3559 561 3611 καὶ⁸
607 3556 762 3619 αὖθις
809 3557 953 3627 φῂς,
991 3558 1071 3608 ὅτι
1115 3557 1252 3624 μετὰ
1301 3556 1399 3625 τὴν
1444 3556 1684 3610 διάλυσιν

126 3652 232 3719 τῆς
281 3650 494 3703 συνόδου
526 3650 687 3702 πάλιν
733 3649 1079 3716 ἐσχίσθησαν,
1115 3648 1208 3701 καὶ
1256 3647 1424 3714 ὀλίγοι
1457 3649 1682 3718 ἔμειναν

127 3746 197 3794 τὰ
222 3741 470 3794 Λατίνων
496 3740 834 3808 φρονοῦντες.
873 3740 1003 3792 Ἰδοὺ
1027 3739 1118 3792 οὖν
1143 3740 1234 3791 καὶ
1259 3741 1385 3800 τοὺς
1415 3740 1684 3807 Γραικοὺς

126 3833 317 3894 καλεῖς
347 3831 777 3898 Λατινόφρονας.
810 3830 1022 3898 Φράσον
1052 3847 1140 3896 μοι
1170 3824 1285 3893 οὖν,
1317 3830 1368 3880 τί
1405 3829 1692 3900 δηλοῦσιν⁸

125 3925 276 3994 ἅπερ
310 3921 405 3976 νῦν
470 3921 669 3989 λέγεις,
702 3920 784 3972 ὅτι
838 3920 1058 3972 ἐναντία
1092 3920 1339 3988 ἀλλήλοις
1387 3921 1681 3992 διαρρήδην

126 4018 309 4080 είσίν;

164 4113 166 4115 ’
208 4110 380 4163 'Patt.
414 4106 599 4170 Οὕτως
633 4106 903 4178 ἐπράχθη,
939 4108 1033 4157 καὶ
1058 4102 1201 4156 οὕτω
1228 4121 1310 4156 σοι
1335 4102 1499 4171 λέγω.

197 4205 323 4251 Δικ.
362 4199 452 4249 Δεῖ
490 4197 591 4268 τὴν
628 4196 888 4266 ἀλήθειαν
943 4195 1148 4262 λέγειν,
1197 4195 1288 4246 καὶ
1339 4195 1414 4264 μὴ
1465 4197 1534 4248 sit.
1579 4198 1678 4262 τῆς

126 4287 264 4350 ἰδίας
301 4287 530 4356 ὀρέξεως
553 4327 567 4350 ,
598 4285 740 4353 ἅπερ
772 4288 860 4338 καὶ
897 4283 1284 4348 ἀναπόδεικτα,
1319 4286 1413 4336 καί
1438 4287 1548 4348 τοῖς
1582 4287 1676 4338 ἀν-

123 4376 368 4446 θρώποις
402 4379 603 4446 μισητὰ
654 4377 954 4443 φαίνονται.
1101 4362 1115 4377 ⁸

195 4470 349 4522 Εὑλ.
390 4468 668 4535 Ἔμειναν,
707 4469 810 4535 φῂς
831 4507 846 4532 ,
878 4467 973 4520 καί
1002 4483 1146 4529 τινες
1177 4466 1398 4535 Γραικοὶ
1429 4467 1493 4518 τὰ
1520 4467 1676 4518 Λατί-

122 4579 230 4613 νων
265 4559 612 4630 φρονοῦντες.

205 4656 370 4706 Ῥακ.
407 4650 590 4712 Οὕτως
622 4649 760 4720 ἔχει.

193 4747 342 4800 Εὺλ.
390 4742 611 4812 Ἐνγὰρ
669 4740 839 4810 τούτῳ
892 4736 1204 4808 θαυμαστόν
1258 4738 1440 4802 ἐστιν,
1488 4738 1570 4790 ὅτι
1623 4736 1671 4789 οἱ

129 4836 382 4904 Γραικοὶ,
414 4835 478 4886 τὰ
511 4832 758 4900 Γραικῶν
791 4832 1038 4899 ἀφέντες,
1060 4830 1129 4882 τὰ
1151 4831 1393 4883 Λατίνων
1419 4829 1674 4898 φρονοῦν-

129 4943 216 4987 τες
260 4926 501 4992 ἔμειναν,
537 4926 584 4975 εί
614 4924 757 4976 κατὰ
805 4921 1050 4976 Λατίνων
1100 4921 1132 4990 ὴ
1193 4921 1390 4987 πρᾶξις
1434 4921 1671 4988 ἐγένετο,

128 5013 313 5080 ῶσπερ
352 5012 522 5063 είπὼν
563 5013 821 5079 ἔφθασας,
864 5011 1041 5063 καίτοι
1083 5027 1146 5077 γε
1205 5009 1676 5079 ἰσχυρογνὼμονές

131 5107 230 5155 είσι
263 5107 332 5172 τῇ
382 5102 617 5171 σφετέρᾳ
662 5103 874 5154 ἑαυτῶν
927 5101 1076 5170 δόξῃ,
1123 5101 1218 5154 καὶ
1263 5100 1667 5168 δεισιδαίμονες.

133 5198 312 5257 Οὐδεὶς
336 5196 442 5264 γὰρ
471 5192 660 5256 εὖνους
687 5194 754 5245 τὰ
784 5191 906 5244 κατ’
933 5191 1120 5257 αὑτοῦ,
1154 5191 1290 5245 ἀλλὰ
1320 5193 1386 5243 τὰ
1417 5192 1552 5261 ὑπὲρ
1579 5191 1676 5258 τῆς

134 5294 349 5346 συνόδου
395 5294 601 5362 φρονεῖ.
642 5291 702 5344 Εἰ
733 5290 841 5358 γὰρ
877 5287 1013 5354 ὑπὲρ
1049 5287 1297 5352 Γραικῶν
1340 5282 1428 5360 ἦν,
1463 5289 1564 5338 οὐκ
1610 5286 1674 5339 ἂν

137 5387 400 5456 ἐσχίζοντο
436 5385 528 5436 ἀπ’
571 5385 748 5437 αὐτῶν
786 5383 834 5434 οί
885 5378 1133 5451 Γραικοὶ.
1167 5378 1279 5429 ἀλλ’
1317 5380 1514 5431 ἐκεῖνοι
1569 5379 1675 5430 ἀπὸ

137 5478 331 5528 τούτων
385 5472 469 5525 ἀ).
536 5475 825 5526 Δείκνυται
869 5470 924 5522 δὲ
981 5467 1176 5536 μᾶλλον
1211 5468 1318 5519 ἀπὸ
1373 5469 1462 5520 τοῦ
1515 5470 1675 5536 λόγου

139 5567 337 5630 τούτου,
375 5566 456 5616 ὅτι
503 5564 641 5630 ὑπὲρ
695 5564 933 5634 Λατίνων
991 5562 1022 5628 ἡ
1076 5558 1274 5628 πρᾶξις
1331 5560 1545 5624 ἐγένετο
1578 5561 1676 5629 τῆς

142 5657 346 5708 συνόδου
407 5656 640 5722 ἐκείνης·
677 5653 764 5704 διὰ
796 5652 952 5703 τοῦτο
988 5650 1320 5718 ἐσχίσθησαν
1367 5651 1415 5701 οἱ
1447 5651 1673 5720 Γραικοὶ

143 5746 226 5793 ἀπ’
259 5747 457 5805 αὐτῶν,
500 5747 574 5813 μὴ
611 5744 935 5812 θελήσαντες
992 5742 1254 5810 ἑνωθῆναι
1297 5742 1500 5805 αὐτοῖς,
1537 5741 1674 5810 μηδὲ

145 5837 228 5900 τῆς
265 5839 484 5889 συνόδου
524 5838 618 5905 τὴν
648 5836 822 5903 ψῆφον
847 5832 1117 5894 δέξασθαι.

207 5931 320 5982 Aur.
355 5930 578 5991 Πιθανὸς
611 5929 638 5978 ό
676 5928 824 5992 λόγος
871 5923 958 5974 τοῦ
1011 5924 1278 5987 Ει’›λα6οὖς
1316 5929 1459 5980 κατὰ
1495 5928 1655 5987 π56α;

1785 3387 2104 3438 conversus,
2156 3374 2488 3443 superiores,
2519 3377 2620 3441 ais,
2667 3377 2866 3433 Graecis
2906 3378 3125 3435 Latinos
3161 3383 3328 3440 iactos

1785 3461 1892 3516 illis
1916 3463 2264 3529 persuasisse
2314 3473 2374 3516 ut
2415 3462 2733 3520 Latinorum
2785 3467 3036 3537 dogmata
3084 3482 3331 3541 accepta-

1785 3563 1950 3608 rent:
1997 3570 2324 3624 rursumque
2378 3555 2552 3621 addis,
2608 3546 2856 3612 absoluta
2900 3566 3104 3632 synodo
3133 3565 3330 3620 scisses

1785 3642 1971 3706 fuisse,
2005 3653 2060 3698 et
2087 3660 2284 3715 paucos
2317 3648 2642 3702 remansisse
2670 3653 2762 3717 qui
2797 3665 2918 3704 cum
2968 3653 3173 3709 Latinis
3205 3673 3329 3711 sen-

1787 3736 1971 3789 tirent.
2011 3736 2151 3791 Ecce
2212 3739 2393 3807 itaque
2427 3737 2622 3804 Grmci,
2659 3750 2716 3793 ut
2770 3742 2871 3804 ais,
2931 3746 3117 3799 eadem
3167 3758 3328 3816 atque

1783 3824 1962 3878 Latini
2003 3828 2270 3880 sentiunt.
2315 3828 2533 3895 Explica
2575 3844 2700 3899 ergo
2735 3832 2864 3883 mihi
2907 3836 3033 3901 quid
3074 3837 3321 3901 innnant,

1780 3930 1898 3983 quae
1939 3917 2096 3970 modo
2126 3919 2364 3980 asseris;
2422 3934 2544 3971 nam
2598 3920 2702 3973 sibi
2730 3921 2866 3989 ipsis
2899 3925 3074 3992 palam
3134 3927 3324 3983 adver-

1781 4017 1994 4061 salitur.

1851 4099 2010 4154 thac.
2047 4101 2122 4155 lta
2157 4111 2338 4156 actum
2371 4111 2488 4168 est;
2523 4113 2574 4158 et
2605 4105 2677 4157 ita
2706 4105 2800 4160 tibi
2831 4113 3075 4165 enuntio.

1850 4191 1966 4244 Dic.
2006 4192 2215 4248 Veritas
2246 4197 2507 4250 edicenda
2545 4206 2648 4262 est,
2697 4209 2750 4252 et
2796 4215 2902 4253 non
2933 4219 2992 4256 ea
3023 4220 3142 4273 quae
3198 4219 3325 4262 sunt

1780 4287 1980 4352 proprii
2014 4280 2310 4355 appetitus,
2349 4303 2468 4357 qua:
2502 4305 2602 4344 nec
2629 4291 2989 4347 demonstrari
3021 4309 3247 4364 queunt,
3271 4311 3324 4353 et

1780 4374 2090 4428 hominibus
2123 4376 2482 4429 exsecrabilia
2516 4378 2847 4443 iudicantur.

1851 4461 2002 4515 Pius.
2061 4461 2482 4528 Remanserunt,
2533 4468 2735 4536 inquis,
2768 4480 2821 4522 et
2874 4472 3093 4540 quidam
3145 4477 3316 4534 Graeci

1778 4552 2090 4606 Latinorum
2125 4557 2402 4610 sententia:
2432 4559 2656 4614 addicti.

1709 4641 1754 4695 D
1852 4643 2018 4700 Rhac.
2058 4644 2244 4702 Plane.

1847 4735 1998 4790 Pius.
2032 4738 2089 4790 In
2133 4739 2236 4792 hoc
2283 4741 2638 4798 admiratione
2673 4746 2893 4813 dignum
2943 4761 3046 4812 est,
3078 4751 3316 4821 Grmcos,

1777 4829 2039 4897 neglectis
2060 4830 2288 4894 Grmcis,
2307 4832 2621 4887 Latinorum
2645 4851 2701 4889 se
2723 4841 3001 4892 sentcntiae
3023 4843 3319 4911 addixisse,

1777 4921 1830 4972 in
1874 4937 2043 4989 caque
2074 4936 2470 4989 perseverasse.
2510 4924 2564 4976 Si
2607 4926 2869 4980 adversus
2906 4928 3125 4985 Latinos
3181 4939 3321 4991 actio

1778 5010 1867 5062 illa
1912 5019 2125 5078 peracta
2156 5020 2262 5074 est,
2299 5022 2357 5064 ut
2387 5023 2544 5066 antea
2579 5015 2802 5069 dixisti:
2857 5027 2910 5070 et
2963 5023 3318 5080 nihilominus

1779 5098 1854 5152 illi
1888 5101 2200 5167 pert‘icaces
2263 5114 2315 5156 et
2363 5105 2622 5172 propositi
2675 5108 2757 5160 sui
2817 5117 3035 5166 tenaces
3090 5126 3234 5180 sunt,
3267 5131 3317 5170 et

1779 5190 2172 5256 superstitiosi.
2232 5191 2403 5247 Nemo
2454 5202 2594 5257 enim
2646 5197 2751 5251 illis
2786 5198 2905 5268 quae
2955 5213 3165 5265 contra,
3222 5209 3316 5258 St'tl

1777 5282 1888 5334 illis
1918 5296 2038 5349 qua:
2096 5297 2190 5348 pro
2227 5287 2436 5352 synodo
2469 5297 2620 5348 sunt,
2658 5304 2812 5357 aequo
2849 5292 3028 5346 animo
3084 5307 3314 5348 mentem

1781 5374 2036 5440 applicat.
2073 5371 2204 5425 Nam
2240 5375 2285 5427 si
2324 5391 2420 5443 pro
2452 5375 2655 5431 Gra3cis
2682 5377 2909 5446 fuisset,’
2944 5399 3216 5451 nunquam
3250 5389 3316 5436 ab

1779 5466 1880 5520 illis
1907 5464 2099 5525 Grmci,
2134 5467 2225 5518 sed
2259 5465 2433 5519 Latini
2464 5484 2492 5520 a
2521 5467 2724 5524 ercis
2763 5483 3171 5540 separarentur.
3207 5478 3317 5528 lmo

1778 5575 1838 5613 ex
1870 5561 1968 5610 hoc
1993 5570 2243 5610 sermone
2269 5558 2446 5625 potius
2469 5562 2774 5614 ostenditur
2810 5565 3098 5636 actionem_
3127 5571 3313 5634 synodi

1779 5651 1927 5704 illitis
1967 5647 2176 5701 Lotinis
2230 5647 2468 5711 favisse,
2525 5665 2918 5720 proptereaque
2973 5653 3186 5709 Grmcos
3248 5663 3315 5711 ab

1780 5747 1888 5798 illis
1937 5741 2168 5802 divisos,
2221 5757 2344 5793 cum
2397 5742 2609 5794 illorum
2671 5745 2921 5797 unionem
2975 5763 3314 5816 respuerent,

1779 5852 1876 5890 nec
1911 5833 2110 5886 vellent
2149 5831 2338 5899 synodi
2378 5831 2650 5883 decretum
2695 5835 3001 5890 admittere.

1851 5925 1966 5977 Dic.
2014 5921 2312 5977 Probabilis
2343 5919 2419 5974 Pii
2453 5923 2675 5990 hujusce
2719 5927 2891 5980 oratio
2931 5938 3029 5992 est,
3077 5933 3225 5998 proxi
3254 5951 3314 5986 re
