4006 6338
640 412 744 477 987

643 531 1031 595 accessissent,
1092 535 1160 588 ab
1222 537 1310 589 illa
1370 525 1583 609 synodo
1652 551 2065 621 condemnatus,
2131 569 2186 611 et

643 621 905 691 dignitate
959 624 1049 677 illa
1106 628 1394 695 spoliatus,
1443 632 1686 701 privatus
1739 642 2007 709 vixisset;
2068 648 2188 701 ideo

643 716 972 769 necessitate
1033 719 1219 784 pulsus
1278 720 1495 779 Gneros
1549 732 1614 782 all
1668 748 1727 785 se
1766 738 2074 804 accersivit,
2131 750 2191 793 υι

641 805 711 861 ab
764 807 895 874 ipsis
966 808 1167 867 Grmris
1234 816 1675 885 conﬁrmaretur,
1755 828 2189 899 reprimeretque

640 900 900 955 adversus
941 917 1000 956 se
1054 902 1277 960 Basileae
1330 921 1572 969 coactam
1626 917 1919 985 synodum,
1973 919 2189 976 hostes-

638 1006 742 1058 que
777 991 1067 1048 obtereret.

710 1081 857 1137 Pius.
915 1085 1016 1141 Sed
1068 1088 1177 1148 boc
1210 1107 1369 1159 quam
1404 1093 1718 1164 longissime
1774 1101 1928 1156 abest
1959 1117 1987 1155 a
2036 1119 2182 1172 vero,

640 1172 758 1226 ideo
790 1193 883 1229 eos
929 1176 1210 1234 accivisse.
1264 1184 1402 1237 Ante
1443 1187 1588 1240 enim
1621 1188 1980 1247 Basileensem
2032 1210 2189 1266 syno-

635 1262 762 1317 dum
814 1276 868 1321 et
924 1270 1232 1339 antipapam
1286 1285 1529 1329 creatum
1584 1281 1910 1347 pertinentia
1974 1262 2188 1356 ad‘sy-

640 1362 840 1408 nodum
874 1362 1265 1429 tractabantur,
1301 1378 1355 1420 et
1380 1379 1625 1425 oratores
1655 1388 1718 1426 ex
1768 1375 2033 1430 ambabus
2067 1392 2187 1445 par-

639 1445 782 1500 tibus
842 1449 893 1500 in
946 1455 1191 1521 utrisque
1234 1458 1479 1524 partibus
1506 1461 1949 1530 excipiebantur.
2005 1464 2186 1530 Quare

562 1588 565 1589 ,
639 1534 743 1589 hoc
796 1554 972 1609 neque
1037 1545 1205 1598 robur
1241 1546 1421 1608 habet.
1453 1551 1874 1618 neque'veritati
1912 1556 2179 1610 innititur.

640 1626 713 1681 De
743 1632 998 1701 antipapa
1053 1651 1233 1704 porro,
1262 1651 1316 1692 ut
1349 1656 1435 1695 res
1485 1658 1545 1698 se
1588 1644 1866 1709 habuerit,
1926 1648 2041 1717 ipse
2067 1652 2182 1705 -tibi

636 1734 821 1786 aperte
877 1724 1077 1781 dicam.
1136 1731 1406 1799 Antipapa
1455 1733 1545 1788 hic
1611 1741 1930 1807 peroptabat
1961 1742 2180 1808 quidem

637 1813 835 1870 creari.
898 1830 1003 1869 non
1061 1820 1205 1872 enim
1248 1830 1464 1879 creatus
1517 1834 1601 1879 est
1640 1828 1709 1881 ab
1760 1829 1825 1883 iis
1851 1832 1940 1897 qui
1982 1833 2185 1899 optime

642 1902 929 1968 callebant,
983 1923 1089 1962 non
1124 1910 1321 1966 bonum
1354 1930 1473 1970 esse
1513 1918 1775 1984 dividere,
1810 1932 1864 1975 et
1905 1923 1958 1975 in
2009 1934 2189 1992 partes
2222 1915 2262 1969 Β

640 1990 945 2049 distrahere
973 1996 1273 2057 Ecclesiam
1300 2005 1417 2060 Dei.
1444 2007 1601 2071 Rem,
1630 2011 1710 2063 uti
1744 2011 1883 2066 facta
1903 1990 2024 2078 est,
2039 2015 2183 2069 dico.

638 2080 719 2136 ’l‘u
746 2086 895 2139 audi.
920 2088 1151 2154 Quidam
1173 2110 1236 2150 ex
1267 2097 1642 2156 cardinalibus
1662 2103 1978 2171 pontilicem
2008 2104 2183 2169 illum,

635 2178 726 2244 qui
769 2185 880 2233 tum
930 2193 1180 2250 prteerat,
1245 2202 1345 2255 pro
1396 2191 1677 2246 nonnullis
1732 2194 2004 2263 capitibus
2033 2198 2186 2250 incu-

635 2280 825 2322 sarunt
864 2289 878 2336 ;
912 2289 1018 2327 non
1047 2291 1146 2344 pro
1189 2278 1406 2344 bteresi,
1432 2297 1621 2353 apage,
1672 2287 1768 2340 sed
1801 2302 1899 2356 pro
1950 2289 2186 2357 quibus-

636 2361 760 2414 dam
819 2363 884 2416 ad
939 2380 1027 2420 res
1053 2369 1457 2430 ecclesiasticas
1491 2379 1872 2446 spectantibus
1928 2383 2183 2453 negotiis.

638 2450 818 2521 Itaque
846 2470 970 2509 cum
1014 2474 1122 2513 non
1177 2473 1404 2529 possent
1458 2464 1644 2523 Roma:
1683 2470 1737 2523 itt
1761 2474 1889 2525 sede
1941 2450 2187 2541 et'prin—

635 2544 820 2613 cipatu
868 2549 1015 2606 illius
1062 2551 1330 2620 judicium
1412 2559 1676 2615 adversus
1726 2578 1851 2615 eunt
1910 2580 2183 2630 exercere,

636 2637 702 2691 ad
744 2637 983 2695 Francos
1042 2658 1376 2701 secessere:
1412 2649 1598 2718 ibique
1662 2654 1975 2723 congregati
2018 2672 2186 2721 urge-

636 2727 788 2791 bant,
860 2737 916 2784 ut
981 2736 1321 2789 conveniret.
1391 2736 1530 2807 Papa
1590 2740 1668 2794 ire
1722 2746 2045 2811 recusavit;
2106 2746 2181 2802 i"i

639 2820 1004 2888 minabantur,
1059 2820 1103 2878 si
1131 2830 1720 2901 nouproﬁcisceretur,
1757 2835 1926 2890 aliunt
1957 2855 2018 2893 se
2052 2854 2186 2908 pon-

636 2914 831 2968 tiﬁcetu
890 2916 1178 2975 electurus.
1239 2922 1454 2977 Coorue
1507 2918 1633 2980 sunt
1684 2929 1878 2991 turbae,
1945 2931 2184 2986 schiszna

634 3015 689 3061 ct
759 3012 1154 3079 contentiones,
1208 3023 1266 3069 ut
1314 3016 1425 3071 ﬁeri
1470 3019 1614 3075 inter
1674 3023 1922 3076 homines
1983 3022 2182 3086 suevit,

632 3107 686 3151 et
737 3102 919 3169 partiti
979 3115 1107 3159 sunt
1163 3107 1535 3165 ecclesiastica
1594 3111 1791 3166 oﬂicia.
1862 3113 1997 3167 Dem
2073 3116 2186 3170 haec

632 3206 944 3261 agerentur.
1007 3201 1232 3251 tentavit
1262 3216 1404 3253 unus
1447 3217 1511 3254 ex
1552 3202 1744 3257 iisdem
1770 3205 2022 3275 antipapa
2044 3204 2182 3271 ﬁeri,

631 3297 1002 3340 verumtamen
1067 3288 1396 3355 cardinales,
1456 3292 1721 3360 sapientia
1818 3305 1870 3348 et
1942 3287 2254 3364 pruden-C

635 3377 731 3437 tia,
768 3391 872 3444 qua
931 3377 1157 3444 pollent,
1208 3377 1351 3444 freti,
1382 3368 1505 3435 eum
1543 3383 1796 3438 convicio
1843 3385 2183 3454 rejecerunt,

635 3487 757 3524 cum
800 3471 1415 3541 judicassentiujustum
1468 3477 1804 3546 impiumque
1857 3493 1975 3532 esse
2006 3477 2189 3533 Ecde-

633 3565 767 3617 siam
796 3566 1100 3620 discindere
1156 3581 1220 3621 ac
1250 3568 1302 3619 in
1333 3578 1515 3636 partes
1542 3568 1807 3621 dividere.
1837 3569 1916 3620 Au
1937 3569 2059 3622 ideo
2085 3569 2187 3623 ita-

634 3675 743 3728 que
761 3658 955 3713 accivit
979 3656 1215 3723 Grmcos,
1254 3669 1314 3712 ut
1345 3672 1501 3726 Opem
1531 3656 1782 3713 ferrent?
1814 3657 1877 3710 Et
1906 3674 2065 3728 quam
2121 3661 2187 3711 ob

633 3751 878 3807 causam?
900 3751 979 3803 An
998 3750 1066 3804 ob
1099 3748 1312 3804 divitias
1338 3751 1361 3801 ?
1381 3750 1486 3803 Sed
1509 3748 1708 3805 Graecis
1731 3750 1797 3804 ab
1820 3765 1885 3805 eo
1934 3760 2185 3819 sumptus

637 3854 801 3912 atque
820 3844 1076 3897 alimenta
1102 3842 1608 3912 suppeditabantur.
1633 3842 1713 3896 An
1737 3843 1806 3897 ob
1830 3838 2188 3911 sapientiam?

592 3948 595 3949 '
634 3935 739 3989 Sed
772 3952 875 3988 una
897 3934 1045 3987 italia
1069 3934 1251 4003 plures
1273 3936 1459 3987 doctos
1497 3950 1658 4004 quam
1693 3933 1978 3987 universus
1998 3932 2191 3988 Oriens

635 4028 727 4081 alit
750 4026 1052 4094 imperitos.
1076 4024 1152 4078 llli
1173 4023 1274 4079 soli
1303 4026 1537 4079 scltisma
1560 4023 1812 4077 foverunt
1840 4042 1855 4088 ;
1892 4025 1967 4076 illi
2011 4023 2110 4077 soli
2139 4031 2192 4077 et

635 4119 751 4171 sine
777 4117 982 4171 Graecis
1007 4117 1059 4168 in
1080 4116 1425 4170 concordiam
1449 4116 1676 4169 rediere.
1698 4113 1869 4167 Porro
1893 4129 2059 4166 unum
2098 4130 2194 4169 no-

636 4225 787 4266 verat
814 4210 1091 4264 Romanus
1139 4207 1509 4277 archipra-sul,
1559 4206 1719 4275 idque
1779 4209 1988 4278 synodo
2043 4208 2195 4263 Basi-

636 4308 802 4360 leensi
843 4304 1130 4368 referebat,
1148 4318 1308 4374 grave
1330 4302 1526 4357 vulnus
1551 4311 1673 4356 ante
1694 4304 1871 4356 omnia
1894 4304 2190 4356 curandum

633 4400 1038 4467 sanaudnmque
1075 4412 1214 4462 esse,
1249 4397 1341 4465 qui
1369 4404 1497 4450 esta
1521 4393 1761 4449 Rontana
1780 4394 2020 4450 Ecclesia
2048 4394 2197 4450 Grac-

632 4508 818 4543 eururn
848 4505 1092 4544 recessus
1120 4507 1134 4542 :
1168 4504 1526 4558 magnamque
1555 4488 1798 4555 barresim
1821 4490 1961 4543 inter
1982 4504 2077 4543 eos
2096 4505 2195 4543 sa:-

1608 435 1928 500 JOSEPHI
1970 446 2023 503 Μ
2038 445 2526 513 ETIIONENSIS
2549 454 2896 519 EPISCOPI

3749 476 3857 540 988

2212 571 2259 624 Α
2291 585 2450 636 μενος
2480 572 2628 640 παρὰ
2657 572 2756 640 τῆς
2788 575 3006 628 συνόδου
3034 578 3270 644 ἐκείνης,
3302 580 3521 648 ἔμεινεν
3542 582 3612 637 ἂν
3643 586 3856 656 γυμνὸς

2290 660 2387 727 τῆς
2409 662 2838 732 ἀρχιερωσύνης
2860 666 2950 720 διὰ
2970 668 3676 740 τοῦτοάναγκασθεὶς.τοί›ς
3688 680 3731 731 Γ
3733 698 3857 748 ραι-

2291 750 2419 813 κοὺς
2443 751 2670 805 ἐκάλεσε
2694 755 2830 823 πρὸς
2853 756 3044 810 ἑαυτὸν
3073 762 3423 829 πορευθῆναι,
3448 765 3598 828 ὅπως
3620 768 3710 823 διὰ
3739 770 3853 821 τιῖιν

2289 843 2539 909 Γραικῶν
2568 845 2863 918 βεϐαιωθῇ.
2892 852 2985 904 καὶ
3012 854 3111 921 τὴν
3144 855 3200 906 ἐν
3242 857 3494 927 Βασιλεία
3520 860 3650 913 κατ’
3674 861 3851 915 αὑτοῦ

2288 935 2638 1007 τροπὼσηται
2668 938 2906 1009 σύνοδον,
2936 945 3184 1008 καὶτοὺς
3206 947 3436 1018 ἐχθροὺς
3470 951 3640 1005 αὐτοῦ
3677 972 3855 1008 κατα·

2289 1029 2445 1101 ϐάλῃ.
3188 1024 3194 1032 ’

2355 1121 2499 1175 Εὐλ.
2545 1122 2717 1176 Τοῦτο
2751 1126 2852 1193 μὲν
2899 1127 3098 1198 ἀληθὲς
3126 1129 3225 1182 οὐκ
3267 1131 3434 1197 ἔστιν,
3459 1134 3543 1187 δτι
3570 1135 3657 1188 διὰ
3684 1136 3851 1190 τοῦτο

2196 1254 2207 1264 .
2288 1214 2486 1277 αὐτοὺς
2515 1216 2793 1273 ἐκάλεσεν.
2830 1219 2943 1288 Πρὸ
2967 1219 3075 1288 γὰρ
3103 1222 3202 1290 τῆς
3248 1224 3305 1276 ιν
3332 1222 3589 1289 Βασιλείᾳ
3622 1228 3849 1280 συνόδου

2288 1307 2383 1359 καὶ
2417 1305 2510 1359 τοῦ
2550 1310 2873 1364 ἁντιπάππα
2920 1312 3196 1365 ἐκινοῦντο
3224 1313 3298 1366 τὰ
3326 1315 3427 1384 τῆς
3477 1317 3720 1378 συνόδου,
3754 1322 3850 1371 καὶ

2286 1401 2336 1452 οί
2370 1402 2626 1471 πρέσδεις
2656 1405 2783 1464 τοὺς
2815 1407 3075 1473 πρέσϐεις
3104 1407 3403 1477 διεδέχοντο
3432 1409 3490 1472 ἐξ
3514 1412 3851 1480 ἀμφοτέρων

2285 1492 2393 1543 τῶν
2423 1494 2603 1562 μερῶν
2630 1496 2687 1546 ὲν
2710 1496 3040 1566 ἀμφοτέροις
3069 1502 3183 1562 τοῖς
3206 1500 3418 1567 μέρεσι.
3456 1502 3661 1555 Λοιπὸν
3682 1502 3851 1556 τοῦτο

2286 1587 2385 1638 οὐκ
2434 1586 2546 1656 ἔχει
2599 1588 2751 1657 ίσχὺν
2782 1589 2893 1642 οὐδ’
2916 1576 3196 1658 ἀλήθειαν.
3257 1594 3392 1663 Περὶ
3425 1594 3483 1647 δὲ
3538 1593 3635 1647 τοῦ
3686 1598 3852 1648 ἀντι-

2287 1678 2485 1729 πάππα
2517 1677 2631 1737 πῶς
2661 1678 2899 1745 ἐγένετο,
2921 1681 3031 1749 ἐγώ
3062 1699 3145 1736 σοι
3175 1683 3447 1753 λαμπρῶς
3483 1685 3848 1757 διηγήσομαι.

2296 1769 2359 1821 Ὀ
2406 1769 2757 1832 ἀντιπάππας
2792 1766 2945 1835 οὗτος
3003 1774 3253 1827 ἐϐούλετο
3287 1777 3385 1844 μὲν
3436 1778 3711 1843 γενέσθαι,
3744 1780 3851 1831 οὐκ

2290 1860 2505 1924 ἐγένετο
2529 1861 2586 1913 δὲ
2617 1863 2767 1933 παρὰ
2796 1863 2903 1916 τῶν
2931 1865 3149 1919 εἰδότων
3179 1868 3442 1937 ἀκριϐῶς.
3468 1868 3529 1920 οὐ
3560 1870 3727 1923 καλὸν
3754 1864 3850 1931 acl-

2291 1969 2378 2004 ναι
2408 1952 2749 2019 σχίζειν-καὶ
2784 1958 3141 2026 κατατέμνειν
3169 1958 3267 2023 τὴν
3300 1959 3391 2011 τοῦ
3436 1961 3675 2029 Χριστοῦ
3714 1962 3849 2014 Ἐκ-

2285 2044 2533 2112 κ).ησίαν.
2583 2046 2771 2110 Ὅπως
2800 2048 2854 2101 δὲ
2882 2048 3035 2102 ταῦτ’
3085 2051 3361 2119 ἐπράχθη,
3396 2052 3652 2106 ἄκουσον.
3684 2054 3849 2115 Τινὲς

2282 2134 2391 2187 τῶν
2444 2136 2805 2205 καρδινάλεων
2854 2139 3180 2193 ἐπελάϐοντο
3212 2141 3305 2194 τοῦ
3340 2143 3461 2196 τότε
3510 2145 3712 2198 πάππα
3764 2148 3848 2208 εἷς

2284 2244 2408 2282 τινα
2437 2229 2707 2303 κεφάλαια
2743 2231 2804 2296 αὐ
2838 2232 2968 2299 περὶ
2999 2231 3283 2302 αἱρέσεως.
3309 2236 3512 2304 ἄπαγε,
3543 2236 3680 2290 ἀλλὰ
3714 2239 3847 2306 περί

2283 2338 2445 2373 τινων
2474 2321 2949 2389 ἑκκλησιαστικῶν
2981 2327 3347 2393 πραγμάτων.
3380 2330 3591 2382 Οὐκοῦν
3640 2334 3713 2399 μὴ
3758 2331 3850 2383 δυ-

2288 2412 2514 2476 νάμενοι
2547 2414 2604 2465 ὲν
2630 2415 2695 2484 τῇ
2734 2413 2923 2488 Ῥώμῃ
2952 2418 3009 2469 ἐν
3041 2415 3117 2486 τῷ
3148 2416 3323 2488 θρόνῳ
3348 2419 3444 2471 καὶ
3476 2424 3541 2489 τῇ
3574 2422 3714 2489 ἀρχῇ
3748 2424 3845 2475 αὑ-

2284 2505 2377 2556 τοῦ
2409 2505 2557 2572 αὐτῷ
2582 2507 2850 2574 ἐγκαλεῖν,
2897 2507 3123 2575 ἐξῆλθον
3146 2511 3226 2572 είς
3256 2510 3324 2561 τὰ
3363 2511 3504 2581 μέρη
3534 2512 3633 2581 τῆς
3665 2514 3843 2578 Φραγ-

2285 2597 2433 2659 κίας,
2464 2600 2622 2651 κάκεῖ
2657 2600 3157 2669 συναθροισθέντες,
3183 2601 3409 2654 ἐκάλουν
3457 2603 3623 2655 αὑτὸν
3675 2606 3843 2656 ἀπε)-

2286 2689 2416 2747 θεῖν.
2445 2689 2502 2754 ὃς
2530 2690 2628 2744 οὐκ
2655 2690 2848 2758 ἢθελεν
2881 2690 3158 2745 ἀπελθεῖν.
3201 2690 3431 2745 Ἐκεῖνοι
3477 2693 3533 2746 δὲ
3580 2695 3843 2763 ἠπείλουν

2285 2776 2456 2844 αὐτῷ,
2502 2779 2550 2830 εί
2592 2778 2654 2830 οὐ
2695 2778 3009 2851 πορευθείη,
3054 2780 3303 2850 ποιήσειν
3350 2782 3538 2851 ἕτερον
3584 2785 3838 2838 πάππαν.

2297 2867 2544 2933 Ἐγένετο
2588 2868 2681 2923 ἐπὶ
2723 2869 2898 2940 τούτῳ
2934 2868 3160 2940 σχίσμα,
3192 2873 3285 2925 καὶ
3316 2872 3452 2942 ἔρις,
3480 2876 3571 2927 καὶ
3605 2875 3839 2941 φιλονει-

2286 2955 2400 3019 κία,
2426 2955 2502 3017 ὡς
2549 2956 2806 3011 εἰώθασιν
2861 2962 3036 3012 ποιεῖν
3063 2960 3112 3013 οἱ
3143 2958 3447 3030 ἄνθρωποι,
3476 2963 3571 3014 καὶ
3604 2964 3841 3031 ἤρξαντο

2284 3047 2560 3117 διανέμειν
2603 3050 2669 3103 τὰ
2700 3050 3132 3120 ὲκκλησιαστικὰ
3162 3051 3409 3120 όφφίκια.
3455 3053 3563 3106 Kal
3593 3054 3839 3106 ἐϐούλετο

2225 3166 2230 3170 ι
2288 3141 2387 3210 μὲν
2420 3142 2511 3196 ἐπὶ
2541 3143 2712 3211 τούτῳ
2742 3142 2996 3208 γενέσθαι
3025 3159 3111 3205 τις
3137 3142 3512 3207 ἀντιπάππας,
3536 3143 3645 3195 ὑπὸ
3671 3145 3723 3196 δὲ
3745 3147 3843 3211 τῆς

2287 3233 2475 3299 σοφίας
2512 3235 2605 3287 καὶ
2639 3234 2891 3299 γνώσεως
2922 3232 3102 3286 αὐτῶν
3135 3233 3299 3287 πάλιν
3344 3234 3700 3303 ἐπείσθησαν,
3742 3239 3839 3287 κά-

2292 3328 2465 3377 κεῖνον
2515 3324 2769 3392 ἔσκωψαν
2819 3323 3141 3394 βουλόμενον
3170 3325 3427 3393 γενέσθαι
3460 3327 3837 3383 ἀντιπάππαν.

2291 3415 2433 3467 Διότι
2464 3414 2707 3479 ἔγνωσαν
2732 3416 2791 3468 οὐ
2819 3416 3025 3468 δίκαιον
3057 3409 3218 3479 εῖναι,
3248 3414 3373 3469 οὔτε
3413 3418 3520 3488 μὴν
3546 3419 3715 3484 ὅσιον,
3746 3437 3838 3470 κι-

2290 3503 2562 3572 τασχίζειν
2590 3505 2683 3557 καὶ
2710 3506 2942 3576 διαιρεῖν
2965 3509 3063 3575 τὴν
3099 3508 3449 3578 Ἐκκλησίαν.
3483 3500 3639 3577 *Αρέ
3660 3510 3837 3561 ἕνεκεν

2290 3594 2478 3647 τούτου
2509 3597 2734 3649 ἐκάλεσε
2758 3598 2882 3659 τοὺς
2905 3598 3197 3665 Γραικοὺς,
3228 3599 3311 3651 ῖνα
3336 3600 3485 3668 αὐτῷ
3511 3600 3833 3669 βοηθήσουσα

2292 3687 2447 3751 Τίνος
2494 3688 2692 3759 χάριν;
2724 3689 2821 3740 Διὰ
2864 3688 2958 3740 τοῦ
3014 3688 3247 3741 πλούτου
3284 3689 3501 3754 αὐτῶν;
3544 3691 3653 3744 Καὶ
3684 3691 3832 3752 πῶςς

2295 3781 2416 3833 Ὀτι
2447 3782 2642 3835 ἐκεῖνοι
2674 3780 2968 3850 ἐτρέφοντο
3000 3780 3127 3851 παρ’
3156 3780 3347 3836 αὐτοῦ.
3375 3783 3475 3834 Διὰ
3506 3783 3604 3849 τῆς
3651 3784 3835 3850 copia;

2291 3871 2502 3933 αὑτῶνς
2531 3870 2637 3925 Καὶ
2669 3870 2918 3931 πλείονας
2965 3869 3162 3939 σοφοὺς
3222 3870 3334 3939 ἔχει
3372 3872 3405 3940 ἡ
3447 3869 3645 3924 Ἰταλία
3688 3870 3829 3939 ἢόὶ.η

2291 3964 2324 4032 ή
2351 3962 2610 4030 ’Λνατολὴ
2637 3961 2870 4022 ἰδιώτας.
2893 3961 3054 4013 Αὐτοὶ
3077 3962 3224 4030 μόνοι
3249 3960 3508 4031 ἐποίησαν
3534 3963 3594 4014 τδ
3617 3962 3830 4031 σχίσμα,

2290 4054 2445 4107 αὐτοὶ
2479 4056 2629 4121 μόνοι
2664 4055 2762 4106 καὶ
2807 4054 2905 4121 τὴν
2955 4050 3181 4122 εἰρήνην
3233 4052 3517 4122 ἐποίησαν,
3551 4056 3646 4107 καὶ
3674 4052 3831 4121 χωρὶς

2290 4146 2398 4197 τῶν
2428 4146 2721 4215 Γραικῶν.
2763 4145 2858 4196 ’Ἑν
2904 4140 3047 4196 οἶδεν
3075 4145 3103 4197 ό
3131 4143 3229 4206 τῆς
3272 4144 3493 4213 Ῥώμης
3532 4142 3827 4211 ἀρχιερεὺς.

2291 4237 2386 4289 καὶ
2421 4238 2578 4289 τοῦτο
2609 4237 2762 4303 ἔλεγε
2796 4237 2862 4307 τῇ
2885 4238 2942 4288 ιν
2973 4235 3229 4305 Βασιλείᾳ
3253 4236 3476 4304 συνόδῳ,
3505 4236 3670 4287 ὅτιτὸ
3701 4235 3828 4302 μέγα

2292 4328 2513 4400 τραῦμα
2565 4327 2648 4380 δεῖ
2692 4328 3099 4399 θεραπευθῆναι
3149 4329 3246 4381 καὶ
3298 4327 3519 4396 ἰαθῆναι
3554 4326 3828 4395 πρῶτον,δ

2292 4423 2441 4475 ἔστιν
2469 4420 2869 4490 ἀποσκίρτησις
2896 4421 3003 4475 τῶν
3038 4421 3289 4490 Γραικῶν
3320 4419 3429 4472 ἀπὸ
3460 4420 3558 4489 τῆς
3604 4417 3825 4489 Ῥωμαῖ-

2293 4514 2395 4579 κῆς
2439 4513 2787 4581 Ἐκκλησίας,
2820 4511 2913 4566 καὶ
2958 4515 3041 4566 ὅτι
3076 4510 3290 4580 μεγάλη
3322 4511 3537 4580 αἵρεσις
3563 4509 3827 4579 νοσηλεύειν

634 4582 768 4648 \ire,
792 4598 911 4636 cum
932 4582 1321 4635 nonlateanlur
1360 4582 1765 4650 processionem
1791 4580 2034 4652 Spiritus
2068 4598 2185 4637 sano

2294 4623 2382 4659 ται
2414 4606 2473 4659 ἐν
2495 4605 2696 4668 αὐτοῖς.
2716 4604 2788 4675 μὴ
2803 4604 3085 4675 ὁμολογεῖν
3105 4603 3204 4673 τὴν
3222 4603 3553 4671 ἐκπόρευσιν
3574 4603 3661 4656 τοῦ
3685 4600 3822 4666 ἁγίου

633 4678 707 4731 ctl
740 4676 901 4730 etiam
929 4690 993 4729 ex
1014 4672 1148 4728 Filio
1176 4692 1187 4726 :
1222 4692 1241 4725 ι
1271 4674 1622 4743 Aglteigitur,
1646 4674 1771 4728 dum
1792 4677 1969 4731 adhuc
2001 4692 2090 4731 res
2116 4678 2192 4727 vi-

636 4781 782 4839 gent,
810 4778 970 4824 tanta:
1000 4768 1201 4838 talique
1214 4767 1419 4821 nationi
1442 4769 1844 4837 provideamus;
1868 4783 2036 4837 neque
2051 4771 2194 4822 enim

643 4862 992 4932 patior-illius
1028 4860 1297 4917 excidium
1352 4859 1579 4913 intueri.
1621 4858 1755 4913 Tum
1808 4871 1989 4930 postea
2035 4860 2196 4915 rebus

630 4959 795 5011 etiam
836 4958 1036 5012 nostris
1053 4954 1508 5024 providebimusn
1544 4953 1608 5007 Et
1628 4955 1698 5008 ita
1728 4953 1927 5009 factum
1949 4965 2050 5021 est,
2078 4970 2197 5007 om-

633 5066 837 5121 nesque
871 5051 1111 5121 pontiﬁci
1142 5050 1447 5117 audientes,
1476 5064 1541 5102 ex
1576 5048 1869 5103 Basileensi
1888 5048 2093 5119 synodo
2108 5063 2198 5100 re-

636 5147 779 5200 versi
842 5145 908 5200 ad
958 5144 1364 5201 Ferrariensem
1422 5152 1791 5207 accesserunt,
1850 5150 1905 5195 et
1958 5138 2198 5193 venerati

641 5247 768 5293 sunt
792 5238 1119 5306 pontiﬁcem,
1151 5237 1359 5289 veniam
1392 5233 1690 5289 consecuti.
1719 5234 1771 5287 Id
1808 5240 2082 5301 praestant,
2105 5220 2199 5299 qui

636 5332 936 5385 Ecclesiam
970 5330 1175 5383 honore
1196 5334 1601 5397 prosequuntur
1635 5343 1649 5379 :
1686 5326 1741 5379 id
1764 5335 1950 5397 agunt,
1997 5324 2199 5393 quibus

636 5426 782 5478 salus
838 5423 1050 5491 propria
1100 5435 1245 5476 cura:
1291 5429 1411 5485 est;
1447 5434 1550 5473 non
1580 5429 1640 5471 ut
1672 5435 1787 5484 vos,
1817 5419 1987 5490 quiin
2040 5417 2202 5471 liber-

638 5529 802 5571 talem
837 5532 927 5584 per
950 5530 1042 5569 vos
1062 5512 1339 5577 vindicati,
1362 5511 1741 5581 vosmetipsos,
1764 5522 1816 5565 et
1840 5510 2194 5579 patriarchas,

641 5624 694 5666 et
743 5612 1189 5681 arebicpiscopos
1247 5606 1630 5671 constituistis,
1693 5617 1749 5660 et
1791 5605 2080 5675 dignitates
2137 5618 2198 5655 ac

645 5706 923 5773 privilegia
952 5701 1206 5757 Ecclesie
1239 5698 1608 5769 subripuistis,
1644 5712 1731 5762 ea,
1770 5697 2016 5765 inquam,
2076 5710 2198 5761 quze

648 5814 771 5854 sunt
805 5789 1237 5869 patriarcharum
1265 5803 1319 5846 et
1349 5791 1879 5857 archiepiscnporum
1912 5805 2032 5844 cum
2067 5789 2198 5841 Sim-

651 5894 815 5964 plttt‘s
838 5894 954 5949 sitis
985 5892 1309 5961 sacerdotes,
1337 5902 1389 5950 ct
1413 5884 1817 5946 bieromonachi
1835 5892 1887 5939 ct
1910 5879 2195 5953 deponitis,

2298 4695 2612 4763 Πνεύματος
2642 4695 2738 4748 καὶ
2770 4695 2834 4748 ἐκ
2879 4694 2974 4748 τοῦ
3005 4693 3156 4747 Υίοῦ.
3192 4712 3213 4745 ‹
3261 4693 3485 4747 Ἐλθετι
3514 4693 3627 4756 οὖν,
3656 4688 3821 4757 ἐπειδὴ

2294 4790 2364 4840 τὰ
2398 4786 2702 4856 πράγματὰ
2740 4787 2880 4839 εἰσιν
2911 4786 2970 4837 tv
3004 4786 3071 4853 τῇ
3118 4785 3292 4855 ἀκμῇ,
3316 4782 3464 4845 ὅπως
3495 4780 3821 4853 θεραπεύσω-

2302 4895 2401 4945 μεν
2427 4876 2679 4931 τοσοῦτον
2709 4878 2804 4929 καὶ
2827 4874 3148 4943 τηλικοῦτον
3171 4877 3347 4943 γένος.
3374 4874 3447 4925 υὺ
3472 4873 3582 4943 γὰρ
3613 4871 3820 4938 δύναμαι

2297 4969 2395 5038 τὴν
2430 4966 2592 5023 αὑτοῦ
2624 4965 2894 5019 ἀπώλειαν
2928 4966 3188 5037 καθορᾷν.
3215 4962 3349 5019 Εἶτα
3371 4962 3719 5034 ἑμΰλέψωμεν
3737 4961 3820 5014 καὶ

2300 5062 2379 5122 είς
2408 5059 2475 5111 τὰ
2504 5059 2767 5129 ἡμέτερα.
2799 5076 2816 5108 ι
2862 5058 2969 5111 Καὶ
2997 5057 3168 5117 οὕτως
3193 5056 3425 5121 ἐγένετο.
3456 5056 3567 5110 Καὶ
3593 5052 3819 5118 ἐπείσθη-

2301 5166 2400 5203 σαν
2423 5148 2677 5211 attain-ag,
2715 5147 2808 5200 καὶ
2841 5146 3187 5217 ὑπέστρεψαν
3239 5145 3347 5201 ἀπὸ
3376 5144 3478 5215 τῆς
3504 5147 3564 5199 ὲν
3592 5143 3819 5207 Βασιλεία

2302 5241 2521 5294 συνόδου
2553 5241 2691 5310 πρὸς
2719 5241 2817 5310 τὴν
2872 5242 2931 5293 ὲν
2976 5235 3278 5308 Φερραρίᾳ,
3308 5237 3401 5290 καὶ
3434 5236 3817 5308 προσεκύνησαν

2302 5330 2379 5400 τῷ
2430 5332 2654 5401 πάππα,
2699 5332 2793 5384 καὶ
2844 5329 3189 5399 συγχώρησιν
3238 5328 3369 5398 παρ’
3417 5328 3585 5384 αὐτοῦ
3635 5326 3814 5379 ἔλαδον.

2302 5423 2456 5477 Οὕτω
2498 5425 2742 5479 ποιοῦσιν
2772 5424 2822 5475 οί
2854 5423 2951 5490 τὴν
2993 5419 3323 5492 Ἐκκλησίαν
3377 5420 3675 5489 τιμῶντες
3699 5416 3813 5470 οὓτω

2303 5518 2628 5586 πράττουσιν
2658 5516 2705 5567 oi
2735 5515 2830 5581 τῆς
2865 5511 3132 5580 σωτηρίας
3179 5512 3355 5564 αὐτῶν
3387 5510 3714 5579 ὀρεγόμενοι,
3740 5507 3813 5560 καὶ

2301 5610 2402 5677 οὐχ
2430 5608 2505 5671 ὡς
2541 5609 2718 5677 ὑμεῖς,
2744 5608 2798 5659 οῖ
2826 5621 2968 5666 τινες
2996 5604 3240 5671 ἐγένεσθε
3267 5596 3579 5672 αὐτόνομοι,
3608 5607 3694 5660 καὶ
3715 5604 3814 5655 lu-

2304 5699 2487 5752 θίσατε
2538 5698 2764 5760 ἑαυτοὺς
2820 5696 3183 5764 πατριάρχας,
3230 5696 3325 5747 καὶ
3358 5696 3808 5764 ἀρχιεπισκόπουςι

2304 5793 2397 5844 καὶ
2443 5794 2725 5861 ήρπάσατε
2758 5791 2825 5841 τὰ
2878 5789 3166 5857 ἀξιώματα
3207 5789 3303 5857 τῆς
3366 5787 3704 5859 ’Βκκλησίας,
3730 5798 3810 5835 πα-

2306 5884 2599 5957 τριαρχικὶι
2636 5882 2774 5951 λέγω
2824 5880 2886 5954 δὴ
2941 5882 3027 5934 καὶ
3066 5880 3709 5953 ἁρχι;πισκοπικέι,ψιλοὶ
3748 5875 3806 5926 ῐεο
