4006 6338
133 445 249 504 939

1095 455 1588 532 DlSCEPTATlO
1625 463 1773 521 PRO
1811 465 2000 525 ΕΟΝο
2051 463 2419 525 FLORENT.
2451 487 2455 491 ε

3253 461 3360 524 990

141 565 263 626 pc't';
300 565 394 615 κατ.
432 565 767 636 ἱερομὸνσχοι
806 572 953 634 ὄντες
977 586 990 600 ⁸
1025 574 1116 626 καὶ
1149 574 1435 645 καθαίρετε
1465 580 1555 631 καὶ
1589 580 1687 648 ἀρ-

1810 581 1842 622 :t
1867 584 1999 629 aiter
2036 576 2261 642 alterum
2281 590 2308 626 a
2335 574 2505 628 sacris
2526 572 2738 626 arcetis.
2759 571 2933 637 Quare
2953 588 3054 624 non
3097 574 3360 641 antipapm

132 656 238 718 γδν
276 660 480 710 ποιεῖτε
525 654 604 721 εἷς
649 662 739 712 τὸν
783 663 992 732 ἕτερον.
1038 668 1198 720 Ὥστε
1231 670 1290 721 οὐ
1321 670 1407 722 διὰ
1432 672 1519 722 τὸν
1548 675 1697 724 ἀντι-

135 747 406 810 σηίππαν,
435 748 509 811 ὡς
542 750 776 819 εἴρηται,
808 755 835 806 ὁ
869 755 1120 822 Εύγένιος
1143 761 1364 813 ἐκάλεσε
1393 763 1517 825 τοὺς
1539 764 1699 832 Γραι·

133 838 295 899 χοῦς,
336 838 450 889 ἀλλ’
501 839 587 893 ἴνα
640 843 1032 917 εἰρηνοποιήσῃ
1083 849 1179 918 τήν
1221 851 1567 918 Ἐκκλησίαν.
1603 855 1696 907 καὶ

135 928 363 999 συνάψῃ
388 931 454 982 τὰ
485 932 770 994 διεστῶτα.
799 940 889 990 καὶ
911 937 976 990 τὰ
1001 939 1462 1010 διεσκορπισμένα
1489 943 1581 996 τοῦ
1613 947 1698 998 δε-

133 1023 413 1076 σποτικοῦ
448 1025 699 1096 σώματος
748 1031 882 1098 μέλη
935 1035 1270 1104 συναρμόσῃ,
1295 1036 1387 1086 καὶ
1420 1036 1698 1107 συναγάγῃ

131 1116 219 1170 είς
275 1116 338 1167 ἒν
373 1119 551 1181 μέλος.
597 1121 692 1173 Διὰ
726 1121 883 1176 τοῦτο
909 1127 1000 1176 καὶ
1029 1127 1095 1176 τὰ
1129 1111 1237 1179 ίδια
1267 1128 1526 1196 χρήματα
1561 1128 1698 1195 μετὰ

131 1209 326 1272 χαρᾶς
362 1210 594 1280 ἔπεμψε.
628 1214 739 1268 Καὶ
768 1213 928 1277 εὐθὺς
963 1216 1069 1283 πρὸ
1097 1217 1188 1269 τοῦ
1218 1217 1454 1281 ἐξελθεῖν
1487 1220 1594 1271 τῶν
1625 1221 1700 1272 oi-

131 1300 312 1352 κείων
368 1301 553 1364 οἴκων,
597 1304 787 1357 ἔλαϐεν
839 1307 1065 1369 ἕκαστος
1098 1308 1157 1361 τὸ
1190 1312 1518 1378 τεταγμένον
1552 1311 1718 1379 αὐτῷ’

131 1395 481 1462 σιτηρέσιον.
537 1397 642 1447 Καὶ
676 1396 848 1459 οὕτως
900 1399 1127 1469 ἔτρεφεν
1163 1402 1379 1464 αὐτοὺς.
1406 1402 1696 1471 ἀπ’,αύτῆς

129 1481 393 1548 δηλονότι
415 1486 512 1556 τῆς
539 1486 751 1550 Πόλεως
785 1489 944 1560 μέχρι
967 1490 1166 1558 τέλους.
1198 1494 1306 1548 Καὶ
1331 1493 1416 1547 διὰ
1438 1494 1541 1545 τῶν
1573 1495 1703 1546 ἀνα-

130 1576 420 1642 )ωμάτων
462 1577 627 1631 αὑτοῦ
678 1576 839 1648 ἦλθον
889 1584 964 1643 εἰς
1005 1582 1102 1652 τὴν
1141 1581 1387 1644 Ἰταλίαν.
1422 1586 1516 1638 καὶ
1549 1584 1700 1653 βασι-

129 1669 290 1733 λεὺς,
326 1671 420 1723 καὶ
451 1673 812 1741 πατριάρχης.
845 1676 936 1727 καὶ
968 1679 996 1728 ὁ
1025 1676 1208 1739 λοιπὸς
1233 1677 1434 1746 κλῆρος
1459 1695 1474 1710 ο
1510 1679 1604 1731 καὶ
1636 1679 1693 1730 οὗ

133 1766 310 1830 μόνον
339 1763 515 1824 τοῦτο,
544 1763 676 1816 ἀλλὰ
708 1767 800 1816 xz".
829 1767 1160 1836 ὁπλοφόρους
1187 1770 1560 1837 ἐμισθώσαντο
1591 1771 1699 1822 δισ-

131 1854 357 1922 χιλίους
414 1855 643 1926 ἄνδρας,
701 1858 917 1925 βλέπειν
967 1860 1065 1928 τὴν
1138 1862 1699 1918 Κωνσταντινούπολιν

139 1946 320 2016 μέχρι
354 1947 455 2013 τῆς
505 1949 762 2001 ἐπανόδου
795 1948 888 2001 τοῦ
922 1949 1207 2017 βασιλέως,
1233 1953 1319 2006 διὰ
1349 1954 1455 2006 τῶν
1485 1955 1696 2007 ἐκείνου

133 2037 474 2105 χρημάτων,
514 2040 621 2092 Καὶ
648 2041 747 2093 οὐκ
773 2041 930 2102 εὐθὺς
960 2041 1205 2104 ἐλθόντες
1247 2044 1560 2115 ἡνῶθησαν,
1585 2045 1700 2098 ἀλλ’

140 2128 484 2191 ἠγωνίζοντο
530 2129 807 2192 ἐνιαυτοὺς
843 2130 933 2183 δύο
967 2132 1035 2190 τὰ
1077 2131 1214 2202 μέρη
1260 2133 1570 2202 ἀμφότερα,
1607 2137 1702 2188 καὶ

137 2220 166 2270 ὁ
204 2221 364 2287 ἁγὼν
395 2223 485 2272 τὸν
519 2221 706 2287 ἀγῶνα
733 2223 965 2291 ἐδέχετο,
997 2223 1086 2276 καὶ
1120 2226 1153 2294 ή
1199 2223 1434 2291 διάλεξις
1464 2225 1560 2296 τὴν
1585 2228 1701 2280 διά-

139 2309 318 2372 λεξιν,
354 2310 446 2361 καὶ
493 2310 540 2361 oi
595 2311 961 2381 διαλεγόμενοι
993 2315 1088 2386 οὐχ
1139 2317 1366 2385 ἡσυχίαν
1403 2313 1555 2388 ἦγον,
1587 2318 1702 2370 ἀλλ’

142 2401 471 2470 ἠγρύπνουν
507 2404 598 2456 ἐπὶ
624 2406 797 2474 τούτῳ
824 2407 1152 2475 μελετῶντες
1178 2409 1349 2464 νύκτα
1372 2427 1432 2462 τε
1459 2411 1545 2462 καὶ
1569 2411 1706 2477 ἡμέ-

149 2512 275 2557 ραν,
312 2494 405 2547 καὶ
458 2495 784 2561 ἐσπούδαζον
830 2499 1058 2562 ἕκαστος
1107 2501 1575 2567 ὑπερασπίζεσθαι
1610 2503 1704 2556 τοῦ

147 2588 360 2639 οἰκείου
396 2587 614 2657 μέρους,
641 2588 744 2651 ἕως
774 2590 894 2642 ὅτόυ
928 2593 1300 2662 συνεπεράνθη
1322 2595 1381 2646 τὸ
1408 2595 1586 2662 ἔργον.
1609 2595 1705 2649 καὶ

151 2677 453 2746 ήνὼθησαν
493 2681 627 2747 μετὰ
661 2683 858 2750 χαρᾶς,
890 2682 986 2751 τῆς
1013 2682 1287 2750 ἀληθείας,
1313 2684 1405 2735 καὶ
1428 2685 1488 2736 οὑ
1519 2684 1706 2755 δώρων

148 2769 346 2830 ἓνεκα,
377 2772 470 2821 καὶ
516 2770 879 2844 ὑπεχώρησαν
913 2773 988 2842 τῷ
1017 2773 1268 2842 δόγματι,
1315 2774 1388 2843 μὴ
1424 2775 1706 2844 δυνάμενοι

152 2861 483 2926 ἀντιλέγειν,
514 2862 656 2915 οὕτω
701 2863 967 2932 λαμπρῶς
998 2867 1240 2934 φανέντι,
1267 2869 1361 2919 καὶ
1387 2868 1707 2938 ὑπέγραψαν

153 2953 518 3022 ἀγαλλόμενοι
541 2957 682 3025 ,μετὰ
710 2958 1015 3026 προθυμίας
1039 2960 1257 3027 ἁπάσης
1280 2978 1337 3012 τε
1366 2965 1460 3014 καὶ
1479 2964 1536 3015 οὐ
1567 2963 1706 3031 βίας,

151 3045 230 3107 ὡς
264 3044 472 3114 λέγετε.
506 3048 612 3100 Καὶ
640 3046 979 3118 λειτουργίας
1021 3050 1316 3115 γενομένης
1341 3051 1653 3120 ἀνεγνώσθη
1682 3053 1709 3104 ο

154 3141 307 3206 ὄρος,
360 3141 455 3191 καὶ
489 3141 536 3193 οἱ
583 3140 843 3209 ἡμέτεροι
899 3141 1318 3210 ἀρχιεπίσκοποι
1373 3145 1708 3213 ἐνδεδυμένοι

1797 680 1961 718 causa
1987 663 2488 733 EugeniusGrreens
2510 664 2813 727 accersivit,
2840 663 2930 716 sed
2959 671 3015 717 ιιι
3067 678 3194 730 pace
3215 679 3246 716 u
3291 665 3348 718 in

1804 756 2035 810 Ecclesia
2062 765 2426 825 componeret,
2462 764 2516 808 et
2547 757 2690 809 inter
2717 755 2978 810 discissos
3009 755 3357 808 concordiam

1800 850 2211 912 conglutinaret,
2235 857 2288 902 et
2309 847 2572 902 Dominici
2588 849 2830 914 corporis
2845 849 3090 917 dispersa
3116 847 3358 900 membra

1798 942 2169 1011 conjungeret,
2228 950 2281 995 et
2346 942 2395 994 in
2454 957 2618 993 utinm
2683 941 2943 995 obstricta
2990 950 3356 1007 componeret.

1800 1029 2086 1099 Propterea
2119 1030 2364 1098 prOprias
2389 1047 2600 1098 quoque
2633 1031 2893 1098 pecunias
2948 1047 3057 1083 non
3108 1031 3227 1083 siue
3278 1028 3359 1081 in-

1800 1123 2131 1189 gentianimi
2188 1123 2610 1191 promptitndine
2653 1133 2706 1174 et
2754 1122 2948 1190 gaudio
3004 1122 3170 1177 misit.
3234 1120 3359 1174 Sta-

1803 1215 2003 1284 timque
2035 1216 2230 1282 singuli
2259 1225 2544 1284 antequam
2569 1215 2729 1267 demo
2761 1214 3172 1283 egrederemur,
3219 1229 3359 1281 prte-

1800 1309 2058 1376 Scriptum
2089 1308 2190 1361 sibi
2219 1307 2559 1374 stipendium-
2588 1322 2868 1374 accepere,
2903 1316 2957 1360 et
2986 1307 3088 1359 hac
3147 1307 3358 1359 ratione

1800 1399 2011 1452 eosdem
2039 1398 2245 1466 abipso
2284 1398 2433 1450 urbis
2474 1396 3086 1464 Constantiuopolitana:
3132 1411 3351 1464 egressu

1799 1491 1865 1543 ad
1903 1504 2200 1559 regressum
2224 1488 2277 1542 in
2308 1489 2478 1555 ipsam
2512 1488 2711 1553 alebat,
2742 1497 2795 1541 et
2831 1489 3082 1554 expensis
3114 1488 3253 1541 illius
3274 1503 3334 1538 ve

1801 1581 2631 1649 nereinltaliametimperator,
2675 1590 2726 1633 et
2758 1579 3085 1647 patriarcha,
3127 1589 3180 1632 et
3231 1579 3359 1630 reli-

1799 1689 1936 1740 quos
1964 1673 2170 1735 clerus;
2197 1687 2368 1740 neque
2399 1671 2449 1724 id
2483 1672 2674 1735 solum,
2705 1671 2796 1725 sed
2829 1671 3020 1723 armati
3051 1671 3212 1723 etiam
3265 1671 3360 1722 ho-

1803 1766 1975 1818 mines
2002 1766 2080 1817 bis
2109 1765 2251 1816 mille
2286 1765 2524 1831 ejusdem
2551 1765 2777 1832 pecunia
2807 1763 3062 1816 conducti
3090 1760 3260 1826 fuere,
3294 1771 3351 1813 ut

1802 1855 1861 1901 da
1900 1852 2417 1920 Constantinopolim
2453 1853 2679 1907 reditum
2722 1853 3060 1921 imperatoris
3103 1852 3356 1904 deft-nde-

1804 1952 1939 1995 rent.
1971 1939 2152 2009 Neque
2197 1959 2298 1996 suo
2342 1959 2564 1998 accessu
2604 1944 2786 1998 subito
2834 1946 3086 2007 unionem
3129 1944 3358 2011 amplexi

1802 2043 1949 2096 sunt,
1970 2034 2060 2087 sed
2089 2049 2180 2102 per
2219 2017 2518 2088 continuos
2543 2037 2679 2088 duos
2735 2050 2906 2089 annos
2960 2048 3188 2103 utraque
3238 2050 3363 2103 pars

1800 2126 2252 2194 disputationibus
2273 2126 2637 2192 incumbebat,
2661 2135 2712 2179 et
2732 2126 3063 2180 concertatio
3080 2138 3329 2181 concerta
3347 2157 3359 2165 -

1802 2218 2004 2271 tionem
2030 2217 2348 2284 excipiebat,
2370 2226 2423 2272 et
2446 2232 2772 2286 congressus
2825 2233 3178 2286 congressum
3210 2233 3225 2281 ;
3265 2235 3361 2269 ne-

1801 2325 1904 2376 que
1930 2309 2019 2376 qui
2051 2308 2502 2373 distintatiouilnts
2530 2315 2814 2374 praeerant,
2850 2323 3083 2376 unquam
3109 2309 3348 2373 quiesce-

1803 2402 1949 2464 bant,
1987 2400 2078 2454 sed
2103 2410 2416 2466 argumenta
2440 2399 2624 2452 animo
2661 2399 2953 2463 volventes,
3011 2407 3198 2450 noctes
3223 2399 3363 2452 ιιὶυε-

1803 2509 1908 2560 que
1928 2491 2332 2562 pervigilabmt,
2354 2501 2405 2543 et
2426 2491 2652 2558 quisque
2673 2505 2766 2557 pro
2794 2488 3008 2543 tutanda
3029 2505 3122 2543 sua
3141 2501 3365 2543 senten-

1805 2587 1876 2639 lia
1903 2585 2069 2639 nimio
2089 2583 2764 2653 operesutnebatoperam,
2818 2597 3102 2649 quousque
3148 2581 3361 2633 tandem

1807 2692 1894 2731 res
1915 2675 2114 2730 exitum
2136 2674 2342 2738 habuit,
2376 2682 2430 2730 et
2459 2671 2584 2728 uuio
2617 2670 2857 2741 perfecta
2892 2671 2992 2724 fuit
3016 2686 3138 2724 cum
3164 2670 3364 2737 gaudio

1805 2766 2069 2830 veritatis,
2105 2780 2213 2819 non
2250 2780 2534 2818 munerum
2572 2764 2761 2832 gratia,
2786 2778 3086 2830 manusque
3121 2762 3364 2830 dogmati

1806 2857 2087 2921 dedetunt,
2103 2872 2220 2908 eum
2246 2865 2430 2910 contra
2453 2855 2655 2909 hiscere
2679 2870 2785 2908 non
2815 2862 3047 2919 possent,
3068 2853 3211 2905 claro
3233 2854 3367 2904 adeo

1808 2948 2138 3014 patentique,
2169 2945 2387 3014 laetique
2407 2946 2773 3014 subscripsere
2798 2945 3038 2998 volentes
3087 2945 3368 2997 lubentes-

1808 3050 1934 3101 que,
1958 3049 2061 3087 non
2081 3035 2274 3099 coacti,
2298 3043 2355 3086 ut
2386 3049 2476 3087 vos
2504 3032 2682 3088 dicitis
2718 3051 2730 3086 :
2765 3049 3029 3102 sacroque
3051 3034 3229 3087 miss:e
3277 3050 3367 3086 sa-

1810 3123 2257 3192 crificioperacto,
2281 3122 2520 3176 definitio
2552 3123 2690 3177 lecta
2718 3133 2820 3188 est,
2852 3122 3129 3191 nostrique
3156 3124 3370 3176 archie-

153 3233 258 3294 τὰς
288 3231 678 3300 ἁρχιερατικὰς
702 3231 892 3294 στολὰς
924 3231 1160 3294 ἅπαντες
1185 3233 1242 3284 ὲν
1269 3235 1403 3303 αὐτῇ
1431 3212 1591 3305 ἦσαν,
1614 3236 1707 3290 καὶ

1812 3215 2018 3286 pisc0pi
2042 3214 2416 3269 archieraticis
2444 3212 2779 3269 ve‘stimeutis
2800 3215 2973 3268 induti
3006 3230 3195 3269 onmes
3243 3216 3370 3269 adc-

153 3323 326 3392 ὃρκου
355 3322 600 3386 δοθέντος
630 3326 686 3377 ὲν
709 3322 787 3394 τῷ
815 3325 1115 3396 δεσποτικῷ
1139 3326 1346 3396 σώματι
1370 3328 1466 3397 ἤδη
1501 3328 1710 3398 ἱερουρ-

155 3411 406 3480 γηθέντι,
428 3413 502 3475 ὠς
530 3413 669 3466 οὕτω
697 3417 911 3484 φρονεῖν
940 3416 1032 3467 καὶ
1062 3418 1336 3471 πιστεύειν
1363 3420 1444 3481 είς
1471 3418 1532 3470 τὸ
1562 3419 1708 3485 ἑξῆς,

156 3507 208 3558 οἱ
245 3505 443 3568 πάντες
476 3505 726 3574 ἁσμένως
753 3507 810 3571 ἐξ
841 3507 1170 3577 ἀμφοτέρων
1212 3508 1320 3560 τῶν
1355 3509 1534 3579 μερῶν
1563 3509 1708 3574 ῶμο-

159 3619 289 3662 σαν,
317 3600 460 3652 οὕτω
497 3599 770 3652 πιστεύειν
812 3616 868 3651 τε
918 3599 1012 3672 καὶ
1054 3603 1292 3668 φρονεῖν,
1321 3603 1415 3653 καὶ
1452 3602 1711 3671 ἀλλήλους

163 3695 305 3763 μετὰ
336 3692 586 3761 δακρύων
612 3694 704 3745 καὶ
731 3693 906 3761 χαρᾶς
938 3692 1165 3762 ἀπείρου
1203 3692 1528 3762 ἠσπάζοντο,
1553 3693 1627 3755 ὡς
1653 3694 1712 3747 τὸ

160 3785 424 3848 πολυετὲς
455 3786 606 3837 τουτὶ
639 3785 843 3854 σχίσμα
878 3786 1032 3853 ἔτυχε
1071 3783 1170 3852 τῆς
1205 3785 1418 3847 ίάσεως,
1446 3785 1539 3836 καὶ
1571 3784 1710 3854 Χρι-

162 3877 372 3929 στιανοὶ
389 3873 659 3943 ὀρθόδοξοι
682 3875 906 3943 Γραικοὶ
934 3877 1025 3929 καὶ
1053 3878 1273 3930 Λατῖνοι
1302 3878 1359 3931 ἐν
1387 3877 1559 3949 ταύτῃ
1584 3878 1714 3946 ἀνη-

161 3967 528 4038 γορεύθησαν.
563 3968 669 4019 Καὶ
700 3968 727 4020 ὀ
765 3968 890 4035 ὅρος
921 3969 998 4028 εἰς
1037 3969 1211 4020 πᾶσαν
1258 3970 1355 4036 τὴν
1388 3970 1713 4040 οίκουμένην

161 4058 471 4125 διὶδραμεν.
512 4056 811 4126 Ἑλληνιστὶ
858 4059 950 4109 καὶ
986 4058 1284 4127 Ῥωμαϊστὶ
1307 4061 1712 4128 γεγραμμένος.

164 4153 274 4206 Καὶ
304 4152 486 4214 αὐτος,
517 4150 573 4202 ὂν
603 4149 778 4217 λέγεις
811 4150 1063 4219 Ἐφέσου,
1094 4152 1282 4216 παρὼν
1303 4147 1370 4221 ἦν
1399 4153 1531 4214 ἐκεῖ,
1565 4153 1712 4204 ὲνδε·

163 4245 395 4312 δυμένος
426 4244 519 4296 καὶ
553 4239 713 4306 αὐτὸς
761 4241 860 4310 τὴν
908 4242 1300 4312 ἀρχιερατικὴν
1329 4243 1490 4295 αὑτοῦ
1525 4243 1714 4312 στολὴν

169 4336 309 4402 μετά
339 4334 449 4386 τῶν
480 4333 701 4398 λοιπῶν,
748 4335 841 4386 καὶ
873 4333 1074 4405 ὕμνους
1103 4335 1308 4388 ἔδωκαν
1356 4335 1433 4404 τῷ
1473 4335 1592 4405 Θεῷ
1623 4335 1716 4388 καὶ

163 4427 472 4494 δοξολογίας
496 4428 561 4478 τὰ
595 4426 733 4496 μέρη
769 4427 1078 4495 ἀμφοτέρα,
1107 4427 1182 4496 τῷ
1229 4427 1524 4495 συνάψαντι
1556 4428 1716 4480 πάλιν

152 4520 234 4571 ’τὰ
273 4518 407 4588 μέλη
439 4517 530 4569 τοῦ
561 4517 822 4586 μυστικοῦ
849 4517 1013 4571 αὑτοῦ
1037 4519 1311 4586 σώματος,
1339 4504 1590 4570 τοσοῦτον
1616 4519 1714 4588 ήδη

168 4611 362 4679 χρόνον
394 4608 745 4677 διερῤωγότα.
784 4609 892 4660 Καὶ
919 4608 1143 4676 οὐρανὸς
1193 4609 1288 4677 μὲν
1332 4609 1617 4677 ηὐφράνθη
1648 4612 1712 4677 τῇ

168 4705 350 4772 ἡμέρᾳ
379 4700 583 4768 ἐκείνῃ,
613 4699 683 4766 γῆ
711 4697 768 4751 δὲ
795 4696 1176 4767 ἠγαλλιάσατο,
1213 4699 1306 4750 καὶ
1349 4698 1568 4766 ἄγγελοι
1606 4702 1716 4760 τοῖς

172 4794 478 4863 ἀνθρώποις
509 4792 844 4860 συνέχαιρον.
885 4790 1008 4852 Πῶς
1037 4785 1150 4852 οὖν,
1196 4791 1430 4859 ἀδελφοὶ,
1459 4792 1717 4862 τοιαύτην

171 4889 262 4940 καὶ
291 4885 558 4953 τοσαύτην
591 4882 764 4955 χαρὰν
794 4883 873 4945 εἰς
907 4881 1086 4951 θλίψιν
1112 4881 1270 4952 ὑμεῖς
1299 4882 1392 4934 καὶ
1417 4885 1717 4961 κατήφειαν

174 4979 516 5047 μεταποιεῖτε
536 4992 553 5041 ;

250 5067 408 5120 'Pax.
450 5067 562 5117 Οὐκ
615 5066 872 5134 ἡκουσας,
909 5069 990 5120 ὅτι
1027 5067 1179 5120 αὐτοὶ
1213 5068 1431 5128 ἐκεῖνοι,
1485 5070 1534 5121 οί
1600 5069 1719 5122 ἐκεῖ

174 5153 580 5224 ὑπογράψαντες
606 5156 662 5205 ἐν
698 5157 1256 5211 Κωνσταντινουπόλει
1288 5157 1590 5223 γενόμενοι,
1620 5159 1712 5211 τά-

173 5245 358 5300 ναντία
415 5244 621 5310 ελεγον,
655 5247 746 5296 καὶ
790 5246 935 5306 ὅπως
981 5249 1008 5299 ὁ
1049 5247 1273 5316 Ἐφέσου
1317 5247 1416 5297 οὐκ
1470 5247 1719 5316 ἐπείσθη,

174 5339 292 5392 οὐδὲ
337 5335 641 5407 ὑπέγραψε,
680 5337 880 5405 μᾶλλον
910 5337 965 5389 δὲ
999 5340 1091 5392 καὶ
1141 5338 1418 5410 στραφεὶς,
1445 5341 1582 5390 κατὰ
1614 5341 1718 5390 Λα-

175 5432 331 5483 τίνων
355 5429 719 5496 ξυνέγραφεν;
755 5431 907 5486 Ἐπεὶ
929 5429 1021 5484 οὖν
1047 5433 1272 5492 ἐκεῖνος.
1300 5433 1447 5492 ὅστις
1476 5430 1718 5498 ὑπῆρχεν

179 5516 252 5586 εἷς
281 5521 388 5573 τῶν
419 5521 833 5588 διαλεγομένων,
881 5524 978 5592 οὐχ
1035 5523 1371 5590 ὑπέγραψεν,
1410 5523 1524 5582 πῶς
1555 5524 1718 5590 ἡμεῖς

178 5619 239 5684 τῇ
275 5613 471 5680 συνόδῳ
497 5614 668 5686 ταύτῃ
695 5617 1116 5683 συναινέσομεν;
1157 5610 1285 5667 Εἶτα
1319 5616 1412 5667 καὶ
1441 5618 1548 5675 τοῖς
1583 5616 1718 5666 ὑπο.

181 5709 415 5778 γράψασι
438 5708 751 5775 μεταμέλει,
776 5707 847 5766 ὡς
870 5709 1048 5768 κακῶς
1076 5711 1359 5778 ποιήσασιν
1383 5706 1715 5777 ὑπογράψαι,

184 5803 274 5855 καὶ
296 5799 384 5851 διὰ
411 5797 567 5850 τοῦτο
593 5800 687 5857 τὰς
713 5801 896 5868 χεῖρας
923 5801 999 5859 εἰς
1024 5802 1191 5866 τομὴν
1221 5800 1499 5863 ἐξέτεινον,
1529 5799 1620 5848 καὶ
1643 5799 1718 5864 τῷ

195 5894 410 5962 Ἐφέσου
474 5892 803 5958 συνηγόρνυί
903 5894 990 5944 καὶ
1050 5896 1207 5948 aiam
1265 5893 1590 5961 ἐμακάριζον
1643 5891 1714 5962 ειη

1811 3321 1950 3377 rant,
1977 3318 2029 3364 et
2069 3309 2420 3379 jurejurando
2443 3325 2605 3379 super
2624 3310 2834 3363 Domini
2868 3309 3192 3377 corpusjam
3241 3324 3370 3361 con-

1809 3410 2076 3456 secratum
2096 3400 2222 3453 dato
2257 3408 2606 3467 acceptoque,
2636 3400 2703 3451 ita
2739 3414 2796 3452 se
2815 3400 3018 3452 sentire
3037 3408 3089 3451 et
3110 3399 3162 3450 in
3192 3409 3371 3466 poste-

1810 3515 1930 3553 rum
1963 3498 2264 3567 credituros
2323 3507 2480 3546 omne
2506 3491 2660 3545 avide
2684 3491 2968 3558 utriusque
3010 3491 3175 3554 partis
3219 3490 3372 3554 jura-

1812 3593 1957 3652 rnnt,
1980 3588 2052 3640 ita
2078 3595 2262 3639 tenere
2284 3591 2336 3636 et
2355 3582 2595 3646 credere;
2624 3580 2936 3649 mutuisque
2956 3595 3013 3633 se
3033 3580 3372 3648 amplexibus

1811 3675 2261 3731 deosculabantur
2294 3687 2401 3726 non
2453 3673 2568 3726 sine
2626 3670 2877 3741 lacrymis
2924 3680 2977 3724 et
3028 3670 3373 3724 inenarrabili

1813 3771 2006 3840 gaudio
2032 3785 2050 3832 ;
2077 3767 2217 3836 quod
2251 3767 2508 3822 diuturno
2533 3765 2812 3820 scltismati
2837 3765 3129 3819 remedium
3149 3765 3376 3818 allatum

1811 3874 1865 3918 et
1891 3861 2187 3917 Clnistiaui
2213 3859 2500 3914 orthodoxi
2531 3869 2643 3911 ttnn
2667 3859 2856 3922 Graeci,
2895 3867 3005 3910 tum
3065 3856 3240 3908 Latini
3313 3857 3367 3909 in

1812 3971 1873 4008 ea
1906 3942 2186 4008 acclamati
2224 3961 2372 4017 sunt,
2407 3961 2458 4004 et
2481 3950 2724 4005 definitio
2756 3964 2850 4017 per
2877 3956 3045 4001 totum
3099 3957 3366 4000 terrarum

1813 4050 1999 4103 orbem
2026 4043 2350 4109 convolavit,
2407 4042 2594 4099 Graece
2642 4040 2989 4107 Romaneqne
3035 4040 3372 4107 conscripta.

1830 4143 1892 4194 lit
1931 4156 2088 4210 quem
2132 4140 2245 4207 ipse
2275 4136 2435 4202 dicis,
2469 4135 2735 4204 Ephesius
2792 4136 2980 4188 aderat
3053 4150 3176 4188 eum
3225 4135 3370 4198 aliis,

1814 4233 1927 4288 suis
1953 4230 2325 4286 archieraticis
2387 4228 2628 4283 vestibus
2663 4228 2917 4292 amictus,
2954 4237 3007 4279 et
3038 4227 3263 4295 hymnos
3315 4238 3371 4280 et

1815 4327 2240 4382 collaudatioues
2264 4339 2390 4393 pars
2417 4333 2646 4392 utraque
2674 4322 2926 4377 exhibuit
2954 4324 3080 4385 lien,
3113 4323 3202 4387 qui
3254 4336 3376 4390 rnrg

1815 4437 1908 4476 sus
1932 4421 2012 4473 sui
2037 4419 2280 4487 corporis
2296 4417 2504 4486 mystici
2531 4415 2771 4468 membra
2801 4423 2950 4465 tanto
2980 4411 3204 4463 discissa
3229 4419 3366 4462 tem‘

1817 4529 1946 4583 pore
1975 4513 2025 4566 in
2056 4527 2219 4567 unum
2257 4510 2562 4563 coalescere
2627 4506 2773 4561 fecit.
2811 4503 2871 4558 Et
2903 4505 3097 4556 cm'um
3156 4502 3374 4569 quidem

1822 4622 1885 4660 eo
1923 4604 2010 4656 die
2063 4603 2298 4655 lmtatum
2349 4611 2456 4664 est,
2511 4607 2652 4652 terra
2718 4596 3007 4652 exsultavit
3063 4596 3259 4665 gaudio
3323 4605 3377 4649 et

1817 4695 1988 4764 angeli
2017 4707 2139 4745 cmn
2174 4690 2485 4744 hominibus
2507 4689 2749 4758 ejusdem
2811 4688 3101 4756 voluptatis
3159 4687 3377 4754 partit-i-

1798 4803 1909 4858 ,pes
1940 4786 2062 4840 facti
2091 4794 2233 4839 sunt.
2269 4783 2382 4849 Qua
2411 4798 2577 4838 causa
2611 4783 2792 4852 itaque
2854 4781 3048 4835 fratres
3105 4783 3261 4833 talem
3313 4796 3376 4833 ac

1819 4890 2021 4933 tantam
2051 4878 2287 4934 Iretitiam
2319 4877 2370 4928 in
2399 4889 2684 4930 maerorem
2751 4889 2814 4928 ac
2844 4874 3110 4927 tristitiam
3137 4887 3378 4928 remum-

1823 4975 1946 5026 tatis
1973 4972 1996 5023 ?
3162 5010 3164 5013 .

1895 5062 2058 5116 Rhac.
2094 5060 2281 5114 Nonne
2311 5057 2510 5114 audisti
2551 5072 2646 5114 eos
2673 5057 2820 5126 ipsos
2850 5057 2942 5126 qui
2991 5059 3204 5128 synodo
3245 5063 3377 5114 sub-

1825 5153 2186 5220 scripserunt,
2218 5167 2338 5204 cum
2366 5149 2891 5219 Constantinopolim
2922 5152 3219 5211 venissent,
3247 5165 3378 5202 con-
3435 5144 3439 5151 ’

1825 5246 1987 5299 traria
2021 5242 2363 5296 ussernisse?
2394 5242 2688 5311 Ephesium
2725 5255 2900 5307 neque
2938 5256 3132 5294 manus
3159 5241 3376 5296 dedisse

1825 5351 1998 5403 neque
2036 5333 2451 5401 subscripsisse,
2495 5333 2603 5387 imo
2637 5345 2907 5386 reversum
2947 5330 2998 5381 in
3033 5329 3258 5396 patriam
3282 5331 3376 5381 ad-

1826 5441 2016 5480 versus
2047 5425 2268 5478 Latinos
2292 5425 2458 5479 multa
2487 5425 2689 5491 scripto
2712 5422 3004 5477 tradidisse
3032 5421 3052 5472 ?
3113 5421 3244 5474 Cum
3276 5423 3376 5476 ita-

1827 5536 1931 5588 que
1957 5519 2001 5572 is
2040 5517 2209 5585 quiex
2241 5518 2650 5586 disputantilms
2687 5532 2827 5570 unus
2883 5513 3076 5574 fuerat,
3116 5528 3220 5566 non
3251 5513 3375 5565 sub-

1827 5610 2066 5677 scripsit,
2105 5611 2377 5675 quomodo
2407 5623 2507 5660 nos
2561 5607 2630 5660 illi
2664 5607 2870 5681 synodo
2933 5619 3214 5671 aSsensnm
3280 5605 3373 5652 tui-

1826 5701 2092 5757 bnemus?
2124 5700 2388 5752 Pncterea
2423 5715 2515 5752 eos
2560 5699 2655 5767 qui
2683 5700 3142 5765 subscripserunt,
3203 5693 3370 5760 pmni—

1829 5805 1900 5848 tct
1933 5793 2072 5861 quod
2107 5794 2310 5846 nefarie
2367 5795 2622 5860 egissent,
2663 5793 2891 5857 ideoque
2945 5803 3133 5846 nnauns
3179 5787 3242 5840 ad
3284 5804 3373 5839 ex-

1823 5887 2108 5943 eizlrnxlnui
2143 5887 2558 5956 proteu-lebaut,
2589 5894 2641 5942 et
2694 5884 2923 5954 Ephesio
2956 5881 3373 5953 pattocimban-
