  <div class='ocr_page' id='page_1' title='image "/cluster/home/n/w/nwhite01/storage/ocr_20150623/159/pst.000005714797/621.png"; bbox 0 0 4006 6340; ppageno 0'>
   <div class='ocr_carea' id='block_1_1' title="bbox 640 399 777 465">
    <p class='ocr_par' dir='ltr' id='par_1_1' title="bbox 640 399 777 465">
     <span class='ocr_line' id='line_1_1' title="bbox 640 399 777 465; baseline -0.022 0"><span class='ocrx_word' id='word_1_1' title='bbox 640 399 777 465; x_wconf 72' lang='lat'><strong>1035</strong></span> 
     </span>
    </p>
   </div>
   <div class='ocr_carea' id='block_1_2' title="bbox 1585 398 2857 459">
    <p class='ocr_par' dir='ltr' id='par_1_2' title="bbox 1585 398 2857 459">
     <span class='ocr_line' id='line_1_2' title="bbox 1585 398 2857 459; baseline 0 0"><span class='ocrx_word' id='word_1_2' title='bbox 1585 398 1900 459; x_wconf 83' lang='lat' dir='ltr'><strong>JOSEPIII</strong></span> <span class='ocrx_word' id='word_1_3' title='bbox 1942 398 2479 459; x_wconf 80' lang='lat' dir='ltr'><strong>METlIt)NENSIS</strong></span> <span class='ocrx_word' id='word_1_4' title='bbox 2515 399 2857 459; x_wconf 86' lang='lat' dir='ltr'><strong>EPlSCOPI</strong></span> 
     </span>
    </p>
   </div>
   <div class='ocr_carea' id='block_1_3' title="bbox 3713 399 3851 464">
    <p class='ocr_par' dir='ltr' id='par_1_3' title="bbox 3713 399 3851 464">
     <span class='ocr_line' id='line_1_3' title="bbox 3713 399 3851 464; baseline -0.014 0"><span class='ocrx_word' id='word_1_5' title='bbox 3713 399 3851 464; x_wconf 72' lang='lat'><strong>1026</strong></span> 
     </span>
    </p>
   </div>
   <div class='ocr_carea' id='block_1_4' title="bbox 640 502 2213 581">
    <p class='ocr_par' dir='ltr' id='par_1_4' title="bbox 640 502 2199 578">
     <span class='ocr_line' id='line_1_4' title="bbox 640 502 2199 578; baseline -0.006 -12"><span class='ocrx_word' id='word_1_6' title='bbox 640 519 880 566; x_wconf 85' lang='lat' dir='ltr'><strong>sanctam</strong></span> <span class='ocrx_word' id='word_1_7' title='bbox 909 508 957 561; x_wconf 89' lang='lat' dir='ltr'><strong>in</strong></span> <span class='ocrx_word' id='word_1_8' title='bbox 983 509 1101 578; x_wconf 87' lang='lat' dir='ltr'><strong>ipso</strong></span> <span class='ocrx_word' id='word_1_9' title='bbox 1135 505 1452 559; x_wconf 85' lang='lat' dir='ltr'><strong>Trinitatem</strong></span> <span class='ocrx_word' id='word_1_10' title='bbox 1485 502 1958 572; x_wconf 68' lang='lat' dir='ltr'><strong>&#39;dogmatizamns,</strong></span> <span class='ocrx_word' id='word_1_11' title='bbox 2006 506 2199 558; x_wconf 87' lang='lat' dir='ltr'><strong>Deum-</strong></span> 
     </span>
    </p>
   </div>
   <div class='ocr_carea' id='block_1_5' title="bbox 2317 502 3848 581">
    <p class='ocr_par' dir='ltr' id='par_1_5' title="bbox 2317 507 3848 581">
     <span class='ocr_line' id='line_1_5' title="bbox 2317 507 3848 581; baseline 0.002 -19"><span class='ocrx_word' id='word_1_12' title='bbox 2317 527 2492 572; x_wconf 64' lang='grc' dir='ltr'>κοντας</span> <span class='ocrx_word' id='word_1_13' title='bbox 2517 510 2609 562; x_wconf 83' lang='grc' dir='ltr'>καὶ</span> <span class='ocrx_word' id='word_1_14' title='bbox 2632 511 2789 579; x_wconf 81' lang='grc' dir='ltr'>ήμεῐς</span> <span class='ocrx_word' id='word_1_15' title='bbox 2810 509 2886 580; x_wconf 82' lang='grc' dir='ltr'><strong>τῷ</strong></span> <span class='ocrx_word' id='word_1_16' title='bbox 2910 507 3216 580; x_wconf 81' lang='grc' dir='ltr'>ἀναθέματι</span> <span class='ocrx_word' id='word_1_17' title='bbox 3241 511 3626 581; x_wconf 84' lang='grc' dir='ltr'>παραδίδομεν.</span> <span class='ocrx_word' id='word_1_18' title='bbox 3663 515 3848 580; x_wconf 78' lang='grc' dir='ltr'>Ἀγίαν</span> 
     </span>
    </p>
   </div>
   <div class='ocr_carea' id='block_1_6' title="bbox 643 594 2184 672">
    <p class='ocr_par' dir='ltr' id='par_1_6' title="bbox 643 594 2184 672">
     <span class='ocr_line' id='line_1_6' title="bbox 643 594 2184 672; baseline -0.008 -15"><span class='ocrx_word' id='word_1_19' title='bbox 643 619 745 672; x_wconf 85' lang='lat' dir='ltr'><strong>que</strong></span> <span class='ocrx_word' id='word_1_20' title='bbox 769 604 1103 656; x_wconf 71' lang='lat' dir='ltr'><strong>incarnatuan</strong></span> <span class='ocrx_word' id='word_1_21' title='bbox 1132 598 1365 650; x_wconf 78' lang='lat' dir='ltr'><strong>fatemur</strong></span> <span class='ocrx_word' id='word_1_22' title='bbox 1398 596 1486 649; x_wconf 92' lang='lat' dir='ltr'><strong>Dei</strong></span> <span class='ocrx_word' id='word_1_23' title='bbox 1517 594 1736 659; x_wconf 81' lang='lat' dir='ltr'><strong>Filium,</strong></span> <span class='ocrx_word' id='word_1_24' title='bbox 1769 607 1820 650; x_wconf 90' lang='lat' dir='ltr'><strong>et</strong></span> <span class='ocrx_word' id='word_1_25' title='bbox 1844 597 2184 659; x_wconf 85' lang='lat' dir='ltr'><strong>crucilixum,</strong></span> 
     </span>
    </p>
   </div>
   <div class='ocr_carea' id='block_1_7' title="bbox 643 689 2191 763">
    <p class='ocr_par' dir='ltr' id='par_1_7' title="bbox 643 689 2191 763">
     <span class='ocr_line' id='line_1_7' title="bbox 643 689 2191 763; baseline -0.004 -15"><span class='ocrx_word' id='word_1_26' title='bbox 643 705 694 748; x_wconf 80' lang='lat' dir='ltr'><strong>rt</strong></span> <span class='ocrx_word' id='word_1_27' title='bbox 719 693 1006 763; x_wconf 75' lang='lat' dir='ltr'><strong>sepultura,</strong></span> <span class='ocrx_word' id='word_1_28' title='bbox 1030 701 1082 746; x_wconf 85' lang='lat' dir='ltr'><strong>et</strong></span> <span class='ocrx_word' id='word_1_29' title='bbox 1112 689 1475 745; x_wconf 80' lang='lat' dir='ltr'><strong>resurrexisse</strong></span> <span class='ocrx_word' id='word_1_30' title='bbox 1502 689 1773 754; x_wconf 90' lang='lat' dir='ltr'><strong>eumdem,</strong></span> <span class='ocrx_word' id='word_1_31' title='bbox 1797 697 2191 756; x_wconf 72' lang='lat' dir='ltr'><strong>venturumque</strong></span> 
     </span>
    </p>
   </div>
   <div class='ocr_carea' id='block_1_8' title="bbox 645 780 2190 850">
    <p class='ocr_par' dir='ltr' id='par_1_8' title="bbox 645 780 2190 850">
     <span class='ocr_line' id='line_1_8' title="bbox 645 780 2190 850; baseline -0.005 -10"><span class='ocrx_word' id='word_1_32' title='bbox 645 788 840 840; x_wconf 88' lang='lat' dir='ltr'><strong>iterum</strong></span> <span class='ocrx_word' id='word_1_33' title='bbox 872 787 924 839; x_wconf 92' lang='lat' dir='ltr'><strong>in</strong></span> <span class='ocrx_word' id='word_1_34' title='bbox 962 784 1065 838; x_wconf 81' lang='lat' dir='ltr'><strong>line</strong></span> <span class='ocrx_word' id='word_1_35' title='bbox 1099 783 1420 838; x_wconf 65' lang='lat' dir='ltr'><strong>saeculorum</strong></span> <span class='ocrx_word' id='word_1_36' title='bbox 1475 782 1540 833; x_wconf 90' lang='lat' dir='ltr'><strong>ad</strong></span> <span class='ocrx_word' id='word_1_37' title='bbox 1590 780 1946 850; x_wconf 82' lang='lat' dir='ltr'><strong>judicandum</strong></span> <span class='ocrx_word' id='word_1_38' title='bbox 2001 783 2190 834; x_wconf 88' lang='lat' dir='ltr'><strong>orbem</strong></span> 
     </span>
    </p>
   </div>
   <div class='ocr_carea' id='block_1_9' title="bbox 646 869 2193 941">
    <p class='ocr_par' dir='ltr' id='par_1_9' title="bbox 646 869 2193 941">
     <span class='ocr_line' id='line_1_9' title="bbox 646 869 2193 941; baseline -0.005 -11"><span class='ocrx_word' id='word_1_39' title='bbox 646 877 976 931; x_wconf 78' lang='lat' dir='ltr'><strong>universum.</strong></span> <span class='ocrx_word' id='word_1_40' title='bbox 1040 872 1327 928; x_wconf 80' lang='lat' dir='ltr'><strong>Credimus</strong></span> <span class='ocrx_word' id='word_1_41' title='bbox 1350 871 1513 926; x_wconf 86' lang='lat' dir='ltr'><strong>etiam</strong></span> <span class='ocrx_word' id='word_1_42' title='bbox 1539 880 1729 941; x_wconf 84' lang='lat' dir='ltr'><strong>aperta</strong></span> <span class='ocrx_word' id='word_1_43' title='bbox 1778 869 1884 925; x_wconf 75' lang='lat' dir='ltr'><strong>fide</strong></span> <span class='ocrx_word' id='word_1_44' title='bbox 1931 869 2193 939; x_wconf 84' lang='lat' dir='ltr'><strong>Spiritum</strong></span> 
     </span>
    </p>
   </div>
   <div class='ocr_carea' id='block_1_10' title="bbox 645 962 2194 1032">
    <p class='ocr_par' dir='ltr' id='par_1_10' title="bbox 645 962 2194 1032">
     <span class='ocr_line' id='line_1_10' title="bbox 645 962 2194 1032; baseline -0.007 -7"><span class='ocrx_word' id='word_1_45' title='bbox 645 978 922 1032; x_wconf 88' lang='lat' dir='ltr'><strong>sanctum,</strong></span> <span class='ocrx_word' id='word_1_46' title='bbox 955 966 1099 1020; x_wconf 77' lang='lat' dir='ltr'><strong>l’atri</strong></span> <span class='ocrx_word' id='word_1_47' title='bbox 1127 974 1180 1018; x_wconf 90' lang='lat' dir='ltr'><strong>et</strong></span> <span class='ocrx_word' id='word_1_48' title='bbox 1207 963 1346 1017; x_wconf 86' lang='lat' dir='ltr'><strong>Filio</strong></span> <span class='ocrx_word' id='word_1_49' title='bbox 1377 963 1894 1018; x_wconf 68' lang='lat' dir='ltr'><strong>consubstantialem</strong></span> <span class='ocrx_word' id='word_1_50' title='bbox 1926 962 2194 1032; x_wconf 87' lang='lat' dir='ltr'><strong>ejusdem-</strong></span> 
     </span>
    </p>
   </div>
   <div class='ocr_carea' id='block_1_11' title="bbox 645 1054 2194 1128">
    <p class='ocr_par' dir='ltr' id='par_1_11' title="bbox 645 1054 2194 1128">
     <span class='ocr_line' id='line_1_11' title="bbox 645 1054 2194 1128; baseline -0.003 -19"><span class='ocrx_word' id='word_1_51' title='bbox 645 1075 748 1128; x_wconf 83' lang='lat' dir='ltr'><strong>que</strong></span> <span class='ocrx_word' id='word_1_52' title='bbox 771 1056 1082 1125; x_wconf 70' lang='lat' dir='ltr'><strong>maiestatis,</strong></span> <span class='ocrx_word' id='word_1_53' title='bbox 1103 1059 1192 1125; x_wconf 92' lang='lat' dir='ltr'><strong>qui</strong></span> <span class='ocrx_word' id='word_1_54' title='bbox 1213 1055 1425 1108; x_wconf 90' lang='lat' dir='ltr'><strong>locutus</strong></span> <span class='ocrx_word' id='word_1_55' title='bbox 1445 1063 1524 1108; x_wconf 84' lang='lat' dir='ltr'><strong>est</strong></span> <span class='ocrx_word' id='word_1_56' title='bbox 1549 1068 1643 1122; x_wconf 87' lang='lat' dir='ltr'><strong>per</strong></span> <span class='ocrx_word' id='word_1_57' title='bbox 1671 1054 1962 1121; x_wconf 83' lang='lat' dir='ltr'><strong>prophetas</strong></span> <span class='ocrx_word' id='word_1_58' title='bbox 1985 1070 1998 1105; x_wconf 91' lang='lat'><strong>:</strong></span> <span class='ocrx_word' id='word_1_59' title='bbox 2034 1066 2194 1104; x_wconf 89' lang='lat' dir='ltr'><strong>unam</strong></span> 
     </span>
    </p>
   </div>
   <div class='ocr_carea' id='block_1_12' title="bbox 650 1143 2200 1222">
    <p class='ocr_par' dir='ltr' id='par_1_12' title="bbox 650 1143 2200 1222">
     <span class='ocr_line' id='line_1_12' title="bbox 650 1143 2200 1222; baseline -0.005 -19"><span class='ocrx_word' id='word_1_60' title='bbox 650 1161 902 1222; x_wconf 67' lang='lat' dir='ltr'><strong>praeterea</strong></span> <span class='ocrx_word' id='word_1_61' title='bbox 936 1147 1250 1212; x_wconf 84' lang='lat' dir='ltr'><strong>Ecclesiam,</strong></span> <span class='ocrx_word' id='word_1_62' title='bbox 1298 1153 1351 1200; x_wconf 93' lang='lat' dir='ltr'><strong>et</strong></span> <span class='ocrx_word' id='word_1_63' title='bbox 1380 1146 1645 1215; x_wconf 86' lang='lat' dir='ltr'><strong>baptisma</strong></span> <span class='ocrx_word' id='word_1_64' title='bbox 1677 1160 1839 1199; x_wconf 82' lang='lat' dir='ltr'><strong>unum</strong></span> <span class='ocrx_word' id='word_1_65' title='bbox 1877 1146 1964 1212; x_wconf 81' lang='lat' dir='ltr'><strong>pie</strong></span> <span class='ocrx_word' id='word_1_66' title='bbox 1997 1143 2200 1211; x_wconf 47' lang='lat' dir='ltr'><strong>palam:</strong></span> 
     </span>
    </p>
   </div>
   <div class='ocr_carea' id='block_1_13' title="bbox 649 1235 2196 1312">
    <p class='ocr_par' dir='ltr' id='par_1_13' title="bbox 649 1235 2196 1312">
     <span class='ocr_line' id='line_1_13' title="bbox 649 1235 2196 1312; baseline -0.004 -17"><span class='ocrx_word' id='word_1_67' title='bbox 649 1259 753 1312; x_wconf 87' lang='lat' dir='ltr'><strong>que</strong></span> <span class='ocrx_word' id='word_1_68' title='bbox 770 1241 1020 1304; x_wconf 83' lang='lat' dir='ltr'><strong>dicimus,</strong></span> <span class='ocrx_word' id='word_1_69' title='bbox 1039 1245 1090 1292; x_wconf 91' lang='lat' dir='ltr'><strong>et</strong></span> <span class='ocrx_word' id='word_1_70' title='bbox 1114 1245 1449 1292; x_wconf 85' lang='lat' dir='ltr'><strong>mortuorum</strong></span> <span class='ocrx_word' id='word_1_71' title='bbox 1475 1237 1923 1292; x_wconf 73' lang='lat' dir='ltr'><strong>resurrectionem</strong></span> <span class='ocrx_word' id='word_1_72' title='bbox 1945 1235 2196 1290; x_wconf 88' lang='lat' dir='ltr'><strong>omnibus</strong></span> 
     </span>
    </p>
   </div>
   <div class='ocr_carea' id='block_1_14' title="bbox 649 1327 2198 1401">
    <p class='ocr_par' dir='ltr' id='par_1_14' title="bbox 649 1327 2198 1401">
     <span class='ocr_line' id='line_1_14' title="bbox 649 1327 2198 1401; baseline -0.005 -13"><span class='ocrx_word' id='word_1_73' title='bbox 649 1337 793 1389; x_wconf 72' lang='lat' dir='ltr'><strong>clara</strong></span> <span class='ocrx_word' id='word_1_74' title='bbox 827 1347 958 1388; x_wconf 83' lang='lat' dir='ltr'><strong>voce</strong></span> <span class='ocrx_word' id='word_1_75' title='bbox 987 1329 1364 1401; x_wconf 58' lang='lat' dir='ltr'><strong>praedicamus.</strong></span> <span class='ocrx_word' id='word_1_76' title='bbox 1391 1329 1563 1396; x_wconf 86' lang='lat' dir='ltr'><strong>Quam</strong></span> <span class='ocrx_word' id='word_1_77' title='bbox 1590 1346 1718 1399; x_wconf 78' lang='lat' dir='ltr'><strong>ergo</strong></span> <span class='ocrx_word' id='word_1_78' title='bbox 1752 1327 2198 1383; x_wconf 85' lang='lat' dir='ltr'><strong>nosimmutatio-</strong></span> 
     </span>
    </p>
   </div>
   <div class='ocr_carea' id='block_1_15' title="bbox 650 1416 2200 1490">
    <p class='ocr_par' dir='ltr' id='par_1_15' title="bbox 650 1416 2200 1490">
     <span class='ocr_line' id='line_1_15' title="bbox 650 1416 2200 1490; baseline -0.006 -11"><span class='ocrx_word' id='word_1_79' title='bbox 650 1441 771 1479; x_wconf 90' lang='lat' dir='ltr'><strong>nem</strong></span> <span class='ocrx_word' id='word_1_80' title='bbox 802 1426 853 1478; x_wconf 90' lang='lat' dir='ltr'><strong>in</strong></span> <span class='ocrx_word' id='word_1_81' title='bbox 896 1439 959 1477; x_wconf 88' lang='lat' dir='ltr'><strong>eo</strong></span> <span class='ocrx_word' id='word_1_82' title='bbox 998 1423 1229 1477; x_wconf 79' lang='lat' dir='ltr'><strong>fecimus</strong></span> <span class='ocrx_word' id='word_1_83' title='bbox 1251 1421 1272 1473; x_wconf 73' lang='grc'><strong>3</strong></span> <span class='ocrx_word' id='word_1_84' title='bbox 1298 1436 1418 1490; x_wconf 66' lang='lat' dir='ltr'><strong>quae</strong></span> <span class='ocrx_word' id='word_1_85' title='bbox 1445 1419 1593 1474; x_wconf 78' lang='lat' dir='ltr'><strong>fraus</strong></span> <span class='ocrx_word' id='word_1_86' title='bbox 1624 1420 1674 1472; x_wconf 94' lang='lat' dir='ltr'><strong>in</strong></span> <span class='ocrx_word' id='word_1_87' title='bbox 1723 1417 1861 1471; x_wconf 75' lang='lat' dir='ltr'><strong>illo?</strong></span> <span class='ocrx_word' id='word_1_88' title='bbox 1891 1416 2045 1469; x_wconf 81' lang='lat' dir='ltr'><strong>Nulla</strong></span> <span class='ocrx_word' id='word_1_89' title='bbox 2075 1430 2200 1486; x_wconf 89' lang='lat' dir='ltr'><strong>pro-</strong></span> 
     </span>
    </p>
   </div>
   <div class='ocr_carea' id='block_1_16' title="bbox 567 1507 2202 1587">
    <p class='ocr_par' dir='ltr' id='par_1_16' title="bbox 567 1507 2202 1587">
     <span class='ocr_line' id='line_1_16' title="bbox 567 1507 2202 1587; baseline -0.006 -16"><span class='ocrx_word' id='word_1_90' title='bbox 567 1519 570 1521; x_wconf 80' lang='grc'><strong>’</strong></span> <span class='ocrx_word' id='word_1_91' title='bbox 652 1517 816 1572; x_wconf 75' lang='lat' dir='ltr'><strong>lecto.</strong></span> <span class='ocrx_word' id='word_1_92' title='bbox 842 1516 958 1570; x_wconf 87' lang='lat' dir='ltr'><strong>Non</strong></span> <span class='ocrx_word' id='word_1_93' title='bbox 1006 1533 1132 1587; x_wconf 78' lang='lat' dir='ltr'><strong>ergo</strong></span> <span class='ocrx_word' id='word_1_94' title='bbox 1163 1517 1397 1572; x_wconf 76' lang='lat' dir='ltr'><strong>debebas</strong></span> <span class='ocrx_word' id='word_1_95' title='bbox 1424 1515 1503 1566; x_wconf 86' lang='lat' dir='ltr'><strong>vir</strong></span> <span class='ocrx_word' id='word_1_96' title='bbox 1531 1511 1725 1587; x_wconf 85' lang='lat' dir='ltr'><strong>doctus</strong></span> <span class='ocrx_word' id='word_1_97' title='bbox 1781 1509 2089 1578; x_wconf 88' lang='lat' dir='ltr'><strong>hujusmodi</strong></span> <span class='ocrx_word' id='word_1_98' title='bbox 2117 1507 2202 1562; x_wconf 80' lang='lat' dir='ltr'><strong>fu-</strong></span> 
     </span>
    </p>
   </div>
   <div class='ocr_carea' id='block_1_17' title="bbox 655 1586 2200 1691">
    <p class='ocr_par' dir='ltr' id='par_1_17' title="bbox 655 1586 2200 1691">
     <span class='ocr_line' id='line_1_17' title="bbox 655 1586 2200 1691; baseline -0.008 -25"><span class='ocrx_word' id='word_1_99' title='bbox 655 1613 764 1667; x_wconf 86' lang='lat' dir='ltr'><strong>tilia</strong></span> <span class='ocrx_word' id='word_1_100' title='bbox 795 1611 1036 1680; x_wconf 73' lang='lat' dir='ltr'><strong>proferre</strong></span> <span class='ocrx_word' id='word_1_101' title='bbox 1055 1586 1235 1674; x_wconf 85' lang='lat' dir='ltr'><strong>verba,</strong></span> <span class='ocrx_word' id='word_1_102' title='bbox 1254 1623 1348 1677; x_wconf 89' lang='lat' dir='ltr'><strong>pro</strong></span> <span class='ocrx_word' id='word_1_103' title='bbox 1375 1605 1574 1675; x_wconf 84' lang='lat' dir='ltr'><strong>quibus</strong></span> <span class='ocrx_word' id='word_1_104' title='bbox 1603 1613 1652 1659; x_wconf 84' lang='lat' dir='ltr'><strong>te</strong></span> <span class='ocrx_word' id='word_1_105' title='bbox 1667 1586 1749 1658; x_wconf 67' lang='lat' dir='ltr'><strong>vel</strong></span> <span class='ocrx_word' id='word_1_106' title='bbox 1768 1603 1999 1691; x_wconf 74' lang='lat' dir='ltr'><strong>infantes</strong></span> <span class='ocrx_word' id='word_1_107' title='bbox 2029 1600 2200 1669; x_wconf 84' lang='lat' dir='ltr'><strong>turpi-</strong></span> 
     </span>
    </p>
   </div>
   <div class='ocr_carea' id='block_1_18' title="bbox 656 1692 2204 1770">
    <p class='ocr_par' dir='ltr' id='par_1_18' title="bbox 656 1692 2204 1770">
     <span class='ocr_line' id='line_1_18' title="bbox 656 1692 2204 1770; baseline -0.012 -6"><span class='ocrx_word' id='word_1_108' title='bbox 656 1720 737 1765; x_wconf 85' lang='lat' dir='ltr'><strong>ter</strong></span> <span class='ocrx_word' id='word_1_109' title='bbox 773 1709 1099 1764; x_wconf 82' lang='lat' dir='ltr'><strong>deriderent.</strong></span> <span class='ocrx_word' id='word_1_110' title='bbox 1123 1704 1204 1758; x_wconf 82' lang='lat' dir='ltr'><strong>An</strong></span> <span class='ocrx_word' id='word_1_111' title='bbox 1240 1718 1385 1765; x_wconf 80' lang='lat' dir='ltr'><strong>vero,</strong></span> <span class='ocrx_word' id='word_1_112' title='bbox 1413 1700 1554 1770; x_wconf 92' lang='lat' dir='ltr'><strong>quod</strong></span> <span class='ocrx_word' id='word_1_113' title='bbox 1587 1698 1762 1752; x_wconf 88' lang='lat' dir='ltr'><strong>Latini</strong></span> <span class='ocrx_word' id='word_1_114' title='bbox 1813 1695 2072 1765; x_wconf 87' lang='lat' dir='ltr'><strong>Symbolo</strong></span> <span class='ocrx_word' id='word_1_115' title='bbox 2104 1692 2204 1747; x_wconf 81' lang='lat' dir='ltr'><strong>ad-</strong></span> 
     </span>
    </p>
   </div>
   <div class='ocr_carea' id='block_1_19' title="bbox 654 1787 2203 1861">
    <p class='ocr_par' dir='ltr' id='par_1_19' title="bbox 654 1787 2203 1861">
     <span class='ocr_line' id='line_1_19' title="bbox 654 1787 2203 1861; baseline -0.01 -8"><span class='ocrx_word' id='word_1_116' title='bbox 654 1799 888 1854; x_wconf 89' lang='lat' dir='ltr'><strong>diderint</strong></span> <span class='ocrx_word' id='word_1_117' title='bbox 914 1812 1098 1852; x_wconf 85' lang='lat' dir='ltr'><strong>vocem</strong></span> <span class='ocrx_word' id='word_1_118' title='bbox 1123 1795 1291 1859; x_wconf 84' lang='lat' dir='ltr'><strong>illam,</strong></span> <span class='ocrx_word' id='word_1_119' title='bbox 1313 1792 1573 1861; x_wconf 74' lang='lat' dir='ltr'><strong>Filioque,</strong></span> <span class='ocrx_word' id='word_1_120' title='bbox 1600 1787 1994 1858; x_wconf 78' lang='lat' dir='ltr'><strong>explanationis</strong></span> <span class='ocrx_word' id='word_1_121' title='bbox 2017 1799 2203 1850; x_wconf 80' lang='lat' dir='ltr'><strong>causa,</strong></span> 
     </span>
    </p>
   </div>
   <div class='ocr_carea' id='block_1_20' title="bbox 2294 600 3851 672">
    <p class='ocr_par' dir='ltr' id='par_1_20' title="bbox 2294 600 3851 672">
     <span class='ocr_line' id='line_1_20' title="bbox 2294 600 3851 672; baseline 0.003 -22"><span class='ocrx_word' id='word_1_122' title='bbox 2294 600 2502 670; x_wconf 80' lang='grc' dir='ltr'>Τριάδα</span> <span class='ocrx_word' id='word_1_123' title='bbox 2533 602 2642 670; x_wconf 83' lang='grc' dir='ltr'><strong>γὰρ</strong></span> <span class='ocrx_word' id='word_1_124' title='bbox 2663 603 2718 653; x_wconf 85' lang='grc' dir='ltr'>ὲν</span> <span class='ocrx_word' id='word_1_125' title='bbox 2747 601 2898 670; x_wconf 86' lang='grc' dir='ltr'><strong>αύτῷ</strong></span> <span class='ocrx_word' id='word_1_126' title='bbox 2920 600 3344 670; x_wconf 84' lang='grc' dir='ltr'>δογματίζομεν,</span> <span class='ocrx_word' id='word_1_127' title='bbox 3373 603 3468 654; x_wconf 79' lang='grc' dir='ltr'>καὶ</span> <span class='ocrx_word' id='word_1_128' title='bbox 3494 601 3632 654; x_wconf 81' lang='grc' dir='ltr'>Θεὸν</span> <span class='ocrx_word' id='word_1_129' title='bbox 3660 619 3851 672; x_wconf 83' lang='grc' dir='ltr'>σεσαρ-</span> 
     </span>
    </p>
   </div>
   <div class='ocr_carea' id='block_1_21' title="bbox 2294 693 3848 764">
    <p class='ocr_par' dir='ltr' id='par_1_21' title="bbox 2294 693 3848 764">
     <span class='ocr_line' id='line_1_21' title="bbox 2294 693 3848 764; baseline -0.001 -18"><span class='ocrx_word' id='word_1_130' title='bbox 2294 695 2542 761; x_wconf 78' lang='grc' dir='ltr'>κωμένον</span> <span class='ocrx_word' id='word_1_131' title='bbox 2583 694 2641 746; x_wconf 79' lang='grc' dir='ltr'>ὲν</span> <span class='ocrx_word' id='word_1_132' title='bbox 2701 693 2848 763; x_wconf 82' lang='grc' dir='ltr'><strong>αύτῷ</strong></span> <span class='ocrx_word' id='word_1_133' title='bbox 2875 693 3244 764; x_wconf 83' lang='grc' dir='ltr'>ὁμολογοῦμεν</span> <span class='ocrx_word' id='word_1_134' title='bbox 3275 695 3368 748; x_wconf 79' lang='grc' dir='ltr'>τὸν</span> <span class='ocrx_word' id='word_1_135' title='bbox 3402 693 3497 748; x_wconf 78' lang='grc' dir='ltr'>τοῦ</span> <span class='ocrx_word' id='word_1_136' title='bbox 3530 694 3672 748; x_wconf 81' lang='grc' dir='ltr'>Θεοῦ</span> <span class='ocrx_word' id='word_1_137' title='bbox 3704 696 3848 758; x_wconf 77' lang='grc' dir='ltr'>Υἰὺν,</span> 
     </span>
    </p>
   </div>
   <div class='ocr_carea' id='block_1_22' title="bbox 2293 781 3850 853">
    <p class='ocr_par' dir='ltr' id='par_1_22' title="bbox 2293 781 3850 853">
     <span class='ocr_line' id='line_1_22' title="bbox 2293 781 3850 853; baseline 0.001 -19"><span class='ocrx_word' id='word_1_138' title='bbox 2293 785 2387 834; x_wconf 80' lang='grc' dir='ltr'>καὶ</span> <span class='ocrx_word' id='word_1_139' title='bbox 2412 781 2819 853; x_wconf 70' lang='grc' dir='ltr'>σταυρωθέντα,</span> <span class='ocrx_word' id='word_1_140' title='bbox 2851 785 2946 837; x_wconf 79' lang='grc' dir='ltr'>καὶ</span> <span class='ocrx_word' id='word_1_141' title='bbox 2976 783 3238 851; x_wconf 67' lang='grc' dir='ltr'>ταφέντα,</span> <span class='ocrx_word' id='word_1_142' title='bbox 3270 785 3365 836; x_wconf 72' lang='grc' dir='ltr'>καὶ</span> <span class='ocrx_word' id='word_1_143' title='bbox 3387 786 3728 848; x_wconf 76' lang='grc' dir='ltr'>ἀναστάντα,</span> <span class='ocrx_word' id='word_1_144' title='bbox 3762 787 3850 838; x_wconf 73' lang='grc' dir='ltr'>καὶ</span> 
     </span>
    </p>
   </div>
   <div class='ocr_carea' id='block_1_23' title="bbox 2296 875 3851 948">
    <p class='ocr_par' dir='ltr' id='par_1_23' title="bbox 2296 875 3851 948">
     <span class='ocr_line' id='line_1_23' title="bbox 2296 875 3851 948; baseline 0.003 -22"><span class='ocrx_word' id='word_1_145' title='bbox 2296 875 2458 929; x_wconf 84' lang='grc' dir='ltr'>πάλιν</span> <span class='ocrx_word' id='word_1_146' title='bbox 2507 877 2802 946; x_wconf 63' lang='grc' dir='ltr'>ἔρχόμενον</span> <span class='ocrx_word' id='word_1_147' title='bbox 2833 876 2926 928; x_wconf 74' lang='grc' dir='ltr'><strong>ἐπὶ</strong></span> <span class='ocrx_word' id='word_1_148' title='bbox 2969 876 3253 948; x_wconf 75' lang='grc' dir='ltr'><strong>συντελείᾳ</strong></span> <span class='ocrx_word' id='word_1_149' title='bbox 3283 877 3391 931; x_wconf 89' lang='grc' dir='ltr'><strong>τῶν</strong></span> <span class='ocrx_word' id='word_1_150' title='bbox 3420 877 3638 931; x_wconf 82' lang='grc' dir='ltr'>αἰώνων</span> <span class='ocrx_word' id='word_1_151' title='bbox 3670 880 3851 948; x_wconf 84' lang='grc' dir='ltr'>κρῖναι</span> 
     </span>
    </p>
   </div>
   <div class='ocr_carea' id='block_1_24' title="bbox 2296 967 3851 1040">
    <p class='ocr_par' dir='ltr' id='par_1_24' title="bbox 2296 967 3851 1040">
     <span class='ocr_line' id='line_1_24' title="bbox 2296 967 3851 1040; baseline 0.002 -20"><span class='ocrx_word' id='word_1_152' title='bbox 2296 967 2394 1036; x_wconf 87' lang='grc' dir='ltr'>τὴν</span> <span class='ocrx_word' id='word_1_153' title='bbox 2412 969 2738 1038; x_wconf 69' lang='grc' dir='ltr'><strong>οἰκουμένην</strong></span> <span class='ocrx_word' id='word_1_154' title='bbox 2761 985 2775 1000; x_wconf 76' lang='grc' dir='ltr'><strong>ο</strong></span> <span class='ocrx_word' id='word_1_155' title='bbox 2805 972 2900 1023; x_wconf 78' lang='grc' dir='ltr'>καὶ</span> <span class='ocrx_word' id='word_1_156' title='bbox 2922 971 2982 1022; x_wconf 87' lang='grc' dir='ltr'>τὸ</span> <span class='ocrx_word' id='word_1_157' title='bbox 3011 968 3167 1036; x_wconf 71' lang='grc' dir='ltr'>ἅγιον</span> <span class='ocrx_word' id='word_1_158' title='bbox 3193 968 3414 1038; x_wconf 83' lang='grc' dir='ltr'>Πνεῦμα</span> <span class='ocrx_word' id='word_1_159' title='bbox 3440 971 3731 1040; x_wconf 83' lang='grc' dir='ltr'>ὀμοούσιον</span> <span class='ocrx_word' id='word_1_160' title='bbox 3757 974 3851 1025; x_wconf 80' lang='grc' dir='ltr'><strong>καί</strong></span> 
     </span>
    </p>
   </div>
   <div class='ocr_carea' id='block_1_25' title="bbox 2296 1060 3854 1134">
    <p class='ocr_par' dir='ltr' id='par_1_25' title="bbox 2296 1060 3854 1134">
     <span class='ocr_line' id='line_1_25' title="bbox 2296 1060 3854 1134; baseline 0.002 -21"><span class='ocrx_word' id='word_1_161' title='bbox 2296 1060 2590 1130; x_wconf 80' lang='grc' dir='ltr'>ὀμόθρονον</span> <span class='ocrx_word' id='word_1_162' title='bbox 2610 1062 2687 1130; x_wconf 82' lang='grc' dir='ltr'>τῷ</span> <span class='ocrx_word' id='word_1_163' title='bbox 2714 1064 2886 1133; x_wconf 71' lang='lat' dir='ltr'><strong>&quot;arpi.</strong></span> <span class='ocrx_word' id='word_1_164' title='bbox 2912 1064 3006 1117; x_wconf 77' lang='grc' dir='ltr'>καὶ</span> <span class='ocrx_word' id='word_1_165' title='bbox 3025 1062 3104 1134; x_wconf 76' lang='grc' dir='ltr'>τῷ</span> <span class='ocrx_word' id='word_1_166' title='bbox 3131 1061 3242 1132; x_wconf 85' lang='grc' dir='ltr'><strong>Υἰῷ</strong></span> <span class='ocrx_word' id='word_1_167' title='bbox 3263 1063 3564 1133; x_wconf 71' lang='grc' dir='ltr'><strong>διαρρήδην</strong></span> <span class='ocrx_word' id='word_1_168' title='bbox 3589 1065 3854 1116; x_wconf 82' lang='grc' dir='ltr'>πιστεύο-</span> 
     </span>
    </p>
   </div>
   <div class='ocr_carea' id='block_1_26' title="bbox 2302 1153 3854 1223">
    <p class='ocr_par' dir='ltr' id='par_1_26' title="bbox 2302 1153 3854 1223">
     <span class='ocr_line' id='line_1_26' title="bbox 2302 1153 3854 1223; baseline 0.001 -21"><span class='ocrx_word' id='word_1_169' title='bbox 2302 1169 2424 1220; x_wconf 85' lang='grc' dir='ltr'><strong>μεν,</strong></span> <span class='ocrx_word' id='word_1_170' title='bbox 2453 1153 2515 1203; x_wconf 78' lang='grc' dir='ltr'>τὸ</span> <span class='ocrx_word' id='word_1_171' title='bbox 2553 1153 2663 1213; x_wconf 82' lang='grc' dir='ltr'>τοῖς</span> <span class='ocrx_word' id='word_1_172' title='bbox 2688 1153 2994 1223; x_wconf 73' lang='grc' dir='ltr'>προφήταις</span> <span class='ocrx_word' id='word_1_173' title='bbox 3025 1153 3268 1221; x_wconf 83' lang='grc' dir='ltr'>λαλῆσαν</span> <span class='ocrx_word' id='word_1_174' title='bbox 3292 1169 3306 1184; x_wconf 83' lang='lat'><strong><em>°</em></strong></span> <span class='ocrx_word' id='word_1_175' title='bbox 3342 1155 3435 1206; x_wconf 86' lang='grc' dir='ltr'><strong>καί</strong></span> <span class='ocrx_word' id='word_1_176' title='bbox 3465 1153 3596 1222; x_wconf 88' lang='grc' dir='ltr'>μίαν</span> <span class='ocrx_word' id='word_1_177' title='bbox 3620 1153 3854 1222; x_wconf 80' lang='grc' dir='ltr'>Ἐκκλη-</span> 
     </span>
    </p>
   </div>
   <div class='ocr_carea' id='block_1_27' title="bbox 2300 1242 3855 1313">
    <p class='ocr_par' dir='ltr' id='par_1_27' title="bbox 2300 1242 3855 1313">
     <span class='ocr_line' id='line_1_27' title="bbox 2300 1242 3855 1313; baseline -0.001 -17"><span class='ocrx_word' id='word_1_178' title='bbox 2300 1244 2420 1297; x_wconf 90' lang='grc' dir='ltr'>σίαν</span> <span class='ocrx_word' id='word_1_179' title='bbox 2442 1243 2535 1297; x_wconf 75' lang='grc' dir='ltr'>καὶ</span> <span class='ocrx_word' id='word_1_180' title='bbox 2564 1242 2620 1296; x_wconf 72' lang='grc' dir='ltr'>ἓν</span> <span class='ocrx_word' id='word_1_181' title='bbox 2646 1243 2928 1311; x_wconf 69' lang='grc' dir='ltr'>βάπτισμα</span> <span class='ocrx_word' id='word_1_182' title='bbox 2951 1244 3192 1306; x_wconf 77' lang='grc' dir='ltr'>εὐσεϐῶς</span> <span class='ocrx_word' id='word_1_183' title='bbox 3215 1243 3588 1313; x_wconf 81' lang='grc' dir='ltr'>ὁμολογοῦμεν</span> <span class='ocrx_word' id='word_1_184' title='bbox 3615 1244 3855 1310; x_wconf 78' lang='grc' dir='ltr'>ἁναφανο</span> 
     </span>
    </p>
   </div>
   <div class='ocr_carea' id='block_1_28' title="bbox 2297 1333 3854 1405">
    <p class='ocr_par' dir='ltr' id='par_1_28' title="bbox 2297 1333 3854 1405">
     <span class='ocr_line' id='line_1_28' title="bbox 2297 1333 3854 1405; baseline 0.001 -17"><span class='ocrx_word' id='word_1_185' title='bbox 2297 1335 2408 1400; x_wconf 79' lang='grc' dir='ltr'>δὺν,</span> <span class='ocrx_word' id='word_1_186' title='bbox 2439 1336 2532 1389; x_wconf 74' lang='grc' dir='ltr'><strong>καὶ</strong></span> <span class='ocrx_word' id='word_1_187' title='bbox 2561 1335 2660 1404; x_wconf 77' lang='grc' dir='ltr'>τὴν</span> <span class='ocrx_word' id='word_1_188' title='bbox 2684 1334 2792 1387; x_wconf 86' lang='grc' dir='ltr'><strong>τῶν</strong></span> <span class='ocrx_word' id='word_1_189' title='bbox 2822 1334 3034 1405; x_wconf 81' lang='grc' dir='ltr'>νεκρῶν</span> <span class='ocrx_word' id='word_1_190' title='bbox 3066 1333 3424 1398; x_wconf 62' lang='grc' dir='ltr'>ἐξανάστασιν</span> <span class='ocrx_word' id='word_1_191' title='bbox 3453 1337 3591 1389; x_wconf 83' lang='grc' dir='ltr'>πᾶσι</span> <span class='ocrx_word' id='word_1_192' title='bbox 3623 1335 3854 1405; x_wconf 80' lang='grc' dir='ltr'>μεγαλο-</span> 
     </span>
    </p>
   </div>
   <div class='ocr_carea' id='block_1_29' title="bbox 2300 1420 3852 1496">
    <p class='ocr_par' dir='ltr' id='par_1_29' title="bbox 2300 1420 3852 1496">
     <span class='ocr_line' id='line_1_29' title="bbox 2300 1420 3852 1496; baseline 0.001 -17"><span class='ocrx_word' id='word_1_193' title='bbox 2300 1424 2492 1496; x_wconf 77' lang='grc' dir='ltr'>φώνως</span> <span class='ocrx_word' id='word_1_194' title='bbox 2552 1427 2918 1496; x_wconf 88' lang='grc' dir='ltr'>κηρύττομεν.</span> <span class='ocrx_word' id='word_1_195' title='bbox 2970 1425 3105 1478; x_wconf 91' lang='grc' dir='ltr'>Τίνα</span> <span class='ocrx_word' id='word_1_196' title='bbox 3154 1420 3252 1478; x_wconf 81' lang='grc' dir='ltr'>οὖν</span> <span class='ocrx_word' id='word_1_197' title='bbox 3302 1425 3605 1496; x_wconf 67' lang='grc' dir='ltr'>ἐξαλλαγὴν</span> <span class='ocrx_word' id='word_1_198' title='bbox 3665 1426 3852 1480; x_wconf 80' lang='grc' dir='ltr'>τούτου</span> 
     </span>
    </p>
   </div>
   <div class='ocr_carea' id='block_1_30' title="bbox 2301 1517 3853 1591">
    <p class='ocr_par' dir='ltr' id='par_1_30' title="bbox 2301 1517 3853 1591">
     <span class='ocr_line' id='line_1_30' title="bbox 2301 1517 3853 1591; baseline -0.001 -19"><span class='ocrx_word' id='word_1_199' title='bbox 2301 1521 2460 1591; x_wconf 78' lang='grc' dir='ltr'>ἡμεῖς</span> <span class='ocrx_word' id='word_1_200' title='bbox 2493 1519 2857 1587; x_wconf 76' lang='grc' dir='ltr'>ἑποιήσαμενς</span> <span class='ocrx_word' id='word_1_201' title='bbox 2896 1517 3024 1571; x_wconf 81' lang='grc' dir='ltr'>ποία</span> <span class='ocrx_word' id='word_1_202' title='bbox 3068 1518 3250 1588; x_wconf 74' lang='grc' dir='ltr'>ἀπάτη</span> <span class='ocrx_word' id='word_1_203' title='bbox 3302 1520 3360 1572; x_wconf 79' lang='grc' dir='ltr'>ὲν</span> <span class='ocrx_word' id='word_1_204' title='bbox 3391 1519 3563 1590; x_wconf 85' lang='grc' dir='ltr'>τούτῳ</span> <span class='ocrx_word' id='word_1_205' title='bbox 3579 1520 3601 1583; x_wconf 82' lang='grc' dir='ltr'>ς’</span> <span class='ocrx_word' id='word_1_206' title='bbox 3648 1520 3853 1581; x_wconf 84' lang='grc' dir='ltr'>Ὄντως</span> 
     </span>
    </p>
   </div>
   <div class='ocr_carea' id='block_1_31' title="bbox 2302 1594 3854 1681">
    <p class='ocr_par' dir='ltr' id='par_1_31' title="bbox 2302 1594 3854 1681">
     <span class='ocr_line' id='line_1_31' title="bbox 2302 1594 3854 1681; baseline 0.001 -20"><span class='ocrx_word' id='word_1_207' title='bbox 2302 1626 2366 1678; x_wconf 84' lang='grc' dir='ltr'>γε</span> <span class='ocrx_word' id='word_1_208' title='bbox 2418 1594 2814 1677; x_wconf 68' lang='grc' dir='ltr'>οὐδεμία.’ούκ</span> <span class='ocrx_word' id='word_1_209' title='bbox 2876 1609 2981 1662; x_wconf 71' lang='grc' dir='ltr'>ἔδει</span> <span class='ocrx_word' id='word_1_210' title='bbox 3031 1603 3124 1662; x_wconf 73' lang='grc' dir='ltr'>οὖν</span> <span class='ocrx_word' id='word_1_211' title='bbox 3180 1627 3240 1662; x_wconf 83' lang='grc' dir='ltr'><strong>σε</strong></span> <span class='ocrx_word' id='word_1_212' title='bbox 3291 1610 3453 1678; x_wconf 76' lang='grc' dir='ltr'>σοφὸν</span> <span class='ocrx_word' id='word_1_213' title='bbox 3505 1611 3675 1681; x_wconf 78' lang='grc' dir='ltr'>ἄνδρα</span> <span class='ocrx_word' id='word_1_214' title='bbox 3726 1611 3854 1663; x_wconf 70' lang='grc' dir='ltr'>ὄντα</span> 
     </span>
    </p>
   </div>
   <div class='ocr_carea' id='block_1_32' title="bbox 2303 1696 3855 1768">
    <p class='ocr_par' dir='ltr' id='par_1_32' title="bbox 2303 1696 3855 1768">
     <span class='ocr_line' id='line_1_32' title="bbox 2303 1696 3855 1768; baseline 0.001 -17"><span class='ocrx_word' id='word_1_215' title='bbox 2303 1697 2529 1752; x_wconf 83' lang='grc' dir='ltr'>τοιαῦτα</span> <span class='ocrx_word' id='word_1_216' title='bbox 2590 1698 2805 1768; x_wconf 81' lang='grc' dir='ltr'><strong>ληρώδη</strong></span> <span class='ocrx_word' id='word_1_217' title='bbox 2860 1698 3193 1767; x_wconf 79' lang='grc' dir='ltr'>φθέγγεσθαι</span> <span class='ocrx_word' id='word_1_218' title='bbox 3233 1699 3476 1768; x_wconf 81' lang='grc' dir='ltr'>ῥήματα,</span> <span class='ocrx_word' id='word_1_219' title='bbox 3534 1702 3592 1753; x_wconf 74' lang='grc' dir='ltr'><strong>εν</strong></span> <span class='ocrx_word' id='word_1_220' title='bbox 3644 1696 3728 1762; x_wconf 69' lang='grc' dir='ltr'>οἷς</span> <span class='ocrx_word' id='word_1_221' title='bbox 3767 1703 3855 1754; x_wconf 75' lang='grc' dir='ltr'>καὶ</span> 
     </span>
    </p>
   </div>
   <div class='ocr_carea' id='block_1_33' title="bbox 2306 1783 3857 1860">
    <p class='ocr_par' dir='ltr' id='par_1_33' title="bbox 2306 1783 3857 1860">
     <span class='ocr_line' id='line_1_33' title="bbox 2306 1783 3857 1860; baseline 0.001 -21"><span class='ocrx_word' id='word_1_222' title='bbox 2306 1788 2477 1856; x_wconf 89' lang='grc' dir='ltr'>νήπια</span> <span class='ocrx_word' id='word_1_223' title='bbox 2498 1786 2563 1839; x_wconf 76' lang='grc' dir='ltr'>ἄν</span> <span class='ocrx_word' id='word_1_224' title='bbox 2593 1803 2655 1839; x_wconf 87' lang='grc' dir='ltr'><strong>σε</strong></span> <span class='ocrx_word' id='word_1_225' title='bbox 2687 1787 2929 1856; x_wconf 87' lang='grc' dir='ltr'>αἰσχρῶς</span> <span class='ocrx_word' id='word_1_226' title='bbox 2977 1783 3375 1855; x_wconf 76' lang='grc' dir='ltr'>κατεγέλασαν.</span> <span class='ocrx_word' id='word_1_227' title='bbox 3411 1789 3533 1841; x_wconf 80' lang='grc' dir='ltr'>Ὅτι</span> <span class='ocrx_word' id='word_1_228' title='bbox 3575 1789 3631 1841; x_wconf 74' lang='grc' dir='ltr'>δὲ</span> <span class='ocrx_word' id='word_1_229' title='bbox 3652 1791 3857 1860; x_wconf 72' lang='grc' dir='ltr'>προσέο</span> 
     </span>
    </p>
   </div>
   <div class='ocr_carea' id='block_1_34' title="bbox 653 1867 2213 1959">
    <p class='ocr_par' dir='ltr' id='par_1_34' title="bbox 653 1877 2198 1951">
     <span class='ocr_line' id='line_1_34' title="bbox 653 1877 2198 1951; baseline -0.012 -5"><span class='ocrx_word' id='word_1_230' title='bbox 653 1906 816 1946; x_wconf 80' lang='lat' dir='ltr'><strong>vocas</strong></span> <span class='ocrx_word' id='word_1_231' title='bbox 848 1885 1322 1943; x_wconf 75' lang='lat' dir='ltr'><strong>immutationem?</strong></span> <span class='ocrx_word' id='word_1_232' title='bbox 1370 1887 1436 1938; x_wconf 81' lang='lat' dir='ltr'><strong>At</strong></span> <span class='ocrx_word' id='word_1_233' title='bbox 1471 1899 1567 1937; x_wconf 90' lang='lat' dir='ltr'><strong>nos</strong></span> <span class='ocrx_word' id='word_1_234' title='bbox 1619 1882 1779 1951; x_wconf 85' lang='lat' dir='ltr'><strong>paulo</strong></span> <span class='ocrx_word' id='word_1_235' title='bbox 1803 1888 1944 1948; x_wconf 87' lang='lat' dir='ltr'><strong>post,</strong></span> <span class='ocrx_word' id='word_1_236' title='bbox 1998 1877 2086 1930; x_wconf 89' lang='lat' dir='ltr'><strong>ubi</strong></span> <span class='ocrx_word' id='word_1_237' title='bbox 2143 1887 2198 1929; x_wconf 93' lang='lat' dir='ltr'><strong>tu</strong></span> 
     </span>
    </p>
   </div>
   <div class='ocr_carea' id='block_1_35' title="bbox 2317 1867 3858 1959">
    <p class='ocr_par' dir='ltr' id='par_1_35' title="bbox 2317 1877 3858 1947">
     <span class='ocr_line' id='line_1_35' title="bbox 2317 1877 3858 1947; baseline 0 -17"><span class='ocrx_word' id='word_1_238' title='bbox 2317 1877 2479 1947; x_wconf 69' lang='grc' dir='ltr'>ὶηκαν</span> <span class='ocrx_word' id='word_1_239' title='bbox 2531 1879 2582 1930; x_wconf 81' lang='grc' dir='ltr'>οἱ</span> <span class='ocrx_word' id='word_1_240' title='bbox 2618 1879 2836 1930; x_wconf 75' lang='grc' dir='ltr'>Λατῖνοι</span> <span class='ocrx_word' id='word_1_241' title='bbox 2870 1879 2991 1946; x_wconf 82' lang='grc' dir='ltr'>τήν,</span> <span class='ocrx_word' id='word_1_242' title='bbox 3039 1877 3140 1931; x_wconf 82' lang='grc' dir='ltr'>Ἐκ</span> <span class='ocrx_word' id='word_1_243' title='bbox 3176 1878 3280 1931; x_wconf 84' lang='grc' dir='ltr'>τοῦ</span> <span class='ocrx_word' id='word_1_244' title='bbox 3309 1877 3482 1942; x_wconf 70' lang='grc' dir='ltr'><strong>Υἱοῦ,</strong></span> <span class='ocrx_word' id='word_1_245' title='bbox 3524 1877 3728 1946; x_wconf 80' lang='grc' dir='ltr'>φωνὴν,</span> <span class='ocrx_word' id='word_1_246' title='bbox 3767 1895 3858 1930; x_wconf 66' lang='grc' dir='ltr'>σας</span> 
     </span>
    </p>
   </div>
   <div class='ocr_carea' id='block_1_36' title="bbox 655 1964 2197 2048">
    <p class='ocr_par' dir='ltr' id='par_1_36' title="bbox 655 1964 2197 2048">
     <span class='ocr_line' id='line_1_36' title="bbox 655 1964 2197 2048; baseline -0.008 -17"><span class='ocrx_word' id='word_1_247' title='bbox 655 1980 869 2048; x_wconf 84' lang='lat' dir='ltr'><strong>q&#39;uoque</strong></span> <span class='ocrx_word' id='word_1_248' title='bbox 890 1979 955 2032; x_wconf 89' lang='lat' dir='ltr'><strong>de</strong></span> <span class='ocrx_word' id='word_1_249' title='bbox 990 1990 1045 2031; x_wconf 87' lang='lat' dir='ltr'><strong>re</strong></span> <span class='ocrx_word' id='word_1_250' title='bbox 1075 1975 1190 2045; x_wconf 83' lang='lat' dir='ltr'><strong>ipsa</strong></span> <span class='ocrx_word' id='word_1_251' title='bbox 1217 1975 1483 2042; x_wconf 87' lang='lat' dir='ltr'><strong>disputas,</strong></span> <span class='ocrx_word' id='word_1_252' title='bbox 1516 1971 1749 2039; x_wconf 88' lang='lat' dir='ltr'><strong>perbene</strong></span> <span class='ocrx_word' id='word_1_253' title='bbox 1780 1964 2197 2029; x_wconf 84' lang='lat' dir='ltr'><strong>declarabimus,</strong></span> 
     </span>
    </p>
   </div>
   <div class='ocr_carea' id='block_1_37' title="bbox 657 2059 2200 2138">
    <p class='ocr_par' dir='ltr' id='par_1_37' title="bbox 657 2059 2200 2138">
     <span class='ocr_line' id='line_1_37' title="bbox 657 2059 2200 2138; baseline -0.012 -13"><span class='ocrx_word' id='word_1_254' title='bbox 657 2073 794 2126; x_wconf 85' lang='lat' dir='ltr'><strong>sitne</strong></span> <span class='ocrx_word' id='word_1_255' title='bbox 824 2069 907 2138; x_wconf 83' lang='lat' dir='ltr'><strong>pia</strong></span> <span class='ocrx_word' id='word_1_256' title='bbox 935 2082 1058 2130; x_wconf 83' lang='lat' dir='ltr'><strong>vox,</strong></span> <span class='ocrx_word' id='word_1_257' title='bbox 1107 2080 1297 2119; x_wconf 89' lang='lat' dir='ltr'><strong>necne.</strong></span> <span class='ocrx_word' id='word_1_258' title='bbox 1336 2063 1401 2116; x_wconf 85' lang='lat' dir='ltr'><strong>Et</strong></span> <span class='ocrx_word' id='word_1_259' title='bbox 1451 2063 1494 2116; x_wconf 94' lang='lat' dir='ltr'><strong>si</strong></span> <span class='ocrx_word' id='word_1_260' title='bbox 1529 2060 1742 2130; x_wconf 88' lang='lat' dir='ltr'><strong>quidem</strong></span> <span class='ocrx_word' id='word_1_261' title='bbox 1771 2059 1914 2127; x_wconf 89' lang='lat' dir='ltr'><strong>piam</strong></span> <span class='ocrx_word' id='word_1_262' title='bbox 1945 2068 2065 2110; x_wconf 87' lang='lat' dir='ltr'><strong>esse</strong></span> <span class='ocrx_word' id='word_1_263' title='bbox 2094 2069 2200 2108; x_wconf 92' lang='lat' dir='ltr'><strong>non</strong></span> 
     </span>
    </p>
   </div>
   <div class='ocr_carea' id='block_1_38' title="bbox 657 2147 2205 2220">
    <p class='ocr_par' dir='ltr' id='par_1_38' title="bbox 657 2147 2205 2220">
     <span class='ocr_line' id='line_1_38' title="bbox 657 2147 2205 2220; baseline -0.012 -6"><span class='ocrx_word' id='word_1_264' title='bbox 657 2157 1171 2220; x_wconf 75' lang='lat' dir='ltr'><strong>demonstrabimus,</strong></span> <span class='ocrx_word' id='word_1_265' title='bbox 1203 2155 1320 2208; x_wconf 68' lang='lat' dir='ltr'><strong>hwc</strong></span> <span class='ocrx_word' id='word_1_266' title='bbox 1342 2163 1396 2207; x_wconf 91' lang='lat' dir='ltr'><strong>tu</strong></span> <span class='ocrx_word' id='word_1_267' title='bbox 1423 2162 1564 2205; x_wconf 88' lang='lat' dir='ltr'><strong>recte</strong></span> <span class='ocrx_word' id='word_1_268' title='bbox 1583 2151 1794 2204; x_wconf 90' lang='lat' dir='ltr'><strong>locutus</strong></span> <span class='ocrx_word' id='word_1_269' title='bbox 1811 2147 1951 2209; x_wconf 85' lang='lat' dir='ltr'><strong>eris;</strong></span> <span class='ocrx_word' id='word_1_270' title='bbox 1974 2153 2025 2198; x_wconf 87' lang='lat' dir='ltr'><strong>et</strong></span> <span class='ocrx_word' id='word_1_271' title='bbox 2045 2157 2205 2212; x_wconf 83' lang='lat' dir='ltr'><strong>opor-</strong></span> 
     </span>
    </p>
   </div>
   <div class='ocr_carea' id='block_1_39' title="bbox 658 2237 2206 2311">
    <p class='ocr_par' dir='ltr' id='par_1_39' title="bbox 658 2237 2206 2311">
     <span class='ocr_line' id='line_1_39' title="bbox 658 2237 2206 2311; baseline -0.013 -3"><span class='ocrx_word' id='word_1_272' title='bbox 658 2261 735 2308; x_wconf 85' lang='lat' dir='ltr'><strong>tet</strong></span> <span class='ocrx_word' id='word_1_273' title='bbox 765 2252 817 2305; x_wconf 90' lang='lat' dir='ltr'><strong>in</strong></span> <span class='ocrx_word' id='word_1_274' title='bbox 857 2249 1080 2303; x_wconf 83' lang='lat' dir='ltr'><strong>Latinos</strong></span> <span class='ocrx_word' id='word_1_275' title='bbox 1110 2246 1391 2300; x_wconf 89' lang='lat' dir='ltr'><strong>maledicta</strong></span> <span class='ocrx_word' id='word_1_276' title='bbox 1446 2242 1660 2307; x_wconf 84' lang='lat' dir='ltr'><strong>cadere,</strong></span> <span class='ocrx_word' id='word_1_277' title='bbox 1695 2247 1752 2293; x_wconf 92' lang='lat' dir='ltr'><strong>ut</strong></span> <span class='ocrx_word' id='word_1_278' title='bbox 1806 2237 2046 2311; x_wconf 82' lang='lat' dir='ltr'><strong>Symboli</strong></span> <span class='ocrx_word' id='word_1_279' title='bbox 2105 2237 2206 2288; x_wconf 82' lang='lat' dir='ltr'><strong>int-</strong></span> 
     </span>
    </p>
   </div>
   <div class='ocr_carea' id='block_1_40' title="bbox 658 2319 2204 2406">
    <p class='ocr_par' dir='ltr' id='par_1_40' title="bbox 658 2319 2204 2406">
     <span class='ocr_line' id='line_1_40' title="bbox 658 2319 2204 2406; baseline -0.014 -6"><span class='ocrx_word' id='word_1_280' title='bbox 658 2355 961 2400; x_wconf 86' lang='lat' dir='ltr'><strong>mutatores</strong></span> <span class='ocrx_word' id='word_1_281' title='bbox 998 2359 1011 2394; x_wconf 90' lang='lat'><strong>:</strong></span> <span class='ocrx_word' id='word_1_282' title='bbox 1051 2343 1133 2396; x_wconf 90' lang='lat' dir='ltr'><strong>sin</strong></span> <span class='ocrx_word' id='word_1_283' title='bbox 1172 2341 1306 2392; x_wconf 91' lang='lat' dir='ltr'><strong>hanc</strong></span> <span class='ocrx_word' id='word_1_284' title='bbox 1333 2337 1472 2406; x_wconf 88' lang='lat' dir='ltr'><strong>piam</strong></span> <span class='ocrx_word' id='word_1_285' title='bbox 1496 2333 1911 2394; x_wconf 78' lang='lat' dir='ltr'><strong>ostenderimus,</strong></span> <span class='ocrx_word' id='word_1_286' title='bbox 1941 2319 2067 2382; x_wconf 84' lang='lat' dir='ltr'><strong>tunc</strong></span> <span class='ocrx_word' id='word_1_287' title='bbox 2100 2326 2204 2380; x_wconf 86' lang='lat' dir='ltr'><strong>La-</strong></span> 
     </span>
    </p>
   </div>
   <div class='ocr_carea' id='block_1_41' title="bbox 661 2422 2207 2504">
    <p class='ocr_par' dir='ltr' id='par_1_41' title="bbox 661 2422 2207 2504">
     <span class='ocr_line' id='line_1_41' title="bbox 661 2422 2207 2504; baseline -0.014 -13"><span class='ocrx_word' id='word_1_288' title='bbox 661 2437 806 2491; x_wconf 81' lang='lat' dir='ltr'><strong>tinos</strong></span> <span class='ocrx_word' id='word_1_289' title='bbox 864 2435 1081 2504; x_wconf 87' lang='lat' dir='ltr'><strong>quidem</strong></span> <span class='ocrx_word' id='word_1_290' title='bbox 1127 2433 1193 2486; x_wconf 89' lang='lat' dir='ltr'><strong>ab</strong></span> <span class='ocrx_word' id='word_1_291' title='bbox 1246 2425 1711 2484; x_wconf 77' lang='lat' dir='ltr'><strong>exsecrationibus</strong></span> <span class='ocrx_word' id='word_1_292' title='bbox 1757 2434 1810 2478; x_wconf 90' lang='lat' dir='ltr'><strong>et</strong></span> <span class='ocrx_word' id='word_1_293' title='bbox 1869 2422 2207 2474; x_wconf 80' lang='lat' dir='ltr'><strong>anathemate</strong></span> 
     </span>
    </p>
   </div>
   <div class='ocr_carea' id='block_1_42' title="bbox 662 2517 2212 2582">
    <p class='ocr_par' dir='ltr' id='par_1_42' title="bbox 662 2517 2212 2582">
     <span class='ocr_line' id='line_1_42' title="bbox 662 2517 2212 2582; baseline -0.014 -2"><span class='ocrx_word' id='word_1_294' title='bbox 662 2527 860 2582; x_wconf 80' lang='lat' dir='ltr'><strong>liberos</strong></span> <span class='ocrx_word' id='word_1_295' title='bbox 886 2525 1186 2580; x_wconf 79' lang='lat' dir='ltr'><strong>necessario</strong></span> <span class='ocrx_word' id='word_1_296' title='bbox 1204 2517 1716 2578; x_wconf 80' lang='lat' dir='ltr'><strong>detnmistrabimus,</strong></span> <span class='ocrx_word' id='word_1_297' title='bbox 1739 2518 1787 2566; x_wconf 93' lang='lat' dir='ltr'><strong>in</strong></span> <span class='ocrx_word' id='word_1_298' title='bbox 1817 2525 1864 2565; x_wconf 86' lang='lat' dir='ltr'><strong>te</strong></span> <span class='ocrx_word' id='word_1_299' title='bbox 1881 2529 2009 2566; x_wconf 88' lang='lat' dir='ltr'><strong>vero</strong></span> <span class='ocrx_word' id='word_1_300' title='bbox 2032 2520 2212 2563; x_wconf 62' lang='lat' dir='ltr'><strong>tunm~</strong></span> 
     </span>
    </p>
   </div>
   <div class='ocr_carea' id='block_1_43' title="bbox 663 2601 2210 2685">
    <p class='ocr_par' dir='ltr' id='par_1_43' title="bbox 663 2601 2210 2685">
     <span class='ocr_line' id='line_1_43' title="bbox 663 2601 2210 2685; baseline -0.014 -16"><span class='ocrx_word' id='word_1_301' title='bbox 663 2632 766 2685; x_wconf 85' lang='lat' dir='ltr'><strong>que</strong></span> <span class='ocrx_word' id='word_1_302' title='bbox 818 2623 981 2683; x_wconf 83' lang='lat' dir='ltr'><strong>caput</strong></span> <span class='ocrx_word' id='word_1_303' title='bbox 1031 2609 1440 2664; x_wconf 85' lang='lat' dir='ltr'><strong>maledictiones</strong></span> <span class='ocrx_word' id='word_1_304' title='bbox 1495 2620 1684 2658; x_wconf 86' lang='lat' dir='ltr'><strong>omnes</strong></span> <span class='ocrx_word' id='word_1_305' title='bbox 1737 2613 1790 2655; x_wconf 92' lang='lat' dir='ltr'><strong>et</strong></span> <span class='ocrx_word' id='word_1_306' title='bbox 1868 2601 2210 2654; x_wconf 82' lang='lat' dir='ltr'><strong>anathemata</strong></span> 
     </span>
    </p>
   </div>
   <div class='ocr_carea' id='block_1_44' title="bbox 668 2691 2210 2770">
    <p class='ocr_par' dir='ltr' id='par_1_44' title="bbox 668 2691 2210 2770">
     <span class='ocr_line' id='line_1_44' title="bbox 668 2691 2210 2770; baseline -0.014 -6"><span class='ocrx_word' id='word_1_307' title='bbox 668 2710 923 2764; x_wconf 69' lang='lat' dir='ltr'><strong>rer-idisse</strong></span> <span class='ocrx_word' id='word_1_308' title='bbox 955 2705 1188 2760; x_wconf 73' lang='lat' dir='ltr'><strong>(:(ll&#39;dulis</strong></span> <span class='ocrx_word' id='word_1_309' title='bbox 1208 2705 1338 2757; x_wconf 84' lang='lat' dir='ltr'><strong>viris</strong></span> <span class='ocrx_word' id='word_1_310' title='bbox 1369 2701 1743 2770; x_wconf 85' lang='lat' dir='ltr'><strong>probabimus.</strong></span> <span class='ocrx_word' id='word_1_311' title='bbox 1784 2696 1935 2749; x_wconf 80' lang='lat' dir='ltr'><strong>Nunc</strong></span> <span class='ocrx_word' id='word_1_312' title='bbox 1973 2709 2101 2748; x_wconf 77' lang='lat' dir='ltr'><strong>vero</strong></span> <span class='ocrx_word' id='word_1_313' title='bbox 2131 2691 2210 2745; x_wconf 91' lang='lat' dir='ltr'><strong>ul-</strong></span> 
     </span>
    </p>
   </div>
   <div class='ocr_carea' id='block_1_45' title="bbox 644 2793 1329 2867">
    <p class='ocr_par' dir='ltr' id='par_1_45' title="bbox 644 2793 1329 2867">
     <span class='ocr_line' id='line_1_45' title="bbox 644 2793 1329 2867; baseline -0.009 -13"><span class='ocrx_word' id='word_1_314' title='bbox 644 2793 862 2857; x_wconf 78' lang='lat' dir='ltr'><strong>teriora</strong></span> <span class='ocrx_word' id='word_1_315' title='bbox 918 2799 1329 2867; x_wconf 77' lang='lat' dir='ltr'><strong>perspiciamus.</strong></span> 
     </span>
    </p>
   </div>
   <div class='ocr_carea' id='block_1_46' title="bbox 1321 3064 1555 3120">
    <p class='ocr_par' dir='ltr' id='par_1_46' title="bbox 1321 3064 1555 3120">
     <span class='ocr_line' id='line_1_46' title="bbox 1321 3064 1555 3120; baseline -0.009 0"><span class='ocrx_word' id='word_1_316' title='bbox 1321 3064 1555 3120; x_wconf 78' lang='lat' dir='ltr'><strong>EPHES.</strong></span> 
     </span>
    </p>
   </div>
   <div class='ocr_carea' id='block_1_47' title="bbox 743 3145 2215 3232">
    <p class='ocr_par' dir='ltr' id='par_1_47' title="bbox 743 3145 2215 3232">
     <span class='ocr_line' id='line_1_47' title="bbox 743 3145 2215 3232; baseline -0.014 -11"><span class='ocrx_word' id='word_1_317' title='bbox 743 3167 820 3221; x_wconf 84' lang='lat' dir='ltr'><strong>Ad</strong></span> <span class='ocrx_word' id='word_1_318' title='bbox 855 3167 966 3219; x_wconf 66' lang='lat' dir='ltr'><strong>haec</strong></span> <span class='ocrx_word' id='word_1_319' title='bbox 1001 3158 1323 3232; x_wconf 76' lang='lat' dir='ltr'><strong>syllogismis</strong></span> <span class='ocrx_word' id='word_1_320' title='bbox 1360 3151 1826 3210; x_wconf 85' lang='lat' dir='ltr'><strong>indissolubilibus</strong></span> <span class='ocrx_word' id='word_1_321' title='bbox 1854 3145 2215 3212; x_wconf 88' lang='lat' dir='ltr'><strong>ostendi,vim</strong></span> 
     </span>
    </p>
   </div>
   <div class='ocr_carea' id='block_1_48' title="bbox 671 3240 2218 3314">
    <p class='ocr_par' dir='ltr' id='par_1_48' title="bbox 671 3240 2218 3314">
     <span class='ocr_line' id='line_1_48' title="bbox 671 3240 2218 3314; baseline -0.014 1"><span class='ocrx_word' id='word_1_322' title='bbox 671 3261 938 3314; x_wconf 90' lang='lat' dir='ltr'><strong>rationum</strong></span> <span class='ocrx_word' id='word_1_323' title='bbox 959 3266 1200 3308; x_wconf 88' lang='lat' dir='ltr'><strong>mearum</strong></span> <span class='ocrx_word' id='word_1_324' title='bbox 1231 3248 1538 3304; x_wconf 84' lang='lat' dir='ltr'><strong>necessario</strong></span> <span class='ocrx_word' id='word_1_325' title='bbox 1565 3245 1780 3305; x_wconf 82' lang='lat' dir='ltr'><strong>inferre,</strong></span> <span class='ocrx_word' id='word_1_326' title='bbox 1801 3242 1942 3311; x_wconf 86' lang='lat' dir='ltr'><strong>quod</strong></span> <span class='ocrx_word' id='word_1_327' title='bbox 1999 3240 2218 3293; x_wconf 89' lang='lat' dir='ltr'><strong>demon-</strong></span> 
     </span>
    </p>
   </div>
   <div class='ocr_carea' id='block_1_49' title="bbox 671 3324 2219 3410">
    <p class='ocr_par' dir='ltr' id='par_1_49' title="bbox 671 3324 2219 3410">
     <span class='ocr_line' id='line_1_49' title="bbox 671 3324 2219 3410; baseline -0.017 -4"><span class='ocrx_word' id='word_1_328' title='bbox 671 3350 933 3410; x_wconf 88' lang='lat' dir='ltr'><strong>strabam,</strong></span> <span class='ocrx_word' id='word_1_329' title='bbox 961 3358 1057 3398; x_wconf 89' lang='lat' dir='ltr'><strong>nec</strong></span> <span class='ocrx_word' id='word_1_330' title='bbox 1079 3341 1190 3396; x_wconf 80' lang='lat' dir='ltr'><strong>ﬁeri</strong></span> <span class='ocrx_word' id='word_1_331' title='bbox 1218 3353 1394 3410; x_wconf 87' lang='lat' dir='ltr'><strong>posse,</strong></span> <span class='ocrx_word' id='word_1_332' title='bbox 1431 3324 1489 3390; x_wconf 80' lang='lat' dir='ltr'><strong>ut</strong></span> <span class='ocrx_word' id='word_1_333' title='bbox 1519 3334 1856 3390; x_wconf 83' lang='lat' dir='ltr'><strong>deﬁnitiones</strong></span> <span class='ocrx_word' id='word_1_334' title='bbox 1873 3329 2040 3398; x_wconf 86' lang='lat' dir='ltr'><strong>acripi</strong></span> <span class='ocrx_word' id='word_1_335' title='bbox 2063 3328 2219 3381; x_wconf 88' lang='lat' dir='ltr'><strong>aliter</strong></span> 
     </span>
    </p>
   </div>
   <div class='ocr_carea' id='block_1_50' title="bbox 673 3416 2123 3513">
    <p class='ocr_par' dir='ltr' id='par_1_50' title="bbox 673 3416 2123 3513">
     <span class='ocr_line' id='line_1_50' title="bbox 673 3416 2123 3513; baseline -0.017 -16"><span class='ocrx_word' id='word_1_336' title='bbox 673 3449 893 3513; x_wconf 81' lang='lat' dir='ltr'><strong>queant,</strong></span> <span class='ocrx_word' id='word_1_337' title='bbox 935 3451 997 3492; x_wconf 91' lang='lat' dir='ltr'><strong>ac</strong></span> <span class='ocrx_word' id='word_1_338' title='bbox 1026 3448 1124 3504; x_wconf 76' lang='lat' dir='ltr'><strong>ego</strong></span> <span class='ocrx_word' id='word_1_339' title='bbox 1153 3432 1271 3487; x_wconf 80' lang='lat' dir='ltr'><strong>illas</strong></span> <span class='ocrx_word' id='word_1_340' title='bbox 1297 3429 1627 3500; x_wconf 85' lang='lat' dir='ltr'><strong>exponebam</strong></span> <span class='ocrx_word' id='word_1_341' title='bbox 1663 3434 1717 3479; x_wconf 86' lang='lat' dir='ltr'><strong>ct</strong></span> <span class='ocrx_word' id='word_1_342' title='bbox 1740 3416 2123 3490; x_wconf 79' lang='lat' dir='ltr'><strong>intelligebam.</strong></span> 
     </span>
    </p>
   </div>
   <div class='ocr_carea' id='block_1_51' title="bbox 1374 3516 1566 3572">
    <p class='ocr_par' dir='ltr' id='par_1_51' title="bbox 1374 3516 1566 3572">
     <span class='ocr_line' id='line_1_51' title="bbox 1374 3516 1566 3572; baseline -0.021 0"><span class='ocrx_word' id='word_1_343' title='bbox 1374 3516 1566 3572; x_wconf 77' lang='lat' dir='ltr'><strong>ltESP.</strong></span> 
     </span>
    </p>
   </div>
   <div class='ocr_carea' id='block_1_52' title="bbox 747 3597 2221 3682">
    <p class='ocr_par' dir='ltr' id='par_1_52' title="bbox 747 3597 2221 3682">
     <span class='ocr_line' id='line_1_52' title="bbox 747 3597 2221 3682; baseline -0.012 -7"><span class='ocrx_word' id='word_1_344' title='bbox 747 3623 970 3675; x_wconf 85' lang='lat' dir='ltr'><strong>Exstant</strong></span> <span class='ocrx_word' id='word_1_345' title='bbox 1003 3619 1055 3670; x_wconf 90' lang='lat' dir='ltr'><strong>in</strong></span> <span class='ocrx_word' id='word_1_346' title='bbox 1077 3613 1226 3669; x_wconf 82' lang='lat' dir='ltr'><strong>Actis</strong></span> <span class='ocrx_word' id='word_1_347' title='bbox 1249 3597 1538 3682; x_wconf 76' lang='lat' dir='ltr'><strong>syllogismi</strong></span> <span class='ocrx_word' id='word_1_348' title='bbox 1581 3607 1678 3671; x_wconf 91' lang='lat' dir='ltr'><strong>tui,</strong></span> <span class='ocrx_word' id='word_1_349' title='bbox 1703 3615 1754 3658; x_wconf 86' lang='lat' dir='ltr'><strong>et</strong></span> <span class='ocrx_word' id='word_1_350' title='bbox 1783 3605 1860 3659; x_wconf 92' lang='lat' dir='ltr'><strong>vis</strong></span> <span class='ocrx_word' id='word_1_351' title='bbox 1885 3617 2069 3659; x_wconf 86' lang='lat' dir='ltr'><strong>eorum</strong></span> <span class='ocrx_word' id='word_1_352' title='bbox 2088 3617 2221 3672; x_wconf 87' lang='lat' dir='ltr'><strong>quos</strong></span> 
     </span>
    </p>
   </div>
   <div class='ocr_carea' id='block_1_53' title="bbox 681 3696 2222 3768">
    <p class='ocr_par' dir='ltr' id='par_1_53' title="bbox 681 3696 2222 3768">
     <span class='ocr_line' id='line_1_53' title="bbox 681 3696 2222 3768; baseline -0.014 -2"><span class='ocrx_word' id='word_1_353' title='bbox 681 3713 776 3768; x_wconf 89' lang='lat' dir='ltr'><strong>tibi</strong></span> <span class='ocrx_word' id='word_1_354' title='bbox 798 3723 988 3766; x_wconf 88' lang='lat' dir='ltr'><strong>omnes</strong></span> <span class='ocrx_word' id='word_1_355' title='bbox 1010 3721 1113 3760; x_wconf 92' lang='lat' dir='ltr'><strong>uno</strong></span> <span class='ocrx_word' id='word_1_356' title='bbox 1137 3704 1299 3758; x_wconf 90' lang='lat' dir='ltr'><strong>verbo</strong></span> <span class='ocrx_word' id='word_1_357' title='bbox 1320 3704 1400 3755; x_wconf 90' lang='lat' dir='ltr'><strong>vir</strong></span> <span class='ocrx_word' id='word_1_358' title='bbox 1429 3697 1777 3754; x_wconf 81' lang='lat' dir='ltr'><strong>doctissimus</strong></span> <span class='ocrx_word' id='word_1_359' title='bbox 1800 3696 2047 3763; x_wconf 78' lang='lat' dir='ltr'><strong>idemque</strong></span> <span class='ocrx_word' id='word_1_360' title='bbox 2094 3707 2222 3747; x_wconf 78' lang='lat' dir='ltr'><strong>san-</strong></span> 
     </span>
    </p>
   </div>
   <div class='ocr_carea' id='block_1_54' title="bbox 681 3785 2222 3862">
    <p class='ocr_par' dir='ltr' id='par_1_54' title="bbox 681 3785 2222 3862">
     <span class='ocr_line' id='line_1_54' title="bbox 681 3785 2222 3862; baseline -0.016 0"><span class='ocrx_word' id='word_1_361' title='bbox 681 3808 959 3862; x_wconf 88' lang='lat' dir='ltr'><strong>ctissimus</strong></span> <span class='ocrx_word' id='word_1_362' title='bbox 997 3801 1244 3856; x_wconf 80' lang='lat' dir='ltr'><strong>Julianus</strong></span> <span class='ocrx_word' id='word_1_363' title='bbox 1303 3801 1507 3849; x_wconf 82' lang='lat' dir='ltr'><strong>sanctae</strong></span> <span class='ocrx_word' id='word_1_364' title='bbox 1533 3791 1746 3845; x_wconf 67' lang='lat' dir='ltr'><strong>Sabina:</strong></span> <span class='ocrx_word' id='word_1_365' title='bbox 1785 3785 2080 3842; x_wconf 83' lang='lat' dir='ltr'><strong>eardinalis</strong></span> <span class='ocrx_word' id='word_1_366' title='bbox 2109 3793 2222 3838; x_wconf 89' lang='lat' dir='ltr'><strong>tan-</strong></span> 
     </span>
    </p>
   </div>
   <div class='ocr_carea' id='block_1_55' title="bbox 679 3878 2224 3968">
    <p class='ocr_par' dir='ltr' id='par_1_55' title="bbox 679 3878 2224 3968">
     <span class='ocr_line' id='line_1_55' title="bbox 679 3878 2224 3968; baseline -0.017 -15"><span class='ocrx_word' id='word_1_367' title='bbox 679 3915 837 3968; x_wconf 89' lang='lat' dir='ltr'><strong>quam</strong></span> <span class='ocrx_word' id='word_1_368' title='bbox 857 3910 1064 3952; x_wconf 75' lang='lat' dir='ltr'><strong>aranem</strong></span> <span class='ocrx_word' id='word_1_369' title='bbox 1095 3893 1252 3947; x_wconf 91' lang='lat' dir='ltr'><strong>telam</strong></span> <span class='ocrx_word' id='word_1_370' title='bbox 1275 3885 1543 3948; x_wconf 81' lang='lat' dir='ltr'><strong>dissolvit,</strong></span> <span class='ocrx_word' id='word_1_371' title='bbox 1574 3893 1626 3936; x_wconf 83' lang='lat' dir='ltr'><strong>et</strong></span> <span class='ocrx_word' id='word_1_372' title='bbox 1649 3881 1946 3936; x_wconf 88' lang='lat' dir='ltr'><strong>meridiana</strong></span> <span class='ocrx_word' id='word_1_373' title='bbox 1968 3879 2085 3934; x_wconf 86' lang='lat' dir='ltr'><strong>luce</strong></span> <span class='ocrx_word' id='word_1_374' title='bbox 2117 3878 2224 3929; x_wconf 84' lang='lat' dir='ltr'><strong>cla-</strong></span> 
     </span>
    </p>
   </div>
   <div class='ocr_carea' id='block_1_56' title="bbox 683 3968 2216 4047">
    <p class='ocr_par' dir='ltr' id='par_1_56' title="bbox 683 3968 2216 4047">
     <span class='ocr_line' id='line_1_56' title="bbox 683 3968 2216 4047; baseline -0.016 -4"><span class='ocrx_word' id='word_1_375' title='bbox 683 3992 796 4044; x_wconf 88' lang='lat' dir='ltr'><strong>rius</strong></span> <span class='ocrx_word' id='word_1_376' title='bbox 845 3983 1256 4047; x_wconf 77' lang='lat' dir='ltr'><strong>demonstravit,</strong></span> <span class='ocrx_word' id='word_1_377' title='bbox 1294 3982 1346 4032; x_wconf 90' lang='lat' dir='ltr'><strong>in</strong></span> <span class='ocrx_word' id='word_1_378' title='bbox 1403 3990 1555 4030; x_wconf 85' lang='lat' dir='ltr'><strong>sacro</strong></span> <span class='ocrx_word' id='word_1_379' title='bbox 1610 3972 1867 4041; x_wconf 79' lang='lat' dir='ltr'><strong>Symbolo</strong></span> <span class='ocrx_word' id='word_1_380' title='bbox 1921 3968 2216 4022; x_wconf 83' lang='lat' dir='ltr'><strong>dictionem</strong></span> 
     </span>
    </p>
   </div>
   <div class='ocr_carea' id='block_1_57' title="bbox 684 4058 2227 4142">
    <p class='ocr_par' dir='ltr' id='par_1_57' title="bbox 684 4058 2227 4142">
     <span class='ocr_line' id='line_1_57' title="bbox 684 4058 2227 4142; baseline -0.017 -6"><span class='ocrx_word' id='word_1_381' title='bbox 684 4083 851 4141; x_wconf 86' lang='lat' dir='ltr'><strong>illam,</strong></span> <span class='ocrx_word' id='word_1_382' title='bbox 878 4077 1136 4142; x_wconf 82' lang='lat' dir='ltr'><strong>Filioque,</strong></span> <span class='ocrx_word' id='word_1_383' title='bbox 1156 4088 1260 4124; x_wconf 90' lang='lat' dir='ltr'><strong>non</strong></span> <span class='ocrx_word' id='word_1_384' title='bbox 1291 4085 1411 4124; x_wconf 87' lang='lat' dir='ltr'><strong>esse</strong></span> <span class='ocrx_word' id='word_1_385' title='bbox 1439 4067 1884 4126; x_wconf 82' lang='lat' dir='ltr'><strong>additamentum,</strong></span> <span class='ocrx_word' id='word_1_386' title='bbox 1923 4060 2015 4115; x_wconf 89' lang='lat' dir='ltr'><strong>sed</strong></span> <span class='ocrx_word' id='word_1_387' title='bbox 2045 4058 2227 4125; x_wconf 87' lang='lat' dir='ltr'><strong>expla-</strong></span> 
     </span>
    </p>
   </div>
   <div class='ocr_carea' id='block_1_58' title="bbox 685 4150 2228 4229">
    <p class='ocr_par' dir='ltr' id='par_1_58' title="bbox 685 4150 2228 4229">
     <span class='ocr_line' id='line_1_58' title="bbox 685 4150 2228 4229; baseline -0.017 0"><span class='ocrx_word' id='word_1_388' title='bbox 685 4173 954 4229; x_wconf 78' lang='lat' dir='ltr'><strong>nationem</strong></span> <span class='ocrx_word' id='word_1_389' title='bbox 972 4177 1025 4221; x_wconf 90' lang='lat' dir='ltr'><strong>et</strong></span> <span class='ocrx_word' id='word_1_390' title='bbox 1051 4163 1460 4218; x_wconf 89' lang='lat' dir='ltr'><strong>declarationem</strong></span> <span class='ocrx_word' id='word_1_391' title='bbox 1487 4177 1502 4222; x_wconf 83' lang='lat'><strong>;</strong></span> <span class='ocrx_word' id='word_1_392' title='bbox 1533 4167 1583 4212; x_wconf 88' lang='lat' dir='ltr'><strong>et</strong></span> <span class='ocrx_word' id='word_1_393' title='bbox 1609 4158 1771 4210; x_wconf 88' lang='lat' dir='ltr'><strong>licere</strong></span> <span class='ocrx_word' id='word_1_394' title='bbox 1795 4167 2011 4222; x_wconf 86' lang='lat' dir='ltr'><strong>semper</strong></span> <span class='ocrx_word' id='word_1_395' title='bbox 2039 4150 2228 4204; x_wconf 82' lang='lat' dir='ltr'><strong>Eccle-</strong></span> 
     </span>
    </p>
   </div>
   <div class='ocr_carea' id='block_1_59' title="bbox 685 4244 2229 4321">
    <p class='ocr_par' dir='ltr' id='par_1_59' title="bbox 685 4244 2229 4321">
     <span class='ocr_line' id='line_1_59' title="bbox 685 4244 2229 4321; baseline -0.017 0"><span class='ocrx_word' id='word_1_396' title='bbox 685 4267 780 4321; x_wconf 63' lang='grc' dir='ltr'>δίκε</span> <span class='ocrx_word' id='word_1_397' title='bbox 809 4261 1084 4316; x_wconf 78' lang='lat' dir='ltr'><strong>veritatem</strong></span> <span class='ocrx_word' id='word_1_398' title='bbox 1119 4251 1438 4312; x_wconf 84' lang='lat' dir='ltr'><strong>dilucidare,</strong></span> <span class='ocrx_word' id='word_1_399' title='bbox 1481 4255 1533 4300; x_wconf 90' lang='lat' dir='ltr'><strong>et</strong></span> <span class='ocrx_word' id='word_1_400' title='bbox 1559 4245 1756 4298; x_wconf 85' lang='lat' dir='ltr'><strong>addere</strong></span> <span class='ocrx_word' id='word_1_401' title='bbox 1803 4244 2110 4309; x_wconf 76' lang='lat' dir='ltr'><strong>ubicunque</strong></span> <span class='ocrx_word' id='word_1_402' title='bbox 2139 4256 2229 4294; x_wconf 90' lang='lat' dir='ltr'><strong>vo—</strong></span> 
     </span>
    </p>
   </div>
   <div class='ocr_carea' id='block_1_60' title="bbox 688 4328 2229 4416">
    <p class='ocr_par' dir='ltr' id='par_1_60' title="bbox 688 4328 2229 4416">
     <span class='ocr_line' id='line_1_60' title="bbox 688 4328 2229 4416; baseline -0.019 -7"><span class='ocrx_word' id='word_1_403' title='bbox 688 4354 868 4416; x_wconf 80' lang='lat' dir='ltr'><strong>luerit,</strong></span> <span class='ocrx_word' id='word_1_404' title='bbox 893 4343 1182 4404; x_wconf 83' lang='lat' dir='ltr'><strong>dummodn</strong></span> <span class='ocrx_word' id='word_1_405' title='bbox 1205 4340 1342 4410; x_wconf 88' lang='lat' dir='ltr'><strong>quod</strong></span> <span class='ocrx_word' id='word_1_406' title='bbox 1365 4336 1580 4391; x_wconf 91' lang='lat' dir='ltr'><strong>additur</strong></span> <span class='ocrx_word' id='word_1_407' title='bbox 1607 4334 1675 4387; x_wconf 91' lang='lat' dir='ltr'><strong>sit</strong></span> <span class='ocrx_word' id='word_1_408' title='bbox 1701 4346 1911 4385; x_wconf 83' lang='lat' dir='ltr'><strong>verum.</strong></span> <span class='ocrx_word' id='word_1_409' title='bbox 1932 4329 2061 4383; x_wconf 89' lang='lat' dir='ltr'><strong>Cum</strong></span> <span class='ocrx_word' id='word_1_410' title='bbox 2086 4328 2229 4383; x_wconf 90' lang='lat' dir='ltr'><strong>enim</strong></span> 
     </span>
    </p>
   </div>
   <div class='ocr_carea' id='block_1_61' title="bbox 689 4422 2231 4508">
    <p class='ocr_par' dir='ltr' id='par_1_61' title="bbox 689 4422 2231 4508">
     <span class='ocr_line' id='line_1_61' title="bbox 689 4422 2231 4508; baseline -0.018 -10"><span class='ocrx_word' id='word_1_411' title='bbox 689 4459 870 4500; x_wconf 79' lang='lat' dir='ltr'><strong>verum</strong></span> <span class='ocrx_word' id='word_1_412' title='bbox 924 4437 1052 4508; x_wconf 86' lang='lat' dir='ltr'><strong>quid</strong></span> <span class='ocrx_word' id='word_1_413' title='bbox 1096 4435 1336 4495; x_wconf 82' lang='lat' dir='ltr'><strong>additur,</strong></span> <span class='ocrx_word' id='word_1_414' title='bbox 1390 4443 1495 4482; x_wconf 91' lang='lat' dir='ltr'><strong>non</strong></span> <span class='ocrx_word' id='word_1_415' title='bbox 1548 4427 1739 4479; x_wconf 79' lang='lat' dir='ltr'><strong>factam</strong></span> <span class='ocrx_word' id='word_1_416' title='bbox 1797 4422 2231 4492; x_wconf 82' lang='lat' dir='ltr'><strong>appositionem,</strong></span> 
     </span>
    </p>
   </div>
   <div class='ocr_carea' id='block_1_62' title="bbox 2304 1968 3855 2038">
    <p class='ocr_par' dir='ltr' id='par_1_62' title="bbox 2304 1968 3855 2038">
     <span class='ocr_line' id='line_1_62' title="bbox 2304 1968 3855 2038; baseline 0.001 -18"><span class='ocrx_word' id='word_1_417' title='bbox 2304 1968 2630 2036; x_wconf 79' lang='grc' dir='ltr'>φηνίσαντες</span> <span class='ocrx_word' id='word_1_418' title='bbox 2651 1968 2707 2020; x_wconf 81' lang='grc' dir='ltr'>ὲν</span> <span class='ocrx_word' id='word_1_419' title='bbox 2737 1969 2815 2036; x_wconf 83' lang='grc' dir='ltr'>τῷ</span> <span class='ocrx_word' id='word_1_420' title='bbox 2859 1968 2988 2038; x_wconf 85' lang='grc' dir='ltr'><strong>ἰερῷ</strong></span> <span class='ocrx_word' id='word_1_421' title='bbox 3013 1969 3290 2038; x_wconf 84' lang='grc' dir='ltr'>Συμϐὀλῳ,</span> <span class='ocrx_word' id='word_1_422' title='bbox 3320 1969 3498 2037; x_wconf 80' lang='grc' dir='ltr'>λέγεις</span> <span class='ocrx_word' id='word_1_423' title='bbox 3537 1970 3855 2037; x_wconf 79' lang='grc' dir='ltr'>ἐναλλαγήν,</span> 
     </span>
    </p>
   </div>
   <div class='ocr_carea' id='block_1_63' title="bbox 2301 2059 3852 2132">
    <p class='ocr_par' dir='ltr' id='par_1_63' title="bbox 2301 2059 3852 2132">
     <span class='ocr_line' id='line_1_63' title="bbox 2301 2059 3852 2132; baseline -0.002 -19"><span class='ocrx_word' id='word_1_424' title='bbox 2301 2062 2463 2130; x_wconf 77' lang='grc' dir='ltr'>ἡμεῖς</span> <span class='ocrx_word' id='word_1_425' title='bbox 2499 2060 2634 2128; x_wconf 78' lang='grc' dir='ltr'>μετὰ</span> <span class='ocrx_word' id='word_1_426' title='bbox 2665 2059 2881 2128; x_wconf 78' lang='grc' dir='ltr'>μικρὸν,</span> <span class='ocrx_word' id='word_1_427' title='bbox 2934 2062 3066 2112; x_wconf 85' lang='grc' dir='ltr'>ὅπου</span> <span class='ocrx_word' id='word_1_428' title='bbox 3122 2063 3216 2114; x_wconf 74' lang='grc' dir='ltr'>καὶ</span> <span class='ocrx_word' id='word_1_429' title='bbox 3255 2061 3319 2114; x_wconf 74' lang='grc' dir='ltr'>σὺ</span> <span class='ocrx_word' id='word_1_430' title='bbox 3363 2062 3495 2132; x_wconf 80' lang='grc' dir='ltr'><strong>περί</strong></span> <span class='ocrx_word' id='word_1_431' title='bbox 3542 2059 3646 2130; x_wconf 82' lang='grc' dir='ltr'>τῆς</span> <span class='ocrx_word' id='word_1_432' title='bbox 3698 2061 3852 2128; x_wconf 74' lang='grc' dir='ltr'>δόξης</span> 
     </span>
    </p>
   </div>
   <div class='ocr_carea' id='block_1_64' title="bbox 2304 2151 3859 2222">
    <p class='ocr_par' dir='ltr' id='par_1_64' title="bbox 2304 2151 3859 2222">
     <span class='ocr_line' id='line_1_64' title="bbox 2304 2151 3859 2222; baseline 0.001 -20"><span class='ocrx_word' id='word_1_433' title='bbox 2304 2151 2516 2220; x_wconf 82' lang='grc' dir='ltr'>φήσεις,</span> <span class='ocrx_word' id='word_1_434' title='bbox 2542 2152 2917 2222; x_wconf 83' lang='grc' dir='ltr'>σαφηνίσομεν</span> <span class='ocrx_word' id='word_1_435' title='bbox 2949 2151 3096 2204; x_wconf 81' lang='grc' dir='ltr'>πάνυ</span> <span class='ocrx_word' id='word_1_436' title='bbox 3132 2152 3330 2217; x_wconf 83' lang='grc' dir='ltr'>καλῶς,</span> <span class='ocrx_word' id='word_1_437' title='bbox 3368 2153 3416 2204; x_wconf 87' lang='grc' dir='ltr'><strong>εἰ</strong></span> <span class='ocrx_word' id='word_1_438' title='bbox 3446 2153 3683 2220; x_wconf 81' lang='grc' dir='ltr'>εὐσεϐής</span> <span class='ocrx_word' id='word_1_439' title='bbox 3713 2154 3859 2204; x_wconf 75' lang='grc' dir='ltr'>ἐστιν</span> 
     </span>
    </p>
   </div>
   <div class='ocr_carea' id='block_1_65' title="bbox 2305 2242 3856 2312">
    <p class='ocr_par' dir='ltr' id='par_1_65' title="bbox 2305 2242 3856 2312">
     <span class='ocr_line' id='line_1_65' title="bbox 2305 2242 3856 2312; baseline 0.001 -18"><span class='ocrx_word' id='word_1_440' title='bbox 2305 2244 2338 2312; x_wconf 82' lang='grc' dir='ltr'><strong>ή</strong></span> <span class='ocrx_word' id='word_1_441' title='bbox 2365 2244 2539 2311; x_wconf 81' lang='grc' dir='ltr'>φωνὴ,</span> <span class='ocrx_word' id='word_1_442' title='bbox 2560 2242 2592 2308; x_wconf 80' lang='grc' dir='ltr'>ἢ</span> <span class='ocrx_word' id='word_1_443' title='bbox 2620 2242 2679 2294; x_wconf 79' lang='grc' dir='ltr'>οὕ</span> <span class='ocrx_word' id='word_1_444' title='bbox 2708 2258 2722 2273; x_wconf 82' lang='lat'><strong><em>°</em></strong></span> <span class='ocrx_word' id='word_1_445' title='bbox 2754 2243 2847 2295; x_wconf 78' lang='grc' dir='ltr'>καὶ</span> <span class='ocrx_word' id='word_1_446' title='bbox 2873 2245 2920 2296; x_wconf 90' lang='grc' dir='ltr'><strong>εἰ</strong></span> <span class='ocrx_word' id='word_1_447' title='bbox 2956 2247 3051 2312; x_wconf 77' lang='grc' dir='ltr'>μὲν</span> <span class='ocrx_word' id='word_1_448' title='bbox 3085 2244 3145 2296; x_wconf 83' lang='grc' dir='ltr'><strong>ού</strong></span> <span class='ocrx_word' id='word_1_449' title='bbox 3179 2243 3423 2312; x_wconf 75' lang='grc' dir='ltr'>δείξομεν</span> <span class='ocrx_word' id='word_1_450' title='bbox 3445 2243 3615 2312; x_wconf 75' lang='grc' dir='ltr'>αὐτὴν</span> <span class='ocrx_word' id='word_1_451' title='bbox 3637 2243 3856 2310; x_wconf 72' lang='grc' dir='ltr'>εύσεϐῆ,</span> 
     </span>
    </p>
   </div>
   <div class='ocr_carea' id='block_1_66' title="bbox 2305 2331 3856 2401">
    <p class='ocr_par' dir='ltr' id='par_1_66' title="bbox 2305 2331 3856 2401">
     <span class='ocr_line' id='line_1_66' title="bbox 2305 2331 3856 2401; baseline -0.001 -18"><span class='ocrx_word' id='word_1_452' title='bbox 2305 2332 2365 2384; x_wconf 80' lang='grc' dir='ltr'>εὖ</span> <span class='ocrx_word' id='word_1_453' title='bbox 2408 2349 2489 2383; x_wconf 91' lang='grc' dir='ltr'><strong>σοι</strong></span> <span class='ocrx_word' id='word_1_454' title='bbox 2524 2333 2737 2401; x_wconf 70' lang='grc' dir='ltr'>εἴρηται</span> <span class='ocrx_word' id='word_1_455' title='bbox 2768 2331 2962 2396; x_wconf 82' lang='grc' dir='ltr'>ταῦτα,</span> <span class='ocrx_word' id='word_1_456' title='bbox 3019 2336 3116 2386; x_wconf 78' lang='grc' dir='ltr'>καὶ</span> <span class='ocrx_word' id='word_1_457' title='bbox 3160 2335 3258 2395; x_wconf 81' lang='grc' dir='ltr'>τὰς</span> <span class='ocrx_word' id='word_1_458' title='bbox 3293 2333 3433 2401; x_wconf 77' lang='grc' dir='ltr'>ἀρὰς</span> <span class='ocrx_word' id='word_1_459' title='bbox 3483 2332 3562 2384; x_wconf 83' lang='grc' dir='ltr'><strong>δεί</strong></span> <span class='ocrx_word' id='word_1_460' title='bbox 3592 2333 3856 2394; x_wconf 78' lang='grc' dir='ltr'>Λατίνους</span> 
     </span>
    </p>
   </div>
   <div class='ocr_carea' id='block_1_67' title="bbox 2308 2423 3859 2493">
    <p class='ocr_par' dir='ltr' id='par_1_67' title="bbox 2308 2423 3859 2493">
     <span class='ocr_line' id='line_1_67' title="bbox 2308 2423 3859 2493; baseline 0.001 -18"><span class='ocrx_word' id='word_1_461' title='bbox 2308 2423 2451 2493; x_wconf 77' lang='grc' dir='ltr'>ἔχειν</span> <span class='ocrx_word' id='word_1_462' title='bbox 2478 2426 2603 2484; x_wconf 78' lang='grc' dir='ltr'>τοὺς</span> <span class='ocrx_word' id='word_1_463' title='bbox 2638 2429 2697 2476; x_wconf 83' lang='grc' dir='ltr'>τὸ</span> <span class='ocrx_word' id='word_1_464' title='bbox 2727 2424 3004 2493; x_wconf 82' lang='grc' dir='ltr'>Σύμϐολον</span> <span class='ocrx_word' id='word_1_465' title='bbox 3036 2424 3428 2489; x_wconf 68' lang='grc' dir='ltr'>ἐναλλάξαντας</span> <span class='ocrx_word' id='word_1_466' title='bbox 3454 2441 3467 2454; x_wconf 73' lang='grc' dir='ltr'><strong>ο</strong></span> <span class='ocrx_word' id='word_1_467' title='bbox 3509 2425 3556 2476; x_wconf 87' lang='grc' dir='ltr'><strong>εἰ</strong></span> <span class='ocrx_word' id='word_1_468' title='bbox 3583 2424 3627 2476; x_wconf 79' lang='grc' dir='ltr'>δ’</span> <span class='ocrx_word' id='word_1_469' title='bbox 3662 2424 3859 2492; x_wconf 76' lang='grc' dir='ltr'>εὐσεϐῆ</span> 
     </span>
    </p>
   </div>
   <div class='ocr_carea' id='block_1_68' title="bbox 2308 2516 3862 2586">
    <p class='ocr_par' dir='ltr' id='par_1_68' title="bbox 2308 2516 3862 2586">
     <span class='ocr_line' id='line_1_68' title="bbox 2308 2516 3862 2586; baseline 0.001 -19"><span class='ocrx_word' id='word_1_470' title='bbox 2308 2517 2510 2583; x_wconf 82' lang='grc' dir='ltr'>ταύτην</span> <span class='ocrx_word' id='word_1_471' title='bbox 2549 2517 3010 2586; x_wconf 81' lang='grc' dir='ltr'>διατρανὼσομεν,</span> <span class='ocrx_word' id='word_1_472' title='bbox 3052 2517 3170 2568; x_wconf 85' lang='grc' dir='ltr'>τότε</span> <span class='ocrx_word' id='word_1_473' title='bbox 3201 2516 3327 2575; x_wconf 78' lang='grc' dir='ltr'>τοὺς</span> <span class='ocrx_word' id='word_1_474' title='bbox 3353 2516 3616 2578; x_wconf 79' lang='grc' dir='ltr'>Λατίνους</span> <span class='ocrx_word' id='word_1_475' title='bbox 3652 2516 3862 2576; x_wconf 84' lang='grc' dir='ltr'>ἁθώους</span> 
     </span>
    </p>
   </div>
   <div class='ocr_carea' id='block_1_69' title="bbox 2314 2606 3865 2676">
    <p class='ocr_par' dir='ltr' id='par_1_69' title="bbox 2314 2606 3865 2676">
     <span class='ocr_line' id='line_1_69' title="bbox 2314 2606 3865 2676; baseline 0.001 -17"><span class='ocrx_word' id='word_1_476' title='bbox 2314 2607 2412 2674; x_wconf 81' lang='grc' dir='ltr'>μὲν</span> <span class='ocrx_word' id='word_1_477' title='bbox 2444 2608 2566 2660; x_wconf 83' lang='grc' dir='ltr'>τῶν·</span> <span class='ocrx_word' id='word_1_478' title='bbox 2605 2608 2752 2676; x_wconf 81' lang='grc' dir='ltr'>ἀρῶν</span> <span class='ocrx_word' id='word_1_479' title='bbox 2805 2608 2898 2661; x_wconf 77' lang='grc' dir='ltr'>καὶ</span> <span class='ocrx_word' id='word_1_480' title='bbox 2957 2609 3049 2660; x_wconf 79' lang='grc' dir='ltr'><strong>τοῦ</strong></span> <span class='ocrx_word' id='word_1_481' title='bbox 3103 2607 3442 2676; x_wconf 84' lang='grc' dir='ltr'>ἁναΘέματυς</span> <span class='ocrx_word' id='word_1_482' title='bbox 3499 2606 3558 2670; x_wconf 77' lang='grc' dir='ltr'>ἐξ</span> <span class='ocrx_word' id='word_1_483' title='bbox 3618 2607 3865 2674; x_wconf 79' lang='grc' dir='ltr'><strong>ἀνάγκης</strong></span> 
     </span>
    </p>
   </div>
   <div class='ocr_carea' id='block_1_70' title="bbox 2309 2696 3866 2768">
    <p class='ocr_par' dir='ltr' id='par_1_70' title="bbox 2309 2696 3866 2768">
     <span class='ocr_line' id='line_1_70' title="bbox 2309 2696 3866 2768; baseline 0.001 -19"><span class='ocrx_word' id='word_1_484' title='bbox 2309 2696 2578 2764; x_wconf 80' lang='grc' dir='ltr'>δείξομεν,</span> <span class='ocrx_word' id='word_1_485' title='bbox 2615 2698 2746 2765; x_wconf 73' lang='grc' dir='ltr'>πρὸς</span> <span class='ocrx_word' id='word_1_486' title='bbox 2768 2699 2824 2750; x_wconf 83' lang='grc' dir='ltr'>δέ</span> <span class='ocrx_word' id='word_1_487' title='bbox 2860 2715 2916 2749; x_wconf 81' lang='grc' dir='ltr'><strong>σε</strong></span> <span class='ocrx_word' id='word_1_488' title='bbox 2949 2700 3041 2750; x_wconf 80' lang='grc' dir='ltr'>καὶ</span> <span class='ocrx_word' id='word_1_489' title='bbox 3075 2700 3171 2767; x_wconf 76' lang='grc' dir='ltr'>τὴν</span> <span class='ocrx_word' id='word_1_490' title='bbox 3206 2698 3302 2766; x_wconf 68' lang='grc' dir='ltr'>σὴν</span> <span class='ocrx_word' id='word_1_491' title='bbox 3322 2697 3566 2768; x_wconf 79' lang='grc' dir='ltr'>κεφαλὴν</span> <span class='ocrx_word' id='word_1_492' title='bbox 3596 2699 3692 2759; x_wconf 82' lang='grc' dir='ltr'>τὰς</span> <span class='ocrx_word' id='word_1_493' title='bbox 3725 2700 3866 2768; x_wconf 77' lang='grc' dir='ltr'>ἀρὰς</span> 
     </span>
    </p>
   </div>
   <div class='ocr_carea' id='block_1_71' title="bbox 2311 2786 3867 2857">
    <p class='ocr_par' dir='ltr' id='par_1_71' title="bbox 2311 2786 3867 2857">
     <span class='ocr_line' id='line_1_71' title="bbox 2311 2786 3867 2857; baseline 0 -20"><span class='ocrx_word' id='word_1_494' title='bbox 2311 2787 2407 2837; x_wconf 72' lang='grc' dir='ltr'>καὶ</span> <span class='ocrx_word' id='word_1_495' title='bbox 2449 2786 2518 2839; x_wconf 82' lang='grc' dir='ltr'><strong>τὰ</strong></span> <span class='ocrx_word' id='word_1_496' title='bbox 2549 2787 2869 2855; x_wconf 78' lang='grc' dir='ltr'>ἀναθέματα</span> <span class='ocrx_word' id='word_1_497' title='bbox 2912 2789 3089 2842; x_wconf 68' lang='grc' dir='ltr'>πάντα</span> <span class='ocrx_word' id='word_1_498' title='bbox 3149 2789 3554 2857; x_wconf 72' lang='grc' dir='ltr'>ἐπιστραφέντα</span> <span class='ocrx_word' id='word_1_499' title='bbox 3586 2790 3700 2850; x_wconf 85' lang='grc' dir='ltr'>τοῖς</span> <span class='ocrx_word' id='word_1_500' title='bbox 3745 2787 3867 2855; x_wconf 72' lang='grc' dir='ltr'>ιχι-</span> 
     </span>
    </p>
   </div>
   <div class='ocr_carea' id='block_1_72' title="bbox 2314 2879 3870 2949">
    <p class='ocr_par' dir='ltr' id='par_1_72' title="bbox 2314 2879 3870 2949">
     <span class='ocr_line' id='line_1_72' title="bbox 2314 2879 3870 2949; baseline -0.001 -19"><span class='ocrx_word' id='word_1_501' title='bbox 2314 2895 2505 2948; x_wconf 86' lang='grc' dir='ltr'>φροσιν</span> <span class='ocrx_word' id='word_1_502' title='bbox 2541 2879 2904 2949; x_wconf 76' lang='grc' dir='ltr'>ἐπιδείξομεν.</span> <span class='ocrx_word' id='word_1_503' title='bbox 2942 2880 3058 2933; x_wconf 82' lang='grc' dir='ltr'><strong>Νῦν</strong></span> <span class='ocrx_word' id='word_1_504' title='bbox 3090 2880 3144 2933; x_wconf 78' lang='grc' dir='ltr'>δὲ</span> <span class='ocrx_word' id='word_1_505' title='bbox 3169 2879 3632 2948; x_wconf 86' lang='grc' dir='ltr'>κατοπτεύαωμεν</span> <span class='ocrx_word' id='word_1_506' title='bbox 3673 2894 3870 2947; x_wconf 76' lang='grc' dir='ltr'>περαι-</span> 
     </span>
    </p>
   </div>
   <div class='ocr_carea' id='block_1_73' title="bbox 2315 2972 2474 3038">
    <p class='ocr_par' dir='ltr' id='par_1_73' title="bbox 2315 2972 2474 3038">
     <span class='ocr_line' id='line_1_73' title="bbox 2315 2972 2474 3038; baseline -0.006 -17"><span class='ocrx_word' id='word_1_507' title='bbox 2315 2972 2474 3038; x_wconf 80' lang='grc' dir='ltr'>τέρω.</span> 
     </span>
    </p>
   </div>
   <div class='ocr_carea' id='block_1_74' title="bbox 2990 3062 3179 3116">
    <p class='ocr_par' dir='ltr' id='par_1_74' title="bbox 2990 3062 3179 3116">
     <span class='ocr_line' id='line_1_74' title="bbox 2990 3062 3179 3116; baseline -0.016 0"><span class='ocrx_word' id='word_1_508' title='bbox 2990 3062 3179 3116; x_wconf 81' lang='grc' dir='ltr'><strong>ΕΦΕΣ.</strong></span> 
     </span>
    </p>
   </div>
   <div class='ocr_carea' id='block_1_75' title="bbox 2401 3150 3863 3221">
    <p class='ocr_par' dir='ltr' id='par_1_75' title="bbox 2401 3150 3863 3221">
     <span class='ocr_line' id='line_1_75' title="bbox 2401 3150 3863 3221; baseline -0.003 -18"><span class='ocrx_word' id='word_1_509' title='bbox 2401 3153 2521 3204; x_wconf 78' lang='grc' dir='ltr'>Ἐπὶ</span> <span class='ocrx_word' id='word_1_510' title='bbox 2548 3151 2755 3214; x_wconf 87' lang='grc' dir='ltr'>τούτοις</span> <span class='ocrx_word' id='word_1_511' title='bbox 2781 3152 2874 3205; x_wconf 68' lang='grc' dir='ltr'>καὶ</span> <span class='ocrx_word' id='word_1_512' title='bbox 2922 3151 3010 3204; x_wconf 71' lang='grc' dir='ltr'><strong>διὰ</strong></span> <span class='ocrx_word' id='word_1_513' title='bbox 3045 3150 3418 3219; x_wconf 67' lang='grc' dir='ltr'>συλλογισμῶν</span> <span class='ocrx_word' id='word_1_514' title='bbox 3445 3151 3863 3221; x_wconf 73' lang='grc' dir='ltr'>ἀναντιῤῥήτων</span> 
     </span>
    </p>
   </div>
   <div class='ocr_carea' id='block_1_76' title="bbox 2324 3240 3874 3311">
    <p class='ocr_par' dir='ltr' id='par_1_76' title="bbox 2324 3240 3874 3311">
     <span class='ocr_line' id='line_1_76' title="bbox 2324 3240 3874 3311; baseline -0.003 -16"><span class='ocrx_word' id='word_1_515' title='bbox 2324 3243 2642 3311; x_wconf 58' lang='grc' dir='ltr'>παρέστηκα</span> <span class='ocrx_word' id='word_1_516' title='bbox 2673 3242 2772 3309; x_wconf 79' lang='grc' dir='ltr'>τὴν</span> <span class='ocrx_word' id='word_1_517' title='bbox 2816 3241 2924 3294; x_wconf 85' lang='grc' dir='ltr'><strong>τῶν</strong></span> <span class='ocrx_word' id='word_1_518' title='bbox 2973 3241 3120 3308; x_wconf 86' lang='grc' dir='ltr'>ὲμῶν</span> <span class='ocrx_word' id='word_1_519' title='bbox 3154 3242 3326 3308; x_wconf 81' lang='grc' dir='ltr'>λόγων</span> <span class='ocrx_word' id='word_1_520' title='bbox 3364 3240 3631 3310; x_wconf 80' lang='grc' dir='ltr'>ἀνάγκην,</span> <span class='ocrx_word' id='word_1_521' title='bbox 3676 3241 3766 3295; x_wconf 77' lang='grc' dir='ltr'>καὶ</span> <span class='ocrx_word' id='word_1_522' title='bbox 3796 3243 3874 3301; x_wconf 76' lang='grc' dir='ltr'>ὡς</span> 
     </span>
    </p>
   </div>
   <div class='ocr_carea' id='block_1_77' title="bbox 2323 3334 3876 3404">
    <p class='ocr_par' dir='ltr' id='par_1_77' title="bbox 2323 3334 3876 3404">
     <span class='ocr_line' id='line_1_77' title="bbox 2323 3334 3876 3404; baseline -0.003 -15"><span class='ocrx_word' id='word_1_523' title='bbox 2323 3335 2582 3389; x_wconf 81' lang='grc' dir='ltr'>ἀδύνατον</span> <span class='ocrx_word' id='word_1_524' title='bbox 2610 3335 2784 3397; x_wconf 70' lang='grc' dir='ltr'>ἄλλως</span> <span class='ocrx_word' id='word_1_525' title='bbox 2829 3334 3164 3404; x_wconf 78' lang='grc' dir='ltr'>ὲκληφθῆναι</span> <span class='ocrx_word' id='word_1_526' title='bbox 3212 3336 3334 3396; x_wconf 83' lang='grc' dir='ltr'>τοὺς</span> <span class='ocrx_word' id='word_1_527' title='bbox 3372 3335 3553 3404; x_wconf 80' lang='grc' dir='ltr'>ὅρους,</span> <span class='ocrx_word' id='word_1_528' title='bbox 3584 3334 3618 3403; x_wconf 83' lang='grc' dir='ltr'><strong>ἦ</strong></span> <span class='ocrx_word' id='word_1_529' title='bbox 3659 3335 3736 3397; x_wconf 79' lang='grc' dir='ltr'><strong>ὡς</strong></span> <span class='ocrx_word' id='word_1_530' title='bbox 3765 3334 3876 3400; x_wconf 69' lang='grc' dir='ltr'><strong>εγὼ</strong></span> 
     </span>
    </p>
   </div>
   <div class='ocr_carea' id='block_1_78' title="bbox 2323 3424 3450 3496">
    <p class='ocr_par' dir='ltr' id='par_1_78' title="bbox 2323 3424 3450 3496">
     <span class='ocr_line' id='line_1_78' title="bbox 2323 3424 3450 3496; baseline -0.001 -17"><span class='ocrx_word' id='word_1_531' title='bbox 2323 3425 2542 3488; x_wconf 77' lang='grc' dir='ltr'>τούτους</span> <span class='ocrx_word' id='word_1_532' title='bbox 2564 3425 2869 3496; x_wconf 79' lang='grc' dir='ltr'>ὲξηγούμην</span> <span class='ocrx_word' id='word_1_533' title='bbox 2899 3442 2958 3477; x_wconf 88' lang='grc' dir='ltr'><strong>τε</strong></span> <span class='ocrx_word' id='word_1_534' title='bbox 2997 3427 3090 3478; x_wconf 69' lang='grc' dir='ltr'><strong>καὶ</strong></span> <span class='ocrx_word' id='word_1_535' title='bbox 3125 3424 3450 3493; x_wconf 78' lang='grc' dir='ltr'>ἐλάμϐανον.</span> 
     </span>
    </p>
   </div>
   <div class='ocr_carea' id='block_1_79' title="bbox 3000 3517 3208 3570">
    <p class='ocr_par' dir='ltr' id='par_1_79' title="bbox 3000 3517 3208 3570">
     <span class='ocr_line' id='line_1_79' title="bbox 3000 3517 3208 3570; baseline -0.005 -1"><span class='ocrx_word' id='word_1_536' title='bbox 3000 3517 3208 3570; x_wconf 79' lang='grc' dir='ltr'><strong>ΑΠΟΛ.</strong></span> 
     </span>
    </p>
   </div>
   <div class='ocr_carea' id='block_1_80' title="bbox 2396 3605 3877 3674">
    <p class='ocr_par' dir='ltr' id='par_1_80' title="bbox 2396 3605 3877 3674">
     <span class='ocr_line' id='line_1_80' title="bbox 2396 3605 3877 3674; baseline -0.005 -11"><span class='ocrx_word' id='word_1_537' title='bbox 2396 3612 2698 3663; x_wconf 73' lang='grc' dir='ltr'>Φάσκονται</span> <span class='ocrx_word' id='word_1_538' title='bbox 2731 3609 2778 3660; x_wconf 85' lang='lat' dir='ltr'><strong>oi</strong></span> <span class='ocrx_word' id='word_1_539' title='bbox 2804 3605 3149 3673; x_wconf 81' lang='grc' dir='ltr'>συλλογισμοί</span> <span class='ocrx_word' id='word_1_540' title='bbox 3184 3621 3276 3656; x_wconf 87' lang='grc' dir='ltr'><strong>σου</strong></span> <span class='ocrx_word' id='word_1_541' title='bbox 3302 3605 3393 3656; x_wconf 83' lang='grc' dir='ltr'><strong>καί</strong></span> <span class='ocrx_word' id='word_1_542' title='bbox 3417 3606 3450 3674; x_wconf 78' lang='grc' dir='ltr'><strong>ἠ</strong></span> <span class='ocrx_word' id='word_1_543' title='bbox 3474 3606 3655 3658; x_wconf 85' lang='grc' dir='ltr'>αὐτῶν</span> <span class='ocrx_word' id='word_1_544' title='bbox 3679 3607 3738 3657; x_wconf 75' lang='grc' dir='ltr'>ἑν</span> <span class='ocrx_word' id='word_1_545' title='bbox 3764 3609 3877 3665; x_wconf 78' lang='grc' dir='ltr'>τοῖς</span> 
     </span>
    </p>
   </div>
   <div class='ocr_carea' id='block_1_81' title="bbox 2329 3695 3883 3769">
    <p class='ocr_par' dir='ltr' id='par_1_81' title="bbox 2329 3695 3883 3769">
     <span class='ocr_line' id='line_1_81' title="bbox 2329 3695 3883 3769; baseline -0.004 -16"><span class='ocrx_word' id='word_1_546' title='bbox 2329 3701 2740 3769; x_wconf 83' lang='grc' dir='ltr'>ιΙραγματικοῖς</span> <span class='ocrx_word' id='word_1_547' title='bbox 2763 3696 3023 3764; x_wconf 84' lang='grc' dir='ltr'>δύναμις·</span> <span class='ocrx_word' id='word_1_548' title='bbox 3062 3695 3267 3757; x_wconf 80' lang='grc' dir='ltr'>πάντας</span> <span class='ocrx_word' id='word_1_549' title='bbox 3301 3695 3407 3762; x_wconf 79' lang='grc' dir='ltr'><strong>γάρ</strong></span> <span class='ocrx_word' id='word_1_550' title='bbox 3446 3711 3528 3747; x_wconf 89' lang='grc' dir='ltr'><strong>σοι</strong></span> <span class='ocrx_word' id='word_1_551' title='bbox 3557 3697 3639 3748; x_wconf 71' lang='grc' dir='ltr'><strong>ἑνὶ</strong></span> <span class='ocrx_word' id='word_1_552' title='bbox 3686 3695 3831 3765; x_wconf 80' lang='grc' dir='ltr'>λόγῳ</span> <span class='ocrx_word' id='word_1_553' title='bbox 3857 3700 3883 3747; x_wconf 82' lang='grc' dir='ltr'>ὁ</span> 
     </span>
    </p>
   </div>
   <div class='ocr_carea' id='block_1_82' title="bbox 2327 3787 3884 3863">
    <p class='ocr_par' dir='ltr' id='par_1_82' title="bbox 2327 3787 3884 3863">
     <span class='ocr_line' id='line_1_82' title="bbox 2327 3787 3884 3863; baseline -0.004 -17"><span class='ocrx_word' id='word_1_554' title='bbox 2327 3794 2426 3863; x_wconf 81' lang='grc' dir='ltr'>τῆς</span> <span class='ocrx_word' id='word_1_555' title='bbox 2443 3790 2850 3860; x_wconf 35' lang='grc' dir='ltr'>ἁγίαςιΣαϐίνης</span> <span class='ocrx_word' id='word_1_556' title='bbox 2873 3807 2942 3841; x_wconf 89' lang='grc' dir='ltr'><strong>κα</strong></span> <span class='ocrx_word' id='word_1_557' title='bbox 2952 3787 3186 3858; x_wconf 85' lang='grc' dir='ltr'>ρδινὰλις</span> <span class='ocrx_word' id='word_1_558' title='bbox 3221 3787 3500 3850; x_wconf 72' lang='grc' dir='ltr'>Ἰουλιανὸς</span> <span class='ocrx_word' id='word_1_559' title='bbox 3519 3791 3548 3841; x_wconf 80' lang='grc' dir='ltr'>ὁ</span> <span class='ocrx_word' id='word_1_560' title='bbox 3569 3787 3884 3856; x_wconf 85' lang='grc' dir='ltr'>σοφώτατός</span> 
     </span>
    </p>
   </div>
   <div class='ocr_carea' id='block_1_83' title="bbox 2328 3879 3885 3952">
    <p class='ocr_par' dir='ltr' id='par_1_83' title="bbox 2328 3879 3885 3952">
     <span class='ocr_line' id='line_1_83' title="bbox 2328 3879 3885 3952; baseline -0.007 -13"><span class='ocrx_word' id='word_1_561' title='bbox 2328 3903 2386 3939; x_wconf 80' lang='grc' dir='ltr'><strong>τε</strong></span> <span class='ocrx_word' id='word_1_562' title='bbox 2438 3886 2532 3939; x_wconf 81' lang='grc' dir='ltr'>καὶ</span> <span class='ocrx_word' id='word_1_563' title='bbox 2567 3883 2870 3952; x_wconf 78' lang='grc' dir='ltr'>ἀγιὼτατος</span> <span class='ocrx_word' id='word_1_564' title='bbox 2921 3882 2994 3943; x_wconf 84' lang='grc' dir='ltr'>ὡς</span> <span class='ocrx_word' id='word_1_565' title='bbox 3050 3879 3194 3932; x_wconf 78' lang='grc' dir='ltr'>ἰστὸν</span> <span class='ocrx_word' id='word_1_566' title='bbox 3226 3881 3468 3949; x_wconf 79' lang='grc' dir='ltr'>ἀράχνης</span> <span class='ocrx_word' id='word_1_567' title='bbox 3496 3880 3733 3938; x_wconf 78' lang='grc' dir='ltr'>διέλυσε.</span> <span class='ocrx_word' id='word_1_568' title='bbox 3789 3883 3885 3939; x_wconf 72' lang='grc' dir='ltr'>καὶ</span> 
     </span>
    </p>
   </div>
   <div class='ocr_carea' id='block_1_84' title="bbox 2328 3969 3885 4043">
    <p class='ocr_par' dir='ltr' id='par_1_84' title="bbox 2328 3969 3885 4043">
     <span class='ocr_line' id='line_1_84' title="bbox 2328 3969 3885 4043; baseline -0.004 -16"><span class='ocrx_word' id='word_1_569' title='bbox 2328 3975 2708 4043; x_wconf 85' lang='grc' dir='ltr'>λαμπρότερον</span> <span class='ocrx_word' id='word_1_570' title='bbox 2751 3972 2858 4022; x_wconf 90' lang='grc' dir='ltr'><strong>τῶν</strong></span> <span class='ocrx_word' id='word_1_571' title='bbox 2883 3969 3134 4040; x_wconf 64' lang='grc' dir='ltr'>ήλιακῶσ</span> <span class='ocrx_word' id='word_1_572' title='bbox 3179 3971 3413 4021; x_wconf 76' lang='grc' dir='ltr'>ἀκτίνων</span> <span class='ocrx_word' id='word_1_573' title='bbox 3462 3970 3766 4035; x_wconf 82' lang='grc' dir='ltr'>ἀπέδειξεν,</span> <span class='ocrx_word' id='word_1_574' title='bbox 3809 3970 3885 4029; x_wconf 81' lang='grc' dir='ltr'><strong>ὡς</strong></span> 
     </span>
    </p>
   </div>
   <div class='ocr_carea' id='block_1_85' title="bbox 2331 4057 3885 4130">
    <p class='ocr_par' dir='ltr' id='par_1_85' title="bbox 2331 4057 3885 4130">
     <span class='ocr_line' id='line_1_85' title="bbox 2331 4057 3885 4130; baseline -0.007 -12"><span class='ocrx_word' id='word_1_575' title='bbox 2331 4067 2428 4119; x_wconf 78' lang='grc' dir='ltr'>οὐκ</span> <span class='ocrx_word' id='word_1_576' title='bbox 2461 4067 2577 4116; x_wconf 73' lang='grc' dir='ltr'>ἐστι</span> <span class='ocrx_word' id='word_1_577' title='bbox 2601 4061 2880 4130; x_wconf 79' lang='grc' dir='ltr'>προσθήκη</span> <span class='ocrx_word' id='word_1_578' title='bbox 2929 4062 2984 4129; x_wconf 80' lang='grc' dir='ltr'>ἡ,</span> <span class='ocrx_word' id='word_1_579' title='bbox 3023 4060 3089 4112; x_wconf 79' lang='grc' dir='ltr'>ἐκ</span> <span class='ocrx_word' id='word_1_580' title='bbox 3113 4059 3222 4112; x_wconf 86' lang='grc' dir='ltr'>τοῦ</span> <span class='ocrx_word' id='word_1_581' title='bbox 3258 4057 3414 4120; x_wconf 86' lang='grc' dir='ltr'>Υἰοῦ,</span> <span class='ocrx_word' id='word_1_582' title='bbox 3452 4059 3625 4126; x_wconf 80' lang='grc' dir='ltr'>φωνὴ,</span> <span class='ocrx_word' id='word_1_583' title='bbox 3655 4060 3686 4125; x_wconf 86' lang='grc' dir='ltr'><strong>ή</strong></span> <span class='ocrx_word' id='word_1_584' title='bbox 3718 4060 3776 4108; x_wconf 81' lang='grc' dir='ltr'>ὲν</span> <span class='ocrx_word' id='word_1_585' title='bbox 3807 4058 3885 4125; x_wconf 78' lang='grc' dir='ltr'>τῷ</span> 
     </span>
    </p>
   </div>
   <div class='ocr_carea' id='block_1_86' title="bbox 2337 4147 3885 4226">
    <p class='ocr_par' dir='ltr' id='par_1_86' title="bbox 2337 4147 3885 4226">
     <span class='ocr_line' id='line_1_86' title="bbox 2337 4147 3885 4226; baseline -0.008 -17"><span class='ocrx_word' id='word_1_586' title='bbox 2337 4155 2466 4226; x_wconf 85' lang='grc' dir='ltr'>ἰερῷ</span> <span class='ocrx_word' id='word_1_587' title='bbox 2500 4153 2758 4222; x_wconf 85' lang='grc' dir='ltr'>Συμϐὁλῳ</span> <span class='ocrx_word' id='word_1_588' title='bbox 2792 4151 3024 4211; x_wconf 81' lang='grc' dir='ltr'>τεθεῖσα,</span> <span class='ocrx_word' id='word_1_589' title='bbox 3073 4150 3185 4202; x_wconf 81' lang='grc' dir='ltr'>ἀλλ’</span> <span class='ocrx_word' id='word_1_590' title='bbox 3236 4147 3530 4210; x_wconf 75' lang='grc' dir='ltr'>ἀνάπτυξις</span> <span class='ocrx_word' id='word_1_591' title='bbox 3579 4150 3676 4198; x_wconf 75' lang='grc' dir='ltr'>καὶ</span> <span class='ocrx_word' id='word_1_592' title='bbox 3713 4151 3885 4214; x_wconf 77' lang='grc' dir='ltr'>σαφή-</span> 
     </span>
    </p>
   </div>
   <div class='ocr_carea' id='block_1_87' title="bbox 2334 4237 3887 4309">
    <p class='ocr_par' dir='ltr' id='par_1_87' title="bbox 2334 4237 3887 4309">
     <span class='ocr_line' id='line_1_87' title="bbox 2334 4237 3887 4309; baseline -0.009 -10"><span class='ocrx_word' id='word_1_593' title='bbox 2334 4261 2482 4299; x_wconf 76' lang='grc' dir='ltr'>νειαο</span> <span class='ocrx_word' id='word_1_594' title='bbox 2513 4246 2607 4297; x_wconf 71' lang='grc' dir='ltr'>καὶ</span> <span class='ocrx_word' id='word_1_595' title='bbox 2634 4244 2810 4305; x_wconf 76' lang='grc' dir='ltr'>ἔξεστι</span> <span class='ocrx_word' id='word_1_596' title='bbox 2845 4244 2909 4309; x_wconf 75' lang='grc' dir='ltr'>τῇ</span> <span class='ocrx_word' id='word_1_597' title='bbox 2975 4239 3272 4308; x_wconf 72' lang='grc' dir='ltr'>Ἐκκλησία</span> <span class='ocrx_word' id='word_1_598' title='bbox 3319 4237 3582 4306; x_wconf 80' lang='grc' dir='ltr'>διηνεκῶς</span> <span class='ocrx_word' id='word_1_599' title='bbox 3629 4238 3732 4305; x_wconf 81' lang='grc' dir='ltr'>τὴν</span> <span class='ocrx_word' id='word_1_600' title='bbox 3762 4241 3887 4306; x_wconf 74' lang='grc' dir='ltr'>ἀλή-</span> 
     </span>
    </p>
   </div>
   <div class='ocr_carea' id='block_1_88' title="bbox 2337 4327 3883 4400">
    <p class='ocr_par' dir='ltr' id='par_1_88' title="bbox 2337 4327 3883 4400">
     <span class='ocr_line' id='line_1_88' title="bbox 2337 4327 3883 4400; baseline -0.005 -14"><span class='ocrx_word' id='word_1_601' title='bbox 2337 4335 2485 4386; x_wconf 85' lang='grc' dir='ltr'>Θειαν</span> <span class='ocrx_word' id='word_1_602' title='bbox 2513 4331 2849 4400; x_wconf 71' lang='grc' dir='ltr'>ἐξηγεῖσθαι,</span> <span class='ocrx_word' id='word_1_603' title='bbox 2880 4330 2973 4381; x_wconf 76' lang='grc' dir='ltr'>καὶ</span> <span class='ocrx_word' id='word_1_604' title='bbox 3003 4329 3317 4398; x_wconf 76' lang='grc' dir='ltr'>προσθεῖναι</span> <span class='ocrx_word' id='word_1_605' title='bbox 3351 4327 3484 4380; x_wconf 82' lang='grc' dir='ltr'>ὅπου</span> <span class='ocrx_word' id='word_1_606' title='bbox 3519 4328 3587 4381; x_wconf 72' lang='grc' dir='ltr'>ἂν</span> <span class='ocrx_word' id='word_1_607' title='bbox 3621 4327 3883 4395; x_wconf 84' lang='grc' dir='ltr'>βούλοιτο,</span> 
     </span>
    </p>
   </div>
   <div class='ocr_carea' id='block_1_89' title="bbox 2338 4418 3888 4494">
    <p class='ocr_par' dir='ltr' id='par_1_89' title="bbox 2338 4418 3888 4494">
     <span class='ocr_line' id='line_1_89' title="bbox 2338 4418 3888 4494; baseline -0.014 -16"><span class='ocrx_word' id='word_1_608' title='bbox 2338 4429 2386 4478; x_wconf 87' lang='grc' dir='ltr'><strong>εἰ</strong></span> <span class='ocrx_word' id='word_1_609' title='bbox 2428 4427 2584 4494; x_wconf 85' lang='grc' dir='ltr'>μόνον</span> <span class='ocrx_word' id='word_1_610' title='bbox 2614 4424 2672 4475; x_wconf 82' lang='grc' dir='ltr'>τὸ</span> <span class='ocrx_word' id='word_1_611' title='bbox 2710 4419 3006 4490; x_wconf 72' lang='grc' dir='ltr'>προστεθιν</span> <span class='ocrx_word' id='word_1_612' title='bbox 3034 4419 3231 4487; x_wconf 82' lang='grc' dir='ltr'>ἀληθὲς</span> <span class='ocrx_word' id='word_1_613' title='bbox 3277 4418 3360 4488; x_wconf 83' lang='grc' dir='ltr'><strong>εἰη</strong></span> <span class='ocrx_word' id='word_1_614' title='bbox 3386 4435 3401 4449; x_wconf 69' lang='grc'><strong><em>⁸</em></strong></span> <span class='ocrx_word' id='word_1_615' title='bbox 3437 4420 3567 4471; x_wconf 82' lang='grc' dir='ltr'>ὅταν</span> <span class='ocrx_word' id='word_1_616' title='bbox 3617 4420 3728 4488; x_wconf 82' lang='grc' dir='ltr'><strong>γὰρ</strong></span> <span class='ocrx_word' id='word_1_617' title='bbox 3765 4419 3888 4488; x_wconf 78' lang='grc' dir='ltr'><strong>ἀλη-</strong></span> 
     </span>
    </p>
   </div>
   <div class='ocr_carea' id='block_1_90' title="bbox 690 4510 2213 4600">
    <p class='ocr_par' dir='ltr' id='par_1_90' title="bbox 690 4513 2213 4600">
     <span class='ocr_line' id='line_1_90' title="bbox 690 4513 2213 4600; baseline -0.019 -9"><span class='ocrx_word' id='word_1_618' title='bbox 690 4538 782 4591; x_wconf 87' lang='lat' dir='ltr'><strong>sed</strong></span> <span class='ocrx_word' id='word_1_619' title='bbox 814 4530 1198 4600; x_wconf 86' lang='lat' dir='ltr'><strong>expositionem</strong></span> <span class='ocrx_word' id='word_1_620' title='bbox 1228 4533 1406 4578; x_wconf 82' lang='lat' dir='ltr'><strong>textus</strong></span> <span class='ocrx_word' id='word_1_621' title='bbox 1437 4530 1492 4572; x_wconf 92' lang='lat' dir='ltr'><strong>et</strong></span> <span class='ocrx_word' id='word_1_622' title='bbox 1517 4516 1934 4573; x_wconf 84' lang='lat' dir='ltr'><strong>declarationem</strong></span> <span class='ocrx_word' id='word_1_623' title='bbox 1992 4513 2213 4566; x_wconf 73' lang='lat' dir='ltr'><strong>fatentui</strong></span> 
     </span>
    </p>
   </div>
   <div class='ocr_carea' id='block_1_91' title="bbox 2317 4510 3887 4600">
    <p class='ocr_par' dir='ltr' id='par_1_91' title="bbox 2341 4510 3887 4583">
     <span class='ocr_line' id='line_1_91' title="bbox 2341 4510 3887 4583; baseline -0.006 -12"><span class='ocrx_word' id='word_1_624' title='bbox 2341 4517 2430 4578; x_wconf 81' lang='grc' dir='ltr'>θὲς</span> <span class='ocrx_word' id='word_1_625' title='bbox 2465 4518 2527 4569; x_wconf 79' lang='grc' dir='ltr'>τὸ</span> <span class='ocrx_word' id='word_1_626' title='bbox 2559 4513 2856 4583; x_wconf 68' lang='grc' dir='ltr'>προστεθὶν</span> <span class='ocrx_word' id='word_1_627' title='bbox 2887 4513 2997 4580; x_wconf 81' lang='grc' dir='ltr'>εἴη,</span> <span class='ocrx_word' id='word_1_628' title='bbox 3023 4513 3083 4564; x_wconf 88' lang='grc' dir='ltr'><strong>ού</strong></span> <span class='ocrx_word' id='word_1_629' title='bbox 3139 4510 3445 4580; x_wconf 80' lang='grc' dir='ltr'>προσθήκη,</span> <span class='ocrx_word' id='word_1_630' title='bbox 3482 4510 3596 4565; x_wconf 80' lang='grc' dir='ltr'>ἀλλ’</span> <span class='ocrx_word' id='word_1_631' title='bbox 3628 4511 3887 4581; x_wconf 72' lang='grc' dir='ltr'>ἐξήγησις</span> 
     </span>
    </p>
   </div>
   <div class='ocr_carea' id='block_1_92' title="bbox 691 4596 2213 4686">
    <p class='ocr_par' dir='ltr' id='par_1_92' title="bbox 691 4596 2213 4686">
     <span class='ocr_line' id='line_1_92' title="bbox 691 4596 2213 4686; baseline -0.016 -5"><span class='ocrx_word' id='word_1_632' title='bbox 691 4596 914 4686; x_wconf 59' lang='lat' dir='ltr'><strong>omnes;</strong></span> <span class='ocrx_word' id='word_1_633' title='bbox 946 4634 1067 4673; x_wconf 89' lang='lat' dir='ltr'><strong>cum</strong></span> <span class='ocrx_word' id='word_1_634' title='bbox 1094 4631 1220 4668; x_wconf 87' lang='lat' dir='ltr'><strong>vero</strong></span> <span class='ocrx_word' id='word_1_635' title='bbox 1246 4613 1494 4678; x_wconf 88' lang='lat' dir='ltr'><strong>adjicitur</strong></span> <span class='ocrx_word' id='word_1_636' title='bbox 1525 4609 1850 4676; x_wconf 86' lang='lat' dir='ltr'><strong>oppositum,</strong></span> <span class='ocrx_word' id='word_1_637' title='bbox 1885 4616 2011 4657; x_wconf 85' lang='lat' dir='ltr'><strong>tunc</strong></span> <span class='ocrx_word' id='word_1_638' title='bbox 2038 4604 2213 4656; x_wconf 77' lang='lat' dir='ltr'><strong>factun</strong></span> 
     </span>
    </p>
   </div>
   <div class='ocr_carea' id='block_1_93' title="bbox 2317 4596 3888 4686">
    <p class='ocr_par' dir='ltr' id='par_1_93' title="bbox 2339 4596 3888 4676">
     <span class='ocr_line' id='line_1_93' title="bbox 2339 4596 3888 4676; baseline -0.006 -15"><span class='ocrx_word' id='word_1_639' title='bbox 2339 4609 2468 4661; x_wconf 78' lang='grc' dir='ltr'>αὐτὸ</span> <span class='ocrx_word' id='word_1_640' title='bbox 2493 4609 2584 4661; x_wconf 77' lang='grc' dir='ltr'>καὶ</span> <span class='ocrx_word' id='word_1_641' title='bbox 2611 4606 2915 4676; x_wconf 80' lang='grc' dir='ltr'>φανέρωσις</span> <span class='ocrx_word' id='word_1_642' title='bbox 2937 4602 3031 4656; x_wconf 78' lang='grc' dir='ltr'>τοῦ</span> <span class='ocrx_word' id='word_1_643' title='bbox 3066 4602 3319 4670; x_wconf 75' lang='grc' dir='ltr'>κειμένου</span> <span class='ocrx_word' id='word_1_644' title='bbox 3341 4596 3483 4652; x_wconf 82' lang='grc' dir='ltr'>εἰναι</span> <span class='ocrx_word' id='word_1_645' title='bbox 3500 4602 3849 4670; x_wconf 62' lang='grc' dir='ltr'>ὁμολογείται</span> <span class='ocrx_word' id='word_1_646' title='bbox 3875 4619 3888 4630; x_wconf 78' lang='grc' dir='ltr'><strong><em>ο</em></strong></span> 
     </span>
    </p>
   </div>
   <div class='ocr_carea' id='block_1_94' title="bbox 699 4697 2132 4773">
    <p class='ocr_par' dir='ltr' id='par_1_94' title="bbox 699 4697 2132 4773">
     <span class='ocr_line' id='line_1_94' title="bbox 699 4697 2132 4773; baseline -0.02 -1"><span class='ocrx_word' id='word_1_647' title='bbox 699 4730 880 4773; x_wconf 80' lang='lat' dir='ltr'><strong>revera</strong></span> <span class='ocrx_word' id='word_1_648' title='bbox 911 4710 1016 4766; x_wconf 90' lang='lat' dir='ltr'><strong>dici</strong></span> <span class='ocrx_word' id='word_1_649' title='bbox 1070 4716 1124 4761; x_wconf 87' lang='lat' dir='ltr'><strong>et</strong></span> <span class='ocrx_word' id='word_1_650' title='bbox 1162 4703 1436 4772; x_wconf 62' lang='lat' dir='ltr'><strong>praedicari</strong></span> <span class='ocrx_word' id='word_1_651' title='bbox 1475 4706 1654 4769; x_wconf 88' lang='lat' dir='ltr'><strong>potest</strong></span> <span class='ocrx_word' id='word_1_652' title='bbox 1687 4697 2132 4749; x_wconf 87' lang='lat' dir='ltr'><strong>additamentum.</strong></span> 
     </span>
    </p>
   </div>
   <div class='ocr_carea' id='block_1_95' title="bbox 1353 4873 1593 4930">
    <p class='ocr_par' dir='ltr' id='par_1_95' title="bbox 1353 4873 1593 4930">
     <span class='ocr_line' id='line_1_95' title="bbox 1353 4873 1593 4930; baseline -0.004 0"><span class='ocrx_word' id='word_1_653' title='bbox 1353 4873 1593 4930; x_wconf 83' lang='lat' dir='ltr'><strong>EPHES.</strong></span> 
     </span>
    </p>
   </div>
   <div class='ocr_carea' id='block_1_96' title="bbox 775 4957 2246 5044">
    <p class='ocr_par' dir='ltr' id='par_1_96' title="bbox 775 4957 2246 5044">
     <span class='ocr_line' id='line_1_96' title="bbox 775 4957 2246 5044; baseline -0.018 -8"><span class='ocrx_word' id='word_1_654' title='bbox 775 4981 843 5036; x_wconf 87' lang='lat' dir='ltr'><strong>Ut</strong></span> <span class='ocrx_word' id='word_1_655' title='bbox 895 4974 1258 5044; x_wconf 86' lang='lat' dir='ltr'><strong>comperimus</strong></span> <span class='ocrx_word' id='word_1_656' title='bbox 1306 4983 1484 5023; x_wconf 85' lang='lat' dir='ltr'><strong>autem</strong></span> <span class='ocrx_word' id='word_1_657' title='bbox 1536 4967 1756 5020; x_wconf 85' lang='lat' dir='ltr'><strong>Latinos</strong></span> <span class='ocrx_word' id='word_1_658' title='bbox 1788 4977 2017 5032; x_wconf 76' lang='lat' dir='ltr'><strong>persona</strong></span> <span class='ocrx_word' id='word_1_659' title='bbox 2050 4961 2100 5013; x_wconf 76' lang='lat' dir='ltr'><strong>in</strong></span> <span class='ocrx_word' id='word_1_660' title='bbox 2134 4957 2246 5011; x_wconf 87' lang='lat' dir='ltr'><strong>dis-</strong></span> 
     </span>
    </p>
   </div>
   <div class='ocr_carea' id='block_1_97' title="bbox 706 5056 2245 5143">
    <p class='ocr_par' dir='ltr' id='par_1_97' title="bbox 706 5056 2245 5143">
     <span class='ocr_line' id='line_1_97' title="bbox 706 5056 2245 5143; baseline -0.018 -15"><span class='ocrx_word' id='word_1_661' title='bbox 706 5070 1074 5143; x_wconf 89' lang='lat' dir='ltr'><strong>putationibus</strong></span> <span class='ocrx_word' id='word_1_662' title='bbox 1109 5062 1349 5132; x_wconf 88' lang='lat' dir='ltr'><strong>deposita</strong></span> <span class='ocrx_word' id='word_1_663' title='bbox 1418 5059 1660 5114; x_wconf 83' lang='lat' dir='ltr'><strong>veritatis</strong></span> <span class='ocrx_word' id='word_1_664' title='bbox 1692 5056 1872 5110; x_wconf 85' lang='lat' dir='ltr'><strong>studio</strong></span> <span class='ocrx_word' id='word_1_665' title='bbox 1925 5069 2031 5107; x_wconf 85' lang='lat' dir='ltr'><strong>non</strong></span> <span class='ocrx_word' id='word_1_666' title='bbox 2068 5065 2245 5120; x_wconf 73' lang='lat' dir='ltr'><strong>agere,</strong></span> 
     </span>
    </p>
   </div>
   <div class='ocr_carea' id='block_1_98' title="bbox 703 5145 2251 5238">
    <p class='ocr_par' dir='ltr' id='par_1_98' title="bbox 703 5145 2251 5238">
     <span class='ocr_line' id='line_1_98' title="bbox 703 5145 2251 5238; baseline -0.021 -12"><span class='ocrx_word' id='word_1_667' title='bbox 703 5180 876 5238; x_wconf 84' lang='lat' dir='ltr'><strong>neque</strong></span> <span class='ocrx_word' id='word_1_668' title='bbox 903 5173 962 5217; x_wconf 92' lang='lat' dir='ltr'><strong>ut</strong></span> <span class='ocrx_word' id='word_1_669' title='bbox 990 5162 1103 5230; x_wconf 87' lang='lat' dir='ltr'><strong>ipsa</strong></span> <span class='ocrx_word' id='word_1_670' title='bbox 1133 5161 1410 5224; x_wconf 88' lang='lat' dir='ltr'><strong>appareret</strong></span> <span class='ocrx_word' id='word_1_671' title='bbox 1430 5151 1584 5212; x_wconf 89' lang='lat' dir='ltr'><strong>eniti,</strong></span> <span class='ocrx_word' id='word_1_672' title='bbox 1608 5149 1697 5203; x_wconf 87' lang='lat' dir='ltr'><strong>sed</strong></span> <span class='ocrx_word' id='word_1_673' title='bbox 1731 5157 1788 5201; x_wconf 94' lang='lat' dir='ltr'><strong>ut</strong></span> <span class='ocrx_word' id='word_1_674' title='bbox 1821 5148 2129 5200; x_wconf 88' lang='lat' dir='ltr'><strong>viderentur</strong></span> <span class='ocrx_word' id='word_1_675' title='bbox 2157 5145 2251 5196; x_wconf 89' lang='lat' dir='ltr'><strong>ha-</strong></span> 
     </span>
    </p>
   </div>
   <div class='ocr_carea' id='block_1_99' title="bbox 711 5240 2254 5324">
    <p class='ocr_par' dir='ltr' id='par_1_99' title="bbox 711 5240 2254 5324">
     <span class='ocr_line' id='line_1_99' title="bbox 711 5240 2254 5324; baseline -0.017 -14"><span class='ocrx_word' id='word_1_676' title='bbox 711 5269 833 5314; x_wconf 78' lang='lat' dir='ltr'><strong>bere</strong></span> <span class='ocrx_word' id='word_1_677' title='bbox 860 5256 988 5324; x_wconf 90' lang='lat' dir='ltr'><strong>quid</strong></span> <span class='ocrx_word' id='word_1_678' title='bbox 1017 5255 1272 5313; x_wconf 89' lang='lat' dir='ltr'><strong>dicerent,</strong></span> <span class='ocrx_word' id='word_1_679' title='bbox 1295 5255 1348 5299; x_wconf 87' lang='lat' dir='ltr'><strong>et</strong></span> <span class='ocrx_word' id='word_1_680' title='bbox 1372 5257 1593 5297; x_wconf 89' lang='lat' dir='ltr'><strong>suorum</strong></span> <span class='ocrx_word' id='word_1_681' title='bbox 1622 5253 1778 5292; x_wconf 88' lang='lat' dir='ltr'><strong>aures</strong></span> <span class='ocrx_word' id='word_1_682' title='bbox 1799 5240 2254 5306; x_wconf 57' lang='lat' dir='ltr'><strong>pra&#39;orouparent,</strong></span> 
     </span>
    </p>
   </div>
   <div class='ocr_carea' id='block_1_100' title="bbox 2341 4689 3890 4761">
    <p class='ocr_par' dir='ltr' id='par_1_100' title="bbox 2341 4689 3890 4761">
     <span class='ocr_line' id='line_1_100' title="bbox 2341 4689 3890 4761; baseline -0.006 -11"><span class='ocrx_word' id='word_1_683' title='bbox 2341 4689 2562 4750; x_wconf 62' lang='lat' dir='ltr'><strong>eum</strong></span> <span class='ocrx_word' id='word_1_684' title='bbox 2591 4693 2926 4759; x_wconf 81' lang='grc' dir='ltr'>τούναντίον,</span> <span class='ocrx_word' id='word_1_685' title='bbox 2965 4693 3085 4744; x_wconf 89' lang='grc' dir='ltr'>τότε</span> <span class='ocrx_word' id='word_1_686' title='bbox 3130 4692 3414 4761; x_wconf 80' lang='grc' dir='ltr'>προσθήκη</span> <span class='ocrx_word' id='word_1_687' title='bbox 3449 4693 3542 4743; x_wconf 72' lang='grc' dir='ltr'>καὶ</span> <span class='ocrx_word' id='word_1_688' title='bbox 3595 4692 3795 4757; x_wconf 68' lang='grc' dir='ltr'>λέγοιτ’</span> <span class='ocrx_word' id='word_1_689' title='bbox 3828 4693 3890 4744; x_wconf 80' lang='grc' dir='ltr'>ἂν</span> 
     </span>
    </p>
   </div>
   <div class='ocr_carea' id='block_1_101' title="bbox 2346 4781 2799 4851">
    <p class='ocr_par' dir='ltr' id='par_1_101' title="bbox 2346 4781 2799 4851">
     <span class='ocr_line' id='line_1_101' title="bbox 2346 4781 2799 4851; baseline -0.009 -18"><span class='ocrx_word' id='word_1_690' title='bbox 2346 4785 2438 4833; x_wconf 78' lang='grc' dir='ltr'>καὶ</span> <span class='ocrx_word' id='word_1_691' title='bbox 2462 4781 2799 4851; x_wconf 85' lang='grc' dir='ltr'>κηρύττοιτο.</span> 
     </span>
    </p>
   </div>
   <div class='ocr_carea' id='block_1_102' title="bbox 3026 4865 3213 4918">
    <p class='ocr_par' dir='ltr' id='par_1_102' title="bbox 3026 4865 3213 4918">
     <span class='ocr_line' id='line_1_102' title="bbox 3026 4865 3213 4918; baseline 0.011 -2"><span class='ocrx_word' id='word_1_692' title='bbox 3026 4865 3213 4918; x_wconf 76' lang='grc' dir='ltr'><strong>ΕΦΕΣ.</strong></span> 
     </span>
    </p>
   </div>
   <div class='ocr_carea' id='block_1_103' title="bbox 2433 4957 3897 5031">
    <p class='ocr_par' dir='ltr' id='par_1_103' title="bbox 2433 4957 3897 5031">
     <span class='ocr_line' id='line_1_103' title="bbox 2433 4957 3897 5031; baseline -0.005 -20"><span class='ocrx_word' id='word_1_693' title='bbox 2433 4959 2519 5021; x_wconf 85' lang='grc' dir='ltr'>Ὠς</span> <span class='ocrx_word' id='word_1_694' title='bbox 2549 4959 2593 5011; x_wconf 81' lang='grc' dir='ltr'>δ’</span> <span class='ocrx_word' id='word_1_695' title='bbox 2623 4957 2883 5029; x_wconf 76' lang='grc' dir='ltr'>ἑωρῶμεν</span> <span class='ocrx_word' id='word_1_696' title='bbox 2910 4960 3033 5020; x_wconf 83' lang='grc' dir='ltr'>τοὺς</span> <span class='ocrx_word' id='word_1_697' title='bbox 3064 4959 3536 5026; x_wconf 83' lang='grc' dir='ltr'>Λατίνουςσαφῶς</span> <span class='ocrx_word' id='word_1_698' title='bbox 3579 4960 3681 5028; x_wconf 78' lang='grc' dir='ltr'><strong>ήδη</strong></span> <span class='ocrx_word' id='word_1_699' title='bbox 3721 4980 3897 5031; x_wconf 63' lang='grc' dir='ltr'>παρα.</span> 
     </span>
    </p>
   </div>
   <div class='ocr_carea' id='block_1_104' title="bbox 2350 5051 3892 5121">
    <p class='ocr_par' dir='ltr' id='par_1_104' title="bbox 2350 5051 3892 5121">
     <span class='ocr_line' id='line_1_104' title="bbox 2350 5051 3892 5121; baseline 0.001 -17"><span class='ocrx_word' id='word_1_700' title='bbox 2350 5053 2742 5121; x_wconf 85' lang='grc' dir='ltr'>γυμνῶσαντας</span> <span class='ocrx_word' id='word_1_701' title='bbox 2773 5052 2830 5103; x_wconf 67' lang='grc' dir='ltr'>ιν</span> <span class='ocrx_word' id='word_1_702' title='bbox 2878 5055 2994 5109; x_wconf 80' lang='grc' dir='ltr'>ταῖς</span> <span class='ocrx_word' id='word_1_703' title='bbox 3039 5051 3172 5116; x_wconf 78' lang='grc' dir='ltr'>πρὸς</span> <span class='ocrx_word' id='word_1_704' title='bbox 3202 5052 3345 5120; x_wconf 78' lang='grc' dir='ltr'>ἡμᾶς</span> <span class='ocrx_word' id='word_1_705' title='bbox 3373 5052 3699 5119; x_wconf 80' lang='grc' dir='ltr'>διαλέξεσιν,</span> <span class='ocrx_word' id='word_1_706' title='bbox 3731 5055 3803 5118; x_wconf 84' lang='grc' dir='ltr'>ὡς</span> <span class='ocrx_word' id='word_1_707' title='bbox 3839 5059 3892 5106; x_wconf 71' lang='grc' dir='ltr'>ο)</span> 
     </span>
    </p>
   </div>
   <div class='ocr_carea' id='block_1_105' title="bbox 2353 5142 3897 5215">
    <p class='ocr_par' dir='ltr' id='par_1_105' title="bbox 2353 5142 3897 5215">
     <span class='ocr_line' id='line_1_105' title="bbox 2353 5142 3897 5215; baseline 0.001 -21"><span class='ocrx_word' id='word_1_708' title='bbox 2353 5143 2489 5212; x_wconf 72' lang='grc' dir='ltr'>πρὸς</span> <span class='ocrx_word' id='word_1_709' title='bbox 2541 5142 2797 5208; x_wconf 82' lang='grc' dir='ltr'>ἀλήθειαν</span> <span class='ocrx_word' id='word_1_710' title='bbox 2841 5143 3027 5202; x_wconf 77' lang='grc' dir='ltr'>αὐτοῖς</span> <span class='ocrx_word' id='word_1_711' title='bbox 3060 5143 3087 5193; x_wconf 83' lang='grc' dir='ltr'>ὁ</span> <span class='ocrx_word' id='word_1_712' title='bbox 3143 5142 3363 5206; x_wconf 81' lang='grc' dir='ltr'>σκοπὸς,</span> <span class='ocrx_word' id='word_1_713' title='bbox 3402 5145 3522 5197; x_wconf 68' lang='grc' dir='ltr'>οὐδὲ</span> <span class='ocrx_word' id='word_1_714' title='bbox 3581 5149 3642 5196; x_wconf 82' lang='grc' dir='ltr'><strong>τὺ</strong></span> <span class='ocrx_word' id='word_1_715' title='bbox 3703 5147 3897 5215; x_wconf 62' lang='grc' dir='ltr'>ταύτην</span> 
     </span>
    </p>
   </div>
   <div class='ocr_carea' id='block_1_106' title="bbox 2359 5231 3901 5302">
    <p class='ocr_par' dir='ltr' id='par_1_106' title="bbox 2359 5231 3901 5302">
     <span class='ocr_line' id='line_1_106' title="bbox 2359 5231 3901 5302; baseline 0.001 -18"><span class='ocrx_word' id='word_1_716' title='bbox 2359 5231 2643 5301; x_wconf 68' lang='grc' dir='ltr'>εὑρεθῆναι</span> <span class='ocrx_word' id='word_1_717' title='bbox 2689 5233 2777 5284; x_wconf 76' lang='grc' dir='ltr'>διὰ</span> <span class='ocrx_word' id='word_1_718' title='bbox 2838 5232 3070 5299; x_wconf 83' lang='grc' dir='ltr'>σπουδῆς</span> <span class='ocrx_word' id='word_1_719' title='bbox 3104 5233 3365 5293; x_wconf 85' lang='grc' dir='ltr'>τίθενται,</span> <span class='ocrx_word' id='word_1_720' title='bbox 3417 5233 3580 5301; x_wconf 85' lang='grc' dir='ltr'>μόνον</span> <span class='ocrx_word' id='word_1_721' title='bbox 3612 5235 3669 5286; x_wconf 77' lang='grc' dir='ltr'><em>δέ</em></span> <span class='ocrx_word' id='word_1_722' title='bbox 3723 5253 3787 5302; x_wconf 81' lang='grc' dir='ltr'><strong>γε</strong></span> <span class='ocrx_word' id='word_1_723' title='bbox 3847 5238 3901 5286; x_wconf 69' lang='grc' dir='ltr'>τὸ</span> 
     </span>
    </p>
   </div>
   <div class='ocr_carea' id='block_1_107' title="bbox 711 5322 2213 5403">
    <p class='ocr_par' dir='ltr' id='par_1_107' title="bbox 711 5322 2213 5403">
     <span class='ocr_line' id='line_1_107' title="bbox 711 5322 2213 5403; baseline -0.021 0"><span class='ocrx_word' id='word_1_724' title='bbox 711 5351 838 5403; x_wconf 83' lang='lat' dir='ltr'><strong>illud</strong></span> <span class='ocrx_word' id='word_1_725' title='bbox 862 5322 1022 5399; x_wconf 77' lang='lat' dir='ltr'><strong>etiam</strong></span> <span class='ocrx_word' id='word_1_726' title='bbox 1048 5341 1242 5396; x_wconf 88' lang='lat' dir='ltr'><strong>obnixe</strong></span> <span class='ocrx_word' id='word_1_727' title='bbox 1272 5349 1480 5394; x_wconf 83' lang='lat' dir='ltr'><strong>curare,</strong></span> <span class='ocrx_word' id='word_1_728' title='bbox 1509 5340 1564 5384; x_wconf 89' lang='lat' dir='ltr'><strong>ut</strong></span> <span class='ocrx_word' id='word_1_729' title='bbox 1594 5331 1811 5384; x_wconf 87' lang='lat' dir='ltr'><strong>oumino</strong></span> <span class='ocrx_word' id='word_1_730' title='bbox 1832 5327 1931 5394; x_wconf 90' lang='lat' dir='ltr'><strong>ipsi</strong></span> <span class='ocrx_word' id='word_1_731' title='bbox 1955 5324 2213 5378; x_wconf 73' lang='lat' dir='ltr'><strong>sessionui</strong></span> 
     </span>
    </p>
   </div>
   <div class='ocr_carea' id='block_1_108' title="bbox 2317 5322 3890 5403">
    <p class='ocr_par' dir='ltr' id='par_1_108' title="bbox 2358 5322 3890 5392">
     <span class='ocr_line' id='line_1_108' title="bbox 2358 5322 3890 5392; baseline 0.001 -18"><span class='ocrx_word' id='word_1_732' title='bbox 2358 5322 2503 5384; x_wconf 72' lang='grc' dir='ltr'>δόξαι</span> <span class='ocrx_word' id='word_1_733' title='bbox 2530 5340 2581 5373; x_wconf 85' lang='grc' dir='ltr'><strong>τι</strong></span> <span class='ocrx_word' id='word_1_734' title='bbox 2611 5323 2806 5386; x_wconf 84' lang='grc' dir='ltr'>λέγειν,</span> <span class='ocrx_word' id='word_1_735' title='bbox 2849 5324 2943 5373; x_wconf 84' lang='grc' dir='ltr'>καὶ</span> <span class='ocrx_word' id='word_1_736' title='bbox 2973 5325 3066 5383; x_wconf 66' lang='grc' dir='ltr'>τὰς</span> <span class='ocrx_word' id='word_1_737' title='bbox 3104 5323 3272 5385; x_wconf 72' lang='grc' dir='ltr'>ἀκοὰς</span> <span class='ocrx_word' id='word_1_738' title='bbox 3299 5323 3406 5373; x_wconf 89' lang='grc' dir='ltr'><strong>τῶν</strong></span> <span class='ocrx_word' id='word_1_739' title='bbox 3436 5324 3653 5376; x_wconf 82' lang='grc' dir='ltr'>οἰκείων</span> <span class='ocrx_word' id='word_1_740' title='bbox 3687 5343 3890 5392; x_wconf 85' lang='grc' dir='ltr'>προκα-</span> 
     </span>
    </p>
   </div>
   <div class='ocr_carea' id='block_1_109' title="bbox 715 5414 2256 5497">
    <p class='ocr_par' dir='ltr' id='par_1_109' title="bbox 715 5414 2256 5497">
     <span class='ocr_line' id='line_1_109' title="bbox 715 5414 2256 5497; baseline -0.021 -3"><span class='ocrx_word' id='word_1_741' title='bbox 715 5446 870 5494; x_wconf 89' lang='lat' dir='ltr'><strong>tinem</strong></span> <span class='ocrx_word' id='word_1_742' title='bbox 897 5438 1156 5493; x_wconf 75' lang='lat' dir='ltr'><strong>facerent,</strong></span> <span class='ocrx_word' id='word_1_743' title='bbox 1178 5440 1338 5497; x_wconf 80' lang='lat' dir='ltr'><strong>atque</strong></span> <span class='ocrx_word' id='word_1_744' title='bbox 1363 5437 1417 5478; x_wconf 93' lang='lat' dir='ltr'><strong>ut</strong></span> <span class='ocrx_word' id='word_1_745' title='bbox 1439 5423 1736 5492; x_wconf 82' lang='lat' dir='ltr'><strong>posteriore</strong></span> <span class='ocrx_word' id='word_1_746' title='bbox 1761 5420 1879 5472; x_wconf 86' lang='lat' dir='ltr'><strong>loco</strong></span> <span class='ocrx_word' id='word_1_747' title='bbox 1907 5418 2147 5470; x_wconf 86' lang='lat' dir='ltr'><strong>dicentes</strong></span> <span class='ocrx_word' id='word_1_748' title='bbox 2183 5414 2256 5464; x_wconf 88' lang='lat' dir='ltr'><strong>vi-</strong></span> 
     </span>
    </p>
   </div>
   <div class='ocr_carea' id='block_1_110' title="bbox 713 5507 2254 5587">
    <p class='ocr_par' dir='ltr' id='par_1_110' title="bbox 713 5507 2254 5587">
     <span class='ocr_line' id='line_1_110' title="bbox 713 5507 2254 5587; baseline -0.023 1"><span class='ocrx_word' id='word_1_749' title='bbox 713 5536 968 5587; x_wconf 85' lang='lat' dir='ltr'><strong>derentur</strong></span> <span class='ocrx_word' id='word_1_750' title='bbox 995 5524 1172 5579; x_wconf 88' lang='lat' dir='ltr'><strong>omnia</strong></span> <span class='ocrx_word' id='word_1_751' title='bbox 1204 5521 1425 5577; x_wconf 88' lang='lat' dir='ltr'><strong>diluere,</strong></span> <span class='ocrx_word' id='word_1_752' title='bbox 1467 5532 1584 5582; x_wconf 81' lang='lat' dir='ltr'><strong>qua:</strong></span> <span class='ocrx_word' id='word_1_753' title='bbox 1613 5530 1641 5564; x_wconf 86' lang='lat' dir='ltr'><strong>a</strong></span> <span class='ocrx_word' id='word_1_754' title='bbox 1667 5510 1822 5565; x_wconf 76' lang='lat' dir='ltr'><strong>nobis</strong></span> <span class='ocrx_word' id='word_1_755' title='bbox 1839 5507 2254 5574; x_wconf 68' lang='lat' dir='ltr'><strong>ubiieiebantur.</strong></span> 
     </span>
    </p>
   </div>
   <div class='ocr_carea' id='block_1_111' title="bbox 1395 5691 1569 5744">
    <p class='ocr_par' dir='ltr' id='par_1_111' title="bbox 1395 5691 1569 5744">
     <span class='ocr_line' id='line_1_111' title="bbox 1395 5691 1569 5744; baseline -0.006 0"><span class='ocrx_word' id='word_1_756' title='bbox 1395 5691 1569 5744; x_wconf 78' lang='lat' dir='ltr'><strong>RESI‘</strong></span> 
     </span>
    </p>
   </div>
   <div class='ocr_carea' id='block_1_112' title="bbox 789 5777 2268 5862">
    <p class='ocr_par' dir='ltr' id='par_1_112' title="bbox 789 5777 2268 5862">
     <span class='ocr_line' id='line_1_112' title="bbox 789 5777 2268 5862; baseline -0.018 -7"><span class='ocrx_word' id='word_1_757' title='bbox 789 5797 1024 5855; x_wconf 81' lang='lat' dir='ltr'><strong>.\&#39;idebas</strong></span> <span class='ocrx_word' id='word_1_758' title='bbox 1050 5806 1103 5847; x_wconf 91' lang='lat' dir='ltr'><strong>tu</strong></span> <span class='ocrx_word' id='word_1_759' title='bbox 1139 5790 1352 5862; x_wconf 88' lang='lat' dir='ltr'><strong>quidem</strong></span> <span class='ocrx_word' id='word_1_760' title='bbox 1381 5785 1599 5840; x_wconf 80' lang='lat' dir='ltr'><strong>Latinos</strong></span> <span class='ocrx_word' id='word_1_761' title='bbox 1625 5777 2121 5851; x_wconf 77' lang='lat' dir='ltr'><strong>argumentationes</strong></span> <span class='ocrx_word' id='word_1_762' title='bbox 2150 5784 2268 5828; x_wconf 83' lang='lat' dir='ltr'><strong>tuas</strong></span> 
     </span>
    </p>
   </div>
   <div class='ocr_carea' id='block_1_113' title="bbox 2364 5413 3899 5482">
    <p class='ocr_par' dir='ltr' id='par_1_113' title="bbox 2364 5413 3899 5482">
     <span class='ocr_line' id='line_1_113' title="bbox 2364 5413 3899 5482; baseline 0.001 -19"><span class='ocrx_word' id='word_1_763' title='bbox 2364 5415 2579 5482; x_wconf 66' lang='grc' dir='ltr'>τασχεῖν</span> <span class='ocrx_word' id='word_1_764' title='bbox 2607 5430 2620 5442; x_wconf 89' lang='grc'>·</span> <span class='ocrx_word' id='word_1_765' title='bbox 2675 5413 2832 5481; x_wconf 76' lang='grc' dir='ltr'>ἔργον</span> <span class='ocrx_word' id='word_1_766' title='bbox 2863 5430 2920 5464; x_wconf 89' lang='grc' dir='ltr'><strong>τε</strong></span> <span class='ocrx_word' id='word_1_767' title='bbox 2968 5414 3342 5482; x_wconf 78' lang='grc' dir='ltr'>ἀπαραίτητον</span> <span class='ocrx_word' id='word_1_768' title='bbox 3395 5414 3540 5481; x_wconf 83' lang='grc' dir='ltr'>εἶχον</span> <span class='ocrx_word' id='word_1_769' title='bbox 3575 5416 3730 5470; x_wconf 84' lang='grc' dir='ltr'><strong>αύτοί</strong></span> <span class='ocrx_word' id='word_1_770' title='bbox 3759 5418 3899 5467; x_wconf 75' lang='grc' dir='ltr'>λύειν</span> 
     </span>
    </p>
   </div>
   <div class='ocr_carea' id='block_1_114' title="bbox 2364 5503 3904 5575">
    <p class='ocr_par' dir='ltr' id='par_1_114' title="bbox 2364 5503 3904 5573">
     <span class='ocr_line' id='line_1_114' title="bbox 2364 5503 3904 5573; baseline 0.002 -22"><span class='ocrx_word' id='word_1_771' title='bbox 2364 5505 2460 5562; x_wconf 72' lang='grc' dir='ltr'>τὰς</span> <span class='ocrx_word' id='word_1_772' title='bbox 2529 5503 2886 5568; x_wconf 81' lang='grc' dir='ltr'>συνελεύσεις,</span> <span class='ocrx_word' id='word_1_773' title='bbox 2941 5506 3024 5556; x_wconf 76' lang='grc' dir='ltr'>ἵνα</span> <span class='ocrx_word' id='word_1_774' title='bbox 3083 5507 3329 5571; x_wconf 78' lang='grc' dir='ltr'>λέγοντες</span> <span class='ocrx_word' id='word_1_775' title='bbox 3401 5503 3622 5573; x_wconf 77' lang='grc' dir='ltr'>ὕστεροι</span> <span class='ocrx_word' id='word_1_776' title='bbox 3682 5507 3904 5560; x_wconf 78' lang='grc' dir='ltr'>δοκῶσιν</span> 
     </span>
    </p>
   </div>
   <div class='ocr_carea' id='block_1_115' title="bbox 2367 5592 3521 5665">
    <p class='ocr_par' dir='ltr' id='par_1_115' title="bbox 2367 5592 3521 5665">
     <span class='ocr_line' id='line_1_115' title="bbox 2367 5592 3521 5665; baseline 0.004 -22"><span class='ocrx_word' id='word_1_777' title='bbox 2367 5592 2580 5646; x_wconf 77' lang='grc' dir='ltr'>ἅπαντα</span> <span class='ocrx_word' id='word_1_778' title='bbox 2612 5595 2759 5647; x_wconf 84' lang='grc' dir='ltr'>λύειν</span> <span class='ocrx_word' id='word_1_779' title='bbox 2787 5596 2852 5648; x_wconf 79' lang='grc' dir='ltr'>τὰ</span> <span class='ocrx_word' id='word_1_780' title='bbox 2888 5597 3014 5665; x_wconf 79' lang='grc' dir='ltr'>παρ’</span> <span class='ocrx_word' id='word_1_781' title='bbox 3044 5595 3197 5664; x_wconf 80' lang='grc' dir='ltr'>ἡμῶν</span> <span class='ocrx_word' id='word_1_782' title='bbox 3232 5593 3521 5660; x_wconf 79' lang='grc' dir='ltr'>λεγόμενα.</span> 
     </span>
    </p>
   </div>
   <div class='ocr_carea' id='block_1_116' title="bbox 3045 5689 3249 5742">
    <p class='ocr_par' dir='ltr' id='par_1_116' title="bbox 3045 5689 3249 5742">
     <span class='ocr_line' id='line_1_116' title="bbox 3045 5689 3249 5742; baseline 0.01 -2"><span class='ocrx_word' id='word_1_783' title='bbox 3045 5689 3249 5742; x_wconf 82' lang='grc' dir='ltr'><strong>ΛΗΟΛ.</strong></span> 
     </span>
    </p>
   </div>
   <div class='ocr_carea' id='block_1_117' title="bbox 2451 5778 3907 5847">
    <p class='ocr_par' dir='ltr' id='par_1_117' title="bbox 2451 5778 3907 5847">
     <span class='ocr_line' id='line_1_117' title="bbox 2451 5778 3907 5847; baseline 0.002 -17"><span class='ocrx_word' id='word_1_784' title='bbox 2451 5778 2655 5847; x_wconf 75' lang='grc' dir='ltr'>Ἐὡρας</span> <span class='ocrx_word' id='word_1_785' title='bbox 2691 5780 2785 5847; x_wconf 79' lang='grc' dir='ltr'>μὲν</span> <span class='ocrx_word' id='word_1_786' title='bbox 2829 5783 2944 5844; x_wconf 58' lang='grc' dir='ltr'>τοῦς</span> <span class='ocrx_word' id='word_1_787' title='bbox 2984 5785 3244 5843; x_wconf 78' lang='grc' dir='ltr'>Λατίνους</span> <span class='ocrx_word' id='word_1_788' title='bbox 3299 5781 3614 5846; x_wconf 71' lang='grc' dir='ltr'>σαφέστατα</span> <span class='ocrx_word' id='word_1_789' title='bbox 3644 5781 3766 5846; x_wconf 73' lang='grc' dir='ltr'>τοὺς</span> <span class='ocrx_word' id='word_1_790' title='bbox 3790 5782 3907 5844; x_wconf 74' lang='grc' dir='ltr'>σοὺς</span> 
     </span>
    </p>
   </div>
  </div>
