4006 6340
659 446 792 515 1639

1611 449 1923 511 JOSEPIII
1957 448 2498 512 METIIONENSIS
2540 446 2880 508 EFISCOl‘l

3731 444 3854 505 10ῖο

647 559 884 640 dugma,’
928 569 1122 623 veritas
1180 575 1362 622 autem
1420 579 1526 620 non
1577 566 2028 630 additamentum,
2095 563 2190 619 scd

2299 581 2395 632 μεν
2417 578 2431 594 ⁸
2460 562 2743 635 προσθήκη
2781 561 2890 630 γὰρ
2920 560 2975 612 τὸ
3010 558 3284 630 ἀλλότριον
3313 557 3506 627 λέγοιτ’
3537 558 3602 611 ἂν
3642 557 3847 628 δόγμα·

647 661 954 729 explicatio,
986 670 1036 712 ut
1073 675 1216 728 saepe
1245 659 1448 713 dictum
1479 665 1582 712 est.
1610 655 1764 722 Quod
1789 670 1918 710 vero
1956 655 2192 710 hortaris

646 763 701 807 ιιι
730 753 995 815 dicamus,
1025 749 1471 821 quemadmodum
1508 747 1660 802 initio
1676 747 2006 814 dicebamus,
2028 762 2197 816 quan-

645 843 716 898 do
753 852 858 897 nen
879 853 992 898 erat
1021 842 1258 898 schisma
1295 842 1434 896 inter
1460 852 1582 904 nos,
1644 838 1856 893 id~sane
1883 852 1914 893 e
1965 836 2194 906 vestigio

648 936 899 991 falsitatis
934 935 1176 1005 arguitur
1215 952 1228 988 :
1262 935 1528 1004 siquidem
1565 931 1803 989 schisma
1835 940 2049 986 centum
2073 939 2193 999 post

645 1025 930 1092 septimam
961 1023 1222 1095 synodum
1272 1025 1428 1078 annis
1489 1031 1664 1076 ortum
1739 1029 1821 1075 est
1872 1020 2193 1094 auCtoribtts

648 1113 904 1174 Michaele
938 1092 1258 1183 iuipetatore
1307 1125 1361 1169 ct
1387 1113 1577 1167 Photio
1601 1111 1925 1182 patriarcha,
1964 1092 2193 1180 Symbo-

649 1209 754 1259 lum
793 1221 916 1261 vero
949 1215 1069 1275 post
1111 1206 1402 1260 secundam
1430 1205 1698 1274 synodum
1733 1201 1976 1256 Romana
2035 1215 2194 1255 cane-

648 1296 734 1349 bat
763 1295 1023 1361 Ecclesia,
1060 1297 1201 1350 sicut
1230 1295 1390 1350 hodie
1423 1295 1588 1362 canit,
1624 1303 1758 1351 teste
1815 1293 2048 1365 Georgio
2072 1292 2193 1348 Ari-

645 1389 810 1453 stino,
842 1396 900 1442 ut
929 1388 1186 1442 diximus.
1224 1387 1356 1442 Nam
1385 1398 1441 1441 ct
1473 1387 1760 1458 Maximus,
1800 1386 1891 1455 qui
1919 1384 2018 1439 fuit
2069 1393 2194 1438 ante

643 1489 851 1544 sextam
885 1478 1170 1548 synodum,
1202 1486 1434 1531 testatur
1454 1477 1556 1530 hoc
1594 1475 1648 1528 in
1680 1473 1906 1544 epistola
1959 1471 2024 1525 ad
2085 1471 2192 1523 Ma-

647 1572 824 1625 rinum
855 1571 1228 1641 presbyterum
1295 1567 1575 1639 Cyprium,
1631 1567 1922 1621 Romanam
1982 1564 2192 1622 scilicet

647 1664 937 1720 Ecclesiam
978 1663 1046 1715 ita
1104 1662 1322 1726 sentire,
1354 1661 1430 1714 sic
1453 1724 1456 1727 Α
1480 1659 1761 1715 scribens:
1800 1656 2192 1727 Synodicarum

648 1756 1000 1812 sanctissimi
1019 1770 1168 1825 ρειριιι
1192 1753 1424 1817 Martini,
1470 1752 1560 1821 qui
1593 1767 1736 1806 nunc
1757 1749 2022 1817 przesidet,
2050 1747 2191 1801 litte-

649 1865 851 1915 rarum,
883 1862 988 1901 non
1017 1853 1147 1916 quot
1182 1846 1281 1914 ipsi
1304 1843 1617 1912 scripsistis,
1650 1841 1846 1912 capita,
1874 1839 2189 1895 Constanti-

648 1937 941 2008 ttopolitani
965 1943 1236 2000 natarunt,
1272 1933 1364 1987 sed
1393 1932 1500 1986 duo
1517 1941 1742 1997 tantum,
1764 1945 1993 2002 quorum
2026 1942 2189 1981 ttnum
2225 1919 2266 1976 Β

644 2032 713 2086 ad
741 2030 921 2085 divina
951 2037 1176 2096 spectat,
1208 2025 1348 2090 quod
1401 2024 1619 2090 dixerit,
1692 2024 1960 2095 inquiunt,
2027 2021 2195 2090 Spiri-

647 2131 761 2178 tum
785 2130 1035 2177 sanctum
1069 2135 1098 2173 a
1145 2117 1282 2173 Filio
1339 2131 1553 2188 quoque
1592 2116 1908 2185 procedere,
1968 2125 2020 2170 et
2078 2128 2197 2182 qua:

644 2223 962 2285 sequuntur,
992 2227 1060 2267 ne
1086 2210 1300 2280 singula
1336 2208 1626 2280 proferam.
1697 2206 1875 2272 Quare
1924 2221 2030 2260 non
2098 2204 2198 2258 fuit

645 2308 797 2380 origo
817 2304 1142 2368 schismatis,
1172 2300 1316 2372 quod
1342 2311 1394 2354 tu
1416 2314 1576 2355 vocas
1605 2298 2063 2371 additamentum,
2105 2293 2200 2350 sed

647 2403 890 2458 Romana
920 2399 1154 2456 Ecclesia
1225 2380 1536 2468 Symbolum
1590 2393 1871 2457 recitabat,
1930 2400 1987 2446 ut
2041 2389 2200 2443 hodie

651 2496 847 2549 recitat
908 2508 924 2557 ;
982 2498 1036 2546 et
1080 2476 1226 2556 nos,
1293 2487 1501 2543 scilicet
1564 2483 1755 2548 Graeci,
1815 2481 2192 2544 recitabamus,

647 2561 899 2658 utvnunc
959 2583 1206 2648 facimus,
1266 2590 1322 2635 et
1370 2577 1605 2632 scltisma
1633 2590 1738 2628 non
1800 2581 1917 2628 erat
1982 2571 2035 2624 in
2104 2584 2198 2625 no-

648 2680 751 2735 bis.
785 2678 1017 2733 Possunt
1058 2687 1188 2744 ergo
1241 2671 1400 2727 etiam
1442 2667 1615 2722 Latini
1659 2664 1845 2720 iisdem
1900 2662 1966 2716 ad
2023 2674 2071 2715 te
2123 2659 2198 2714 uti

651 2771 908 2826 vocibus:
950 2766 1250 2822 Redeamus
1271 2762 1336 2816 ad
1366 2759 1456 2813 illa
1489 2766 1747 2824 tempora,
1781 2745 1979 2822 quibus
2023 2748 2197 2817 juncti

648 2878 905 2922 eramus.
973 2867 1028 2914 et
1078 2874 1173 2912 nos
1257 2852 1569 2923 Symbolum
1627 2862 1691 2902 eo
1745 2846 1902 2899 modo
1965 2841 2201 2912 profere-

651 2959 864 3021 bamus,
889 2965 1013 3020 quo
1072 2929 1212 3001 nunc
1240 2943 1584 3014 proferimus,
1635 2948 1690 2992 et
1742 2952 1834 2992 vos
1864 2933 2110 2988 similiter
2138 2946 2201 2985 eo

657 3048 818 3102 modo
861 3040 1168 3105 dicebatis,
1200 3036 1309 3106 Quo
1364 3048 1508 3088 nunc
1576 3031 1774 3093 dicitis,
1813 3028 1884 3080 et
1918 3024 2200 3079 unanimes

653 3155 874 3196 eramus
908 3155 923 3203 ;
958 3147 1012 3191 et
1064 3147 1238 3203 neque
1271 3146 1366 3184 vos
1391 3131 1455 3184 de
1488 3127 1646 3181 nobis
1693 3119 2194 3192 conquerebamini,

2297 658 2329 726 ἡ
2360 657 2403 709 δ’
2433 658 2656 727 ἀλήθεια
2687 656 2754 712 .ού
2787 654 3094 724 προσθήκη,
3119 653 3232 706 ἀλλ’
3261 651 3578 720 ἀνάπτυξις,
3608 652 3685 716 ὡς
3730 653 3850 704 πολ-

2295 750 2447 812 λάκις
2501 750 2741 818 εἴρηται.
2805 748 2926 800 Ὅτι
2984 748 3044 800 δὲ
3099 748 3406 820 παραινεῖς,
3458 746 3547 798 ῖνα
3603 745 3850 812 λέγωμεν

2295 833 2480 918 ὥσπερ
2533 840 2789 910 ἐλέγομεν
2842 843 2962 895 κατ’
3005 840 3202 910 ἀρχάς,
3231 840 3319 892 ὅτε
3368 838 3465 891 οὑκ
3497 833 3564 908 ἦν
3618 838 3678 886 ἑν
3726 836 3850 903 ημῖν

2296 932 2519 1001 σχίσμα,
2566 931 2757 986 τούτου
2818 931 2958 992 κατά
3016 932 3182 994 πόδας
3236 933 3264 984 δ
3317 930 3580 1000 ἐλεγχος·
3632 929 3696 979 τδ
3757 927 3849 994 μὲν

2295 1023 2495 1091 σχίσμα
2528 1023 2663 1090 μετά
2712 1023 2806 1090 τὴν
2837 1022 3071 1091 ἑϐδόμην
3121 1020 3336 1075 σύνοδον
3385 1019 3576 1073 ἑκατὸν
3606 1018 3848 1088 ἔτηιὲγέο

2294 1130 2412 1177 νετο
2456 1116 2606 1185 αἰτίᾳ
2651 1115 2872 1186 Μιχαὴλ
2919 1116 3181 1185 βασιλέως
3233 1114 3326 1168 καὶ
3352 1115 3554 1168 Φωτίου
3583 1111 3851 1182 πατριάρ-

2293 1205 2495 1272 χου,τδ
2536 1205 2589 1258 δὲ
2641 1205 2912 1274 Σύμϐολον
2957 1207 3064 1259 ἀπὸ
3113 1207 3212 1275 τῆς
3261 1205 3516 1275 δευτέρας
3565 1204 3846 1272 συνόδουή

2302 1295 2583 1365 Ῥωμαῖκὴ
2631 1295 2803 1361 οὕτως
2851 1297 3076 1364 ἔψαλλεν
3118 1298 3435 1366 Ἐκκλησία,
3467 1297 3543 1360 ὡς
3592 1297 3713 1367 ᾄδει
3757 1299 3846 1349 καὶ

2293 1388 2551 1457 σήμερον,
2583 1389 2768 1451 καθὼς
2807 1393 3075 1459 μαρτυρεῖ
3118 1389 3387 1460 Γεώργιος
3440 1391 3470 1442 δ
3523 1389 3846 1460 ’Δριστινδς,

2290 1479 2362 1540 ὡς
2387 1479 2600 1548 ἔφημεν
2623 1495 2638 1509 ο
2670 1482 2764 1534 καὶ
2792 1480 3045 1550 Μάξιμος
3072 1483 3129 1534 δὲ
3163 1485 3320 1556 δρπρὸ
3343 1482 3439 1553 τῆς
3470 1482 3638 1548 ἕκτης
3677 1483 3850 1550 ὑπάρ-

2291 1585 2402 1639 χων
2433 1570 2649 1622 συνόδου
2677 1574 2942 1640 μαρτυρεῖ
2968 1571 3129 1627 τοῦτο
3147 1575 3214 1625 -ιν
3241 1577 3304 1644 τῇ
3332 1572 3582 1644 ἐπιστολῇ
3618 1575 3682 1644 τῇ
3711 1573 3843 1644 πρὸς

2291 1663 2536 1730 Μαρῖνον
2583 1662 2950 1734 πρεσϐύτερον
3014 1664 3274 1735 Κύπρου,
3322 1666 3396 1729 ὡς
3462 1667 3494 1736 ἡ
3556 1666 3844 1734 Ῥωμαῖκὴ

2304 1753 2598 1822 Ἐκκλησία
2627 1755 2830 1823 ταύτην
2863 1755 2976 1824 ἔχει
3007 1757 3103 1824 τὴν
3128 1757 3304 1824 δόξαν,
3341 1757 3517 1826 λέγων
3540 1759 3648 1812 ’ὡδί
3667 1777 3692 1810 ο.
3723 1758 3840 1810 Τῶν

2290 1841 2383 1897 τοῦ
2440 1843 2535 1897 νῦν
2610 1845 2911 1912 ἀγιωτάτου
2967 1849 3165 1902 πάππα
3217 1851 3493 1919 Μαρτίνου
3544 1852 3838 1916 συνορικῶν

2292 1934 2390 1986 οὑκ
2447 1935 2503 1986 ὲν
2547 1935 2820 1997 τοσούτοις
2878 1938 3022 1999 ὅσοις
3072 1939 3385 2008 γεγράφατε
3431 1942 3749 2010 κεφαλαίοις
3797 1943 3844 1995 οί

2294 2025 2398 2094 τῆς,
2451 2025 2720 2095 βασιλίδος
2767 2027 2876 2080 τῶν
2935 2027 3143 2084 πόλεων
3205 2031 3560 2099 ἐπελάϐοντο,
3615 2032 3740 2086 δυσὶ
3793 2033 3846 2085 δὲ

2298 2119 2508 2188 μόνοις·
2568 2114 2640 2176 ὧν
2690 2121 2750 2174 τὸ
2801 2124 2900 2192 μὶν
2954 2124 3188 2194 ὑπάρχει
3238 2127 3367 2196 περὶ
3410 2125 3732 2194 θεολογίας,
3763 2128 3847 2180 ὅτι

2293 2227 2376 2275 τε,
2411 2216 2593 2292 φησὶν,
2629 2210 2782 2268 εἶπεν
2808 2215 3207 2285 ἐκπορεύεσθαι
3255 2219 3352 2272 καὶ
3380 2218 3458 2272 νὲκ
3480 2209 3581 2274 τοῦ
3611 2219 3747 2274 Υίοῧ
3785 2222 3845 2272 τὸ

2299 2301 2516 2370 Πνεῦμα
2543 2305 2605 2356 τδ
2640 2304 2811 2372 ἅγιον,
2843 2306 2937 2359 καὶ
2988 2307 3053 2360 τὰ
3083 2307 3266 2376 λοιπά,
3300 2311 3386 2364 ἵνα
3419 2313 3494 2379 μὴ
3528 2312 3844 2371 καθέκαστα

2297 2393 2455 2459 λέγω.
2496 2395 2654 2459 Ὥστε
2697 2397 2775 2466 ’ἣν
2822 2397 2996 2466 λέγεις
3036 2401 3373 2472 προσθήκην,
3419 2405 3517 2456 οὐκ
3573 2399 3644 2474 ἦν
3701 2405 3848 2456 αίτία

2296 2485 2387 2539 τοῦ
2441 2487 2757 2557 σχίσματος,
2789 2489 2904 2542 ἀλλ’
2957 2492 2990 2560 ἡ
3023 2489 3304 2562 Ῥωμαῖκη
3347 2492 3638 2563 Ἐκκλησία
3691 2492 3844 2560 ἔλεγε

2295 2579 2355 2630 τὸ
2376 2579 2684 2654 Σύμϐολον,
2714 2582 2902 2652 ὥσπερ
2947 2573 3092 2652 λέγει
3146 2588 3236 2638 καὶ
3271 2586 3526 2654 σήμερον,
3559 2586 3654 2638 καὶ
3689 2587 3848 2656 ἡμεῖς

2297 2671 2567 2740 ἐλέγομεν,
2599 2674 2647 2724 οἱ
2678 2673 2898 2741 Γραικοὶ
2934 2676 3199 2745 δηλονότι,
3235 2675 3421 2745 ὥσπερ
3456 2676 3550 2729 καὶ
3582 2678 3848 2746 σήμερον,

2298 2761 2392 2813 καὶ
2445 2763 2645 2831 σχίσμα
2689 2765 2787 2816 οὑκ
2835 2760 2902 2836 ἦν
2941 2767 3002 2818 ὲν
3047 2768 3196 2835 ἡμῖν.
3238 2767 3446 2821 Οὐκοῦν
3487 2767 3746 2821 δύνανται
3793 2768 3852 2821 τδ

2299 2853 2430 2906 αὐτὸ
2453 2854 2546 2906 καὶ
2570 2852 2617 2906 οί
2644 2857 2854 2908 Λατῖνοι
2889 2858 3020 2928 πρός
3073 2843 3131 2911 σε
3172 2860 3346 2912 εἰπεῖν
3377 2875 3391 2889 ⁶
3431 2859 3851 2929 Ἐπανέλθωμεν

2298 2945 2378 3009 είς
2429 2945 2645 2998 ἐκεῖνον
2683 2946 2774 3001 τὸν
2837 2949 3047 3019 καιρὸν,
3083 2949 3204 3004 καθ’
3251 2949 3309 3003 δν
3360 2952 3631 3022 ἡνωμένοι
3683 2948 3848 3021 ἦμεν,

2301 3035 2391 3088 καὶ
2423 3037 2590 3105 ἡμεῖς·
2622 3038 2880 3108 ἱλέγομεν
2909 3044 2972 3119 te
3005 3041 3278 3112 Σύμϐολον
3320 3043 3513 3113 ὥσπερ
3551 3044 3648 3096 καὶ
3681 3047 3852 3112 σημε-

2305 3144 2415 3204 ροὶν,
2450 3129 2542 3180 καὶ
2586 3131 2739 3199 ὑμεῖς
2786 3133 2984 3199 ὁμοίως
3012 3134 3197 3204 ὥσπερ
3249 3137 3338 3186 καὶ
3376 3138 3613 3205 σήμερον
3642 3137 3854 3205 λέγετε,

653 3247 828 3302 neque
855 3245 954 3284 nos
986 3227 1184 3298 pariter
1207 3224 1273 3278 de
1303 3221 1476 3276 vobis.
1509 3218 1672 3272 Miror»
1715 3225 1891 3270 autem
1928 3210 2201 3284 quomodo

2303 3220 2398 3286 atati.
2445 3215 2583 3290 ἦμεν
2636 3224 2689 3273 ὲν
2736 3226 2978 3294 ὁμονοίᾳ,
3013 3227 3107 3278 καὶ
3157 3226 3277 3279 οὔτε
3336 3228 3494 3297 ὑμεῖς
3542 3230 3851 3285 ἕνεκαλεῖτε

656 3323 850 3396 synodi
908 3316 1254 3374 mcutnenieae
1309 3329 1413 3368 non
1471 3308 1935 3381 reprehenderint,
1999 3305 2045 3359 si
2101 3319 2199 3358 nos

656 3414 1026 3482 blasphet’uare
1066 3408 1328 3472 sciebant,
1356 3413 1414 3460 ut
1443 3421 1535 3460 vos
1573 3417 1714 3456 nunc
1747 3400 1926 3456 dicitis
1956 3407 2009 3452 et
2037 3411 2129 3450 acc
2143 3410 2201 3448 u-

646 3506 790 3561 satis
819 3521 832 3556 :
867 3500 1039 3565 tertia,
1075 3497 1310 3565 inquam,
1335 3500 1544 3563 quarta,
1571 3491 1785 3560 quinta,
1824 3494 2067 3551 sexta,et
2115 3499 2202 3538 se-

664 3597 828 3664 ptima
862 3610 877 3659 ;
915 3604 1087 3660 neque
1144 3587 1288 3643 enim
1335 3582 1610 3638 criminari
1639 3580 1878 3648 coepistis
1932 3578 2041 3630 nisi
2084 3584 2204 3644 post

640 3688 927 3742 -'Piiotium.
962 3681 1144 3750 Itaque
1168 3677 1574 3739 convcniamus,
1637 3672 1995 3737 dicamusque
2054 3665 2203 3735 quod

661 3792 784 3835 ante
806 3779 1040 3835 schisma
1073 3770 1406 3833 dicebamus,
1469 3766 1664 3835 lietque
1695 3773 1752 3817 ιιι
1799 3763 1935 3817 idem
1990 3760 2205 3827 utrique

657 3876 938 3934 dicamus;
974 3878 1026 3922 et
1045 3865 1257 3920 tolletur
1288 3861 1543 3926 Scitisma,
1579 3872 1680 3925 pax
1705 3865 1883 3910 autem
1909 3853 2204 3920 subseque-

655 3979 742 4019 tur
767 3975 820 4018 et
861 3960 1146 4018 concordia
1185 3956 1396 4025 {atque
1456 3953 1527 4006 ita
1575 3950 1779 4006 erimus
1839 3945 1947 4000 Deo
1993 3943 2202 3997 favente

655 4056 946 4122 coniuncti.

1315 4313 1552 4369 El‘llES.

733 4415 854 4470 lltec
890 4413 1129 4469 dicentes
1157 4407 1473 4463 videbamur
1503 4403 1686 4460 surdis
1722 4399 1941 4454 auribus
1983 4408 2200 4458 canere,

661 4507 1000 4579 autlapidem
1028 4517 1284 4574 coquere,
1317 4509 1410 4556 aut
1466 4497 1674 4554 semina
1723 4494 1870 4550 saxis
1928 4487 2200 4565 mandare,

2303 3314 2456 3382 ἡμῖν,
2485 3312 2604 3365 οὔτε
2633 3315 2790 3383 ἡμεῖς
2842 3316 2993 3393 ὑμῖν.
3023 3318 3294 3389 Θαυμάζω
3322 3320 3397 3387 δὲ,
3435 3320 3552 3384 πῶς
3594 3325 3649 3376 αἱ
3678 3324 3855 3378 οικου-

2307 3406 2525 3474 μενικαὶ
2567 3408 2771 3460 σύνοδοι
2830 3408 2928 3461 ούκ
2980 3411 3323 3477 ἐνεκάλεσαν,
3351 3415 3398 3466 εί
3453 3414 3651 3484 ᾔδεσαν
3701 3418 3854 3487 ἡμᾶς

2305 3496 2774 3567 βλασφημοῦντας,
2803 3498 2991 3570 ὥσπερ
3037 3503 3191 3571 ὑμεῖς
3222 3503 3403 3572 λέγετε
3433 3505 3527 3559 νῦν
3559 3508 3652 3559 καὶ
3682 3498 3852 3575 ἐγκα-

2296 3584 2441 3640 λεῖτε
2474 3591 2605 3679 ημῖν
2630 3606 2642 3620 ⁸
2671 3591 2811 3657 λέγω
2836 3592 2890 3644 δὲ
2921 3595 2954 3663 ἡ
2989 3597 3216 3665 τρίτη,ή
3249 3598 3506 3666 τετάρτη,
3532 3600 3565 3666 ἡ
3596 3600 3847 3670 πέμπτη,

2304 3680 2338 3750 ἡ
2364 3681 2516 3749 ἕκτη,
2546 3685 2639 3734 καὶ
2671 3685 2702 3751 ἡ
2735 3684 2934 3754 ἑϐδόμη
2955 3702 2969 3717 ο
3003 3687 3111 3751 οὐδ’
3150 3688 3307 3756 ὑμεῖς
3352 3690 3677 3752 ὲνεκαλεῖτε,
3709 3693 3851 3746 ἀλλά

2307 3769 2445 3838 μετά
2505 3768 2595 3821 τὸν
2647 3769 2849 3824 Φώτιον
2902 3774 2995 3826 καὶ
3050 3774 3154 3829 ἔτι.
3212 3774 3560 3849 Συνέλθωμεν
3609 3782 3721 3850 οὖν,
3757 3788 3852 3839 καὶ

2252 3917 2254 3919 ς
2305 3859 2543 3928 εἴπωμεν
2587 3862 2722 3932 ὅπερ
2783 3864 3037 3934 ἐλέγομεν
3088 3867 3191 3938 πρὸ
3241 3867 3333 3924 τοῦ
3377 3871 3694 3942 σχίσματος,
3757 3879 3853 3930 καὶ

2304 3951 2709 4021 εὑρεθησόμεθα
2760 3953 2827 4006 τά
2891 3955 3028 4008 αὑτά
3077 3956 3320 4027 λέγοντες
3373 3963 3694 4034 ἀμφότεροι,
3753 3971 3850 4021 καὶ

2305 4042 2573 4097 παύσεται
2624 4044 2683 4097 τὸ
2745 4047 2969 4116 σχίσμα,
3010 4050 3432 4125 ἐπακολουθήσει
3485 4055 3542 4108 δὲ
3583 4058 3615 4128 ἡ
3657 4061 3852 4133 εἰρήνη

2305 4146 2372 4276 1:
2396 4134 2489 4185 καὶ
2517 4133 2738 4204 ὁμόνοια
2760 4151 2776 4167 ·
2806 4138 2900 4189 καὶ
2943 4136 3117 4202 οὕτως
3160 4140 3393 4209 ἐσόμεθα
3424 4145 3534 4211 ,σὺν
3561 4146 3680 4217 Θεῷ
3717 4153 3854 4219 hvm-

2308 4241 2346 4277 ν.
2379 4241 2477 4277 νοι.
2758 4252 2761 4256 ·

2308 4241 2477 4292 μενοι.
2567 4303 2572 4307 .
2758 4252 2761 4256 ·

2834 4315 2836 4317 ’
2980 4319 3163 4382 ΕΦΕΣ.
3215 4378 3217 4381 ,

2376 4405 2559 4458 Ταῦτα
2591 4406 2842 4473 λέγοντες
2874 4411 3036 4481 κενὴν
3065 4412 3330 4487 ἐῴκειμεν
3361 4418 3607 4487 ψάλλειν,
3639 4425 3675 4495 ἦ
3707 4428 3853 4482 λίθον

2282 4495 2475 4567 η’ὲψεῖν,
2509 4499 2541 4568 ἢ
2574 4499 2710 4554 κατά
2739 4503 2950 4571 πετρῶν
2980 4505 3243 4574 σπείρειν,
3282 4505 3314 4576 ἥ
3355 4508 3477 4563 καθ’
3505 4513 3689 4583 ὑγρῶν
3717 4524 3855 4587 γρά-

633 4613 755 4657 aut
788 4602 839 4654 in
865 4613 1001 4668 aqua
1026 4597 1281 4660 scribere,
1341 4600 1433 4648 aut
1487 4587 1745 4659 quidquid
1797 4584 1942 4640 aliud
1994 4580 2201 4649 adagiis

2308 4609 2448 4658 φειν,
2478 4592 2511 4661 ἦ
2542 4592 2642 4646 ὅσα
2687 4594 2821 4647 ἄλλα
2861 4595 2956 4647 ἐπὶ
2993 4597 3105 4670 τοῖς
3143 4597 3421 4663 ἀδυνάτοις
3456 4603 3512 4655 αί
3561 4580 3854 4678 παροιμίαι

661 4690 1029 4764 signiﬁcamus
1053 4685 1120 4739 ad
1146 4683 1494 4753 exprimenda
1513 4677 1886 4747 impossibilia.

1337 4767 1531 4824 RESP.

737 4873 970 4928 Possunt
985 4870 1141 4924 etiam
1167 4864 1345 4918 Latini
1387 4852 1711 4930 respondere
1741 4856 1838 4910 tibi
1870 4871 1962 4926 per
1981 4855 2168 4924 adagia
2193 4874 2207 4909 :

665 4965 913 5032 EthiOps
962 4976 1066 5015 non
1106 4957 1386 5014 dealbatur
1435 4972 1449 5019 ;
1482 4950 1646 5007 littori
1689 4950 1956 5021 loquimur
1989 4965 2004 5003 :
2040 4965 2212 5017 neque

665 5054 808 5110 enim
840 5061 896 5105 tu
928 5050 1200 5105 auscultas
1226 5063 1243 5111 ;
1268 5045 1444 5099 fabula
1497 5047 1612 5097 sine
1649 5043 1825 5111 capite
1855 5058 1868 5095 :
1900 5043 2208 5112 imperlecta

665 5144 812 5206 enim
866 5140 1000 5195 dicis
1032 5146 1137 5205 ;et
1172 5136 1273 5190 alia
1324 5147 1659 5202 quascunque
1725 5132 1780 5186 in
1857 5143 2209 5186 contumaces

669 5216 999 5302 usurpantur
1023 5240 1077 5284 et
1102 5224 1883 5296 arrogantes.lnobsequentes
1898 5227 2040 5278 enim
2071 5240 2208 5277 nun-

595 5329 602 5350 ³
669 5341 828 5393 quam
861 5324 1246 5391 obsequentur.
1275 5317 1347 5371 Ita
1377 5316 1531 5385 plane
1557 5321 1610 5367 et
1633 5323 1690 5366 tu
1719 5330 1734 5367 :
1787 5315 1960 5369 visum
1991 5316 2081 5368 tibi
2130 5325 2211 5370 est

670 5429 890 5467 manere
942 5413 996 5466 in
1035 5410 1323 5465 schismate
1371 5415 1422 5459 et
1485 5403 1841 5471 seiunctione,
1898 5406 2212 5460 seductione

670 5516 723 5559 et
749 5505 1042 5574 pravitate;
1073 5513 1125 5557 et
1148 5500 1411 5561 mansisti,
1440 5497 1883 5567 permanebisque
1899 5499 2058 5551 etiam
2088 5506 2211 5566 post

667 5607 895 5651 mortem
924 5596 975 5649 in
1008 5595 1143 5666 ipso.
1174 5594 1243 5644 At
1278 5606 1404 5644 vero
1438 5589 1525 5658 qui
1572 5603 1722 5642 suam
1763 5598 2020 5658 expetunt
2063 5591 2210 5645 salu-

663 5698 796 5752 tent,
842 5688 1073 5753 nauita,
1143 5698 1316 5752 neque
1368 5696 1529 5735 aures
1571 5691 1660 5733 aut
1695 5684 1880 5735 oculos
1927 5683 2205 5749 claudunt,

667 5779 760 5832 sed
796 5780 1021 5852 audiunt
1060 5789 1115 5832 et
1152 5778 1352 5842 vident,
1391 5783 1443 5828 et
1490 5773 1785 5842 intelligere
1817 5776 2003 5829 volunt
2064 5779 2209 5845 quod

663 5871 856 5923 tneltus
884 5880 934 5923 et
961 5869 1143 5926 utilius
1183 5879 1265 5924 est
1297 5867 1361 5921 ad
1391 5879 1543 5921 suam
1579 5851 2093 5932 ipsetumsalntem.
2129 5865 2205 5919 Tu

2311 4684 2490 4753 φασίν.

2981 4780 3181 4834 ΑΠΟΛ.

2385 4867 2493 4918 Καὶ
2521 4869 2736 4921 Λατῖνοι
2776 4869 3028 4922 δύνανται
3058 4873 3120 4922 ὲκ
3145 4871 3254 4922 τῶν
3281 4876 3593 4943 παροιμιῶν
3629 4879 3762 4947 πρὸς
3793 4883 3852 4935 σὲ

2310 4957 2556 5026 ἀντερεῖν
2580 4975 2595 4989 ο
2630 4959 2821 5028 Αἰθίοψ
2844 4961 2920 5013 ,ού
2974 4959 3309 5016 λευκαίνεται
3335 4978 3350 4992 °
3395 4967 3627 5039 αἰγιαλῷ
3671 4973 3858 5026 λαλοῦ-

2313 5054 2412 5119 μεν
2440 5066 2470 5117 ο,
2503 5050 2749 5124 ἀνήκοος,
2801 5053 2909 5124 γὰρ
2981 5055 3276 5123 ὑπάρχεις·
3322 5057 3593 5126 ἀκέφαλος
3644 5064 3813 5134 μῦθος
3841 5085 3853 5097 ·

2310 5139 2476 5210 ἀτελῆ
2517 5142 2622 5213 γάρ
2673 5143 2849 5211 λέγεις
2874 5158 2888 5173 ο
2921 5145 3014 5196 καὶ
3044 5145 3143 5199 ὅσα
3180 5146 3312 5202 ἄλλα
3342 5153 3431 5204 ἐπὶ
3463 5148 3571 5206 τῶν
3607 5156 3853 5226 ἀνηκόων

2313 5231 2406 5282 καὶ
2437 5231 2708 5295 ἀλαζόνων
2754 5235 2807 5287 αί
2835 5237 3124 5304 παροιμίαι
3151 5239 3400 5309 λέγουσιν
3425 5259 3438 5274 ο
3471 5244 3719 5310 ἀπειθεῖς
3747 5250 3853 5315 γὰρ

2312 5321 2566 5375 οὐδέποτε
2598 5325 2892 5382 πείσονται.
2927 5327 3081 5383 Οὕτω
3111 5334 3203 5385 καὶ
3231 5334 3294 5386 σύ
3321 5351 3336 5366 ο
3387 5334 3529 5400 ἔδοξέ
3557 5355 3638 5390 σοι
3675 5343 3854 5408 μένειν

2313 5413 2369 5465 ἐν
2397 5413 2474 5483 τῷ
2507 5415 2763 5484 σχίσματι
2792 5420 2886 5472 καὶ
2928 5421 3005 5492 τῷ
3048 5425 3333 5496 χωρισμῷ,
3370 5430 3435 5496 τῇ
3467 5429 3641 5500 πλάνῃ
3675 5448 3734 5483 τε
3763 5434 3856 5485 καὶ

2313 5505 2500 5576 κακίᾳ,
2555 5510 2650 5561 καὶ
2707 5508 2876 5574 οὕτως
2925 5512 3164 5580 ἔμεινας,
3215 5517 3272 5568 ὲν
3322 5513 3364 5585 ᾧ
3414 5520 3507 5572 καὶ
3569 5525 3712 5591 μετά
3771 5527 3859 5578 τὺν

2315 5594 2540 5650 θάνατον
2565 5599 2835 5670 διαμενεῖς
2865 5607 2956 5656 καὶ
2987 5605 3084 5676 ἔσῃ
3113 5607 3217 5660 ἀεί.
3266 5610 3403 5662 Ἀλλ’
3436 5613 3484 5664 οί
3513 5614 3610 5683 τῆς
3650 5615 3860 5669 ἑαυτῶν

2313 5686 2630 5759 ὀρεγόμενοι
2678 5693 2956 5760 σωτηρίας
2991 5697 3088 5764 οὐχ
3117 5695 3306 5766 οὕτως,
3336 5701 3454 5756 οὐδὲ
3493 5704 3736 5760 κλείουσι
3767 5711 3862 5771 τάς

2313 5779 2513 5846 ἀκοὰς,
2579 5781 2696 5834 οὐδὲ
2762 5787 2885 5846 τούς
2942 5788 3248 5858 ὀςξθαλμοὺς
3317 5797 3698 5866 καμμύουσιν,
3751 5801 3866 5855 ἀλλ’

2314 5873 2569 5928 ἀκούουσι
2627 5874 3020 5952 καὶγβλέπουσι
3081 5884 3170 5934 καὶ
3235 5888 3472 5942 συνιέναι
3539 5890 3756 5945 θέλουσι
3810 5895 3870 5946 τὸ

3983 467 3997 608 l
