4006 6340
199 495 325 560 illi!

1189 519 1621 586 REFUTATIO
1647 529 1896 602 MARE!
1941 535 2323 615 EPllPISlNl.

3240 555 3390 619 10ίῖ

191 613 438 680 κρεῖττόν
490 630 547 667 τε
591 619 684 672 καὶ
734 623 1004 692 συμφέρον
1060 629 1157 697 τῆς
1201 635 1472 704 σωτηρίας
1527 639 1723 699 αὐτῶν.

191 703 261 732 νε.
308 703 360 732 ιι
405 705 499 732 μ’...
545 708 811 732 Anax--_,--
895 714 1004 732 ’με
1101 722 1124 732 ..
1218 723 1260 732 ι.
1418 728 1430 732 -
1602 730 1613 732 _
1659 731 1663 732 ν

1835 662 1960 702 vero
1991 651 2205 706 noluisti
2236 696 2248 711 .
2293 656 2385 708 sed
2420 656 2646 724 superba
2674 659 2740 713 de
2765 668 2814 714 te
2844 662 2959 729 ipso
2984 665 3235 732 opinione
3283 664 3374 723 de-

190 703 262 755 Σὺ
306 703 362 756 δέ
403 705 500 798 οὐκ
545 708 846 782 ἠθέλησας,
884 714 1016 770 ἀλλά
1062 722 1126 788 τῇ
1184 703 1359 793 οἰήσει
1407 728 1728 798 ἀπατηθεὶς,

187 796 586 886 φρονιμώτερος
617 836 630 855 ι
647 803 740 856 καὶ
799 807 1104 878 σοφώτερος
1166 812 1274 882 ᾠου
1333 816 1432 886 τῆς
1503 796 1726 874 συνόδου

185 880 326 982 εἷναί
369 890 672 982 σεῌπάσης,
722 895 859 966 ὅπερ
905 899 1003 967 τῆς
1047 880 1226 972 ἄκρας
1275 880 1484 977 μωρίας
1534 912 1731 982 δεῖγμα

181 970 275 1067 ἦν,
300 976 392 1029 ἕνα
425 978 712 1067 ἀνθρωπον
742 984 1018 1053 βέλτιστον
1043 970 1180 1048 εἶναι
1213 970 1392 1064 πάσης
1425 970 1524 1067 τῆς
1553 970 1733 1054 οἶκόν-η

184 1063 353 1157 ξένης
377 1081 391 1095 ⁸
429 1066 524 1120 ἕνα
567 1071 697 1140 πρὸς
728 1072 824 1127 ἕνα
851 1075 964 1146 ἐχει
994 1080 1086 1131 καὶ
1121 1081 1295 1149 λόγον,
1341 1063 1521 1155 πάσης
1549 1088 1604 1139 δὲ
1631 1090 1728 1157 τῆς

195 1155 521 1227 Ἐκκλησῐας
550 1163 744 1231 κοινῶς
777 1167 1133 1238 συνελθούσης
1157 1173 1254 1227 ἕνα
1283 1174 1556 1242 βέλτιστον
1589 1175 1728 1232 εἶναι

177 1245 437 1310 ἀδύνατον
489 1255 765 1317 παντελῶς
787 1271 800 1282 ·
834 1260 882 1310 εἰ
907 1260 963 1312 δὲ
1020 1263 1091 1330 μή
1131 1280 1214 1331 γε,
1243 1266 1337 1318 καὶ
1367 1267 1604 1336 ΙἈριειος,
1637 1268 1729 1323 καὶ

180 1338 466 1409 Εὑνόμιος,
495 1346 590 1397 καὶ
635 1347 683 1399 oi
724 1347 902 1417 ἕτεροι
933 1351 1043 1403 τῶν
1066 1353 1463 1422 οίκουμενικῶν
1491 1336 1728 1412 συνόδων

175 1428 364 1499 ἐχθροὶ
390 1433 554 1487 ταυτό
581 1436 739 1490 τοῦτο
778 1441 1039 1508 φήσουσιν
1059 1458 1073 1473 ·
1099 1443 1213 1496 ἀλλ’
1246 1447 1346 1499 οὐκ
1374 1447 1540 1504 ἔστιν.
1564 1451 1727 1504 Ὅθεν

174 1520 283 1581 ἔδει
319 1525 411 1576 καὶ
445 1527 506 1579 σὲ
559 1528 654 1598 τὴν
691 1529 953 1600 ἀλήθειαν
1001 1536 1220 1604 γνόντα.
1253 1539 1346 1590 καὶ
1375 1541 1485 1592 τῶν
1511 1542 1726 1596 πολλῶν

173 1614 502 1683 ἀκούσαντα,
533 1621 631 1688 τὴν
655 1622 915 1691 διχόνοιαν
941 1626 1094 1678 ἐᾶσαι
1125 1629 1216 1680 καὶ
1239 1629 1299 1682 τὸ
1329 1632 1604 1700 ἐπίμονον,
1631 1639 1726 1688 καὶ

173 1705 274 1776 τὴν
309 1709 538 1775 ματαίαν
567 1712 832 1782 πρόληψιν
861 1716 955 1768 καὶ
984 1719 1203 1784 κακίαν,
1231 1723 1324 1774 καὶ
1354 1723 1622 1794 ἐνωθῆναι
1654 1729 1718 1798 τῇ

172 1800 286 1854 τῶν
329 1806 536 1860 πολλῶν
581 1804 872 1871 ἀποφάσει,
902 1811 1099 1876 μᾶλλον
1127 1812 1182 1866 δὲ
1223 1815 1289 1883 τῇ
1330 1813 1602 1880 ἀποφάσει
1624 1817 1724 1886 τῆς

183 1897 531 1969 Ἐκκλησίας.

855 2000 1042 2054 ΕΦΕΣ.

258 2091 486 2142 Ἐκεῖνοι
517 2093 624 2162 γάρ
661 2095 771 2156 τοῖς
806 2096 904 2163 μὲν
934 2097 1178 2166 ἐλέγχοις
1207 2101 1720 2169 στενοχωρούμενοι,

168 2180 460 2250 διόρθωσιν
519 2186 575 2236 δὲ
632 2186 883 2255 οὐδαμῶς
949 2189 1204 2257 οὐδεμίαν
1264 2194 1719 2262 παραδεχόμενοι,

167 2271 262 2323 διά
309 2273 366 2325 τὸ
409 2275 639 2339 ἀνιάτως
672 2278 830 2347 ἔχειν,
859 2281 934 2337 ὡς
969 2280 1135 2344 ἔοικε,
1171 2286 1517 2352 παρεκάλουν
1572 2287 1722 2356 ἡμᾶς

169 2365 268 2420 ἐπὶ
291 2366 390 2433 τὴν
418 2367 662 2430 ἐξέτασιν
710 2372 1009 2440 μεταϐῆναι
1051 2373 1145 2428 τοῦ
1173 2374 1459 2444 δόγματος,
1489 2378 1563 2437 ὡς
1608 2378 1725 2429 ικα-

169 2456 282 2508 νῶν
312 2459 408 2526 ήδη
466 2460 738 2530 ῥηθέντων
768 2463 875 2515 τῶν
924 2464 1012 2516 ἐπὶ
1063 2453 1128 2533 τῇ
1180 2451 1464 2539 προσθήκῃ
1513 2468 1721 2534 λόγων·

167 2553 409 2619 οἰόμενοι
467 2554 535 2606 δι’
577 2557 799 2608 ἐκείνων
861 2557 969 2611 τῶν
1027 2558 1203 2624 λόγων
1261 2563 1602 2614 ἐπισκιάσειν
1663 2563 1722 2616 τὸ

167 2644 265 2697 τοῦ
311 2646 579 2713 Συμϐόλου
629 2648 899 2719 τόλμημα,
930 2653 1026 2720 τῆς
1075 2650 1230 2720 δόξης
1274 2652 1461 2718 ὑγιοῦς
1511 2652 1722 2708 δεικνυ-

173 2737 369 2806 μένης·
683 2747 691 2754 ’

846 2835 1048 2889 ΑΠΟΛ.

245 2924 308 2977 Oi
358 2924 466 2984 τοῖς
514 2923 752 2993 ἐλέγχοις
798 2927 1291 2995 στενοχωρηθέντες
1341 2926 1618 2996 φαίνονται
1665 2930 1722 2983 ἐν

165 3016 282 3076 τοῖς
335 3014 657 3081 Πρακτικοῖς
704 3019 800 3084 τῆς
854 3018 1068 3070 συνόδου
1098 3035 1112 3049 ·
1168 3019 1382 3086 ἐλέγετε
1432 3021 1576 3091 γὰρ,
1629 3022 1723 3076 καὶ

172 3105 388 3171 πρῶτος
424 3106 674 3158 ἁπάντων
707 3107 771 3157 σὺ
794 3146 808 3168 ,
843 3107 925 3159 ὅτι
960 3109 1408 3180 Διαζευχθῶμεν,
1444 3113 1723 3183 διαιρεθῶ-

173 3213 306 3260 μεν,
341 3197 665 3264 ἀπέλθωμεν
689 3212 704 3228 ⁶
735 3197 783 3249 οἱ
816 3199 1028 3251 Λατῖνοι
1063 3201 1211 3268 σοφοὶ
1240 3202 1333 3253 καὶ
1361 3205 1592 3269 γενναῖοι
1626 3205 1718 3257 ἀν-

1833 748 2041 806 ceptus,
2089 744 2285 810 putasti
2325 745 2572 800 universa
2623 757 2673 802 te
2709 752 2934 830 synodo.
2971 752 3372 822 prudentiorem

1830 845 1954 885 esse
1979 842 2030 888 et
2068 836 2402 902 doctiorem;
2452 841 2593 908 quod
2648 849 2901 898 extrema:
2930 832 3169 901 stultitiae
3212 850 3374 926 argu-

1831 933 2070 977 mentum
2102 935 2206 990 est,
2265 942 2432 982 unum
2492 931 2699 985 scilicet
2750 932 3021 988 hominem
3057 924 3375 992 antecellere

1831 1013 2123 1070 universis.
2179 1014 2328 1083 Esto,
2376 1018 2421 1073 si
2470 1036 2635 1075 unum
2688 1038 2806 1078 cum
2859 1040 2968 1080 uno
3003 1025 3266 1093 conferas,
3322 1030 3373 1083 id

1829 1105 1972 1159 enim
1999 1107 2252 1165 credibile
2275 1123 2394 1177 est;
2429 1121 2480 1165 at
2509 1113 2756 1168 universa
2785 1115 3025 1172 Ecclesia
3053 1101 3394 1191 congregata

1830 1211 1996 1249 unum
2019 1197 2284 1252 hominem
2302 1211 2424 1256 esse
2454 1207 2871 1277 praestantiorem
2893 1207 3109 1261 omnino
3156 1219 3238 1263 est
3270 1210 3372 1262 im-

1829 1285 2085 1352 possibile
2115 1306 2128 1342 :
2164 1288 2405 1359 alioquin
2447 1301 2499 1347 et
2524 1292 2705 1363 Arius,
2735 1303 2789 1352 et
2812 1293 3131 1366 Eunomius,
3167 1311 3220 1354 et
3251 1301 3373 1355 reli-

1828 1375 1921 1445 qui
1981 1379 2308 1446 generalium
2370 1381 2723 1446 conciliorum
2796 1385 2977 1441 hostes
3047 1387 3146 1442 hoc
3199 1389 3369 1455 ipsum

1829 1467 2046 1532 dicent;
2087 1484 2268 1524 verum
2298 1470 2347 1524 id
2392 1470 2504 1525 tieri
2546 1488 2652 1527 non
2694 1477 2886 1542 potest.
2923 1475 3096 1541 Quare
3133 1487 3180 1532 te
3210 1480 3367 1532 etiam

1827 1559 2108 1624 Oportebat
2133 1562 2312 1629 agnita
2349 1562 2574 1618 veritate
2611 1565 2806 1621 multos
2840 1567 3047 1632 audire,
3076 1569 3368 1636 dissensio-

1827 1662 2055 1717 nemque
2119 1659 2175 1705 et
2236 1655 2588 1718 pervicaciam
2650 1665 2705 1714 et
2756 1672 2944 1713 vanam
3003 1659 3145 1712 illam
3205 1676 3365 1728 quam

1826 1737 2058 1794 habebas
2092 1742 2271 1796 animo
2309 1753 2641 1814 anteceptam
2688 1747 2994 1816 opinionem
3045 1764 3106 1803 ac
3150 1765 3366 1818 perver-
3419 1777 3425 1784 υ

1826 1833 2034 1886 sitatem
2058 1834 2361 1910 deponere;
2393 1843 2445 1892 et
2482 1837 2796 1905 multorum,
2835 1841 2944 1894 imo
2969 1855 3092 1894 vero
3118 1839 3370 1897 Ecclesiae

1827 1918 2143 1973 sententiam
2172 1923 2350 1989 sequi.
2390 1931 2408 1948 ‘

2470 2013 2708 2071 EPHES.
2804 2048 2808 2053 -

1894 2096 1971 2150 llli
2018 2100 2157 2151 enim
2208 2101 2539 2170 argumentis
2589 2104 2843 2170 convicti,
2872 2117 2935 2183 et
2987 2110 3039 2162 in
3091 2115 3366 2179 angustias

1825 2188 2044 2256 redacti,
2083 2191 2280 2245 nullam
2302 2206 2430 2247 vero
2459 2208 2684 2262 prorsus
2718 2198 3140 2253 emendationem
3167 2203 3366 2256 admit-

1824 2285 2014 2341 tentes,
2046 2279 2212 2345 quod.
2242 2288 2300 2334 ut
2321 2292 2559 2351 apparet,
2587 2285 2772 2339 morbo
2795 2287 3033 2342 laborent
3055 2288 3364 2354 insanabili,

1824 2366 2174 2422 hortabantur
2223 2385 2343 2437 nos,
2397 2381 2454 2426 ut
2513 2374 2577 2426 ad
2636 2376 3041 2444 inquisitionem
3102 2381 3364 2448 dogmatis

1825 2459 2197 2527 trausiremus,
2236 2463 2377 2530 quod
2414 2473 2558 2519 esset
2583 2466 2649 2519 de
2683 2468 3044 2523 additamenta
3088 2473 3217 2526 satis
3253 2473 3362 2538 iam

1823 2547 2026 2603 dictum
2063 2567 2074 2602 :
2109 2550 2192 2605 his
2249 2553 2429 2608 verbis
2460 2556 2829 2611 existimantes
2863 2558 3060 2627 obtegi,
3117 2561 3255 2627 quod
3308 2565 3361 2616 in

1823 2637 2076 2708 Symbolo
2101 2651 2229 2696 sunt
2277 2645 2419 2710 ausi,
2468 2643 2513 2697 si
2547 2645 2730 2713 opinio
2773 2661 2902 2701 sana
2938 2651 3363 2718 csse~probarc-

1823 2737 1926 2783 tur.

2503 2831 2693 2886 RESP.

1893 2916 1992 2981 Qui
2048 2916 2247 2972 fuerint
2297 2936 2390 2988 per
2428 2932 2741 2987 argumenta
2786 2926 3148 2991 coattgttstati,
3187 2923 3366 2977 decla-

1825 3019 1946 3060 rant
1982 3011 2112 3062 Acta
2153 3011 2366 3079 synodi.
2398 3010 2665 3068 Dicebatis
2716 2999 2882 3079 enim,
2923 3025 2974 3068 et
3003 3015 3363 3082 primus‘om-

1825 3100 1974 3152 nium
2007 3109 2062 3154 tu
2094 3093 2547 3172 :Disjdngamur,
2604 3105 2927 3168 dividemur,
2977 3100 3362 3169 abscedamus;

1824 3191 2002 3246 Latini
2042 3193 2143 3246 viri
2174 3193 2315 3247 docti
2339 3206 2391 3247 et
2414 3203 2728 3262 pra-stantes
2765 3197 2963 3249 virtute
2992 3209 3138 3274 sunt.
3161 3203 3216 3251 ‘et
3247 3198 3364 3251 dia-
3415 3238 3439 3247 -

166 3286 298 3354 δρες
339 3286 479 3350 alat,
515 3288 610 3338 καὶ
642 3288 974 3340 διαλεκτικοὶ
1007 3290 1407 3360 ἐμπειρότατοι.
1445 3293 1506 3346 Εί
1542 3294 1633 3346 οὖν
1668 3298 1722 3347 ἐν

1828 3283 2027 3350 lecticae
2069 3284 2402 3352 peritissimi.
2444 3285 2596 3350 Quod
2633 3289 2678 3342 si
2713 3289 2765 3340 in
2794 3288 3154 3357 disputatione
3178 3291 3243 3341 de
3271 3290 3364 3343 ad-
3392 3343 3394 3345 ,

167 3377 286 3434 τοῖς
322 3364 448 3439 περὶ
475 3375 571 3442 τὴν
598 3374 919 3443 προσθήκην
944 3377 1123 3443 λόγοις
1152 3379 1426 3449 ἐφάνησαν
1451 3379 1592 3431 οὕτω
1620 3382 1723 3455 δει-

170 3464 257 3516 νοὶ
279 3504 292 3524 ,
329 3463 466 3516 ὥστε
504 3467 772 3536 μηδεμίαν
803 3469 1095 3535 ἀπολογίαν
1128 3472 1513 3541 ὑπολειφθῆναι
1553 3477 1684 3543 ἡμῖν
1706 3518 1719 3540 ,

167 3559 321 3621 τίνες
353 3560 416 3613 ἂν
445 3560 742 3627 γένωνται,
775 3563 903 3614 ὅταν
935 3565 1060 3631 περὶ
1090 3559 1187 3630 τῆς
1220 3564 1377 3634 δόξης
1405 3565 1504 3635 τὴν
1531 3567 1722 3630 ἐξέτα-

170 3673 260 3705 σιν
289 3653 666 3720 ποιησώμεθα,
693 3655 826 3706 ὅπου
859 3655 949 3706 καὶ
978 3656 1326 3718 διδασκάλους
1354 3659 1452 3725 τῆς
1491 3658 1716 3725 Ἐκκληο

170 3747 294 3807 σίας
329 3745 510 3813 ἔχουσι
542 3747 740 3811 δεῖξαι,
771 3747 870 3816 τὴν
896 3747 1218 3818 ἐκπόρευσιν
1242 3750 1336 3802 τοῦ
1369 3750 1522 3818 ἀγίου
1556 3749 1722 3804 Ilvati—

173 3853 346 3902 ματος
378 3837 468 3888 καὶ
499 3836 577 3904 τῷ
608 3837 720 3905 Υίῷ
749 3832 1024 3904 διδόντας;
1059 3840 1257 3893 Λοιπὸν
1292 3842 1556 3910 συμφέρει
1592 3845 1723 3910 ἡμῖν

169 3928 450 3992 ἀπελθεῖν,
498 3929 529 3997 ἢ
579 3921 900 3998 ἡττηθῆναι
930 3933 1024 3983 καὶ
1075 3932 1190 4000 μετ’
1220 3931 1477 4000 αἰσχύνης
1523 3933 1724 3986 ἐπανα-

152 4020 429 4091 μστρέψαι.
465 4021 650 4074 Ταῦτα
683 4024 782 4089 μιν
815 4021 1055 4089 ἐλέγετε,
1093 4021 1306 4092 ἀληθῶς
1338 4026 1449 4086 τοῖς
1484 4025 1725 4094 ἐλέγχοις

171 4114 334 4178 ὑμεῖς
369 4112 887 4181 στενοχωρούμενοι.
917 4102 1210 4183 Διόρθωσιν
1236 4115 1295 4168 δὲ
1324 4117 1473 4184 παρά
1503 4117 1596 4169 σοῦ
1625 4118 1722 4183 τὴν

183 4201 502 4272 Ῥωμαϊκὴν
549 4201 802 4280 δέξασθαι
841 4204 1165 4271 Ἐκκλησίαν
1213 4205 1492 4258 οὒκ-εδειο
1539 4208 1722 4275 ἐκείνη

171 4299 284 4363 γὰρ
334 4296 522 4347 πασῶν
565 4295 884 4365 κυϐερνῆτίς
934 4300 1085 4361 ἐστι,
1137 4299 1240 4354 καὶ
1279 4302 1397 4364 ταῖς
1445 4300 1724 4364 νοσούσαις

169 4389 283 4440 τῶν
313 4387 616 4454 ἐκκλησιῶν
647 4389 826 4459 ίατρὺς
853 4388 1266 4459 ἐμπειρότατος,
1298 4391 1446 4461 παρά
1470 4391 1562 4445 τοῦ
1592 4393 1724 4463 Χρι-

171 4475 302 4529 στοῦ
344 4475 580 4528 λαϐοῦσα
617 4476 715 4543 τὴν
758 4476 1140 4542 ἐξουσίανντάς
1182 4479 1348 4542 ἄλλας
1396 4479 1592 4533 ίθύνειν
1630 4482 1724 4534 καὶ

169 4565 448 4634 κυϐερνᾷν
467 4605 482 4630 ,
512 4565 882 4634 ἐπιστηρίζειν
911 4569 1006 4619 καὶ
1030 4569 1274 4638 διορθοῦν
1294 4610 1308 4632 ,
1335 4571 1433 4622 οὐκ
1465 4570 1636 4639 αὐτὴν
1665 4573 1720 4624 δὲ

168 4657 514 4728 διορθοῦσθαι
561 4657 714 4724 παρά
753 4657 860 4711 τῶν
901 4658 1095 4730 ἄλλων.
1145 4659 1246 4713 Καὶ
1294 4663 1374 4714 σύ
1419 4676 1561 4714 ποτε
1602 4661 1723 4713 ἐπι-

168 4746 490 4815 στραφείς,
523 4750 684 4816 φησιν
710 4747 737 4799 ὁ
757 4745 950 4822 ⁴Σωτὴρ
981 4749 1114 4817 πρὸς
1142 4749 1230 4802 τὸν
1253 4749 1494 4819 Ἡιτρον,
1523 4750 1721 4818 στήρι-

169 4840 286 4902 (for
312 4837 454 4902 τοὺς
482 4837 781 4906 ἀδελφούς
809 4853 926 4893 σου
950 4854 964 4868 ·
997 4842 1056 4894 οὐ
1086 4839 1192 4909 γὰρ
1225 4828 1366 4909 εἷπε,
1397 4841 1722 4912 Στηρίχθητι

172 4930 277 4983 ύπό
306 4929 416 4981 τῶν
443 4928 683 4995 ἀδελφῶν
715 4947 832 4996 σου,
861 4931 1014 4996 ἀλλά,
1049 4930 1359 5008 Στήριξρν.
1387 4932 1596 4985 Οὐκοῦν
1622 4933 1722 4985 καὶ

171 5020 234 5072 σε
265 5019 373 5071 ἔδει
401 5021 753 5090 στηριχθῆναι
779 5019 910 5089 παρ’
933 5021 1101 5089 αὐτῆς
1123 5021 1197 5084 ὡς
1226 5022 1320 5087 καὶ
1344 5024 1395 5097 οἱ
1424 5011 1720 5091 σοφώτεροί

172 5128 269 5163 σου
303 5109 400 5161 καὶ
430 5110 743 5179 λογιώτεροι
775 5113 1196 5182 ἐστηρίχθησαν.
1235 5112 1361 5164 Ἐπὶ
1392 5113 1447 5164 δέ
1478 5111 1576 5183 τὴν
1607 5113 1724 5177 ἐξέι

170 5215 332 5252 τασιν
361 5197 657 5267 μεταϐῆναι
683 5199 776 5251 τοῦ
806 5201 1071 5268 δόγματος
1099 5202 1159 5254 ού
1191 5202 1533 5270 παρεκάλουν
1558 5202 1721 5255 Λατῖ-

169 5308 255 5343 νοι
274 5305 288 5320 ³
323 5289 444 5344 ἀλλῖ
460 5292 541 5342 ὅτι
576 5288 747 5358 μῆνας
776 5289 950 5358 εἴχετε
982 5290 1378 5361 δεκατέσσαρας
1408 5291 1721 5359 διαλεγόμε-

172 5399 256 5433 νοι
292 5380 422 5452 περὶ
446 5379 561 5444 τοῦ,
591 5379 665 5433 Ού
694 5379 774 5432 δεῖ
804 5378 1136 5447 προσθεῖναι,
1172 5381 1316 5435 δυοῖν
1347 5383 1527 5450 μόνοιν
1551 5382 1724 5435 δντοιν

173 5451 295 5524 τοῖν
329 5451 695 5539 ζητημάτων,
727 5476 785 5524 ἐν
813 5462 891 5533 οἷς
922 5472 1108 5547 ίκανάς
1136 5471 1427 5539 ἀπολογίας
1454 5475 1726 5545 παρέσχον

177 5562 314 5626 ὑμῖν
339 5560 490 5613 αὐτοί
518 5575 532 5590 ⁸
560 5561 647 5614 διά
670 5552 826 5616 τοῦτο
852 5562 957 5616 ἔδει
985 5565 1076 5616 καὶ
1100 5563 1236 5632 πρὸς
1259 5562 1321 5614 τὺ
1347 5563 1532 5633 ἕτερον
1564 5583 1729 5634 μετα-

178 5653 354 5702 θεῖναι
380 5649 467 5702 τδν
495 5649 652 5718 λόγον
669 5669 683 5684 ο
716 5654 820 5720 ῖνα,
847 5654 1148 5724 δειχθέντος
1176 5652 1269 5706 τοῦ
1299 5653 1564 5720 δόγματος
1592 5657 1726 5739 ἀλη-

181 5743 211 5796 0
231 5740 335 5806 ,ὖς,
359 5739 561 5804 ἀδίκως
590 5743 781 5807 αὐτοὺς
808 5745 1110 5811 ἐπιδείξωσι
1139 5744 1266 5817 παρ’
1290 5745 1318 5796 ὑ
1327 5743 1438 5816 μῶν
1468 5763 1728 5816 συκοφαν-

253 5921 274 5946 ⁸
303 5913 432 5971 Luc.
459 5932 593 5992 uti,
635 5915 723 5975 52.

1826 3374 2121 3428 ditamento
2155 3376 2255 3430 visi
2299 3387 2422 3431 sunt
2456 3377 2589 3431 atleo
2631 3393 2784 3432 acres
2825 3380 3058 3449 ingenio,
3088 3390 3145 3434 ut
3184 3368 3363 3434 nullus

1825 3466 2082 3534 apologis?
2126 3467 2276 3521 locus
2327 3468 2399 3521 sit
2447 3469 2602 3522 nobis
2637 3471 2875 3534 relictus,
2907 3471 3000 3538 qui
3035 3481 3195 3524 erunt
3237 3486 3359 3524 cum

1827 3562 1994 3621 ipsam
2016 3558 2326 3626 opinionem
2363 3560 2813 3629 examinabiutus,
2838 3576 2933 3628 pro
2963 3575 3064 3629 qua
3095 3569 3145 3614 et
3177 3566 3364 3615 docto-

1827 3660 1910 3699 res
1944 3644 2196 3701 Ecclesia:
2244 3644 2487 3717 preferre
2522 3648 2741 3712 habent,
2770 3649 3005 3720 Spiritus
3044 3652 3212 3705 sancti
3240 3667 3364 3720 pro-

1824 3735 2132 3789 ductionem
2183 3736 2320 3792 Filio
2367 3753 2584 3808 quoque
2637 3739 3180 3796 tribuentes'lSatius
3205 3741 3363 3810 igitur

1824 3836 1905 3879 cst
1960 3829 2131 3891 abire,
2162 3845 2322 3897 quam
2374 3831 2510 3884 vinci
2543 3818 2744 3884 etcum
2799 3832 3092 3897 ignominia
3142 3834 3362 3888 reverti.

1826 3916 1946 3971 llaec
1977 3918 2233 3973 dicebatis
2267 3915 2366 3988 ipsi
2412 3920 2654 3989 profecto
2690 3922 2942 3988 convicti,
2984 3930 3038 3977 et
3089 3923 3141 3976 in
3190 3939 3361 3993 angu-

1825 4011 1953 4065 stias
1994 4025 2088 4078 per
2120 4021 2434 4079 argumenta
2479 4013 2703 4066 redacti.
2749 4013 2788 4066 Α
2817 4026 2865 4066 te
2898 4024 3058 4080 porro
3088 4015 3365 4069 emendari

1827 4102 2125 4155 Romanam
2161 4103 2458 4157 Ecclesiam
2498 4105 2571 4156 nil
2605 4118 2742 4172 opus
2771 4114 2919 4167 erat;
2949 4120 3065 4157 nam
3106 4106 3196 4178 illa
3234 4121 3366 4159 cun-

1824 4203 2035 4247 ctarum
2096 4200 2177 4246 est
2215 4193 2564 4262 gubernatrix
2611 4194 2986 4257 ecclesiarum,
3022 4204 3074 4248 et
3103 4205 3367 4266 mgrotan-

1826 4283 1967 4338 tibus
2005 4284 2246 4339 ecclesiis
2270 4285 2597 4353 peritissime
2621 4284 2886 4350 medetur,
2903 4299 3024 4340 eum
3046 4294 3363 4353 potestatem

1824 4390 1854 4429 a
1898 4375 2114 4431 Christo
2159 4377 2426 4443 acceperit
2475 4377 2695 4446 regendi
2745 4378 2878 4431 alias
2909 4386 2962 4431 et
3004 4377 3361 4445 gubernandi,

1824 4468 2173 4522 coitﬁrmandi
2233 4477 2286 4522 et
2312 4469 2646 4534 corrigendi,
2695 4483 2803 4522 non
2833 4478 2885 4532 ut
2935 4471 3048 4536 ipsa
3082 4469 3366 4523 confirme-

1826 4565 1914 4612 tur
1946 4558 2013 4610 ab
2051 4557 2211 4611 aliis:
2249 4556 2317 4609 Et
2367 4565 2445 4619 tu,
2494 4557 2673 4625 inquit
2726 4556 2977 4612 Salvator
3006 4559 3072 4613 ad
3121 4559 3360 4625 Petrum,

1823 4648 2106 4716 aliquando
2151 4663 2421 4702 corwerstts
2471 4650 2729 4718 conﬁrma
2775 4650 2972 4717 fratres
3007 4659 3120 4704 tttos
3153 4651 3174 4682 ⁸
3203 4668 3223 4716 ;
3255 4666 3360 4706 nou
3455 4717 3458 4720 ν

1821 4740 1996 4796 dixit:
2029 4741 2362 4796 Count-mare
2413 4756 2443 4795 a
2484 4740 2740 4796 fratribus
2767 4743 2892 4808 tuis,
2930 4742 3045 4806 sed,
3072 4743 3357 4809 Con/irata.

1822 4831 2112 4896 Oportebat
2145 4833 2308 4902 igitur
2335 4841 2386 4885 te
2430 4832 2590 4887 etiam
2616 4833 2684 4885 ab
2704 4833 2791 4898 illa
2816 4832 3141 4894 conﬁrmari,
3165 4848 3357 4902 quem-

1819 4925 2108 4981 admodum
2159 4924 2515 4992 sapientiores
2571 4931 2624 4978 et
2646 4909 2928 4979 doctiores.
2963 4931 3013 4979 te
3052 4924 3362 4983 conﬁrmati

1822 5027 1968 5073 sunt.
1989 5015 2059 5071 Ut
2089 5015 2393 5070 transiretis
2417 5024 2592 5068 autem
2622 5017 2687 5070 ad
2715 5014 3123 5085 inquisitionem
3143 5018 3363 5087 dogma-

1821 5109 1892 5164 tis
1930 5122 2058 5163 nonrr
2085 5106 2442 5163 hortabantur
2478 5105 2690 5172 Latini;
2730 5121 2917 5162 verum
2972 5108 3100 5176 quia
3151 5123 3366 5165 menses

1819 5203 1927 5273 jam
1988 5204 2142 5252 erant
2209 5197 2644 5264 quatuordecim,
2691 5211 2814 5252 cum
2862 5198 2988 5251 illud
3041 5199 3364 5279 agitabatur,

1823 5291 1958 5346 nihil
1987 5303 2105 5343 esse
2132 5287 2384 5358 Symbolo
2421 5285 2805 5355 adjiciendum,
2832 5294 2886 5338 et
2919 5285 2982 5337 ad
3010 5286 3364 5352 qttmsitorum

1829 5381 2057 5436 alterum
2089 5378 2235 5449 (nam
2268 5378 2390 5456 duo\
2423 5385 2639 5461 tantum;
2669 5377 2842 5439 erant)
2867 5374 2976 5441 jam
3010 5376 3140 5429 satis
3171 5376 3243 5429 illi
3276 5392 3369 5431 vo-

1825 5473 1906 5527 bis
1933 5469 2337 5538 responderant,
2357 5475 2634 5536 propterea
2653 5479 2785 5533 0pus
2821 5472 2934 5519 erat
2956 5473 3012 5518 ut
3043 5465 3107 5518 ad
3139 5465 3364 5518 alterum

1827 5563 1987 5619 etiam
2018 5559 2451 5631 pertractandum
2484 5557 2822 5632 transiretur,
2846 5571 2953 5625 quo
2989 5554 3251 5620 dogmatis
3275 5570 3364 5608 ve-

1828 5655 1981 5710 ritate
2001 5652 2264 5723 patelacta
2290 5649 2571 5719 probarent
2600 5663 2656 5702 se
2698 5662 2728 5702 a
2755 5646 2906 5702 vobis
2936 5645 3129 5715 injuria
3156 5646 3366 5699 calum-

1839 5748 1940 5801 niis
1969 5743 2102 5814 peti,
2129 5741 2282 5813 quasi
2313 5739 2454 5796 sacri
2487 5738 2720 5809 Symboli
2746 5738 3147 5813 depravatores;
3171 5735 3361 5792 Osten-
