4006 6340
642 490 779 561 1⁸³ιῖ

1574 502 1887 568 ῙΟΞΕΡΙΙΙ
1924 512 2470 576 METIIONENSIS
2511 519 2857 580 EPISCOPI

3711 523 3836 588 lilii

641 615 834 669 (lerunt
871 630 1001 683 ergo
1059 617 1212 671 nobis
1267 619 1646 688 liquidissime,
1691 633 2009 692 potestatem
2061 641 2181 681 esse

2292 634 2580 702 τουμόνους
2624 635 2700 698 ὡς
2745 635 3168 704 παραχαρὰκτας
3210 636 3300 690 τοῦ
3345 637 3490 707 ἱεροῦ
3539 639 3830 706 Συμϐόλου.

643 706 841 757 sancta:
871 704 946 757 illi
989 705 1100 759 sedi
1128 707 1469 762 examinandi
1496 717 1550 762 et
1579 713 1889 781 corrigendi
1916 729 2037 782 quae
2063 729 2184 785 spe-

639 800 790 846 ctant
820 793 885 846 ad
917 793 1097 849 fidem.
1145 795 1323 861 Quare
1366 812 1498 859 non.
1532 808 1591 852 ιιι
1623 800 1779 864 dicis,
1825 802 1890 856 ad
1927 802 2184 873 obtegen-

642 885 766 937 dum
817 884 1046 951 facinus,
1093 888 1236 956 quod
1291 890 1408 944 ausi
1463 892 1670 945 suntin
1700 882 2184 964 Symbolo.cupie-

641 974 767 1028 bant
807 976 1060 1033 devenire
1109 981 1173 1034 ad
1224 981 1490 1050 dogmatis
1521 984 1982 1052 disquisitionem.
2005 986 2097 1042 sed
2127 997 2187 1040 ut

639 1065 791 1120 Vobis
803 1068 1230 1125 demonstrarent
1247 1073 1385 1140 piam
1403 1087 1524 1128 esse
1543 1089 1724 1130 vocem
1744 1075 2184 1142 illam,Fillaque,

643 1156 695 1208 in
725 1154 978 1226 Symbolo
1002 1163 1254 1229 positam.
1284 1180 1514 1235 esseque
1548 1167 1825 1222 doctorum
1857 1170 1908 1222 ct
1931 1167 2186 1224 Ecclesia:

641 1249 982 1315 sententiam,
1007 1259 1060 1305 et
1087 1252 1284 1306 frustra
1312 1269 1370 1309 se
1405 1268 1434 1309 ι
1466 1255 1619 1311 vobis
1653 1258 1897 1312 accusari
1925 1267 1980 1314 et
2007 1274 2182 1328 oppu-

628 1339 830 1404 gnari:
863 1349 1146 1409 propterea
1177 1344 1243 1397 ad
1275 1351 1752 1410 perscrutationem
1774 1349 2040 1419 dogmatis
2064 1365 2185 1418 per-

648 1428 832 1484 venire
863 1432 1167 1486 studebant.
2154 1430 2161 1437 ’

1296 1614 1534 1672 EPIIES.

711 1706 907 1760 Verum
954 1709 1123 1762 nostri
1187 1709 1236 1763 id
1285 1726 1390 1764 non
1435 1709 1698 1775 ferebant.
1734 1723 1786 1768 et
1841 1715 1991 1769 nullo
2026 1717 2187 1771 modo

643 1796 982 1865 patiebantur
1001 1798 1065 1853 de
1089 1800 1339 1870 dogmate
1353 1806 1706 1870 quaestionem
1729 1805 2008 1870 haberi,ni
2037 1809 2188 1877 prius

643 1888 1005 1956 corrigeretur
1027 1890 1478 1947 additamentum.

1322 1979 1518 2037 RESP.

712 2065 828 2123 Non
879 2071 1121 2127 ferebant
1166 2088 1293 2129 sane
1343 2077 1516 2130 nostri
1571 2077 1791 2132 alterius
1837 2081 2186 2146 problematis

640 2162 995 2229 quaestionem
1044 2163 1255 2232 agitari,
1305 2176 1579 2222 certamen
1615 2179 1896 2237 paventes,
1945 2169 2186 2237 illudque

643 2251 1076 2317 reformidantes,
1107 2269 1175 2308 ne
1209 2254 1261 2308 in
1296 2255 1534 2311 secundo
1568 2257 1730 2311 etiam
1762 2257 2036 2315 idemdllis
2063 2272 2186 2312 eve-

642 2345 807 2399 niret.
844 2345 1056 2400 Etenim
1086 2361 1182 2401 vos
1211 2346 1382 2401 divisa
1407 2348 1459 2401 in
1493 2349 1625 2402 duas
1653 2357 1832 2418 partes
1861 2350 2182 2420 quastione.

639 2449 865 2500 quarum
893 2436 1060 2489 altera
1093 2444 1229 2500 erat,
1258 2436 1390 2491 nihil
1424 2451 1545 2493 esse
1577 2437 1833 2508 Symbolo
1858 2438 2185 2503 addendum,

643 2541 710 2578 ne
763 2527 1051 2581 dietionem
1101 2527 1314 2596 quidem
1360 2542 1461 2582 nec
1516 2529 1803 2598 syllabam,
1843 2530 2008 2584 altera
2038 2545 2187 2594 vero,

645 2629 742 2669 nec
773 2616 918 2685 pium
957 2632 1055 2671 nec
1089 2629 1276 2670 verum
1303 2631 1424 2672 esse
1467 2618 1610 2685 quod
1646 2626 1729 2673 est
1757 2618 1995 2673 additum
2027 2619 2188 2690 Sym-

647 2707 788 2770 bolo,
821 2708 1060 2764 rationes
1089 2718 1298 2764 vestras
1338 2709 1657 2778 protulistis.
1685 2706 1819 2765 Cum
1851 2725 1979 2765 vero
2008 2708 2184 2764 Latini

645 2797 710 2850 ad
742 2799 972 2868 primum
997 2807 1250 2855 strenuos
1283 2815 1341 2854 se
1372 2801 1768 2869 praestitissent,
1797 2803 2186 2871 veritatemque

645 2889 1124 2958 demonstrassent,
1184 2907 1246 2944 ac
1308 2891 1672 2946 ostendissent
1724 2892 2068 2947 deﬁnitiones
2133 2901 2187 2947 et

646 2979 858 3041 decreta
891 2980 1227 3049 prohibentia
1254 2978 1386 3034 nihil
1420 2980 1522 3034 sibi
1556 2982 1803 3044 obstare;
1839 2979 2077 3049 alioquin
2104 2978 2186 3033 fu-

645 3080 824 3123 turum
859 3081 913 3124 ut
963 3069 1150 3125 Patres
1189 3071 1355 3126 etiam
1418 3071 1668 3125 secundae
1715 3071 1905 3140 synodi
1961 3070 2186 3139 subjecti

646 3162 866 3215 omnino
894 3172 1076 3218 essent
1114 3165 1463 3230 anathemati,
1505 3164 1649 3234 quod
1692 3162 1836 3218 aliud
1870 3163 2184 3233 Symbolum

646 3252 904 3307 ediderint
935 3255 1002 3308 ab
1053 3256 1145 3310 illo
1187 3256 1483 3316 diversum.
1514 3253 1654 3322 quod
1687 3263 1840 3309 antea
1873 3254 2046 3321 prima
2078 3251 2188 3306 trit-

648 3342 892 3406 diderat;
937 3346 1106 3399 nostri
1144 3347 1197 3399 in
1235 3347 1335 3400 hoc
1363 3345 1555 3400 devicti
1603 3345 1899 3401 secundum
1937 3346 2188 3415 pertime-

650 3432 870 3489 scebant
919 3445 1212 3490 certamen.
1249 3436 1306 3490 Si
1357 3437 1524 3500 enim,
1569 3436 1802 3495 aiebant.
1844 3436 1898 3488 in
1943 3451 2007 3490 eo
2042 3435 2186 3505 quod

653 3523 842 3579 fortius
874 3525 1176 3589 videbatur,
1212 3537 1318 3580 tam
1357 3526 1562 3581 validas
1603 3534 1657 3580 et
1700 3539 1956 3580 nervosas
1997 3525 2193 3578 dedere

649 3613 821 3670 I-atini
848 3615 1208 3678 defensiones,
1243 3619 1370 3685 quid
1416 3619 1678 3684 dicemus,
1706 3618 1795 3672 ubi
1831 3626 2048 3671 sanctos
2095 3615 2193 3667 Pa-

649 3717 759 3758 tres
792 3706 1063 3773 proferent
1089 3721 1323 3760 consona
1355 3707 1482 3762 huic
1508 3708 1742 3777 dogmati
1787 3706 2036 3760 locutos?
2067 3704 2193 3758 Pro-

651 3807 833 3860 pterea
869 3795 1015 3849 nullo
1063 3798 1224 3850 modo
1256 3797 1506 3851 volebant
1543 3807 1601 3850 ttt
1649 3797 1712 3851 ad
1757 3796 2188 3866 disquisitionem

648 3887 944 3951 veniretur,
975 3895 1028 3940 et
1061 3887 1240 3957 fugam
1281 3888 1402 3942 inde
1432 3891 1713 3957 parabant.
1750 3892 1997 3942 Attamen
2032 3903 2189 3942 suum

648 3988 703 4030 te
748 3977 1084 4033 defensorem
1123 3981 1554 4044 constituerunt;
1599 3990 1677 4033 tu.
1704 3996 1854 4043 vero,
1901 3995 2094 4048 nempe
2134 3989 2194 4031 ut

649 4069 918 4125 devitares
966 4069 1359 4126 discnssionem
1405 4071 1695 4140 dogmatis,
1749 4062 1804 4123 at
1854 4078 2001 4123 certe
2051 4069 2188 4122 clam

649 4160 994 4214 assentiendo
1024 4161 1337 4216 Latinorum
1375 4161 1630 4231 dogmati,
1656 4161 1876 4216 dixisti:
1907 4160 1980 4216 Ut
2004 4176 2187 4215 verum
2219 4198 2227 4225 χ

647 4252 807 4306 etiam
838 4240 1198 4306 examinanda
1233 4257 1529 4320 reperiatur
1558 4257 1891 4322 dogtna,nos
1922 4264 2066 4308 certe
2093 4269 2190 4306 vo-

649 4358 766 4397 cem
815 4343 954 4398 hanc
986 4343 1038 4396 in
1099 4344 1352 4412 Symbolo
1404 4343 1691 4398 admittere
1743 4359 1846 4398 non
1882 4359 2189 4412 possumus,

649 4434 900 4500 quoniam
958 4433 1142 4489 Patres
1185 4443 1399 4489 nostros
1434 4449 1714 4501 veremurK
1751 4433 2036 4505 Pugnabas
2063 4449 2192 4503 ergo

650 4533 702 4576 et
733 4533 788 4576 tu
815 4536 1000 4580 contra
1046 4528 1344 4593 veritatem,
1369 4534 1429 4581 ut
1459 4526 1546 4580 ille
1591 4520 1684 4596 qui
1728 4528 1793 4580 de
1829 4527 2018 4580 umbra
2053 4525 2188 4580 asini

2290 723 2537 789 Ἔδειξαν
2567 721 2659 779 οὖν
2689 726 2821 795 ἡμῖν
2849 725 3230 794 ἐμφανέστατα
3250 771 3264 792 ,
3297 727 3540 790 ἐξουσίαν
3572 729 3720 799 ἔχειν
3751 733 3834 784 τὸν

2286 811 2428 864 θεῖον
2458 810 2646 881 θρόνον
2676 815 2881 867 ἐκεῖνον
2908 814 3181 879 ἐξετάζειν
3209 817 3301 868 καὶ
3334 816 3577 888 διορθοῦν
3606 819 3678 871 τὰ
3714 823 3834 890 περὶ

2282 901 2380 968 τὴν
2411 900 2610 956 πίστιν.
2643 901 2732 955 Διὸ
2761 903 2859 955 οὑκ
2887 903 2980 958 ἐπὶ
3009 904 3068 955 τὸ
3102 904 3420 959 ὲπισκιάσαι
3450 908 3510 958 τὸ
3541 907 3796 975 τόλμημα
3818 949 3830 971 ,

2283 989 2360 1051 ὡς
2395 990 2458 1044 σὺ
2493 991 2632 1062 φῂς.
2666 992 2761 1046 τοῦ
2801 993 3078 1058 Συμϐόλου
3113 996 3202 1048 ἐπὶ
3234 995 3330 1063 τὴν
3365 995 3611 1060 ἐξέτασιν
3645 998 3832 1050 ἐπεθύ-

2287 1097 2422 1144 μουν
2473 1082 2776 1152 μεταϐῆναι
2820 1085 2912 1137 τοῦ
2961 1085 3256 1155 δόγματος,
3309 1088 3542 1142 ἀλλ’ἵνα
3594 1089 3831 1154 δείξωσιν

2285 1171 2436 1239 ὑμῖν,
2466 1172 2540 1234 ὡς
2571 1174 2801 1243 εὐσεϐής
2832 1176 2980 1229 ἐστιν
3007 1179 3063 1247 ή,
3102 1178 3205 1233 Ἕκ
3234 1180 3339 1234 τοῦ
3378 1180 3538 1244 Υιοῦ,
3571 1180 3726 1249 φωνὴ
3752 1198 3834 1232 τε⁴

2285 1261 2436 1317 θεῖσα
2462 1264 2519 1316 ὲν
2547 1265 2624 1333 τῷ
2658 1263 2939 1337 Συμϐόλῳ,
2968 1270 3063 1323 καὶ
3092 1267 3216 1334 δόξα
3245 1271 3354 1323 τῶν
3383 1271 3719 1324 διδασκάλων
3747 1271 3834 1321 καὶ

2285 1353 2384 1417 τῆς
2418 1354 2763 1423 Ἐκκλησίας,
2794 1359 2889 1410 καὶ
2917 1357 2999 1411 ὅτι
3032 1359 3206 1426 μάτην
3230 1359 3410 1421 αὑτοῖς
3435 1360 3720 1427 ἐγκαλεῖτε
3747 1361 3834 1413 καὶ

2289 1444 2522 1514 μάχεσθε
2543 1460 2558 1476 ο
2589 1446 2676 1500 διὰ
2699 1447 2854 1500 τοῦτο
2881 1448 3016 1518 πρὸς
3040 1447 3138 1518 τὴν
3161 1447 3401 1514 ἐξέτασιν
3427 1449 3620 1503 τούτου
3648 1447 3834 1503 ἔσπευ-

2285 1536 2372 1587 δον
2403 1535 2723 1607 μεταϐῆναι.

2962 1629 3153 1685 ΕΦΕΣ.

2367 1717 2510 1772 Ἀλλ’
2533 1719 2580 1770 oi
2611 1719 2872 1788 ἡμέτεροι
2902 1721 3000 1774 οὑκ
3025 1722 3331 1790 ἠνείχοντο,
3365 1723 3460 1774 καὶ
3487 1719 3838 1788 ἀμεταθέτως

2289 1803 2434 1877 εἶχον
2459 1794 2594 1877 ετρδς
2617 1809 2716 1878 τὴν
2739 1811 2838 1877 τῆς
2865 1812 3022 1881 δόξης
3052 1811 3318 1877 ἐξέτασιν,
3347 1813 3394 1864 εί
3423 1812 3496 1881 μὴ
3521 1798 3838 1881 διορθωθείη

2289 1902 2550 1970 πρότερον
2580 1901 2613 1970 ἡ
2645 1901 2948 1972 προσθήκη.

2960 1992 3162 2046 ΑΠΟΔ.

2369 2079 2611 2148 Ἀληθῶς
2636 2081 2735 2134 οὑκ
2762 2083 3038 2151 ἡνειχοντο
3065 2085 3163 2152 μὲν
3186 2085 3235 2137 οἱ
3263 2084 3521 2154 ἡμέτεροι
3552 2083 3727 2137 ἐλθεῖν
3753 2083 3840 2134 ἐπὶ

2285 2168 2382 2234 τὴν
2410 2166 2654 2233 ιξιτασιν
2681 2167 2774 2222 τοῦ
2805 2169 3062 2239 δευτέρου
3091 2171 3502 2241 προϐλήματος,
3535 2172 3628 2226 τόν
3656 2172 3840 2240 αγῶθα

2285 2255 2590 2318 δειλιῶντες
2617 2259 2712 2311 καὶ
2740 2261 3068 2329 τρέμοντες,
3101 2260 3174 2330 μή
3208 2273 3324 2325 πως
3349 2264 3418 2315 τὰ
3449 2262 3588 2317 αὑτὰ
3617 2261 3695 2332 τῷ
3723 2262 3841 2315 6w-

2285 2348 2430 2414 τέρῳ
2458 2342 2719 2404 πάθωσιν.
2747 2345 2840 2411 Ei;
2870 2349 2962 2404 δύο
2991 2345 3084 2405 οὖν
3111 2351 3268 2417 ὑμεῖς
3292 2351 3353 2403 τὸ
3380 2351 3598 2420 ζήτημα
3624 2353 3841 2421 διαιρή-

2291 2455 2504 2504 σαντες,
2532 2441 2611 2503 είς
2638 2439 2717 2505 τὸ,
2748 2441 2823 2493 Ob
2855 2442 3281 2513 δεῖ’προσθεῖναι
3305 2442 3381 2510 τῷ
3407 2443 3673 2512 Συμϐόλῳ
3704 2445 3839 2513 μήτε

2287 2526 2427 2591 λέξιν
2463 2528 2597 2596 μήτε
2638 2529 2903 2600 συλλαϐήν
2925 2548 2941 2564 ⁸
2976 2532 3034 2586 τὸ
3073 2534 3150 2598 δὲ,
3173 2534 3247 2597 ὡς
3283 2532 3349 2589 Ἦ
3389 2533 3745 2600 προστεθεῖσα
3783 2535 3842 2584 ἓν

2288 2613 2365 2679 τῷ
2394 2615 2652 2685 Συμϐόλῳ
2681 2618 2965 2688 προσθήκη
2996 2619 3094 2672 οὑκ
3125 2619 3273 2674 ἔστιν
3303 2621 3530 2691 εὐσεϐὴς
3555 2620 3676 2675 οῦδὲ
3708 2623 3841 2690 ἁλη-

2289 2703 2418 2772 θὴς,
2453 2706 2797 2775 προετείνατε
2826 2709 2950 2770 τοὺς
2981 2708 3199 2776 λόγους.
3234 2711 3354 2764 Τῶν
3383 2711 3437 2764 δὲ
3473 2713 3716 2766 Λατίνων
3747 2712 3842 2764 ἐπὶ

2292 2794 2391 2863 μὲν
2412 2796 2471 2848 τὸ
2496 2796 2708 2863 πρῶτον
2731 2799 2992 2863 γενναίων
3018 2801 3313 2869 φανέντων,
3340 2804 3431 2855 καὶ
3455 2802 3553 2873 τὴν
3581 2801 3841 2870 ἀλήθειαν

2288 2884 2689 2951 ἐπιδειξάντων,
2718 2887 2812 2940 καὶ
2833 2888 2908 2950 ὡς
2932 2889 2992 2942 οὑ
3021 2890 3410 2956 προσίστανται
3436 2893 3618 2954 αὑτοῖς
3645 2895 3694 2944 cl
3721 2893 3838 2960 ὅροι

2290 2975 2384 3026 καὶ
2405 2977 2472 3026 τὰ
2496 2975 2816 3045 κωλύματα,
2841 2980 2886 3030 εί
2913 2980 2968 3032 δὲ
3000 2979 3095 3050 μὴ,
3119 2983 3214 3034 καὶ
3237 2983 3286 3034 oi
3311 2983 3406 3051 τῆς
3429 2983 3686 3052 δευτέρας
3710 3000 3842 3035 συν-

2289 3064 2408 3118 όδου
2450 3067 2689 3135 Πατὲρες
2731 3070 2942 3133 πάντως
2977 3072 3218 3141 ὑπῆρχον
3252 3073 3354 3126 ὑπὸ
3387 3074 3463 3143 τῷ
3500 3073 3834 3142 ἀναθέματι,

2290 3155 2415 3209 ἄλλο
2456 3157 2806 3222 ἐκδεδωκότες
2843 3161 3114 3231 Σύμϐολον
3151 3162 3185 3232 ἢ
3223 3165 3358 3233 ὅπερ
3397 3166 3427 3232 ἠ
3471 3165 3665 3234 πρώτη
3704 3165 3843 3231 φθά-

2293 3261 2433 3308 σασα
2469 3251 2877 3316 παραδέδωκεν·
2910 3253 2957 3304 οί
2990 3253 3242 3320 ὑμέτεροι
3273 3255 3593 3324 ἡττηθέντες
3625 3257 3683 3307 ἐν
3714 3257 3841 3308 τοὺ-

2290 3355 2385 3406 τῳ,
2427 3338 2660 3391 ἑδωλίων
2703 3339 2794 3391 τὸν
2836 3339 3084 3411 δεύτερον
3122 3343 3379 3396 εἰσελθεῖν
3416 3345 3604 3413 ἀγῶνα
3628 3347 3731 3397 ·ἐί
3781 3350 3842 3399 εν

2294 3428 2439 3495 αὑτῴ
2458 3469 2472 3492 ,
2506 3427 2641 3494 ὅπερ
2671 3427 2852 3490 αὑτοῖς
2885 3430 3230 3500 ἰσχυρότερον
3257 3427 3395 3485 εἶναι
3425 3433 3595 3486 εδόκει
3615 3475 3629 3499 ,
3664 3433 3840 3495 οὑτως

2296 3517 2521 3588 ίσχυρὰς
2552 3519 2645 3570 καὶ
2672 3521 2921 3584 γενναίας
2946 3523 2992 3572 oi
3019 3523 3235 3574 Λατῖνοι
3259 3523 3355 3584 τὰς
3381 3524 3674 3590 ἀπολογίας
3702 3526 3840 3576 ἀπέο

2291 3611 2490 3675 δωκαν,
2537 3612 2592 3662 τί
2640 3611 2705 3664 ἂν
2751 3611 3010 3680 είπωμεν,
3059 3612 3260 3679 ελεγον,
3307 3615 3433 3666 ὅταν
3477 3615 3604 3676 τοὺς
3649 3616 3841 3681 ἁγίους

2293 3703 2423 3770 ⁴ἡμῖν
2470 3701 2775 3764 ὲπιδείξωσι
2825 3702 3246 3770 συμφωνοῦντας
3293 3705 3370 3772 τῷ
3420 3704 3686 3774 δόγματις
3737 3708 3844 3759 Διὰ

2290 3792 2446 3846 τοῦτο
2473 3794 2817 3861 ἀμεταθέτως
2849 3789 2995 3863 εἶχον
3025 3796 3157 3866 πρὸς
3183 3797 3278 3866 τὴν
3307 3797 3571 3865 ἐξέτασιν,
3603 3801 3700 3852 καὶ
3729 3797 3845 3868 ὧρ-

2295 3905 2473 3956 μησαν
2509 3887 2719 3940 ἐκεῖθεν
2755 3888 2942 3956 φυγεῖν
2967 3903 2981 3918 ·
3020 3889 3165 3953 ὅμως
3201 3890 3564 3959 προὺϐἁλοντό
3599 3909 3657 3944 σε
3698 3893 3841 3960 ὑπὲρ

2292 3981 2469 4033 αὐτῶν
2517 3979 2994 4048 ἀπολογήσασθαι³
3047 3981 3139 4034 καὶ
3188 3977 3362 4043 εἶπες.
3413 3983 3631 4050 φεύγων
3678 3984 3845 4052 δῆθεν

2292 4068 2385 4121 τοῦ
2415 4069 2679 4136 δόγματος
2710 4069 2807 4138 τὴν
2837 4067 3080 4132 ἐξέτασιν
3101 4113 3116 4135 ,
3150 4073 3596 4134 συγκαταϐαίνων
3624 4073 3668 4126 δ’
3693 4075 3844 4142 ὅμως

2292 4161 2781 4230 ιγκεκαλυμμινως
2818 4161 2893 4230 τῷ
2932 4159 3038 4212 τῶν
3076 4162 3317 4217 Λατίνων
3354 4163 3616 4232 δόγματι,
3653 4165 3736 4217 δτι
3779 4166 3844 4218 Εἰ

2294 4256 2386 4306 καὶ
2427 4253 2622 4322 ἀληθὲς
2665 4252 2914 4320 εὑρεθείη
2953 4254 3014 4305 τὸ
3053 4253 3229 4322 δόγμα
3272 4253 3681 4323 ἐξεταζόμενον,
3723 4257 3844 4308 ἀλλ’

2295 4346 2454 4412 ἡμεῖς
2496 4343 2554 4395 οὑ
2593 4343 2863 4410 δυνάμεθα
2903 4343 3312 4413 παραδέξασθαι
3351 4361 3480 4395 ποτε
3520 4344 3618 4413 τὴν
3657 4347 3844 4412 φωνὴν

2293 4433 2491 4502 ταύτην
2523 4435 2579 4484 εν
2609 4434 2682 4500 τῷ
2710 4433 2999 4502 Συμϐόλῳ,
3033 4432 3220 4503 ἐπειδὴ
3246 4432 3372 4494 τοὺς
3403 4435 3656 4503 Πατὲρας
3688 4438 3847 4505 ἡμῶν

2297 4523 2689 4592 εὑλαϐοὑμεθα.
2730 4523 2963 4591 Ἐμὰχου
3007 4520 3098 4576 οὖν
3138 4526 3200 4592 τῇ
3239 4524 3462 4594 ἀληθείᾳ
3503 4525 3599 4576 καὶ
3644 4528 3731 4584 σὺ,
3771 4527 3848 4588 ὡς

651 4613 1042 4679 altercabatur;
1066 4627 1119 4668 et
1139 4616 1565 4670 emendationem
1591 4617 1887 4671 faciendam
1911 4617 2013 4672 hoc
2033 4618 2189 4671 modo

2299 4616 2498 4677 ἐκεῖνος
2537 4615 2564 4667 ό
2607 4614 2747 4686 ὑπὲρ
2779 4614 2877 4681 τῆς
2914 4614 3036 4666 ὄνου
3076 4612 3232 4677 σκιᾶῗς
3257 4634 3270 4646 ν
3306 4616 3401 4669 καὶ
3429 4617 3527 4684 τὴν
3557 4618 3850 4683 διόρθωσιν

652 4706 869 4760 dicebas
893 4722 907 4759 :
928 4704 1174 4759 Tollatu'r
1203 4721 1231 4758 e
1263 4705 1518 4772 Symbolo
1552 4721 1650 4758 vox
1688 4706 1774 4758 illa
1805 4707 2005 4772 addita,
2034 4717 2087 4759 et
2113 4723 2197 4762 re-

656 4807 886 4865 ponatur
913 4812 1154 4852 seorsum
1189 4797 1240 4849 in
1273 4796 1527 4866 peculiari
1555 4796 1805 4862 decreto;
1842 4798 2057 4865 quando
2087 4799 2198 4851 hrec

655 4901 706 4940 te
738 4889 949 4941 dicente
985 4887 1271 4942 ridiculum
1331 4887 1458 4956 quid
1511 4902 1668 4957 passa
1697 4895 1782 4941 est
1808 4894 1994 4941 nostra
2028 4888 2195 4941 natio.

663 4978 719 5033 Si
773 4978 916 5032 enim
949 4994 1050 5032 vox
1096 4978 1335 5048 Filioque
1363 4979 1671 5048 blasphema
1709 4989 1810 5039 cst.
1836 4996 1932 5035 cur
1964 4980 2118 5048 petis,
2145 4988 2200 5033 ιιι

659 5072 712 5126 in
742 5071 959 5126 decreto
984 5070 1242 5140 peculiari
1269 5082 1558 5138 reponatur
1578 5109 1594 5134 ,
1617 5071 2069 5140 quemadmodum
2102 5073 2198 5124 do-

658 5161 929 5218 ctissimus
952 5161 1240 5214 cardinalis
1264 5157 1507 5213 Julianus
1531 5160 1624 5213 tibi
1648 5161 2031 5229 objecitiilum
2054 5163 2193 5214 enim

658 5251 887 5307 dixisses
915 5270 926 5304 :
954 5250 1071 5306 Non
1105 5263 1389 5318 possumus
1422 5248 1559 5301 hanc
1586 5263 1768 5302 vocem
1799 5249 1850 5304 itt
1887 5249 2008 5303 fidei
2042 5251 2196 5318 Sym-

662 5341 782 5395 bolo
804 5343 1065 5410 recipere,
1095 5343 1235 5409 quod
1270 5340 1339 5394 sit
1375 5339 1709 5406 blaspheme.
1736 5341 1827 5392 sed
1863 5355 1978 5394 eam
2013 5341 2064 5393 in
2095 5341 2198 5394 alio

661 5431 950 5501 separatim
987 5445 1308 5494 reponamus
1328 5432 1562 5492 decreto,
1593 5438 1650 5482 ut
1671 5429 1869 5483 factum
1900 5441 1982 5484 est
2010 5432 2078 5485 ab
2100 5447 2195 5485 an-

659 5521 820 5590 tiquis
860 5519 927 5574 de
979 5533 1107 5572 voce
1151 5518 1260 5580 illa,
1288 5515 1498 5582 Semper
1529 5521 1692 5587 virgo,
1726 5519 1780 5574 in
1816 5519 2014 5589 hymno
2045 5521 2198 5585 cujus

661 5611 911 5665 initium:
950 5608 1254 5680 Unigenitus
1303 5607 1494 5672 Filius,
1545 5611 1832 5665 cardinalis
1880 5612 2194 5679 respondit:

664 5699 945 5764 Quaeratur
973 5701 1475 5772 prinSpvenerande
1523 5698 1700 5762 Pater,
1752 5715 1878 5753 num
1931 5716 2055 5754 vera
2107 5703 2197 5764 sit,

663 5805 730 5843 an
759 5791 887 5847 falsa
921 5805 972 5848 et
1009 5794 1319 5863 blasphema
1349 5808 1468 5845 vox.
1500 5793 1564 5847 Et
1584 5791 1860 5860 siquidem
1889 5790 2195 5859 blasphcma

660 5883 1134 5950 dcmonstrabitur,
1158 5899 1329 5950 neque
1353 5885 1405 5940 in
1433 5883 1687 5954 Symbolo
1713 5883 1994 5949 habeatur,
2024 5898 2196 5953 neque

2299 4708 2486 4776 τρόπῳ
2532 4707 2754 4775 τοιούτῳ
2803 4705 3052 4771 γενέσθαι
3104 4707 3326 4774 ἔλεγες·
3375 4707 3456 4759 ὅτι
3495 4708 3850 4776 Ἐκϐληθήτω

2299 4797 2405 4850 ἀπὸ
2433 4795 2525 4847 τοῦ
2554 4795 2828 4863 Συμϐόλου
2861 4797 2890 4862 ἡ
2923 4795 3208 4864 προσθῆκη
3240 4795 3398 4866 αὕτη,
3432 4799 3521 4848 καὶ
3553 4798 3762 4865 τεθήτω
3792 4801 3850 4849 ἐν

2304 4889 2415 4956 ἰδίῳ
2445 4890 2554 4957 ὅρῳ
2579 4903 2594 4919 ·
2627 4889 2713 4939 ὅτε
2747 4887 2840 4940 καὶ
2870 4887 3076 4953 γελοῖόν
3107 4901 3159 4940 τι
3193 4888 3525 4957 προσετρίϐη
3558 4889 3634 4957 τῷ
3664 4889 3846 4956 γένει,

2302 4979 2394 5032 σοῦ
2425 4979 2597 5032 ταῦτα
2624 4978 2888 5044 λέγοντος.
2921 4979 2980 5030 Ei
3006 4979 3114 5045 γὰρ
3142 4977 3457 5048 βλάσφημός
3487 4981 3636 5032 ἐστιν
3661 4982 3715 5049 ἡ,
3748 4983 3850 5035 Ἑλ.

2299 5070 2404 5124 τοῦ
2445 5068 2615 5134 Υίοῦ,
2653 5067 2801 5138 φωνὴ
2823 5115 2838 5140 ,
2873 5067 2962 5120 διὰ
2993 5068 3044 5119 τί
3079 5069 3260 5135 ζητεῖς
3292 5068 3459 5138 αὐτὴν
3492 5071 3551 5123 ὲν
3591 5070 3708 5138 ἰδίῳ
3740 5071 3851 5139 ὅρῳ

2299 5161 2517 5229 τεθῆναι
2539 5176 2556 5227 ;
2583 5157 2761 5218 καθὼς
2797 5156 3078 5218 Ἰουλιανὸς
3117 5157 3145 5208 ό
3185 5157 3491 5227 σοφώτατος
3537 5160 3850 5229 καρδινάλις

2302 5252 2434 5319 πρός
2463 5267 2520 5300 σε
2545 5250 2667 5316 ἔφη.
2712 5249 2966 5308 Εἰπόντος
2994 5249 3098 5318 γὰρ
3124 5248 3238 5313 σοῦ,
3262 5250 3341 5302 ὃτι
3357 5250 3428 5302 Οὐ
3455 5249 3728 5316 δυνάμεθα
3753 5249 3851 5313 τὴν

2302 5341 2484 5410 φωνὴν
2510 5337 2914 5407 παραδέξασθαι
2939 5342 3139 5409 ταύτην
3167 5341 3224 5392 ἐν
3247 5339 3325 5406 τῷ
3343 5339 3610 5407 Συμϐόλῳ
3634 5340 3731 5408 τῆς
3765 5342 3851 5392 πί-

2303 5448 2470 5490 στεως
2499 5430 2569 5492 ὡς
2602 5430 2917 5500 βλάσφημον
2948 5432 3112 5499 αὐτὴν
3141 5429 3320 5495 οὖσαν,
3353 5429 3486 5480 ἀλλὰ
3520 5431 3760 5499 θήσομεν
3793 5436 3849 5483 ἐν

2305 5521 2417 5590 ίδίῳ
2459 5521 2591 5591 ὅρῳ,
2632 5522 2818 5591 ὥσπερ
2857 5523 2905 5573 oi
2950 5521 3112 5572 πάλαι
3157 5519 3255 5588 τὴν
3297 5520 3394 5586 τῆς
3429 5520 3849 5588 ’Λειπορθένου

2303 5611 2484 5680 φωνὴν
2530 5615 2586 5664 ὲν
2631 5613 2726 5682 τῷ,
2771 5612 2825 5664 Ὀ
2865 5609 3199 5680 μονογενὴς
3253 5609 3420 5674 Υἱός·
3465 5612 3491 5662 ό
3535 5612 3849 5681 καρδινὰλις

2301 5703 2500 5772 ἀντέφη
2529 5721 2542 5735 ·
2583 5703 2948 5771 Ἐξετασθήτω
2981 5701 3263 5769 πρότερον,
3295 5701 3475 5771 Πάτερ
3506 5702 3780 5766 αίδέσιμε,
3815 5705 3847 5770 ἡ

2302 5793 2450 5861 φωνὴ
2481 5793 2637 5859 αὕτη,
2672 5795 2718 5844 εί
2751 5792 2951 5860 ἀληθής
2984 5793 3147 5855 ἐστιν,
3181 5791 3211 5860 ἢ
3242 5791 3436 5859 ψευδής
3462 5808 3519 5842 τε
3556 5793 3648 5844 καὶ
3678 5790 3847 5858 βλάσ-

2303 5903 2478 5956 φημος
2507 5902 2520 5916 ’
2562 5887 2651 5938 καὶ
2690 5886 2738 5936 εί
2784 5885 2880 5954 μὲν
2921 5885 3232 5954 βλάσφημυ;
3273 5883 3583 5953 ἀποδειχθῇ,
3626 5882 3750 5935 οὗτε
3795 5888 3847 5935 iv
