  <div class='ocr_page' id='page_1' title='image "/cluster/home/n/w/nwhite01/storage/ocr_20150623/159/pst.000005714797/626.png"; bbox 0 0 4006 6340; ppageno 0'>
   <div class='ocr_carea' id='block_1_1' title="bbox 200 509 338 575">
    <p class='ocr_par' dir='ltr' id='par_1_1' title="bbox 200 509 338 575">
     <span class='ocr_line' id='line_1_1' title="bbox 200 509 338 575; baseline -0.029 0"><span class='ocrx_word' id='word_1_1' title='bbox 200 509 338 575; x_wconf 57' lang='lat' dir='ltr'><strong>Ill-«is</strong></span> 
     </span>
    </p>
   </div>
   <div class='ocr_carea' id='block_1_2' title="bbox 1205 514 2428 577">
    <p class='ocr_par' dir='ltr' id='par_1_2' title="bbox 1205 514 2428 577">
     <span class='ocr_line' id='line_1_2' title="bbox 1205 514 2428 577; baseline 0.004 -5"><span class='ocrx_word' id='word_1_2' title='bbox 1205 516 1649 575; x_wconf 76' lang='lat' dir='ltr'><strong>REFUTATIO</strong></span> <span class='ocrx_word' id='word_1_3' title='bbox 1680 516 1915 576; x_wconf 78' lang='lat' dir='ltr'><strong>MARCI</strong></span> <span class='ocrx_word' id='word_1_4' title='bbox 1960 514 2346 577; x_wconf 80' lang='lat' dir='ltr'><strong>EPHESINI.</strong></span> <span class='ocrx_word' id='word_1_5' title='bbox 2425 546 2428 549; x_wconf 53' lang='grc' dir='ltr'><strong>ν</strong></span> 
     </span>
    </p>
   </div>
   <div class='ocr_carea' id='block_1_3' title="bbox 3164 518 3408 581">
    <p class='ocr_par' dir='ltr' id='par_1_3' title="bbox 3164 518 3408 581">
     <span class='ocr_line' id='line_1_3' title="bbox 3164 518 3408 581; baseline -0.012 0"><span class='ocrx_word' id='word_1_6' title='bbox 3164 552 3169 557; x_wconf 91' lang='grc'><strong>-</strong></span> <span class='ocrx_word' id='word_1_7' title='bbox 3276 518 3408 581; x_wconf 69' lang='lat' dir='ltr'><strong>ililfi</strong></span> 
     </span>
    </p>
   </div>
   <div class='ocr_carea' id='block_1_4' title="bbox 196 616 1767 699">
    <p class='ocr_par' dir='ltr' id='par_1_4' title="bbox 196 616 1759 693">
     <span class='ocr_line' id='line_1_4' title="bbox 196 616 1759 693; baseline 0.006 -24"><span class='ocrx_word' id='word_1_8' title='bbox 196 620 276 685; x_wconf 86' lang='grc' dir='ltr'>τῷ</span> <span class='ocrx_word' id='word_1_9' title='bbox 307 616 565 688; x_wconf 81' lang='grc' dir='ltr'>Συμϐόλῳ</span> <span class='ocrx_word' id='word_1_10' title='bbox 596 623 765 687; x_wconf 82' lang='grc' dir='ltr'>μενεῖ.</span> <span class='ocrx_word' id='word_1_11' title='bbox 793 618 916 673; x_wconf 70' lang='grc' dir='ltr'>οὔτε</span> <span class='ocrx_word' id='word_1_12' title='bbox 946 622 1179 692; x_wconf 73' lang='grc' dir='ltr'>ἀλλαχοῦ</span> <span class='ocrx_word' id='word_1_13' title='bbox 1207 625 1498 693; x_wconf 61' lang='grc' dir='ltr'>τεθήσεται</span> <span class='ocrx_word' id='word_1_14' title='bbox 1519 643 1531 654; x_wconf 91' lang='grc'><strong>·</strong></span> <span class='ocrx_word' id='word_1_15' title='bbox 1561 626 1626 678; x_wconf 86' lang='grc' dir='ltr'>τὰ</span> <span class='ocrx_word' id='word_1_16' title='bbox 1654 625 1759 693; x_wconf 77' lang='grc' dir='ltr'><strong>γάρ</strong></span> 
     </span>
    </p>
   </div>
   <div class='ocr_carea' id='block_1_5' title="bbox 1869 616 3412 699">
    <p class='ocr_par' dir='ltr' id='par_1_5' title="bbox 1869 624 3412 699">
     <span class='ocr_line' id='line_1_5' title="bbox 1869 624 3412 699; baseline 0.001 -19"><span class='ocrx_word' id='word_1_17' title='bbox 1869 627 1995 681; x_wconf 85' lang='lat' dir='ltr'><strong>alibi</strong></span> <span class='ocrx_word' id='word_1_18' title='bbox 2028 637 2323 696; x_wconf 71' lang='lat' dir='ltr'><strong>reponatur</strong></span> <span class='ocrx_word' id='word_1_19' title='bbox 2350 643 2365 693; x_wconf 90' lang='lat'><strong>;</strong></span> <span class='ocrx_word' id='word_1_20' title='bbox 2388 624 2698 697; x_wconf 80' lang='lat' dir='ltr'><strong>blasphema</strong></span> <span class='ocrx_word' id='word_1_21' title='bbox 2722 628 2865 682; x_wconf 89' lang='lat' dir='ltr'><strong>enim</strong></span> <span class='ocrx_word' id='word_1_22' title='bbox 2899 643 3165 699; x_wconf 85' lang='lat' dir='ltr'><strong>nusquam</strong></span> <span class='ocrx_word' id='word_1_23' title='bbox 3188 628 3412 683; x_wconf 79' lang='lat' dir='ltr'><strong>dicenda</strong></span> 
     </span>
    </p>
   </div>
   <div class='ocr_carea' id='block_1_6' title="bbox 200 706 1759 785">
    <p class='ocr_par' dir='ltr' id='par_1_6' title="bbox 200 706 1759 785">
     <span class='ocr_line' id='line_1_6' title="bbox 200 706 1759 785; baseline 0.004 -23"><span class='ocrx_word' id='word_1_24' title='bbox 200 710 498 779; x_wconf 72' lang='grc' dir='ltr'>βλάσφημα</span> <span class='ocrx_word' id='word_1_25' title='bbox 531 712 766 782; x_wconf 73' lang='grc' dir='ltr'>οὐδαμοῦ</span> <span class='ocrx_word' id='word_1_26' title='bbox 797 715 897 781; x_wconf 74' lang='grc' dir='ltr'><strong>χρὴ</strong></span> <span class='ocrx_word' id='word_1_27' title='bbox 930 714 1180 782; x_wconf 82' lang='grc' dir='ltr'>λέγεσθαι</span> <span class='ocrx_word' id='word_1_28' title='bbox 1208 706 1222 745; x_wconf 56' lang='grc' dir='ltr'>έ</span> <span class='ocrx_word' id='word_1_29' title='bbox 1258 717 1318 768; x_wconf 80' lang='grc' dir='ltr'><strong>εἰ.</strong></span> <span class='ocrx_word' id='word_1_30' title='bbox 1338 716 1383 768; x_wconf 82' lang='grc' dir='ltr'>δ’</span> <span class='ocrx_word' id='word_1_31' title='bbox 1410 717 1671 785; x_wconf 84' lang='grc' dir='ltr'>εὐσεϐὴς,</span> <span class='ocrx_word' id='word_1_32' title='bbox 1705 717 1759 769; x_wconf 88' lang='grc' dir='ltr'><strong>τί</strong></span> 
     </span>
    </p>
   </div>
   <div class='ocr_carea' id='block_1_7' title="bbox 198 801 1762 879">
    <p class='ocr_par' dir='ltr' id='par_1_7' title="bbox 198 801 1762 879">
     <span class='ocr_line' id='line_1_7' title="bbox 198 801 1762 879; baseline 0.005 -26"><span class='ocrx_word' id='word_1_33' title='bbox 198 803 258 854; x_wconf 78' lang='grc' dir='ltr'>ἐν</span> <span class='ocrx_word' id='word_1_34' title='bbox 286 801 362 870; x_wconf 84' lang='grc' dir='ltr'>τῷ</span> <span class='ocrx_word' id='word_1_35' title='bbox 392 801 655 872; x_wconf 78' lang='grc' dir='ltr'>Συμϐόλῳ</span> <span class='ocrx_word' id='word_1_36' title='bbox 674 844 690 869; x_wconf 89' lang='grc'><strong>,</strong></span> <span class='ocrx_word' id='word_1_37' title='bbox 722 804 775 855; x_wconf 86' lang='grc' dir='ltr'><strong>τί</strong></span> <span class='ocrx_word' id='word_1_38' title='bbox 804 803 1037 873; x_wconf 80' lang='grc' dir='ltr'><strong>ἀλλαχοῦ</strong></span> <span class='ocrx_word' id='word_1_39' title='bbox 1060 823 1073 868; x_wconf 90' lang='grc'><strong>;</strong></span> <span class='ocrx_word' id='word_1_40' title='bbox 1101 807 1319 861; x_wconf 81' lang='grc' dir='ltr'>Μᾶλλον</span> <span class='ocrx_word' id='word_1_41' title='bbox 1350 808 1449 878; x_wconf 70' lang='grc' dir='ltr'>μὲν</span> <span class='ocrx_word' id='word_1_42' title='bbox 1477 804 1569 863; x_wconf 80' lang='grc' dir='ltr'>οὖν</span> <span class='ocrx_word' id='word_1_43' title='bbox 1598 811 1657 863; x_wconf 72' lang='grc' dir='ltr'>ἐν</span> <span class='ocrx_word' id='word_1_44' title='bbox 1684 808 1762 879; x_wconf 85' lang='grc' dir='ltr'>τῷ</span> 
     </span>
    </p>
   </div>
   <div class='ocr_carea' id='block_1_8' title="bbox 196 892 1762 966">
    <p class='ocr_par' dir='ltr' id='par_1_8' title="bbox 196 892 1762 966">
     <span class='ocr_line' id='line_1_8' title="bbox 196 892 1762 966; baseline 0.005 -22"><span class='ocrx_word' id='word_1_45' title='bbox 196 892 459 964; x_wconf 77' lang='grc' dir='ltr'>Συμϐὁλῳ</span> <span class='ocrx_word' id='word_1_46' title='bbox 497 892 579 947; x_wconf 79' lang='grc' dir='ltr'>δεῖ</span> <span class='ocrx_word' id='word_1_47' title='bbox 612 895 895 964; x_wconf 77' lang='grc' dir='ltr'><strong>ὁμολογεῖν</strong></span> <span class='ocrx_word' id='word_1_48' title='bbox 930 896 1029 965; x_wconf 80' lang='grc' dir='ltr'>τὴν</span> <span class='ocrx_word' id='word_1_49' title='bbox 1064 897 1341 966; x_wconf 79' lang='grc' dir='ltr'>ἀλήθειαν.</span> <span class='ocrx_word' id='word_1_50' title='bbox 1375 899 1563 953; x_wconf 77' lang='grc' dir='ltr'>Ταῦτα</span> <span class='ocrx_word' id='word_1_51' title='bbox 1598 900 1762 954; x_wconf 84' lang='grc' dir='ltr'><strong>ἀκού·</strong></span> 
     </span>
    </p>
   </div>
   <div class='ocr_carea' id='block_1_9' title="bbox 197 985 1816 1059">
    <p class='ocr_par' dir='ltr' id='par_1_9' title="bbox 197 985 1816 1059">
     <span class='ocr_line' id='line_1_9' title="bbox 197 985 1816 1059; baseline 0.005 -23"><span class='ocrx_word' id='word_1_52' title='bbox 197 1001 373 1039; x_wconf 86' lang='grc' dir='ltr'>σαντα</span> <span class='ocrx_word' id='word_1_53' title='bbox 407 985 608 1054; x_wconf 79' lang='grc' dir='ltr'><strong>τρόμος</strong></span> <span class='ocrx_word' id='word_1_54' title='bbox 644 987 935 1041; x_wconf 73' lang='grc' dir='ltr'>ἐπελάϐετό</span> <span class='ocrx_word' id='word_1_55' title='bbox 975 1006 1032 1041; x_wconf 81' lang='grc' dir='ltr'><strong>σε</strong></span> <span class='ocrx_word' id='word_1_56' title='bbox 1072 990 1166 1042; x_wconf 77' lang='grc' dir='ltr'><strong>καὶ</strong></span> <span class='ocrx_word' id='word_1_57' title='bbox 1199 991 1326 1049; x_wconf 80' lang='grc' dir='ltr'>τοὺς</span> <span class='ocrx_word' id='word_1_58' title='bbox 1364 992 1500 1059; x_wconf 71' lang='grc' dir='ltr'>μετὰ</span> <span class='ocrx_word' id='word_1_59' title='bbox 1538 992 1632 1045; x_wconf 78' lang='grc' dir='ltr'>σοῦ</span> <span class='ocrx_word' id='word_1_60' title='bbox 1670 992 1763 1044; x_wconf 71' lang='grc' dir='ltr'><strong>ἐπὶ</strong></span> <span class='ocrx_word' id='word_1_61' title='bbox 1813 1049 1816 1052; x_wconf 52' lang='grc'><strong>,</strong></span> 
     </span>
    </p>
   </div>
   <div class='ocr_carea' id='block_1_10' title="bbox 196 1074 1759 1153">
    <p class='ocr_par' dir='ltr' id='par_1_10' title="bbox 196 1074 1759 1153">
     <span class='ocr_line' id='line_1_10' title="bbox 196 1074 1759 1153; baseline 0.009 -27"><span class='ocrx_word' id='word_1_62' title='bbox 196 1076 301 1144; x_wconf 75' lang='grc' dir='ltr'>τὴν</span> <span class='ocrx_word' id='word_1_63' title='bbox 339 1074 581 1138; x_wconf 78' lang='grc' dir='ltr'>ἐξέτασιν</span> <span class='ocrx_word' id='word_1_64' title='bbox 623 1079 923 1147; x_wconf 80' lang='grc' dir='ltr'>μεταϐῆναι</span> <span class='ocrx_word' id='word_1_65' title='bbox 958 1079 1050 1132; x_wconf 76' lang='grc' dir='ltr'><strong>τοῦ</strong></span> <span class='ocrx_word' id='word_1_66' title='bbox 1095 1082 1386 1150; x_wconf 84' lang='grc' dir='ltr'>δόγματος,</span> <span class='ocrx_word' id='word_1_67' title='bbox 1432 1084 1527 1136; x_wconf 74' lang='grc' dir='ltr'>καὶ</span> <span class='ocrx_word' id='word_1_68' title='bbox 1567 1084 1759 1153; x_wconf 83' lang='grc' dir='ltr'>ὡρμή-</span> 
     </span>
    </p>
   </div>
   <div class='ocr_carea' id='block_1_11' title="bbox 201 1170 1676 1247">
    <p class='ocr_par' dir='ltr' id='par_1_11' title="bbox 201 1170 1676 1247">
     <span class='ocr_line' id='line_1_11' title="bbox 201 1170 1676 1247; baseline 0.007 -26"><span class='ocrx_word' id='word_1_69' title='bbox 201 1186 334 1222; x_wconf 83' lang='grc' dir='ltr'>σατε</span> <span class='ocrx_word' id='word_1_70' title='bbox 366 1170 578 1247; x_wconf 76' lang='grc' dir='ltr'>φυγεῖν,</span> <span class='ocrx_word' id='word_1_71' title='bbox 611 1170 921 1241; x_wconf 83' lang='grc' dir='ltr'><strong>γλιχόμενοι</strong></span> <span class='ocrx_word' id='word_1_72' title='bbox 954 1172 1052 1240; x_wconf 84' lang='grc' dir='ltr'><strong>τῆς</strong></span> <span class='ocrx_word' id='word_1_73' title='bbox 1087 1174 1676 1242; x_wconf 73' lang='grc' dir='ltr'>ὲκείθενὲξελεύσεως.</span> 
     </span>
    </p>
   </div>
   <div class='ocr_carea' id='block_1_12' title="bbox 890 1266 1079 1319">
    <p class='ocr_par' dir='ltr' id='par_1_12' title="bbox 890 1266 1079 1319">
     <span class='ocr_line' id='line_1_12' title="bbox 890 1266 1079 1319; baseline 0.016 -3"><span class='ocrx_word' id='word_1_74' title='bbox 890 1266 1079 1319; x_wconf 74' lang='grc' dir='ltr'><strong>ΕΦΕΣ.</strong></span> 
     </span>
    </p>
   </div>
   <div class='ocr_carea' id='block_1_13' title="bbox 274 1352 1763 1432">
    <p class='ocr_par' dir='ltr' id='par_1_13' title="bbox 274 1352 1763 1432">
     <span class='ocr_line' id='line_1_13' title="bbox 274 1352 1763 1432; baseline 0.008 -29"><span class='ocrx_word' id='word_1_75' title='bbox 274 1352 393 1404; x_wconf 67' lang='grc' dir='ltr'>Κᾶν</span> <span class='ocrx_word' id='word_1_76' title='bbox 421 1354 700 1423; x_wconf 72' lang='grc' dir='ltr'>ἐνέμειναν</span> <span class='ocrx_word' id='word_1_77' title='bbox 729 1356 815 1408; x_wconf 75' lang='grc' dir='ltr'><strong>διὰ</strong></span> <span class='ocrx_word' id='word_1_78' title='bbox 845 1356 1033 1417; x_wconf 72' lang='grc' dir='ltr'>τέλους</span> <span class='ocrx_word' id='word_1_79' title='bbox 1061 1360 1124 1427; x_wconf 80' lang='grc' dir='ltr'>τῇ</span> <span class='ocrx_word' id='word_1_80' title='bbox 1156 1359 1401 1413; x_wconf 74' lang='grc' dir='ltr'>ὲνατάσει</span> <span class='ocrx_word' id='word_1_81' title='bbox 1430 1361 1626 1432; x_wconf 78' lang='grc' dir='ltr'>ταύτῃ,</span> <span class='ocrx_word' id='word_1_82' title='bbox 1662 1363 1763 1415; x_wconf 72' lang='grc' dir='ltr'><strong>κᾶν</strong></span> 
     </span>
    </p>
   </div>
   <div class='ocr_carea' id='block_1_14' title="bbox 199 1442 1765 1523">
    <p class='ocr_par' dir='ltr' id='par_1_14' title="bbox 199 1442 1765 1523">
     <span class='ocr_line' id='line_1_14' title="bbox 199 1442 1765 1523; baseline 0.008 -30"><span class='ocrx_word' id='word_1_83' title='bbox 199 1442 525 1511; x_wconf 71' lang='grc' dir='ltr'><strong>διελύθησαν</strong></span> <span class='ocrx_word' id='word_1_84' title='bbox 548 1446 757 1499; x_wconf 72' lang='grc' dir='ltr'>ἐκεῖθεν</span> <span class='ocrx_word' id='word_1_85' title='bbox 781 1447 959 1510; x_wconf 86' lang='grc' dir='ltr'>καλῶς</span> <span class='ocrx_word' id='word_1_86' title='bbox 991 1450 1288 1514; x_wconf 81' lang='grc' dir='ltr'>ποιοῦντες,</span> <span class='ocrx_word' id='word_1_87' title='bbox 1315 1452 1363 1503; x_wconf 85' lang='grc' dir='ltr'><strong>εί</strong></span> <span class='ocrx_word' id='word_1_88' title='bbox 1392 1452 1466 1521; x_wconf 74' lang='grc' dir='ltr'>μὴ</span> <span class='ocrx_word' id='word_1_89' title='bbox 1494 1464 1765 1523; x_wconf 73' lang='grc' dir='ltr'>παραπει-</span> 
     </span>
    </p>
   </div>
   <div class='ocr_carea' id='block_1_15' title="bbox 200 1533 1768 1613">
    <p class='ocr_par' dir='ltr' id='par_1_15' title="bbox 200 1533 1768 1613">
     <span class='ocr_line' id='line_1_15' title="bbox 200 1533 1768 1613; baseline 0.01 -30"><span class='ocrx_word' id='word_1_90' title='bbox 200 1533 422 1596; x_wconf 77' lang='grc' dir='ltr'>σθέντες</span> <span class='ocrx_word' id='word_1_91' title='bbox 451 1536 552 1590; x_wconf 79' lang='grc' dir='ltr'><strong>ὑπό</strong></span> <span class='ocrx_word' id='word_1_92' title='bbox 584 1555 741 1590; x_wconf 81' lang='grc' dir='ltr'>τινων</span> <span class='ocrx_word' id='word_1_93' title='bbox 767 1537 942 1605; x_wconf 80' lang='grc' dir='ltr'>αὖθις,</span> <span class='ocrx_word' id='word_1_94' title='bbox 971 1540 1047 1604; x_wconf 83' lang='grc' dir='ltr'>ὡς</span> <span class='ocrx_word' id='word_1_95' title='bbox 1076 1544 1323 1612; x_wconf 76' lang='grc' dir='ltr'>ἀπρεπές</span> <span class='ocrx_word' id='word_1_96' title='bbox 1352 1544 1467 1596; x_wconf 78' lang='grc' dir='ltr'>ἐστι</span> <span class='ocrx_word' id='word_1_97' title='bbox 1499 1546 1768 1613; x_wconf 76' lang='grc' dir='ltr'>μηδὲνέί-</span> 
     </span>
    </p>
   </div>
   <div class='ocr_carea' id='block_1_16' title="bbox 204 1624 1765 1709">
    <p class='ocr_par' dir='ltr' id='par_1_16' title="bbox 204 1624 1765 1709">
     <span class='ocr_line' id='line_1_16' title="bbox 204 1624 1765 1709; baseline 0.009 -34"><span class='ocrx_word' id='word_1_98' title='bbox 204 1624 407 1687; x_wconf 75' lang='grc' dir='ltr'>πάντας</span> <span class='ocrx_word' id='word_1_99' title='bbox 448 1631 577 1695; x_wconf 77' lang='grc' dir='ltr'>περὶ</span> <span class='ocrx_word' id='word_1_100' title='bbox 618 1629 713 1681; x_wconf 81' lang='grc' dir='ltr'>τοῦ</span> <span class='ocrx_word' id='word_1_101' title='bbox 752 1630 1019 1700; x_wconf 85' lang='grc' dir='ltr'>δόγματος</span> <span class='ocrx_word' id='word_1_102' title='bbox 1056 1634 1332 1700; x_wconf 75' lang='grc' dir='ltr'>ἀπελθεῖν,</span> <span class='ocrx_word' id='word_1_103' title='bbox 1375 1636 1624 1709; x_wconf 72' lang='grc' dir='ltr'>ἐδέξαντο</span> <span class='ocrx_word' id='word_1_104' title='bbox 1667 1636 1765 1706; x_wconf 74' lang='grc' dir='ltr'>τὴν</span> 
     </span>
    </p>
   </div>
   <div class='ocr_carea' id='block_1_17' title="bbox 205 1713 1766 1798">
    <p class='ocr_par' dir='ltr' id='par_1_17' title="bbox 205 1713 1766 1798">
     <span class='ocr_line' id='line_1_17' title="bbox 205 1713 1766 1798; baseline 0.011 -34"><span class='ocrx_word' id='word_1_105' title='bbox 205 1713 540 1781; x_wconf 82' lang='grc' dir='ltr'>μετάϐασιν,</span> <span class='ocrx_word' id='word_1_106' title='bbox 577 1718 735 1771; x_wconf 80' lang='grc' dir='ltr'>τοῦτο</span> <span class='ocrx_word' id='word_1_107' title='bbox 778 1720 879 1787; x_wconf 80' lang='grc' dir='ltr'>μὲν</span> <span class='ocrx_word' id='word_1_108' title='bbox 911 1720 1009 1791; x_wconf 80' lang='grc' dir='ltr'>τὴν</span> <span class='ocrx_word' id='word_1_109' title='bbox 1042 1722 1147 1776; x_wconf 81' lang='grc' dir='ltr'>άπὸ</span> <span class='ocrx_word' id='word_1_110' title='bbox 1177 1724 1277 1792; x_wconf 83' lang='grc' dir='ltr'><strong>τῆς</strong></span> <span class='ocrx_word' id='word_1_111' title='bbox 1316 1727 1637 1798; x_wconf 77' lang='grc' dir='ltr'><strong>προσθήκης</strong></span> <span class='ocrx_word' id='word_1_112' title='bbox 1674 1729 1766 1781; x_wconf 73' lang='grc' dir='ltr'><strong>ἐπὶ</strong></span> 
     </span>
    </p>
   </div>
   <div class='ocr_carea' id='block_1_18' title="bbox 201 1807 1766 1888">
    <p class='ocr_par' dir='ltr' id='par_1_18' title="bbox 201 1807 1766 1888">
     <span class='ocr_line' id='line_1_18' title="bbox 201 1807 1766 1888; baseline 0.008 -29"><span class='ocrx_word' id='word_1_113' title='bbox 201 1807 306 1877; x_wconf 77' lang='grc' dir='ltr'>τὴν</span> <span class='ocrx_word' id='word_1_114' title='bbox 343 1808 516 1874; x_wconf 83' lang='grc' dir='ltr'>δόξαν,</span> <span class='ocrx_word' id='word_1_115' title='bbox 562 1812 720 1865; x_wconf 80' lang='grc' dir='ltr'>τοῦτο</span> <span class='ocrx_word' id='word_1_116' title='bbox 763 1813 823 1865; x_wconf 75' lang='grc' dir='ltr'>δὲ</span> <span class='ocrx_word' id='word_1_117' title='bbox 863 1814 962 1885; x_wconf 82' lang='grc' dir='ltr'>τὴν</span> <span class='ocrx_word' id='word_1_118' title='bbox 1004 1816 1110 1869; x_wconf 83' lang='grc' dir='ltr'><strong>ἀπὸ</strong></span> <span class='ocrx_word' id='word_1_119' title='bbox 1149 1817 1459 1888; x_wconf 74' lang='grc' dir='ltr'>Φερραρίας</span> <span class='ocrx_word' id='word_1_120' title='bbox 1499 1820 1577 1881; x_wconf 77' lang='grc' dir='ltr'><strong>είς</strong></span> <span class='ocrx_word' id='word_1_121' title='bbox 1620 1819 1766 1872; x_wconf 82' lang='grc' dir='ltr'>Φλω-</span> 
     </span>
    </p>
   </div>
   <div class='ocr_carea' id='block_1_19' title="bbox 203 1900 444 1967">
    <p class='ocr_par' dir='ltr' id='par_1_19' title="bbox 203 1900 444 1967">
     <span class='ocr_line' id='line_1_19' title="bbox 203 1900 444 1967; baseline 0.021 -17"><span class='ocrx_word' id='word_1_122' title='bbox 203 1900 444 1967; x_wconf 82' lang='grc' dir='ltr'>ρεντίαν.</span> 
     </span>
    </p>
   </div>
   <div class='ocr_carea' id='block_1_20' title="bbox 408 2169 1093 2223">
    <p class='ocr_par' dir='ltr' id='par_1_20' title="bbox 408 2169 1093 2223">
     <span class='ocr_line' id='line_1_20' title="bbox 408 2169 1093 2223; baseline 0.006 -3"><span class='ocrx_word' id='word_1_123' title='bbox 408 2200 413 2205; x_wconf 81' lang='lat'><strong>~</strong></span> <span class='ocrx_word' id='word_1_124' title='bbox 887 2169 1093 2223; x_wconf 78' lang='lat' dir='ltr'><strong>AllOA.</strong></span> 
     </span>
    </p>
   </div>
   <div class='ocr_carea' id='block_1_21' title="bbox 278 2254 1760 2336">
    <p class='ocr_par' dir='ltr' id='par_1_21' title="bbox 278 2254 1760 2336">
     <span class='ocr_line' id='line_1_21' title="bbox 278 2254 1760 2336; baseline 0.016 -30"><span class='ocrx_word' id='word_1_125' title='bbox 278 2254 505 2309; x_wconf 82' lang='grc' dir='ltr'>Ἥθελον</span> <span class='ocrx_word' id='word_1_126' title='bbox 533 2256 637 2326; x_wconf 78' lang='grc' dir='ltr'><strong>μέν</strong></span> <span class='ocrx_word' id='word_1_127' title='bbox 660 2275 804 2324; x_wconf 82' lang='grc' dir='ltr'>τινες</span> <span class='ocrx_word' id='word_1_128' title='bbox 830 2261 1077 2316; x_wconf 81' lang='grc' dir='ltr'>ἀσύνετοι</span> <span class='ocrx_word' id='word_1_129' title='bbox 1103 2264 1371 2331; x_wconf 73' lang='grc' dir='ltr'>διαμεῖναι</span> <span class='ocrx_word' id='word_1_130' title='bbox 1397 2267 1462 2336; x_wconf 82' lang='grc' dir='ltr'>τῇ</span> <span class='ocrx_word' id='word_1_131' title='bbox 1490 2266 1760 2329; x_wconf 69' lang='grc' dir='ltr'>ὲνστάσει.</span> 
     </span>
    </p>
   </div>
   <div class='ocr_carea' id='block_1_22' title="bbox 200 2346 1763 2427">
    <p class='ocr_par' dir='ltr' id='par_1_22' title="bbox 200 2346 1763 2427">
     <span class='ocr_line' id='line_1_22' title="bbox 200 2346 1763 2427; baseline 0.009 -31"><span class='ocrx_word' id='word_1_132' title='bbox 200 2348 299 2397; x_wconf 70' lang='grc' dir='ltr'>καὶ</span> <span class='ocrx_word' id='word_1_133' title='bbox 324 2346 683 2417; x_wconf 81' lang='grc' dir='ltr'>διαιρεθῆναι,</span> <span class='ocrx_word' id='word_1_134' title='bbox 715 2350 806 2403; x_wconf 81' lang='grc' dir='ltr'>καὶ</span> <span class='ocrx_word' id='word_1_135' title='bbox 828 2352 1145 2420; x_wconf 83' lang='grc' dir='ltr'>διαλυθῆναι</span> <span class='ocrx_word' id='word_1_136' title='bbox 1172 2356 1401 2421; x_wconf 77' lang='grc' dir='ltr'>ἐκεῖθεν,</span> <span class='ocrx_word' id='word_1_137' title='bbox 1426 2350 1499 2410; x_wconf 77' lang='grc' dir='ltr'>ὧν</span> <span class='ocrx_word' id='word_1_138' title='bbox 1526 2358 1589 2411; x_wconf 82' lang='grc' dir='ltr'>σὺ</span> <span class='ocrx_word' id='word_1_139' title='bbox 1618 2358 1763 2427; x_wconf 84' lang='grc' dir='ltr'>πρῶ-</span> 
     </span>
    </p>
   </div>
   <div class='ocr_carea' id='block_1_23' title="bbox 197 2438 1767 2521">
    <p class='ocr_par' dir='ltr' id='par_1_23' title="bbox 197 2438 1767 2521">
     <span class='ocr_line' id='line_1_23' title="bbox 197 2438 1767 2521; baseline 0.01 -31"><span class='ocrx_word' id='word_1_140' title='bbox 197 2457 294 2501; x_wconf 89' lang='grc' dir='ltr'><strong>τος</strong></span> <span class='ocrx_word' id='word_1_141' title='bbox 332 2438 574 2510; x_wconf 83' lang='grc' dir='ltr'>ὗπῆρχες</span> <span class='ocrx_word' id='word_1_142' title='bbox 601 2457 617 2472; x_wconf 75' lang='grc' dir='ltr'><strong>ο</strong></span> <span class='ocrx_word' id='word_1_143' title='bbox 659 2442 710 2493; x_wconf 80' lang='grc' dir='ltr'>οἱ</span> <span class='ocrx_word' id='word_1_144' title='bbox 747 2442 803 2496; x_wconf 83' lang='grc' dir='ltr'>δὲ</span> <span class='ocrx_word' id='word_1_145' title='bbox 838 2444 938 2511; x_wconf 77' lang='grc' dir='ltr'><strong>τῆς</strong></span> <span class='ocrx_word' id='word_1_146' title='bbox 977 2447 1248 2516; x_wconf 76' lang='grc' dir='ltr'>σωτηρίας</span> <span class='ocrx_word' id='word_1_147' title='bbox 1285 2450 1461 2502; x_wconf 83' lang='grc' dir='ltr'>αὐτῶν</span> <span class='ocrx_word' id='word_1_148' title='bbox 1496 2452 1767 2521; x_wconf 72' lang='grc' dir='ltr'>ἐπιθυμη-</span> 
     </span>
    </p>
   </div>
   <div class='ocr_carea' id='block_1_24' title="bbox 197 2530 1766 2611">
    <p class='ocr_par' dir='ltr' id='par_1_24' title="bbox 197 2530 1766 2611">
     <span class='ocr_line' id='line_1_24' title="bbox 197 2530 1766 2611; baseline 0.007 -32"><span class='ocrx_word' id='word_1_149' title='bbox 197 2532 294 2583; x_wconf 73' lang='grc' dir='ltr'><strong>ταὶ</strong></span> <span class='ocrx_word' id='word_1_150' title='bbox 314 2573 328 2595; x_wconf 90' lang='grc'><strong>,</strong></span> <span class='ocrx_word' id='word_1_151' title='bbox 364 2530 455 2582; x_wconf 74' lang='grc' dir='ltr'>καὶ</span> <span class='ocrx_word' id='word_1_152' title='bbox 485 2531 574 2583; x_wconf 83' lang='grc' dir='ltr'>τὸν</span> <span class='ocrx_word' id='word_1_153' title='bbox 605 2531 847 2586; x_wconf 84' lang='grc' dir='ltr'>κίνδυνον</span> <span class='ocrx_word' id='word_1_154' title='bbox 876 2535 972 2604; x_wconf 81' lang='grc' dir='ltr'>τῆς</span> <span class='ocrx_word' id='word_1_155' title='bbox 1006 2536 1270 2604; x_wconf 81' lang='grc' dir='ltr'>αἱρέσεως</span> <span class='ocrx_word' id='word_1_156' title='bbox 1298 2538 1422 2600; x_wconf 88' lang='grc' dir='ltr'>ὅσος</span> <span class='ocrx_word' id='word_1_157' title='bbox 1449 2540 1564 2591; x_wconf 76' lang='grc' dir='ltr'>ἐστὶ</span> <span class='ocrx_word' id='word_1_158' title='bbox 1596 2542 1766 2611; x_wconf 84' lang='grc' dir='ltr'>φοϐη-</span> 
     </span>
    </p>
   </div>
   <div class='ocr_carea' id='block_1_25' title="bbox 202 2622 1765 2702">
    <p class='ocr_par' dir='ltr' id='par_1_25' title="bbox 202 2622 1765 2702">
     <span class='ocr_line' id='line_1_25' title="bbox 202 2622 1765 2702; baseline 0.008 -29"><span class='ocrx_word' id='word_1_159' title='bbox 202 2622 391 2685; x_wconf 77' lang='grc' dir='ltr'>θέντες</span> <span class='ocrx_word' id='word_1_160' title='bbox 422 2624 560 2677; x_wconf 71' lang='grc' dir='ltr'>κατὰ</span> <span class='ocrx_word' id='word_1_161' title='bbox 591 2624 697 2678; x_wconf 87' lang='grc' dir='ltr'><strong>τῶν</strong></span> <span class='ocrx_word' id='word_1_162' title='bbox 727 2625 1116 2696; x_wconf 79' lang='grc' dir='ltr'><strong>διαιρουμένων</strong></span> <span class='ocrx_word' id='word_1_163' title='bbox 1150 2628 1257 2682; x_wconf 78' lang='grc' dir='ltr'>ἀπὸ</span> <span class='ocrx_word' id='word_1_164' title='bbox 1288 2628 1388 2702; x_wconf 81' lang='grc' dir='ltr'>τῆς</span> <span class='ocrx_word' id='word_1_165' title='bbox 1420 2630 1765 2701; x_wconf 83' lang='grc' dir='ltr'>Ἑκκλησίας,</span> 
     </span>
    </p>
   </div>
   <div class='ocr_carea' id='block_1_26' title="bbox 198 2714 1766 2791">
    <p class='ocr_par' dir='ltr' id='par_1_26' title="bbox 198 2714 1766 2791">
     <span class='ocr_line' id='line_1_26' title="bbox 198 2714 1766 2791; baseline 0.007 -25"><span class='ocrx_word' id='word_1_166' title='bbox 198 2714 306 2767; x_wconf 78' lang='grc' dir='ltr'>οὐκ</span> <span class='ocrx_word' id='word_1_167' title='bbox 347 2715 617 2784; x_wconf 71' lang='grc' dir='ltr'>ἠθέλησαν</span> <span class='ocrx_word' id='word_1_168' title='bbox 646 2718 743 2787; x_wconf 76' lang='grc' dir='ltr'>τὴν</span> <span class='ocrx_word' id='word_1_169' title='bbox 779 2719 1081 2788; x_wconf 78' lang='grc' dir='ltr'>μοχθηρίαν</span> <span class='ocrx_word' id='word_1_170' title='bbox 1112 2719 1314 2786; x_wconf 80' lang='grc' dir='ltr'>ταύτην</span> <span class='ocrx_word' id='word_1_171' title='bbox 1346 2722 1570 2791; x_wconf 85' lang='grc' dir='ltr'>νοσῆσαι</span> <span class='ocrx_word' id='word_1_172' title='bbox 1596 2741 1611 2755; x_wconf 86' lang='grc'><strong>·</strong></span> <span class='ocrx_word' id='word_1_173' title='bbox 1652 2724 1766 2788; x_wconf 78' lang='grc' dir='ltr'><strong>ἑξε-</strong></span> 
     </span>
    </p>
   </div>
   <div class='ocr_carea' id='block_1_27' title="bbox 197 2808 1765 2885">
    <p class='ocr_par' dir='ltr' id='par_1_27' title="bbox 197 2808 1765 2885">
     <span class='ocr_line' id='line_1_27' title="bbox 197 2808 1765 2885; baseline 0.008 -27"><span class='ocrx_word' id='word_1_174' title='bbox 197 2808 472 2876; x_wconf 80' lang='grc' dir='ltr'>τασθῆναι</span> <span class='ocrx_word' id='word_1_175' title='bbox 502 2808 557 2862; x_wconf 74' lang='grc' dir='ltr'>δὲ</span> <span class='ocrx_word' id='word_1_176' title='bbox 587 2809 645 2862; x_wconf 83' lang='grc' dir='ltr'>τὸ</span> <span class='ocrx_word' id='word_1_177' title='bbox 677 2810 849 2879; x_wconf 79' lang='grc' dir='ltr'>δόγμα</span> <span class='ocrx_word' id='word_1_178' title='bbox 893 2816 988 2866; x_wconf 76' lang='grc' dir='ltr'>καὶ</span> <span class='ocrx_word' id='word_1_179' title='bbox 1048 2813 1147 2881; x_wconf 84' lang='grc' dir='ltr'>τὴν</span> <span class='ocrx_word' id='word_1_180' title='bbox 1178 2813 1437 2882; x_wconf 77' lang='grc' dir='ltr'>ἀλήθειαν</span> <span class='ocrx_word' id='word_1_181' title='bbox 1466 2814 1765 2885; x_wconf 81' lang='grc' dir='ltr'>διατρανω-</span> 
     </span>
    </p>
   </div>
   <div class='ocr_carea' id='block_1_28' title="bbox 200 2899 1764 2975">
    <p class='ocr_par' dir='ltr' id='par_1_28' title="bbox 200 2899 1764 2975">
     <span class='ocr_line' id='line_1_28' title="bbox 200 2899 1764 2975; baseline 0.006 -25"><span class='ocrx_word' id='word_1_182' title='bbox 200 2899 402 2967; x_wconf 79' lang='grc' dir='ltr'>θῆναι,</span> <span class='ocrx_word' id='word_1_183' title='bbox 437 2902 531 2953; x_wconf 61' lang='grc' dir='ltr'><strong>καὶ⁵</strong></span> <span class='ocrx_word' id='word_1_184' title='bbox 564 2902 769 2970; x_wconf 84' lang='grc' dir='ltr'>ταύτην</span> <span class='ocrx_word' id='word_1_185' title='bbox 802 2902 1153 2956; x_wconf 81' lang='grc' dir='ltr'>ἀσπάσασθαι</span> <span class='ocrx_word' id='word_1_186' title='bbox 1193 2904 1330 2973; x_wconf 74' lang='grc' dir='ltr'>μετὰ</span> <span class='ocrx_word' id='word_1_187' title='bbox 1362 2908 1536 2975; x_wconf 79' lang='grc' dir='ltr'>χαρᾶς</span> <span class='ocrx_word' id='word_1_188' title='bbox 1570 2907 1764 2960; x_wconf 80' lang='grc' dir='ltr'>ὑπεδέ-</span> 
     </span>
    </p>
   </div>
   <div class='ocr_carea' id='block_1_29' title="bbox 202 2990 1768 3065">
    <p class='ocr_par' dir='ltr' id='par_1_29' title="bbox 202 2990 1768 3065">
     <span class='ocr_line' id='line_1_29' title="bbox 202 2990 1768 3065; baseline 0.007 -25"><span class='ocrx_word' id='word_1_189' title='bbox 202 2990 386 3049; x_wconf 71' lang='grc' dir='ltr'>ξαντο.</span> <span class='ocrx_word' id='word_1_190' title='bbox 414 2991 579 3044; x_wconf 84' lang='grc' dir='ltr'>Ὅθεν</span> <span class='ocrx_word' id='word_1_191' title='bbox 615 2991 691 3062; x_wconf 83' lang='grc' dir='ltr'>τῷ</span> <span class='ocrx_word' id='word_1_192' title='bbox 724 2993 819 3047; x_wconf 78' lang='grc' dir='ltr'>τοῦ</span> <span class='ocrx_word' id='word_1_193' title='bbox 857 2992 1066 3047; x_wconf 82' lang='grc' dir='ltr'>δικαίου</span> <span class='ocrx_word' id='word_1_194' title='bbox 1106 2995 1250 3065; x_wconf 84' lang='grc' dir='ltr'>λόγῳ</span> <span class='ocrx_word' id='word_1_195' title='bbox 1288 2999 1380 3050; x_wconf 76' lang='grc' dir='ltr'>καὶ</span> <span class='ocrx_word' id='word_1_196' title='bbox 1415 2998 1542 3061; x_wconf 82' lang='grc' dir='ltr'>τοὺς</span> <span class='ocrx_word' id='word_1_197' title='bbox 1578 2998 1768 3062; x_wconf 78' lang='grc' dir='ltr'>ἄλλους</span> 
     </span>
    </p>
   </div>
   <div class='ocr_carea' id='block_1_30' title="bbox 200 3086 1766 3159">
    <p class='ocr_par' dir='ltr' id='par_1_30' title="bbox 200 3086 1766 3159">
     <span class='ocr_line' id='line_1_30' title="bbox 200 3086 1766 3159; baseline 0.006 -24"><span class='ocrx_word' id='word_1_198' title='bbox 200 3086 518 3153; x_wconf 76' lang='grc' dir='ltr'>πείσαντες,</span> <span class='ocrx_word' id='word_1_199' title='bbox 550 3086 800 3152; x_wconf 77' lang='grc' dir='ltr'>ἐδέξαντο</span> <span class='ocrx_word' id='word_1_200' title='bbox 833 3088 1131 3157; x_wconf 82' lang='grc' dir='ltr'>μεταϐῆναι</span> <span class='ocrx_word' id='word_1_201' title='bbox 1159 3090 1252 3140; x_wconf 72' lang='grc' dir='ltr'><strong>ἐπὶ</strong></span> <span class='ocrx_word' id='word_1_202' title='bbox 1279 3087 1378 3159; x_wconf 77' lang='grc' dir='ltr'>τὴν</span> <span class='ocrx_word' id='word_1_203' title='bbox 1403 3090 1650 3156; x_wconf 76' lang='grc' dir='ltr'>ἐξέτασιν</span> <span class='ocrx_word' id='word_1_204' title='bbox 1673 3091 1766 3146; x_wconf 77' lang='grc' dir='ltr'>τοῦ</span> 
     </span>
    </p>
   </div>
   <div class='ocr_carea' id='block_1_31' title="bbox 197 3178 1769 3250">
    <p class='ocr_par' dir='ltr' id='par_1_31' title="bbox 197 3178 1769 3250">
     <span class='ocr_line' id='line_1_31' title="bbox 197 3178 1769 3250; baseline 0.004 -21"><span class='ocrx_word' id='word_1_205' title='bbox 197 3178 464 3246; x_wconf 79' lang='grc' dir='ltr'><strong>δευτέρου</strong></span> <span class='ocrx_word' id='word_1_206' title='bbox 511 3180 934 3250; x_wconf 74' lang='grc' dir='ltr'>προϐλήματοςο</span> <span class='ocrx_word' id='word_1_207' title='bbox 983 3180 1233 3246; x_wconf 74' lang='grc' dir='ltr'>ἐδέξαντο</span> <span class='ocrx_word' id='word_1_208' title='bbox 1273 3180 1329 3233; x_wconf 83' lang='grc' dir='ltr'>δὲ</span> <span class='ocrx_word' id='word_1_209' title='bbox 1379 3181 1473 3234; x_wconf 63' lang='grc' dir='ltr'><strong>καλ¹</strong></span> <span class='ocrx_word' id='word_1_210' title='bbox 1517 3182 1616 3250; x_wconf 87' lang='grc' dir='ltr'><strong>τὴν</strong></span> <span class='ocrx_word' id='word_1_211' title='bbox 1661 3186 1769 3237; x_wconf 82' lang='grc' dir='ltr'><strong>ἀπὸ</strong></span> 
     </span>
    </p>
   </div>
   <div class='ocr_carea' id='block_1_32' title="bbox 196 3270 1725 3324">
    <p class='ocr_par' dir='ltr' id='par_1_32' title="bbox 196 3270 1725 3324">
     <span class='ocr_line' id='line_1_32' title="bbox 196 3270 1725 3324; baseline 0.002 -3"><span class='ocrx_word' id='word_1_212' title='bbox 196 3270 510 3324; x_wconf 77' lang='grc' dir='ltr'>Φεόὁαοίαε</span> <span class='ocrx_word' id='word_1_213' title='bbox 543 3272 624 3324; x_wconf 72' lang='grc' dir='ltr'><strong>είς</strong></span> <span class='ocrx_word' id='word_1_214' title='bbox 655 3271 991 3324; x_wconf 80' lang='grc' dir='ltr'>Φλωρεντίαν</span> <span class='ocrx_word' id='word_1_215' title='bbox 1031 3271 1360 3324; x_wconf 74' lang='grc' dir='ltr'>μετάϐασιν.</span> <span class='ocrx_word' id='word_1_216' title='bbox 1390 3272 1574 3324; x_wconf 64' lang='grc' dir='ltr'>ἐπειδὴ</span> <span class='ocrx_word' id='word_1_217' title='bbox 1606 3274 1634 3324; x_wconf 81' lang='grc' dir='ltr'><em>ὁ</em></span> <span class='ocrx_word' id='word_1_218' title='bbox 1666 3276 1725 3324; x_wconf 71' lang='grc' dir='ltr'>τῆ</span> 
     </span>
    </p>
   </div>
   <div class='ocr_carea' id='block_1_33' title="bbox 282 3271 1767 3427">
    <p class='ocr_par' dir='ltr' id='par_1_33' title="bbox 282 3271 1766 3427">
     <span class='ocr_line' id='line_1_33' title="bbox 282 3271 1761 3345; baseline 0.005 -25"><span class='ocrx_word' id='word_1_219' title='bbox 282 3271 510 3340; x_wconf 81' lang='grc' dir='ltr'>ρῤαρίας</span> <span class='ocrx_word' id='word_1_220' title='bbox 543 3272 624 3334; x_wconf 84' lang='grc' dir='ltr'><strong>είς</strong></span> <span class='ocrx_word' id='word_1_221' title='bbox 655 3271 991 3338; x_wconf 80' lang='grc' dir='ltr'>Φλωρεντίαν</span> <span class='ocrx_word' id='word_1_222' title='bbox 1029 3271 1360 3340; x_wconf 74' lang='grc' dir='ltr'>μετάϐασιν,</span> <span class='ocrx_word' id='word_1_223' title='bbox 1390 3272 1575 3343; x_wconf 61' lang='grc' dir='ltr'>ἐπειδὴ</span> <span class='ocrx_word' id='word_1_224' title='bbox 1606 3274 1634 3326; x_wconf 79' lang='grc' dir='ltr'><em>ὁ</em></span> <span class='ocrx_word' id='word_1_225' title='bbox 1666 3276 1761 3345; x_wconf 82' lang='grc' dir='ltr'>τῆς</span> 
     </span>
     <span class='ocr_line' id='line_1_34' title="bbox 282 3360 1766 3427; baseline 0.007 -17"><span class='ocrx_word' id='word_1_226' title='bbox 282 3360 358 3421; x_wconf 76' lang='grc' dir='ltr'><strong>ἔας</strong></span> <span class='ocrx_word' id='word_1_227' title='bbox 396 3361 608 3427; x_wconf 86' lang='grc' dir='ltr'>μνήμη;</span> <span class='ocrx_word' id='word_1_228' title='bbox 644 3361 897 3424; x_wconf 79' lang='grc' dir='ltr'>Εὐγένιος</span> <span class='ocrx_word' id='word_1_229' title='bbox 930 3362 959 3412; x_wconf 81' lang='grc' dir='ltr'><strong>ὁ</strong></span> <span class='ocrx_word' id='word_1_230' title='bbox 990 3362 1207 3427; x_wconf 80' lang='grc' dir='ltr'>Ῥώμης</span> <span class='ocrx_word' id='word_1_231' title='bbox 1240 3364 1530 3427; x_wconf 75' lang='grc' dir='ltr'>ἀρχιερεὺς</span> <span class='ocrx_word' id='word_1_232' title='bbox 1565 3367 1593 3419; x_wconf 86' lang='grc' dir='ltr'>ὁ</span> <span class='ocrx_word' id='word_1_233' title='bbox 1628 3366 1766 3419; x_wconf 84' lang='grc' dir='ltr'>θειό-</span> 
     </span>
    </p>
   </div>
   <div class='ocr_carea' id='block_1_34' title="bbox 1869 3271 3421 3427">
    <p class='ocr_par' dir='ltr' id='par_1_34' title="bbox 1870 3271 3421 3427">
     <span class='ocr_line' id='line_1_35' title="bbox 1870 3271 3418 3337; baseline -0.002 -14"><span class='ocrx_word' id='word_1_234' title='bbox 1870 3271 2031 3323; x_wconf 86' lang='lat' dir='ltr'><strong>etiam</strong></span> <span class='ocrx_word' id='word_1_235' title='bbox 2084 3279 2142 3322; x_wconf 90' lang='lat' dir='ltr'><strong>ut</strong></span> <span class='ocrx_word' id='word_1_236' title='bbox 2192 3271 2525 3323; x_wconf 90' lang='lat' dir='ltr'><strong>Florentiam</strong></span> <span class='ocrx_word' id='word_1_237' title='bbox 2578 3283 2609 3322; x_wconf 92' lang='lat' dir='ltr'><strong>e</strong></span> <span class='ocrx_word' id='word_1_238' title='bbox 2638 3271 2885 3322; x_wconf 82' lang='lat' dir='ltr'><strong>Ferraria</strong></span> <span class='ocrx_word' id='word_1_239' title='bbox 2931 3271 3122 3332; x_wconf 92' lang='lat' dir='ltr'><strong>iretur,</strong></span> <span class='ocrx_word' id='word_1_240' title='bbox 3164 3271 3418 3337; x_wconf 90' lang='lat' dir='ltr'><strong>quoniam</strong></span> 
     </span>
     <span class='ocr_line' id='line_1_36' title="bbox 1872 3358 3421 3427; baseline 0.001 -15"><span class='ocrx_word' id='word_1_241' title='bbox 1872 3358 2145 3426; x_wconf 77' lang='lat' dir='ltr'><strong>Eugenius</strong></span> <span class='ocrx_word' id='word_1_242' title='bbox 2201 3363 2371 3412; x_wconf 79' lang='lat' dir='ltr'><strong>beata:</strong></span> <span class='ocrx_word' id='word_1_243' title='bbox 2417 3362 2690 3413; x_wconf 63' lang='lat' dir='ltr'><strong>memoriae</strong></span> <span class='ocrx_word' id='word_1_244' title='bbox 2747 3360 3125 3414; x_wconf 83' lang='lat' dir='ltr'><strong>sanctissimus</strong></span> <span class='ocrx_word' id='word_1_245' title='bbox 3182 3360 3421 3427; x_wconf 69' lang='lat' dir='ltr'><strong>pontifex</strong></span> 
     </span>
    </p>
   </div>
   <div class='ocr_carea' id='block_1_35' title="bbox 196 3360 1766 3434">
    <p class='ocr_par' dir='ltr' id='par_1_35' title="bbox 196 3360 1766 3434">
     <span class='ocr_line' id='line_1_37' title="bbox 196 3360 1766 3434; baseline 0.006 -23"><span class='ocrx_word' id='word_1_246' title='bbox 196 3360 358 3421; x_wconf 70' lang='grc' dir='ltr'>ὁσίας</span> <span class='ocrx_word' id='word_1_247' title='bbox 396 3361 608 3428; x_wconf 84' lang='grc' dir='ltr'>μνήμη;</span> <span class='ocrx_word' id='word_1_248' title='bbox 644 3361 897 3424; x_wconf 80' lang='grc' dir='ltr'>Εὐγένιος</span> <span class='ocrx_word' id='word_1_249' title='bbox 930 3362 959 3412; x_wconf 82' lang='grc' dir='ltr'><strong>ὁ</strong></span> <span class='ocrx_word' id='word_1_250' title='bbox 990 3362 1207 3431; x_wconf 81' lang='grc' dir='ltr'>Ῥώμης</span> <span class='ocrx_word' id='word_1_251' title='bbox 1240 3364 1530 3434; x_wconf 74' lang='grc' dir='ltr'>ἀρχιερεὺς</span> <span class='ocrx_word' id='word_1_252' title='bbox 1565 3367 1593 3419; x_wconf 86' lang='grc' dir='ltr'>ὁ</span> <span class='ocrx_word' id='word_1_253' title='bbox 1628 3366 1766 3419; x_wconf 84' lang='grc' dir='ltr'>θειό-</span> 
     </span>
    </p>
   </div>
   <div class='ocr_carea' id='block_1_36' title="bbox 196 3440 1765 3527">
    <p class='ocr_par' dir='ltr' id='par_1_36' title="bbox 196 3440 1765 3527">
     <span class='ocr_line' id='line_1_38' title="bbox 196 3440 1765 3527; baseline 0.005 -24"><span class='ocrx_word' id='word_1_254' title='bbox 196 3468 367 3514; x_wconf 86' lang='grc' dir='ltr'>τατος</span> <span class='ocrx_word' id='word_1_255' title='bbox 401 3452 496 3504; x_wconf 83' lang='grc' dir='ltr'>οὐκ</span> <span class='ocrx_word' id='word_1_256' title='bbox 532 3446 675 3521; x_wconf 76' lang='grc' dir='ltr'>εἶχεν</span> <span class='ocrx_word' id='word_1_257' title='bbox 706 3452 786 3505; x_wconf 81' lang='grc' dir='ltr'>ἔτι</span> <span class='ocrx_word' id='word_1_258' title='bbox 817 3455 874 3505; x_wconf 82' lang='grc' dir='ltr'>ὲν</span> <span class='ocrx_word' id='word_1_259' title='bbox 902 3440 1182 3524; x_wconf 78' lang='grc' dir='ltr'>Φερῤαρίᾳ</span> <span class='ocrx_word' id='word_1_260' title='bbox 1202 3495 1216 3518; x_wconf 95' lang='grc'><strong>,</strong></span> <span class='ocrx_word' id='word_1_261' title='bbox 1248 3455 1372 3508; x_wconf 77' lang='grc' dir='ltr'>οὔτε</span> <span class='ocrx_word' id='word_1_262' title='bbox 1413 3456 1519 3525; x_wconf 84' lang='grc' dir='ltr'>μὴν</span> <span class='ocrx_word' id='word_1_263' title='bbox 1547 3457 1765 3527; x_wconf 75' lang='grc' dir='ltr'>εὕρισκε</span> 
     </span>
    </p>
   </div>
   <div class='ocr_carea' id='block_1_37' title="bbox 198 3537 1768 3615">
    <p class='ocr_par' dir='ltr' id='par_1_37' title="bbox 198 3537 1768 3615">
     <span class='ocr_line' id='line_1_39' title="bbox 198 3537 1768 3615; baseline 0.004 -24"><span class='ocrx_word' id='word_1_264' title='bbox 198 3537 407 3591; x_wconf 81' lang='grc' dir='ltr'>διδόναι</span> <span class='ocrx_word' id='word_1_265' title='bbox 437 3538 563 3607; x_wconf 77' lang='grc' dir='ltr'>ὑμῖν</span> <span class='ocrx_word' id='word_1_266' title='bbox 589 3540 803 3610; x_wconf 77' lang='grc' dir='ltr'>ἑκάστῳ</span> <span class='ocrx_word' id='word_1_267' title='bbox 830 3542 889 3593; x_wconf 83' lang='grc' dir='ltr'>τὸ</span> <span class='ocrx_word' id='word_1_268' title='bbox 918 3540 1245 3610; x_wconf 75' lang='grc' dir='ltr'>σιτηρέσιον,</span> <span class='ocrx_word' id='word_1_269' title='bbox 1275 3543 1365 3595; x_wconf 71' lang='grc' dir='ltr'><strong>καὶ</strong></span> <span class='ocrx_word' id='word_1_270' title='bbox 1389 3547 1497 3607; x_wconf 83' lang='grc' dir='ltr'>τοῖς</span> <span class='ocrx_word' id='word_1_271' title='bbox 1526 3547 1768 3615; x_wconf 79' lang='grc' dir='ltr'>Φλωρεν-</span> 
     </span>
    </p>
   </div>
   <div class='ocr_carea' id='block_1_38' title="bbox 198 3629 1765 3708">
    <p class='ocr_par' dir='ltr' id='par_1_38' title="bbox 198 3629 1765 3708">
     <span class='ocr_line' id='line_1_40' title="bbox 198 3629 1765 3708; baseline 0.006 -25"><span class='ocrx_word' id='word_1_272' title='bbox 198 3629 377 3691; x_wconf 79' lang='grc' dir='ltr'>τίνοις</span> <span class='ocrx_word' id='word_1_273' title='bbox 414 3630 655 3700; x_wconf 79' lang='grc' dir='ltr'>μηνύσας</span> <span class='ocrx_word' id='word_1_274' title='bbox 693 3632 933 3685; x_wconf 81' lang='grc' dir='ltr'>δανεῖσαι</span> <span class='ocrx_word' id='word_1_275' title='bbox 968 3634 1116 3702; x_wconf 82' lang='grc' dir='ltr'>αὐτῷ</span> <span class='ocrx_word' id='word_1_276' title='bbox 1148 3636 1560 3706; x_wconf 72' lang='grc' dir='ltr'>τεσσαράκοντα</span> <span class='ocrx_word' id='word_1_277' title='bbox 1595 3639 1765 3708; x_wconf 87' lang='grc' dir='ltr'>χιλιά-</span> 
     </span>
    </p>
   </div>
   <div class='ocr_carea' id='block_1_39' title="bbox 199 3722 1765 3796">
    <p class='ocr_par' dir='ltr' id='par_1_39' title="bbox 199 3722 1765 3796">
     <span class='ocr_line' id='line_1_41' title="bbox 199 3722 1765 3796; baseline 0.005 -22"><span class='ocrx_word' id='word_1_278' title='bbox 199 3722 307 3783; x_wconf 85' lang='grc' dir='ltr'>δας</span> <span class='ocrx_word' id='word_1_279' title='bbox 335 3723 604 3791; x_wconf 81' lang='grc' dir='ltr'>χρυσίνων</span> <span class='ocrx_word' id='word_1_280' title='bbox 623 3765 638 3786; x_wconf 86' lang='grc'><strong>,</strong></span> <span class='ocrx_word' id='word_1_281' title='bbox 672 3723 991 3777; x_wconf 79' lang='grc' dir='ltr'>ἀπέστειλεν</span> <span class='ocrx_word' id='word_1_282' title='bbox 1021 3725 1207 3786; x_wconf 74' lang='grc' dir='ltr'>αὐτοῖς</span> <span class='ocrx_word' id='word_1_283' title='bbox 1234 3726 1333 3795; x_wconf 81' lang='grc' dir='ltr'>τὴν</span> <span class='ocrx_word' id='word_1_284' title='bbox 1368 3727 1564 3796; x_wconf 83' lang='grc' dir='ltr'>μίτραν</span> <span class='ocrx_word' id='word_1_285' title='bbox 1600 3727 1765 3782; x_wconf 78' lang='grc' dir='ltr'>αὑτοῦ</span> 
     </span>
    </p>
   </div>
   <div class='ocr_carea' id='block_1_40' title="bbox 202 3812 1765 3885">
    <p class='ocr_par' dir='ltr' id='par_1_40' title="bbox 202 3812 1765 3885">
     <span class='ocr_line' id='line_1_42' title="bbox 202 3812 1765 3885; baseline 0.006 -22"><span class='ocrx_word' id='word_1_286' title='bbox 202 3812 466 3881; x_wconf 71' lang='grc' dir='ltr'>ἐνέχυρον</span> <span class='ocrx_word' id='word_1_287' title='bbox 485 3828 499 3843; x_wconf 78' lang='grc'><strong><em>⁸</em></strong></span> <span class='ocrx_word' id='word_1_288' title='bbox 536 3812 586 3864; x_wconf 81' lang='grc' dir='ltr'>οἳ</span> <span class='ocrx_word' id='word_1_289' title='bbox 617 3814 676 3865; x_wconf 69' lang='grc' dir='ltr'>τὸ</span> <span class='ocrx_word' id='word_1_290' title='bbox 706 3814 959 3883; x_wconf 78' lang='grc' dir='ltr'>ἐνέχυρον</span> <span class='ocrx_word' id='word_1_291' title='bbox 987 3815 1268 3877; x_wconf 82' lang='grc' dir='ltr'>λαϐόντες,</span> <span class='ocrx_word' id='word_1_292' title='bbox 1300 3818 1360 3869; x_wconf 80' lang='grc' dir='ltr'><strong>τδ</strong></span> <span class='ocrx_word' id='word_1_293' title='bbox 1392 3819 1613 3885; x_wconf 73' lang='grc' dir='ltr'>αἰτηθὲν</span> <span class='ocrx_word' id='word_1_294' title='bbox 1641 3823 1765 3872; x_wconf 81' lang='grc' dir='ltr'>ἀνε-</span> 
     </span>
    </p>
   </div>
   <div class='ocr_carea' id='block_1_41' title="bbox 205 3902 1765 3978">
    <p class='ocr_par' dir='ltr' id='par_1_41' title="bbox 205 3902 1765 3978">
     <span class='ocr_line' id='line_1_43' title="bbox 205 3902 1765 3978; baseline 0.006 -24"><span class='ocrx_word' id='word_1_295' title='bbox 205 3902 509 3971; x_wconf 75' lang='grc' dir='ltr'>πλήρωσαν</span> <span class='ocrx_word' id='word_1_296' title='bbox 531 3919 546 3934; x_wconf 79' lang='grc'><em>’</em></span> <span class='ocrx_word' id='word_1_297' title='bbox 577 3904 674 3956; x_wconf 81' lang='grc' dir='ltr'>σὺν</span> <span class='ocrx_word' id='word_1_298' title='bbox 702 3904 926 3965; x_wconf 79' lang='grc' dir='ltr'>ἐκείνοις</span> <span class='ocrx_word' id='word_1_299' title='bbox 958 3905 1015 3957; x_wconf 85' lang='grc' dir='ltr'>δὲ</span> <span class='ocrx_word' id='word_1_300' title='bbox 1046 3908 1138 3958; x_wconf 75' lang='grc' dir='ltr'>καὶ</span> <span class='ocrx_word' id='word_1_301' title='bbox 1168 3907 1331 3968; x_wconf 78' lang='grc' dir='ltr'>ἄλλας</span> <span class='ocrx_word' id='word_1_302' title='bbox 1360 3912 1765 3978; x_wconf 80' lang='grc' dir='ltr'>τεσσαράκοντα</span> 
     </span>
    </p>
   </div>
   <div class='ocr_carea' id='block_1_42' title="bbox 205 3990 1769 4068">
    <p class='ocr_par' dir='ltr' id='par_1_42' title="bbox 205 3990 1769 4068">
     <span class='ocr_line' id='line_1_44' title="bbox 205 3990 1769 4068; baseline 0.006 -25"><span class='ocrx_word' id='word_1_303' title='bbox 205 3990 508 4060; x_wconf 78' lang='grc' dir='ltr'>ὑπέσχοντο</span> <span class='ocrx_word' id='word_1_304' title='bbox 534 3994 716 4062; x_wconf 78' lang='grc' dir='ltr'>χάριτι</span> <span class='ocrx_word' id='word_1_305' title='bbox 741 3993 943 4054; x_wconf 83' lang='grc' dir='ltr'>δοῦναι,</span> <span class='ocrx_word' id='word_1_306' title='bbox 972 3997 1020 4048; x_wconf 85' lang='grc' dir='ltr'><strong>εί</strong></span> <span class='ocrx_word' id='word_1_307' title='bbox 1048 3997 1128 4059; x_wconf 80' lang='grc' dir='ltr'><strong>είς</strong></span> <span class='ocrx_word' id='word_1_308' title='bbox 1154 3996 1251 4067; x_wconf 81' lang='grc' dir='ltr'>τὴν</span> <span class='ocrx_word' id='word_1_309' title='bbox 1283 3996 1436 4050; x_wconf 84' lang='grc' dir='ltr'>πόλιν</span> <span class='ocrx_word' id='word_1_310' title='bbox 1464 3999 1643 4051; x_wconf 76' lang='grc' dir='ltr'>αὐτῶν</span> <span class='ocrx_word' id='word_1_311' title='bbox 1674 4018 1769 4068; x_wconf 84' lang='grc' dir='ltr'>με-</span> 
     </span>
    </p>
   </div>
   <div class='ocr_carea' id='block_1_43' title="bbox 202 4083 1769 4156">
    <p class='ocr_par' dir='ltr' id='par_1_43' title="bbox 202 4083 1769 4156">
     <span class='ocr_line' id='line_1_45' title="bbox 202 4083 1769 4156; baseline 0.005 -21"><span class='ocrx_word' id='word_1_312' title='bbox 202 4083 436 4153; x_wconf 85' lang='grc' dir='ltr'>ταθήσοι</span> <span class='ocrx_word' id='word_1_313' title='bbox 469 4085 568 4152; x_wconf 78' lang='grc' dir='ltr'>τὴν</span> <span class='ocrx_word' id='word_1_314' title='bbox 610 4084 858 4150; x_wconf 85' lang='grc' dir='ltr'>σύνοδον,</span> <span class='ocrx_word' id='word_1_315' title='bbox 902 4086 986 4137; x_wconf 80' lang='grc' dir='ltr'>ἵνα</span> <span class='ocrx_word' id='word_1_316' title='bbox 1020 4086 1188 4152; x_wconf 77' lang='grc' dir='ltr'>δῆθεν</span> <span class='ocrx_word' id='word_1_317' title='bbox 1230 4088 1261 4156; x_wconf 78' lang='grc' dir='ltr'>ἡ</span> <span class='ocrx_word' id='word_1_318' title='bbox 1305 4088 1549 4141; x_wconf 83' lang='grc' dir='ltr'>πολιτεία</span> <span class='ocrx_word' id='word_1_319' title='bbox 1591 4090 1769 4143; x_wconf 76' lang='grc' dir='ltr'>αὐτῶν</span> 
     </span>
    </p>
   </div>
   <div class='ocr_carea' id='block_1_44' title="bbox 204 4174 1770 4250">
    <p class='ocr_par' dir='ltr' id='par_1_44' title="bbox 204 4174 1770 4250">
     <span class='ocr_line' id='line_1_46' title="bbox 204 4174 1770 4250; baseline 0.003 -22"><span class='ocrx_word' id='word_1_320' title='bbox 204 4178 311 4244; x_wconf 78' lang='grc' dir='ltr'>τὴν</span> <span class='ocrx_word' id='word_1_321' title='bbox 331 4174 428 4228; x_wconf 83' lang='grc' dir='ltr'>τοῦ</span> <span class='ocrx_word' id='word_1_322' title='bbox 455 4176 579 4244; x_wconf 84' lang='grc' dir='ltr'>ὅρου</span> <span class='ocrx_word' id='word_1_323' title='bbox 608 4176 769 4246; x_wconf 82' lang='grc' dir='ltr'>τιμὴν</span> <span class='ocrx_word' id='word_1_324' title='bbox 796 4178 1080 4233; x_wconf 78' lang='grc' dir='ltr'>ἀπολάϐοι.</span> <span class='ocrx_word' id='word_1_325' title='bbox 1111 4179 1208 4231; x_wconf 65' lang='grc' dir='ltr'><strong>Διὰ</strong></span> <span class='ocrx_word' id='word_1_326' title='bbox 1234 4180 1389 4233; x_wconf 81' lang='grc' dir='ltr'>τοῦτο</span> <span class='ocrx_word' id='word_1_327' title='bbox 1418 4180 1509 4233; x_wconf 80' lang='grc' dir='ltr'>οὖν</span> <span class='ocrx_word' id='word_1_328' title='bbox 1538 4183 1570 4250; x_wconf 82' lang='grc' dir='ltr'><strong>ή</strong></span> <span class='ocrx_word' id='word_1_329' title='bbox 1606 4181 1770 4250; x_wconf 84' lang='grc' dir='ltr'>μετά-</span> 
     </span>
    </p>
   </div>
   <div class='ocr_carea' id='block_1_45' title="bbox 203 4265 1592 4339">
    <p class='ocr_par' dir='ltr' id='par_1_45' title="bbox 203 4265 1592 4339">
     <span class='ocr_line' id='line_1_47' title="bbox 203 4265 1592 4339; baseline 0.003 -20"><span class='ocrx_word' id='word_1_330' title='bbox 203 4266 370 4328; x_wconf 91' lang='grc' dir='ltr'>ϐασις</span> <span class='ocrx_word' id='word_1_331' title='bbox 399 4265 507 4318; x_wconf 80' lang='grc' dir='ltr'>άπὸ</span> <span class='ocrx_word' id='word_1_332' title='bbox 533 4268 839 4337; x_wconf 67' lang='grc' dir='ltr'>Φερῤαρίας</span> <span class='ocrx_word' id='word_1_333' title='bbox 866 4271 946 4330; x_wconf 81' lang='grc' dir='ltr'><strong>είς</strong></span> <span class='ocrx_word' id='word_1_334' title='bbox 976 4270 1322 4339; x_wconf 80' lang='grc' dir='ltr'>Φλωρεντίαν</span> <span class='ocrx_word' id='word_1_335' title='bbox 1350 4271 1592 4339; x_wconf 71' lang='grc' dir='ltr'>γέγονεν.</span> 
     </span>
    </p>
   </div>
   <div class='ocr_carea' id='block_1_46' title="bbox 902 4360 1090 4416">
    <p class='ocr_par' dir='ltr' id='par_1_46' title="bbox 902 4360 1090 4416">
     <span class='ocr_line' id='line_1_48' title="bbox 902 4360 1090 4416; baseline 0.016 -3"><span class='ocrx_word' id='word_1_336' title='bbox 902 4360 1090 4416; x_wconf 77' lang='grc' dir='ltr'><strong>ΕΦΕΣ.</strong></span> 
     </span>
    </p>
   </div>
   <div class='ocr_carea' id='block_1_47' title="bbox 285 4449 1769 4521">
    <p class='ocr_par' dir='ltr' id='par_1_47' title="bbox 285 4449 1769 4521">
     <span class='ocr_line' id='line_1_49' title="bbox 285 4449 1769 4521; baseline 0.003 -19"><span class='ocrx_word' id='word_1_337' title='bbox 285 4449 781 4519; x_wconf 81' lang='grc' dir='ltr'>Ἐνθα“γενόμενοι</span> <span class='ocrx_word' id='word_1_338' title='bbox 823 4450 933 4505; x_wconf 82' lang='grc' dir='ltr'><strong>τῶν</strong></span> <span class='ocrx_word' id='word_1_339' title='bbox 978 4452 1107 4518; x_wconf 80' lang='grc' dir='ltr'>περὶ</span> <span class='ocrx_word' id='word_1_340' title='bbox 1150 4450 1249 4521; x_wconf 80' lang='grc' dir='ltr'><strong>τὴς</strong></span> <span class='ocrx_word' id='word_1_341' title='bbox 1287 4451 1443 4520; x_wconf 79' lang='grc' dir='ltr'>δόξης</span> <span class='ocrx_word' id='word_1_342' title='bbox 1484 4451 1769 4518; x_wconf 81' lang='grc' dir='ltr'>διαλέξεων</span> 
     </span>
    </p>
   </div>
   <div class='ocr_carea' id='block_1_48' title="bbox 203 4541 1768 4612">
    <p class='ocr_par' dir='ltr' id='par_1_48' title="bbox 203 4541 1768 4612">
     <span class='ocr_line' id='line_1_50' title="bbox 203 4541 1768 4612; baseline 0 -16"><span class='ocrx_word' id='word_1_343' title='bbox 203 4541 595 4611; x_wconf 78' lang='grc' dir='ltr'>ἀπηρξάμεθα,</span> <span class='ocrx_word' id='word_1_344' title='bbox 625 4541 735 4594; x_wconf 85' lang='grc' dir='ltr'><strong>τῶν</strong></span> <span class='ocrx_word' id='word_1_345' title='bbox 762 4542 1008 4595; x_wconf 75' lang='grc' dir='ltr'>Λατίνιον</span> <span class='ocrx_word' id='word_1_346' title='bbox 1038 4544 1479 4610; x_wconf 80' lang='grc' dir='ltr'>προενεγκόντων</span> <span class='ocrx_word' id='word_1_347' title='bbox 1511 4544 1670 4612; x_wconf 79' lang='grc' dir='ltr'>ῥητὰ,</span> <span class='ocrx_word' id='word_1_348' title='bbox 1699 4544 1768 4596; x_wconf 84' lang='grc' dir='ltr'><strong>τά</strong></span> 
     </span>
    </p>
   </div>
   <div class='ocr_carea' id='block_1_49' title="bbox 1867 717 3410 792">
    <p class='ocr_par' dir='ltr' id='par_1_49' title="bbox 1867 717 3410 792">
     <span class='ocr_line' id='line_1_51' title="bbox 1867 717 3410 792; baseline 0.001 -18"><span class='ocrx_word' id='word_1_349' title='bbox 1867 730 2019 774; x_wconf 86' lang='lat' dir='ltr'><strong>sunt.</strong></span> <span class='ocrx_word' id='word_1_350' title='bbox 2058 721 2115 776; x_wconf 90' lang='lat' dir='ltr'><strong>Si</strong></span> <span class='ocrx_word' id='word_1_351' title='bbox 2170 737 2296 775; x_wconf 79' lang='lat' dir='ltr'><strong>vero</strong></span> <span class='ocrx_word' id='word_1_352' title='bbox 2344 725 2452 789; x_wconf 89' lang='lat' dir='ltr'><strong>pia,</strong></span> <span class='ocrx_word' id='word_1_353' title='bbox 2500 736 2597 775; x_wconf 87' lang='lat' dir='ltr'><strong>cur</strong></span> <span class='ocrx_word' id='word_1_354' title='bbox 2624 722 2805 777; x_wconf 88' lang='lat' dir='ltr'><strong>minus</strong></span> <span class='ocrx_word' id='word_1_355' title='bbox 2840 722 2893 775; x_wconf 91' lang='lat' dir='ltr'><strong>in</strong></span> <span class='ocrx_word' id='word_1_356' title='bbox 2944 717 3197 792; x_wconf 78' lang='lat' dir='ltr'><strong>Symboio</strong></span> <span class='ocrx_word' id='word_1_357' title='bbox 3248 736 3410 788; x_wconf 70' lang='lat' dir='ltr'><strong>qualn</strong></span> 
     </span>
    </p>
   </div>
   <div class='ocr_carea' id='block_1_50' title="bbox 1864 811 3405 885">
    <p class='ocr_par' dir='ltr' id='par_1_50' title="bbox 1864 811 3405 885">
     <span class='ocr_line' id='line_1_52' title="bbox 1864 811 3405 885; baseline 0.002 -20"><span class='ocrx_word' id='word_1_358' title='bbox 1864 811 2033 866; x_wconf 83' lang='lat' dir='ltr'><strong>alibi?</strong></span> <span class='ocrx_word' id='word_1_359' title='bbox 2061 812 2175 868; x_wconf 90' lang='lat' dir='ltr'><strong>lmo</strong></span> <span class='ocrx_word' id='word_1_360' title='bbox 2201 812 2386 882; x_wconf 80' lang='lat' dir='ltr'><strong>potius</strong></span> <span class='ocrx_word' id='word_1_361' title='bbox 2410 813 2666 884; x_wconf 80' lang='lat' dir='ltr'><strong>Syntbolo</strong></span> <span class='ocrx_word' id='word_1_362' title='bbox 2692 813 2970 876; x_wconf 74' lang='lat' dir='ltr'><strong>veritatem</strong></span> <span class='ocrx_word' id='word_1_363' title='bbox 2996 813 3150 870; x_wconf 77' lang='lat' dir='ltr'><strong>fateri</strong></span> <span class='ocrx_word' id='word_1_364' title='bbox 3172 825 3405 885; x_wconf 83' lang='lat' dir='ltr'><strong>oportet.</strong></span> 
     </span>
    </p>
   </div>
   <div class='ocr_carea' id='block_1_51' title="bbox 1865 890 3410 975">
    <p class='ocr_par' dir='ltr' id='par_1_51' title="bbox 1865 890 3410 975">
     <span class='ocr_line' id='line_1_53' title="bbox 1865 890 3410 975; baseline 0.003 -18"><span class='ocrx_word' id='word_1_365' title='bbox 1865 903 1961 959; x_wconf 82' lang='lat' dir='ltr'><strong>llis</strong></span> <span class='ocrx_word' id='word_1_366' title='bbox 1992 912 2049 958; x_wconf 90' lang='lat' dir='ltr'><strong>tu</strong></span> <span class='ocrx_word' id='word_1_367' title='bbox 2080 912 2245 973; x_wconf 90' lang='lat' dir='ltr'><strong>atque</strong></span> <span class='ocrx_word' id='word_1_368' title='bbox 2269 890 2355 959; x_wconf 86' lang='lat' dir='ltr'><strong>tui</strong></span> <span class='ocrx_word' id='word_1_369' title='bbox 2376 906 2575 960; x_wconf 79' lang='lat' dir='ltr'><strong>auditis</strong></span> <span class='ocrx_word' id='word_1_370' title='bbox 2603 905 3023 975; x_wconf 83' lang='lat' dir='ltr'><strong>disputationem</strong></span> <span class='ocrx_word' id='word_1_371' title='bbox 3060 906 3129 961; x_wconf 89' lang='lat' dir='ltr'><strong>de</strong></span> <span class='ocrx_word' id='word_1_372' title='bbox 3157 906 3410 975; x_wconf 80' lang='lat' dir='ltr'><strong>dogmate</strong></span> 
     </span>
    </p>
   </div>
   <div class='ocr_carea' id='block_1_52' title="bbox 1864 993 3411 1065">
    <p class='ocr_par' dir='ltr' id='par_1_52' title="bbox 1864 993 3411 1065">
     <span class='ocr_line' id='line_1_54' title="bbox 1864 993 3411 1065; baseline 0 -15"><span class='ocrx_word' id='word_1_373' title='bbox 1864 993 2242 1059; x_wconf 81' lang='lat' dir='ltr'><strong>exhorruistis,</strong></span> <span class='ocrx_word' id='word_1_374' title='bbox 2272 1002 2326 1050; x_wconf 89' lang='lat' dir='ltr'><strong>et</strong></span> <span class='ocrx_word' id='word_1_375' title='bbox 2365 994 2542 1065; x_wconf 78' lang='lat' dir='ltr'><strong>fugam</strong></span> <span class='ocrx_word' id='word_1_376' title='bbox 2578 996 2830 1065; x_wconf 79' lang='lat' dir='ltr'><strong>parastis,</strong></span> <span class='ocrx_word' id='word_1_377' title='bbox 2856 995 3009 1052; x_wconf 87' lang='lat' dir='ltr'><strong>abire</strong></span> <span class='ocrx_word' id='word_1_378' title='bbox 3056 995 3207 1051; x_wconf 86' lang='lat' dir='ltr'><strong>illinc</strong></span> <span class='ocrx_word' id='word_1_379' title='bbox 3247 1010 3411 1065; x_wconf 85' lang='lat' dir='ltr'><strong>exop-</strong></span> 
     </span>
    </p>
   </div>
   <div class='ocr_carea' id='block_1_53' title="bbox 1863 1100 2058 1145">
    <p class='ocr_par' dir='ltr' id='par_1_53' title="bbox 1863 1100 2058 1145">
     <span class='ocr_line' id='line_1_55' title="bbox 1863 1100 2058 1145; baseline 0 -2"><span class='ocrx_word' id='word_1_380' title='bbox 1863 1100 2058 1145; x_wconf 90' lang='lat' dir='ltr'><strong>tantes.</strong></span> 
     </span>
    </p>
   </div>
   <div class='ocr_carea' id='block_1_54' title="bbox 2518 1266 2759 1323">
    <p class='ocr_par' dir='ltr' id='par_1_54' title="bbox 2518 1266 2759 1323">
     <span class='ocr_line' id='line_1_56' title="bbox 2518 1266 2759 1323; baseline 0.008 -2"><span class='ocrx_word' id='word_1_381' title='bbox 2518 1266 2759 1323; x_wconf 79' lang='lat' dir='ltr'><strong>EPIIES.</strong></span> 
     </span>
    </p>
   </div>
   <div class='ocr_carea' id='block_1_55' title="bbox 1934 1358 3414 1429">
    <p class='ocr_par' dir='ltr' id='par_1_55' title="bbox 1934 1358 3414 1429">
     <span class='ocr_line' id='line_1_57' title="bbox 1934 1358 3414 1429; baseline 0 -18"><span class='ocrx_word' id='word_1_382' title='bbox 1934 1359 2108 1429; x_wconf 79' lang='lat' dir='ltr'><strong>Atque</strong></span> <span class='ocrx_word' id='word_1_383' title='bbox 2131 1358 2166 1413; x_wconf 86' lang='lat' dir='ltr'><strong>ii</strong></span> <span class='ocrx_word' id='word_1_384' title='bbox 2188 1359 2408 1429; x_wconf 84' lang='lat' dir='ltr'><strong>quidem</strong></span> <span class='ocrx_word' id='word_1_385' title='bbox 2440 1368 2497 1413; x_wconf 94' lang='lat' dir='ltr'><strong>ut</strong></span> <span class='ocrx_word' id='word_1_386' title='bbox 2517 1358 2719 1414; x_wconf 86' lang='lat' dir='ltr'><strong>instare</strong></span> <span class='ocrx_word' id='word_1_387' title='bbox 2735 1368 3034 1427; x_wconf 66' lang='lat' dir='ltr'><strong>coeperunt,</strong></span> <span class='ocrx_word' id='word_1_388' title='bbox 3053 1359 3414 1429; x_wconf 85' lang='lat' dir='ltr'><strong>perstitissent</strong></span> 
     </span>
    </p>
   </div>
   <div class='ocr_carea' id='block_1_56' title="bbox 1863 1446 3414 1517">
    <p class='ocr_par' dir='ltr' id='par_1_56' title="bbox 1863 1446 3414 1517">
     <span class='ocr_line' id='line_1_58' title="bbox 1863 1446 3414 1517; baseline 0.001 -16"><span class='ocrx_word' id='word_1_389' title='bbox 1863 1448 2025 1502; x_wconf 88' lang='lat' dir='ltr'><strong>etiam</strong></span> <span class='ocrx_word' id='word_1_390' title='bbox 2058 1449 2112 1502; x_wconf 89' lang='lat' dir='ltr'><strong>in</strong></span> <span class='ocrx_word' id='word_1_391' title='bbox 2140 1447 2241 1503; x_wconf 87' lang='lat' dir='ltr'><strong>hac</strong></span> <span class='ocrx_word' id='word_1_392' title='bbox 2264 1448 2540 1503; x_wconf 84' lang='lat' dir='ltr'><strong>voluntate</strong></span> <span class='ocrx_word' id='word_1_393' title='bbox 2566 1463 2737 1517; x_wconf 87' lang='lat' dir='ltr'><strong>usque</strong></span> <span class='ocrx_word' id='word_1_394' title='bbox 2772 1447 2836 1500; x_wconf 85' lang='lat' dir='ltr'><strong>ad</strong></span> <span class='ocrx_word' id='word_1_395' title='bbox 2872 1446 3052 1511; x_wconf 84' lang='lat' dir='ltr'><strong>ﬁnem,</strong></span> <span class='ocrx_word' id='word_1_396' title='bbox 3075 1455 3129 1501; x_wconf 90' lang='lat' dir='ltr'><strong>et</strong></span> <span class='ocrx_word' id='word_1_397' title='bbox 3161 1447 3414 1502; x_wconf 85' lang='lat' dir='ltr'><strong>recessis-</strong></span> 
     </span>
    </p>
   </div>
   <div class='ocr_carea' id='block_1_57' title="bbox 1867 1538 3447 1603">
    <p class='ocr_par' dir='ltr' id='par_1_57' title="bbox 1867 1538 3447 1603">
     <span class='ocr_line' id='line_1_59' title="bbox 1867 1538 3447 1603; baseline -0.001 -10"><span class='ocrx_word' id='word_1_398' title='bbox 1867 1547 1986 1593; x_wconf 86' lang='lat' dir='ltr'><strong>sent</strong></span> <span class='ocrx_word' id='word_1_399' title='bbox 2023 1538 2170 1593; x_wconf 84' lang='lat' dir='ltr'><strong>illine</strong></span> <span class='ocrx_word' id='word_1_400' title='bbox 2200 1540 2341 1594; x_wconf 90' lang='lat' dir='ltr'><strong>bono</strong></span> <span class='ocrx_word' id='word_1_401' title='bbox 2377 1554 2509 1595; x_wconf 84' lang='lat' dir='ltr'><strong>sane</strong></span> <span class='ocrx_word' id='word_1_402' title='bbox 2555 1539 2806 1603; x_wconf 90' lang='lat' dir='ltr'><strong>consilio,</strong></span> <span class='ocrx_word' id='word_1_403' title='bbox 2832 1540 2884 1592; x_wconf 90' lang='lat' dir='ltr'><strong>ni</strong></span> <span class='ocrx_word' id='word_1_404' title='bbox 2935 1538 3241 1593; x_wconf 84' lang='lat' dir='ltr'><strong>dissuasum</strong></span> <span class='ocrx_word' id='word_1_405' title='bbox 3272 1546 3417 1592; x_wconf 82' lang='lat' dir='ltr'><strong>esset</strong></span> <span class='ocrx_word' id='word_1_406' title='bbox 3446 1582 3447 1585; x_wconf 53' lang='grc' dir='ltr'><strong>η</strong></span> 
     </span>
    </p>
   </div>
   <div class='ocr_carea' id='block_1_58' title="bbox 1865 1628 3412 1697">
    <p class='ocr_par' dir='ltr' id='par_1_58' title="bbox 1865 1628 3412 1697">
     <span class='ocr_line' id='line_1_60' title="bbox 1865 1628 3412 1697; baseline 0.003 -17"><span class='ocrx_word' id='word_1_407' title='bbox 1865 1628 1945 1684; x_wconf 86' lang='lat' dir='ltr'><strong>eis</strong></span> <span class='ocrx_word' id='word_1_408' title='bbox 1965 1644 1997 1683; x_wconf 87' lang='lat' dir='ltr'><strong>a</strong></span> <span class='ocrx_word' id='word_1_409' title='bbox 2015 1629 2365 1696; x_wconf 78' lang='lat' dir='ltr'><strong>quibusdam,</strong></span> <span class='ocrx_word' id='word_1_410' title='bbox 2392 1630 2655 1685; x_wconf 86' lang='lat' dir='ltr'><strong>rationem</strong></span> <span class='ocrx_word' id='word_1_411' title='bbox 2686 1631 2826 1684; x_wconf 88' lang='lat' dir='ltr'><strong>illam</strong></span> <span class='ocrx_word' id='word_1_412' title='bbox 2851 1628 3220 1690; x_wconf 76' lang='lat' dir='ltr'><strong>aﬂ‘ereutibns,</strong></span> <span class='ocrx_word' id='word_1_413' title='bbox 3266 1630 3412 1697; x_wconf 90' lang='lat' dir='ltr'><strong>quod</strong></span> 
     </span>
    </p>
   </div>
   <div class='ocr_carea' id='block_1_59' title="bbox 1868 1718 3416 1789">
    <p class='ocr_par' dir='ltr' id='par_1_59' title="bbox 1868 1718 3416 1789">
     <span class='ocr_line' id='line_1_61' title="bbox 1868 1718 3416 1789; baseline 0.001 -18"><span class='ocrx_word' id='word_1_414' title='bbox 1868 1718 2179 1774; x_wconf 74' lang='lat' dir='ltr'><strong>indecorum</strong></span> <span class='ocrx_word' id='word_1_415' title='bbox 2214 1729 2362 1776; x_wconf 85' lang='lat' dir='ltr'><strong>esset</strong></span> <span class='ocrx_word' id='word_1_416' title='bbox 2384 1720 2676 1776; x_wconf 80' lang='lat' dir='ltr'><strong>abscedere</strong></span> <span class='ocrx_word' id='word_1_417' title='bbox 2706 1720 2853 1774; x_wconf 81' lang='lat' dir='ltr'><strong>nulla</strong></span> <span class='ocrx_word' id='word_1_418' title='bbox 2876 1720 3056 1774; x_wconf 86' lang='lat' dir='ltr'><strong>habita</strong></span> <span class='ocrx_word' id='word_1_419' title='bbox 3083 1718 3150 1773; x_wconf 88' lang='lat' dir='ltr'><strong>de</strong></span> <span class='ocrx_word' id='word_1_420' title='bbox 3165 1718 3416 1789; x_wconf 87' lang='lat' dir='ltr'><strong>dogmate</strong></span> 
     </span>
    </p>
   </div>
   <div class='ocr_carea' id='block_1_60' title="bbox 1867 1808 3417 1879">
    <p class='ocr_par' dir='ltr' id='par_1_60' title="bbox 1867 1808 3417 1879">
     <span class='ocr_line' id='line_1_62' title="bbox 1867 1808 3417 1879; baseline -0.001 -17"><span class='ocrx_word' id='word_1_421' title='bbox 1867 1808 2209 1874; x_wconf 65' lang='lat' dir='ltr'><strong>quaastione;</strong></span> <span class='ocrx_word' id='word_1_422' title='bbox 2248 1809 2320 1864; x_wconf 91' lang='lat' dir='ltr'><strong>ita</strong></span> <span class='ocrx_word' id='word_1_423' title='bbox 2360 1824 2516 1865; x_wconf 87' lang='lat' dir='ltr'><strong>suum</strong></span> <span class='ocrx_word' id='word_1_424' title='bbox 2552 1808 2837 1879; x_wconf 79' lang='lat' dir='ltr'><strong>przebuere</strong></span> <span class='ocrx_word' id='word_1_425' title='bbox 2878 1823 3184 1868; x_wconf 87' lang='lat' dir='ltr'><strong>assensum.</strong></span> <span class='ocrx_word' id='word_1_426' title='bbox 3216 1816 3327 1862; x_wconf 87' lang='lat' dir='ltr'><strong>tum</strong></span> <span class='ocrx_word' id='word_1_427' title='bbox 3359 1816 3417 1862; x_wconf 91' lang='lat' dir='ltr'><strong>ut</strong></span> 
     </span>
    </p>
   </div>
   <div class='ocr_carea' id='block_1_61' title="bbox 1868 1899 3418 1969">
    <p class='ocr_par' dir='ltr' id='par_1_61' title="bbox 1868 1899 3418 1969">
     <span class='ocr_line' id='line_1_63' title="bbox 1868 1899 3418 1969; baseline 0.001 -18"><span class='ocrx_word' id='word_1_428' title='bbox 1868 1913 1897 1951; x_wconf 91' lang='lat' dir='ltr'><strong>a</strong></span> <span class='ocrx_word' id='word_1_429' title='bbox 1926 1899 2293 1969; x_wconf 84' lang='lat' dir='ltr'><strong>disputatione</strong></span> <span class='ocrx_word' id='word_1_430' title='bbox 2320 1901 2386 1954; x_wconf 92' lang='lat' dir='ltr'><strong>de</strong></span> <span class='ocrx_word' id='word_1_431' title='bbox 2418 1901 2788 1959; x_wconf 85' lang='lat' dir='ltr'><strong>additamenta</strong></span> <span class='ocrx_word' id='word_1_432' title='bbox 2820 1900 3138 1955; x_wconf 87' lang='lat' dir='ltr'><strong>transiretur</strong></span> <span class='ocrx_word' id='word_1_433' title='bbox 3172 1899 3237 1952; x_wconf 93' lang='lat' dir='ltr'><strong>ad</strong></span> <span class='ocrx_word' id='word_1_434' title='bbox 3263 1915 3418 1967; x_wconf 72' lang='lat' dir='ltr'><strong>qua:-</strong></span> 
     </span>
    </p>
   </div>
   <div class='ocr_carea' id='block_1_62' title="bbox 1802 1966 3416 2066">
    <p class='ocr_par' dir='ltr' id='par_1_62' title="bbox 1802 1966 3416 2066">
     <span class='ocr_line' id='line_1_64' title="bbox 1802 1966 3416 2066; baseline 0.001 -24"><span class='ocrx_word' id='word_1_435' title='bbox 1802 1966 1842 2021; x_wconf 67' lang='grc' dir='ltr'><strong><em>Β</em></strong></span> <span class='ocrx_word' id='word_1_436' title='bbox 1871 1989 2096 2043; x_wconf 82' lang='lat' dir='ltr'><strong>stionem</strong></span> <span class='ocrx_word' id='word_1_437' title='bbox 2150 1991 2438 2057; x_wconf 79' lang='lat' dir='ltr'><strong>dogmatis,</strong></span> <span class='ocrx_word' id='word_1_438' title='bbox 2488 2003 2600 2045; x_wconf 89' lang='lat' dir='ltr'><strong>tmn</strong></span> <span class='ocrx_word' id='word_1_439' title='bbox 2636 2002 2696 2046; x_wconf 92' lang='lat' dir='ltr'><strong>ut</strong></span> <span class='ocrx_word' id='word_1_440' title='bbox 2743 1991 2811 2045; x_wconf 90' lang='lat' dir='ltr'><strong>ab</strong></span> <span class='ocrx_word' id='word_1_441' title='bbox 2851 1991 2982 2045; x_wconf 85' lang='lat' dir='ltr'><strong>urbe</strong></span> <span class='ocrx_word' id='word_1_442' title='bbox 3016 1975 3263 2066; x_wconf 81' lang='lat' dir='ltr'><strong>Ferraria</strong></span> <span class='ocrx_word' id='word_1_443' title='bbox 3295 1988 3416 2044; x_wconf 85' lang='lat' dir='ltr'><strong>Flo-</strong></span> 
     </span>
    </p>
   </div>
   <div class='ocr_carea' id='block_1_63' title="bbox 1866 2080 2723 2136">
    <p class='ocr_par' dir='ltr' id='par_1_63' title="bbox 1866 2080 2723 2136">
     <span class='ocr_line' id='line_1_65' title="bbox 1866 2080 2723 2136; baseline 0.002 -2"><span class='ocrx_word' id='word_1_444' title='bbox 1866 2084 2091 2136; x_wconf 82' lang='lat' dir='ltr'><strong>rentiam</strong></span> <span class='ocrx_word' id='word_1_445' title='bbox 2121 2080 2314 2136; x_wconf 87' lang='lat' dir='ltr'><strong>iretur.</strong></span> <span class='ocrx_word' id='word_1_446' title='bbox 2720 2104 2723 2105; x_wconf 50' lang='grc' dir='ltr'><strong>ν</strong></span> 
     </span>
    </p>
   </div>
   <div class='ocr_carea' id='block_1_64' title="bbox 2546 2174 2743 2230">
    <p class='ocr_par' dir='ltr' id='par_1_64' title="bbox 2546 2174 2743 2230">
     <span class='ocr_line' id='line_1_66' title="bbox 2546 2174 2743 2230; baseline 0 -1"><span class='ocrx_word' id='word_1_447' title='bbox 2546 2174 2743 2230; x_wconf 79' lang='lat' dir='ltr'><strong>RESP.</strong></span> 
     </span>
    </p>
   </div>
   <div class='ocr_carea' id='block_1_65' title="bbox 1939 2263 3420 2336">
    <p class='ocr_par' dir='ltr' id='par_1_65' title="bbox 1939 2263 3420 2336">
     <span class='ocr_line' id='line_1_67' title="bbox 1939 2263 3420 2336; baseline 0.002 -18"><span class='ocrx_word' id='word_1_448' title='bbox 1939 2263 2197 2320; x_wconf 83' lang='lat' dir='ltr'><strong>Volcbant</strong></span> <span class='ocrx_word' id='word_1_449' title='bbox 2239 2268 2368 2321; x_wconf 84' lang='lat' dir='ltr'><strong>sane</strong></span> <span class='ocrx_word' id='word_1_450' title='bbox 2400 2264 2770 2336; x_wconf 89' lang='lat' dir='ltr'><strong>imprudentes</strong></span> <span class='ocrx_word' id='word_1_451' title='bbox 2799 2265 3018 2335; x_wconf 90' lang='lat' dir='ltr'><strong>quidam</strong></span> <span class='ocrx_word' id='word_1_452' title='bbox 3052 2266 3103 2321; x_wconf 75' lang='lat' dir='ltr'><strong>in</strong></span> <span class='ocrx_word' id='word_1_453' title='bbox 3136 2282 3198 2321; x_wconf 88' lang='lat' dir='ltr'><strong>ea</strong></span> <span class='ocrx_word' id='word_1_454' title='bbox 3233 2267 3420 2321; x_wconf 79' lang='lat' dir='ltr'><strong>volun-</strong></span> 
     </span>
    </p>
   </div>
   <div class='ocr_carea' id='block_1_66' title="bbox 1868 2344 3416 2428">
    <p class='ocr_par' dir='ltr' id='par_1_66' title="bbox 1868 2344 3416 2428">
     <span class='ocr_line' id='line_1_68' title="bbox 1868 2344 3416 2428; baseline 0.001 -21"><span class='ocrx_word' id='word_1_455' title='bbox 1868 2363 1975 2407; x_wconf 86' lang='lat' dir='ltr'><strong>tate</strong></span> <span class='ocrx_word' id='word_1_456' title='bbox 1996 2344 2331 2423; x_wconf 59' lang='lat' dir='ltr'><strong>&#39;pcrsistere,</strong></span> <span class='ocrx_word' id='word_1_457' title='bbox 2356 2372 2461 2428; x_wconf 87' lang='lat' dir='ltr'><strong>qua</strong></span> <span class='ocrx_word' id='word_1_458' title='bbox 2496 2365 2775 2426; x_wconf 80' lang='lat' dir='ltr'><strong>coeperant</strong></span> <span class='ocrx_word' id='word_1_459' title='bbox 2806 2357 3028 2424; x_wconf 86' lang='lat' dir='ltr'><strong>instare,</strong></span> <span class='ocrx_word' id='word_1_460' title='bbox 3052 2367 3107 2413; x_wconf 88' lang='lat' dir='ltr'><strong>et</strong></span> <span class='ocrx_word' id='word_1_461' title='bbox 3155 2350 3416 2427; x_wconf 69' lang='lat' dir='ltr'><strong>disjiingi,</strong></span> 
     </span>
    </p>
   </div>
   <div class='ocr_carea' id='block_1_67' title="bbox 1866 2445 3419 2517">
    <p class='ocr_par' dir='ltr' id='par_1_67' title="bbox 1866 2445 3419 2517">
     <span class='ocr_line' id='line_1_69' title="bbox 1866 2445 3419 2517; baseline 0.004 -20"><span class='ocrx_word' id='word_1_462' title='bbox 1866 2454 2027 2513; x_wconf 86' lang='lat' dir='ltr'><strong>atque</strong></span> <span class='ocrx_word' id='word_1_463' title='bbox 2076 2445 2201 2500; x_wconf 90' lang='lat' dir='ltr'><strong>inde</strong></span> <span class='ocrx_word' id='word_1_464' title='bbox 2235 2446 2548 2512; x_wconf 81' lang='lat' dir='ltr'><strong>abscedere,</strong></span> <span class='ocrx_word' id='word_1_465' title='bbox 2578 2446 2834 2515; x_wconf 68' lang='lat' dir='ltr'><strong>[quorum</strong></span> <span class='ocrx_word' id='word_1_466' title='bbox 2864 2456 3117 2517; x_wconf 58' lang='lat' dir='ltr'><strong>tu&#39;caput</strong></span> <span class='ocrx_word' id='word_1_467' title='bbox 3145 2463 3286 2504; x_wconf 89' lang='lat' dir='ltr'><strong>eras.</strong></span> <span class='ocrx_word' id='word_1_468' title='bbox 3323 2449 3419 2503; x_wconf 74' lang='lat' dir='ltr'><strong>Vc-</strong></span> 
     </span>
    </p>
   </div>
   <div class='ocr_carea' id='block_1_68' title="bbox 1869 2535 3511 2607">
    <p class='ocr_par' dir='ltr' id='par_1_68' title="bbox 1869 2535 3511 2607">
     <span class='ocr_line' id='line_1_70' title="bbox 1869 2535 3511 2607; baseline 0 -20"><span class='ocrx_word' id='word_1_469' title='bbox 1869 2551 1984 2588; x_wconf 90' lang='lat' dir='ltr'><strong>rum</strong></span> <span class='ocrx_word' id='word_1_470' title='bbox 2013 2535 2103 2605; x_wconf 87' lang='lat' dir='ltr'><strong>qui</strong></span> <span class='ocrx_word' id='word_1_471' title='bbox 2132 2552 2243 2591; x_wconf 66' lang='lat' dir='ltr'><strong>sum</strong></span> <span class='ocrx_word' id='word_1_472' title='bbox 2271 2536 2466 2592; x_wconf 89' lang='lat' dir='ltr'><strong>salutis</strong></span> <span class='ocrx_word' id='word_1_473' title='bbox 2491 2545 2647 2590; x_wconf 86' lang='lat' dir='ltr'><strong>erant</strong></span> <span class='ocrx_word' id='word_1_474' title='bbox 2673 2537 2839 2603; x_wconf 83' lang='lat' dir='ltr'><strong>avidi,</strong></span> <span class='ocrx_word' id='word_1_475' title='bbox 2867 2548 3222 2607; x_wconf 77' lang='lat' dir='ltr'><strong>agnoscentes</strong></span> <span class='ocrx_word' id='word_1_476' title='bbox 3249 2554 3419 2605; x_wconf 86' lang='lat' dir='ltr'><strong>quau-</strong></span> <span class='ocrx_word' id='word_1_477' title='bbox 3510 2584 3511 2587; x_wconf 44' lang='grc' dir='ltr'><strong>η</strong></span> 
     </span>
    </p>
   </div>
   <div class='ocr_carea' id='block_1_69' title="bbox 1870 2630 3421 2698">
    <p class='ocr_par' dir='ltr' id='par_1_69' title="bbox 1870 2630 3421 2698">
     <span class='ocr_line' id='line_1_71' title="bbox 1870 2630 3421 2698; baseline 0.002 -17"><span class='ocrx_word' id='word_1_478' title='bbox 1870 2637 1981 2681; x_wconf 92' lang='lat' dir='ltr'><strong>tum</strong></span> <span class='ocrx_word' id='word_1_479' title='bbox 2010 2632 2079 2683; x_wconf 89' lang='lat' dir='ltr'><strong>sit</strong></span> <span class='ocrx_word' id='word_1_480' title='bbox 2111 2631 2377 2685; x_wconf 65' lang='lat' dir='ltr'><strong>hmreseos</strong></span> <span class='ocrx_word' id='word_1_481' title='bbox 2409 2632 2712 2698; x_wconf 86' lang='lat' dir='ltr'><strong>periculum</strong></span> <span class='ocrx_word' id='word_1_482' title='bbox 2741 2632 2794 2683; x_wconf 90' lang='lat' dir='ltr'><strong>in</strong></span> <span class='ocrx_word' id='word_1_483' title='bbox 2828 2632 2897 2685; x_wconf 91' lang='lat' dir='ltr'><strong>iis</strong></span> <span class='ocrx_word' id='word_1_484' title='bbox 2926 2632 3015 2697; x_wconf 90' lang='lat' dir='ltr'><strong>qui</strong></span> <span class='ocrx_word' id='word_1_485' title='bbox 3045 2646 3102 2685; x_wconf 88' lang='lat' dir='ltr'><strong>se</strong></span> <span class='ocrx_word' id='word_1_486' title='bbox 3133 2632 3199 2685; x_wconf 92' lang='lat' dir='ltr'><strong>ab</strong></span> <span class='ocrx_word' id='word_1_487' title='bbox 3240 2630 3421 2687; x_wconf 64' lang='lat' dir='ltr'><strong>Eccle-</strong></span> 
     </span>
    </p>
   </div>
   <div class='ocr_carea' id='block_1_70' title="bbox 1869 2720 3424 2791">
    <p class='ocr_par' dir='ltr' id='par_1_70' title="bbox 1869 2720 3424 2791">
     <span class='ocr_line' id='line_1_72' title="bbox 1869 2720 3424 2791; baseline 0.001 -18"><span class='ocrx_word' id='word_1_488' title='bbox 1869 2721 1950 2774; x_wconf 86' lang='lat' dir='ltr'><strong>sia</strong></span> <span class='ocrx_word' id='word_1_489' title='bbox 1979 2732 2289 2785; x_wconf 89' lang='lat' dir='ltr'><strong>secernunt,</strong></span> <span class='ocrx_word' id='word_1_490' title='bbox 2320 2722 2609 2777; x_wconf 89' lang='lat' dir='ltr'><strong>noluerunt</strong></span> <span class='ocrx_word' id='word_1_491' title='bbox 2639 2724 2832 2778; x_wconf 88' lang='lat' dir='ltr'><strong>timore</strong></span> <span class='ocrx_word' id='word_1_492' title='bbox 2865 2720 3096 2790; x_wconf 84' lang='lat' dir='ltr'><strong>perculsi</strong></span> <span class='ocrx_word' id='word_1_493' title='bbox 3136 2724 3293 2791; x_wconf 84' lang='lat' dir='ltr'><strong>hujus</strong></span> <span class='ocrx_word' id='word_1_494' title='bbox 3326 2740 3424 2775; x_wconf 75' lang='lat' dir='ltr'><strong>ue-</strong></span> 
     </span>
    </p>
   </div>
   <div class='ocr_carea' id='block_1_71' title="bbox 1867 2813 3423 2886">
    <p class='ocr_par' dir='ltr' id='par_1_71' title="bbox 1867 2813 3423 2886">
     <span class='ocr_line' id='line_1_73' title="bbox 1867 2813 3423 2886; baseline 0 -20"><span class='ocrx_word' id='word_1_495' title='bbox 1867 2813 2053 2883; x_wconf 78' lang='lat' dir='ltr'><strong>quitize</strong></span> <span class='ocrx_word' id='word_1_496' title='bbox 2095 2814 2286 2869; x_wconf 92' lang='lat' dir='ltr'><strong>morbo</strong></span> <span class='ocrx_word' id='word_1_497' title='bbox 2325 2815 2511 2880; x_wconf 75' lang='lat' dir='ltr'><strong>allici;</strong></span> <span class='ocrx_word' id='word_1_498' title='bbox 2556 2815 2650 2870; x_wconf 91' lang='lat' dir='ltr'><strong>sed</strong></span> <span class='ocrx_word' id='word_1_499' title='bbox 2704 2814 2898 2886; x_wconf 83' lang='lat' dir='ltr'><strong>magna</strong></span> <span class='ocrx_word' id='word_1_500' title='bbox 2928 2815 3204 2871; x_wconf 85' lang='lat' dir='ltr'><strong>voluntate</strong></span> <span class='ocrx_word' id='word_1_501' title='bbox 3227 2814 3423 2884; x_wconf 66' lang='lat' dir='ltr'><strong>permi-</strong></span> 
     </span>
    </p>
   </div>
   <div class='ocr_carea' id='block_1_72' title="bbox 1868 2906 3423 2974">
    <p class='ocr_par' dir='ltr' id='par_1_72' title="bbox 1868 2906 3423 2974">
     <span class='ocr_line' id='line_1_74' title="bbox 1868 2906 3423 2974; baseline 0 -17"><span class='ocrx_word' id='word_1_502' title='bbox 1868 2911 2057 2957; x_wconf 87' lang='lat' dir='ltr'><strong>serunt</strong></span> <span class='ocrx_word' id='word_1_503' title='bbox 2116 2913 2171 2959; x_wconf 87' lang='lat' dir='ltr'><strong>et</strong></span> <span class='ocrx_word' id='word_1_504' title='bbox 2224 2906 2392 2974; x_wconf 73' lang='lat' dir='ltr'><strong>qumri</strong></span> <span class='ocrx_word' id='word_1_505' title='bbox 2432 2907 2499 2959; x_wconf 85' lang='lat' dir='ltr'><strong>de</strong></span> <span class='ocrx_word' id='word_1_506' title='bbox 2534 2906 2805 2973; x_wconf 76' lang='lat' dir='ltr'><strong>dogmate,</strong></span> <span class='ocrx_word' id='word_1_507' title='bbox 2843 2916 2897 2959; x_wconf 90' lang='lat' dir='ltr'><strong>ct</strong></span> <span class='ocrx_word' id='word_1_508' title='bbox 2961 2906 3239 2960; x_wconf 79' lang='lat' dir='ltr'><strong>veritatem</strong></span> <span class='ocrx_word' id='word_1_509' title='bbox 3294 2920 3423 2957; x_wconf 83' lang='lat' dir='ltr'><strong>enu-</strong></span> 
     </span>
    </p>
   </div>
   <div class='ocr_carea' id='block_1_73' title="bbox 1868 2980 3421 3064">
    <p class='ocr_par' dir='ltr' id='par_1_73' title="bbox 1868 2980 3421 3064">
     <span class='ocr_line' id='line_1_75' title="bbox 1868 2980 3421 3064; baseline 0.001 -16"><span class='ocrx_word' id='word_1_510' title='bbox 1868 2994 2054 3056; x_wconf 86' lang='lat' dir='ltr'><strong>cleari,</strong></span> <span class='ocrx_word' id='word_1_511' title='bbox 2118 3005 2175 3047; x_wconf 91' lang='lat' dir='ltr'><strong>ut</strong></span> <span class='ocrx_word' id='word_1_512' title='bbox 2230 3010 2350 3050; x_wconf 89' lang='lat' dir='ltr'><strong>eam</strong></span> <span class='ocrx_word' id='word_1_513' title='bbox 2409 2996 2885 3064; x_wconf 85' lang='lat' dir='ltr'><strong>amplecterentur.</strong></span> <span class='ocrx_word' id='word_1_514' title='bbox 2929 2980 3421 3064; x_wconf 18' lang='lat' dir='ltr'><strong>Quarelpersnasis</strong></span> 
     </span>
    </p>
   </div>
   <div class='ocr_carea' id='block_1_74' title="bbox 1869 3084 3424 3154">
    <p class='ocr_par' dir='ltr' id='par_1_74' title="bbox 1869 3084 3424 3154">
     <span class='ocr_line' id='line_1_76' title="bbox 1869 3084 3424 3154; baseline -0.001 -14"><span class='ocrx_word' id='word_1_515' title='bbox 1869 3086 2031 3140; x_wconf 89' lang='lat' dir='ltr'><strong>etiam</strong></span> <span class='ocrx_word' id='word_1_516' title='bbox 2080 3086 2202 3140; x_wconf 87' lang='lat' dir='ltr'><strong>aliis</strong></span> <span class='ocrx_word' id='word_1_517' title='bbox 2258 3094 2318 3139; x_wconf 90' lang='lat' dir='ltr'><strong>ut</strong></span> <span class='ocrx_word' id='word_1_518' title='bbox 2365 3086 2604 3154; x_wconf 69' lang='lat' dir='ltr'><strong>aequitati</strong></span> <span class='ocrx_word' id='word_1_519' title='bbox 2636 3084 3424 3153; x_wconf 86' lang='lat' dir='ltr'><strong>acquiescerent,admiserunt</strong></span> 
     </span>
    </p>
   </div>
   <div class='ocr_carea' id='block_1_75' title="bbox 1872 3175 3425 3245">
    <p class='ocr_par' dir='ltr' id='par_1_75' title="bbox 1872 3175 3425 3245">
     <span class='ocr_line' id='line_1_77' title="bbox 1872 3175 3425 3245; baseline -0.001 -14"><span class='ocrx_word' id='word_1_520' title='bbox 1872 3178 2098 3232; x_wconf 86' lang='lat' dir='ltr'><strong>secundi</strong></span> <span class='ocrx_word' id='word_1_521' title='bbox 2156 3177 2509 3245; x_wconf 85' lang='lat' dir='ltr'><strong>problematis</strong></span> <span class='ocrx_word' id='word_1_522' title='bbox 2571 3176 3041 3245; x_wconf 77' lang='lat' dir='ltr'><strong>disquisitionem’;</strong></span> <span class='ocrx_word' id='word_1_523' title='bbox 3094 3175 3425 3231; x_wconf 85' lang='lat' dir='ltr'><strong>admiserunt</strong></span> 
     </span>
    </p>
   </div>
   <div class='ocr_carea' id='block_1_76' title="bbox 1870 3267 3496 3337">
    <p class='ocr_par' dir='ltr' id='par_1_76' title="bbox 1870 3267 3496 3337">
     <span class='ocr_line' id='line_1_78' title="bbox 1870 3267 3496 3337; baseline -0.002 -14"><span class='ocrx_word' id='word_1_524' title='bbox 1870 3270 2031 3323; x_wconf 88' lang='lat' dir='ltr'><strong>etiam</strong></span> <span class='ocrx_word' id='word_1_525' title='bbox 2084 3279 2142 3322; x_wconf 90' lang='lat' dir='ltr'><strong>ut</strong></span> <span class='ocrx_word' id='word_1_526' title='bbox 2192 3268 2525 3323; x_wconf 89' lang='lat' dir='ltr'><strong>Florentiam</strong></span> <span class='ocrx_word' id='word_1_527' title='bbox 2578 3283 2609 3322; x_wconf 92' lang='lat' dir='ltr'><strong>e</strong></span> <span class='ocrx_word' id='word_1_528' title='bbox 2638 3267 2885 3322; x_wconf 82' lang='lat' dir='ltr'><strong>Ferraria</strong></span> <span class='ocrx_word' id='word_1_529' title='bbox 2931 3268 3122 3332; x_wconf 93' lang='lat' dir='ltr'><strong>iretur,</strong></span> <span class='ocrx_word' id='word_1_530' title='bbox 3164 3267 3418 3337; x_wconf 90' lang='lat' dir='ltr'><strong>quoniam</strong></span> <span class='ocrx_word' id='word_1_531' title='bbox 3492 3301 3496 3306; x_wconf 68' lang='grc' dir='ltr'><strong><em>η</em></strong></span> 
     </span>
    </p>
   </div>
   <div class='ocr_carea' id='block_1_77' title="bbox 1873 3450 3424 3510">
    <p class='ocr_par' dir='ltr' id='par_1_77' title="bbox 1873 3450 3424 3510">
     <span class='ocr_line' id='line_1_79' title="bbox 1873 3450 3424 3510; baseline -0.001 -5"><span class='ocrx_word' id='word_1_532' title='bbox 1873 3451 2149 3506; x_wconf 79' lang='lat' dir='ltr'><strong>Romanus</strong></span> <span class='ocrx_word' id='word_1_533' title='bbox 2207 3450 2469 3505; x_wconf 59' lang='lat' dir='ltr'><strong>Ferrariae</strong></span> <span class='ocrx_word' id='word_1_534' title='bbox 2520 3466 2624 3503; x_wconf 89' lang='lat' dir='ltr'><strong>non</strong></span> <span class='ocrx_word' id='word_1_535' title='bbox 2665 3451 2913 3510; x_wconf 88' lang='lat' dir='ltr'><strong>habebat,</strong></span> <span class='ocrx_word' id='word_1_536' title='bbox 2960 3464 3059 3502; x_wconf 91' lang='lat' dir='ltr'><strong>nec</strong></span> <span class='ocrx_word' id='word_1_537' title='bbox 3097 3450 3311 3502; x_wconf 75' lang='lat' dir='ltr'><strong>aliunde</strong></span> <span class='ocrx_word' id='word_1_538' title='bbox 3344 3450 3424 3504; x_wconf 81' lang='lat' dir='ltr'><strong>fa-</strong></span> 
     </span>
    </p>
   </div>
   <div class='ocr_carea' id='block_1_78' title="bbox 1873 3538 3424 3610">
    <p class='ocr_par' dir='ltr' id='par_1_78' title="bbox 1873 3538 3424 3610">
     <span class='ocr_line' id='line_1_80' title="bbox 1873 3538 3424 3610; baseline -0.003 -14"><span class='ocrx_word' id='word_1_539' title='bbox 1873 3544 2045 3596; x_wconf 85' lang='lat' dir='ltr'><strong>cultas</strong></span> <span class='ocrx_word' id='word_1_540' title='bbox 2068 3543 2114 3596; x_wconf 90' lang='lat' dir='ltr'><strong>ci</strong></span> <span class='ocrx_word' id='word_1_541' title='bbox 2142 3541 2483 3610; x_wconf 85' lang='lat' dir='ltr'><strong>suppetebat,</strong></span> <span class='ocrx_word' id='word_1_542' title='bbox 2514 3541 2655 3594; x_wconf 91' lang='lat' dir='ltr'><strong>unde</strong></span> <span class='ocrx_word' id='word_1_543' title='bbox 2681 3539 2833 3594; x_wconf 88' lang='lat' dir='ltr'><strong>vobis</strong></span> <span class='ocrx_word' id='word_1_544' title='bbox 2862 3539 3112 3593; x_wconf 88' lang='lat' dir='ltr'><strong>alimenta</strong></span> <span class='ocrx_word' id='word_1_545' title='bbox 3158 3538 3424 3593; x_wconf 82' lang='lat' dir='ltr'><strong>submini-</strong></span> 
     </span>
    </p>
   </div>
   <div class='ocr_carea' id='block_1_79' title="bbox 1874 3614 3441 3699">
    <p class='ocr_par' dir='ltr' id='par_1_79' title="bbox 1874 3614 3441 3699">
     <span class='ocr_line' id='line_1_81' title="bbox 1874 3614 3441 3699; baseline -0.002 -13"><span class='ocrx_word' id='word_1_546' title='bbox 1874 3640 2088 3686; x_wconf 86' lang='lat' dir='ltr'><strong>straret.</strong></span> <span class='ocrx_word' id='word_1_547' title='bbox 2124 3630 2332 3686; x_wconf 87' lang='lat' dir='ltr'><strong>Idcirco</strong></span> <span class='ocrx_word' id='word_1_548' title='bbox 2363 3638 2553 3685; x_wconf 91' lang='lat' dir='ltr'><strong>mutuo</strong></span> <span class='ocrx_word' id='word_1_549' title='bbox 2583 3629 2735 3699; x_wconf 87' lang='lat' dir='ltr'><strong>petiit</strong></span> <span class='ocrx_word' id='word_1_550' title='bbox 2765 3644 2794 3682; x_wconf 87' lang='lat' dir='ltr'><strong>a</strong></span> <span class='ocrx_word' id='word_1_551' title='bbox 2830 3614 3151 3685; x_wconf 82' lang='lat' dir='ltr'><strong>Florentinis</strong></span> <span class='ocrx_word' id='word_1_552' title='bbox 3190 3630 3441 3698; x_wconf 17' lang='lat' dir='ltr'><strong>quadrae</strong></span> 
     </span>
    </p>
   </div>
   <div class='ocr_carea' id='block_1_80' title="bbox 1872 3722 3422 3793">
    <p class='ocr_par' dir='ltr' id='par_1_80' title="bbox 1872 3722 3422 3793">
     <span class='ocr_line' id='line_1_82' title="bbox 1872 3722 3422 3793; baseline 0 -16"><span class='ocrx_word' id='word_1_553' title='bbox 1872 3723 2017 3793; x_wconf 88' lang='lat' dir='ltr'><strong>ginta</strong></span> <span class='ocrx_word' id='word_1_554' title='bbox 2052 3739 2332 3778; x_wconf 90' lang='lat' dir='ltr'><strong>nummum</strong></span> <span class='ocrx_word' id='word_1_555' title='bbox 2364 3737 2653 3778; x_wconf 86' lang='lat' dir='ltr'><strong>aureorum</strong></span> <span class='ocrx_word' id='word_1_556' title='bbox 2684 3722 2849 3776; x_wconf 88' lang='lat' dir='ltr'><strong>millia</strong></span> <span class='ocrx_word' id='word_1_557' title='bbox 2880 3725 3226 3792; x_wconf 78' lang='lat' dir='ltr'><strong>oppignerata</strong></span> <span class='ocrx_word' id='word_1_558' title='bbox 3264 3724 3422 3778; x_wconf 84' lang='lat' dir='ltr'><strong>mitra</strong></span> 
     </span>
    </p>
   </div>
   <div class='ocr_carea' id='block_1_81' title="bbox 1875 3814 3420 3885">
    <p class='ocr_par' dir='ltr' id='par_1_81' title="bbox 1875 3814 3420 3885">
     <span class='ocr_line' id='line_1_83' title="bbox 1875 3814 3420 3885; baseline 0 -15"><span class='ocrx_word' id='word_1_559' title='bbox 1875 3830 1995 3870; x_wconf 88' lang='lat' dir='ltr'><strong>sua.</strong></span> <span class='ocrx_word' id='word_1_560' title='bbox 2038 3814 2116 3869; x_wconf 87' lang='lat' dir='ltr'><strong>Illi</strong></span> <span class='ocrx_word' id='word_1_561' title='bbox 2165 3825 2386 3884; x_wconf 85' lang='lat' dir='ltr'><strong>accepto</strong></span> <span class='ocrx_word' id='word_1_562' title='bbox 2421 3815 2645 3883; x_wconf 71' lang='lat' dir='ltr'><strong>pignore</strong></span> <span class='ocrx_word' id='word_1_563' title='bbox 2692 3814 3420 3885; x_wconf 81' lang='lat' dir='ltr'><strong>pecuniammunerarunt;</strong></span> 
     </span>
    </p>
   </div>
   <div class='ocr_carea' id='block_1_82' title="bbox 1875 3888 3424 3974">
    <p class='ocr_par' dir='ltr' id='par_1_82' title="bbox 1875 3888 3424 3974">
     <span class='ocr_line' id='line_1_84' title="bbox 1875 3888 3424 3974; baseline 0.002 -16"><span class='ocrx_word' id='word_1_564' title='bbox 1875 3906 2207 3959; x_wconf 84' lang='lat' dir='ltr'><strong>tantumdem</strong></span> <span class='ocrx_word' id='word_1_565' title='bbox 2256 3919 2385 3958; x_wconf 87' lang='lat' dir='ltr'><strong>vero</strong></span> <span class='ocrx_word' id='word_1_566' title='bbox 2416 3920 2475 3959; x_wconf 90' lang='lat' dir='ltr'><strong>se</strong></span> <span class='ocrx_word' id='word_1_567' title='bbox 2507 3905 2652 3958; x_wconf 92' lang='lat' dir='ltr'><strong>dono</strong></span> <span class='ocrx_word' id='word_1_568' title='bbox 2704 3905 2863 3957; x_wconf 89' lang='lat' dir='ltr'><strong>etiam</strong></span> <span class='ocrx_word' id='word_1_569' title='bbox 2905 3904 3125 3968; x_wconf 76' lang='lat' dir='ltr'><strong>daturas</strong></span> <span class='ocrx_word' id='word_1_570' title='bbox 3162 3888 3424 3974; x_wconf 80' lang='lat' dir='ltr'><strong>promise-</strong></span> 
     </span>
    </p>
   </div>
   <div class='ocr_carea' id='block_1_83' title="bbox 1873 3993 3425 4073">
    <p class='ocr_par' dir='ltr' id='par_1_83' title="bbox 1873 3993 3425 4073">
     <span class='ocr_line' id='line_1_85' title="bbox 1873 3993 3425 4073; baseline 0.001 -24"><span class='ocrx_word' id='word_1_571' title='bbox 1873 4004 2024 4059; x_wconf 90' lang='lat' dir='ltr'><strong>runt,</strong></span> <span class='ocrx_word' id='word_1_572' title='bbox 2055 3997 2100 4051; x_wconf 86' lang='lat' dir='ltr'><strong>si</strong></span> <span class='ocrx_word' id='word_1_573' title='bbox 2139 3998 2191 4050; x_wconf 92' lang='lat' dir='ltr'><strong>in</strong></span> <span class='ocrx_word' id='word_1_574' title='bbox 2226 4010 2414 4050; x_wconf 88' lang='lat' dir='ltr'><strong>eorum</strong></span> <span class='ocrx_word' id='word_1_575' title='bbox 2458 3994 2645 4050; x_wconf 84' lang='lat' dir='ltr'><strong>urbem</strong></span> <span class='ocrx_word' id='word_1_576' title='bbox 2682 3993 3001 4049; x_wconf 81' lang='lat' dir='ltr'><strong>transferret</strong></span> <span class='ocrx_word' id='word_1_577' title='bbox 3027 3996 3316 4073; x_wconf 81' lang='lat' dir='ltr'><strong>synodum,</strong></span> <span class='ocrx_word' id='word_1_578' title='bbox 3367 4008 3425 4050; x_wconf 92' lang='lat' dir='ltr'><strong>ut</strong></span> 
     </span>
    </p>
   </div>
   <div class='ocr_carea' id='block_1_84' title="bbox 1874 4087 3421 4154">
    <p class='ocr_par' dir='ltr' id='par_1_84' title="bbox 1874 4087 3421 4154">
     <span class='ocr_line' id='line_1_86' title="bbox 1874 4087 3421 4154; baseline 0 -14"><span class='ocrx_word' id='word_1_579' title='bbox 1874 4088 2079 4141; x_wconf 76' lang='lat' dir='ltr'><strong>scilicet</strong></span> <span class='ocrx_word' id='word_1_580' title='bbox 2131 4088 2344 4141; x_wconf 86' lang='lat' dir='ltr'><strong>illorum</strong></span> <span class='ocrx_word' id='word_1_581' title='bbox 2401 4087 2701 4154; x_wconf 78' lang='lat' dir='ltr'><strong>respubliCa</strong></span> <span class='ocrx_word' id='word_1_582' title='bbox 2746 4088 2948 4141; x_wconf 89' lang='lat' dir='ltr'><strong>honore</strong></span> <span class='ocrx_word' id='word_1_583' title='bbox 2983 4087 3084 4141; x_wconf 91' lang='lat' dir='ltr'><strong>hoc</strong></span> <span class='ocrx_word' id='word_1_584' title='bbox 3114 4098 3421 4154; x_wconf 82' lang='lat' dir='ltr'><strong>augeretur,</strong></span> 
     </span>
    </p>
   </div>
   <div class='ocr_carea' id='block_1_85' title="bbox 1875 4176 3425 4246">
    <p class='ocr_par' dir='ltr' id='par_1_85' title="bbox 1875 4176 3425 4246">
     <span class='ocr_line' id='line_1_87' title="bbox 1875 4176 3425 4246; baseline 0 -15"><span class='ocrx_word' id='word_1_585' title='bbox 1875 4179 1918 4231; x_wconf 85' lang='lat' dir='ltr'><strong>si</strong></span> <span class='ocrx_word' id='word_1_586' title='bbox 1951 4177 2078 4230; x_wconf 91' lang='lat' dir='ltr'><strong>inibi</strong></span> <span class='ocrx_word' id='word_1_587' title='bbox 2105 4178 2351 4231; x_wconf 78' lang='lat' dir='ltr'><strong>deﬁnitio</strong></span> <span class='ocrx_word' id='word_1_588' title='bbox 2384 4177 2555 4230; x_wconf 83' lang='lat' dir='ltr'><strong>ﬂeret.</strong></span> <span class='ocrx_word' id='word_1_589' title='bbox 2584 4177 2637 4229; x_wconf 88' lang='lat' dir='ltr'><strong>Id</strong></span> <span class='ocrx_word' id='word_1_590' title='bbox 2669 4176 2770 4230; x_wconf 79' lang='lat' dir='ltr'><strong>fuit</strong></span> <span class='ocrx_word' id='word_1_591' title='bbox 2792 4192 2921 4246; x_wconf 77' lang='lat' dir='ltr'><strong>ergo</strong></span> <span class='ocrx_word' id='word_1_592' title='bbox 2951 4191 3127 4231; x_wconf 77' lang='lat' dir='ltr'><strong>causa:</strong></span> <span class='ocrx_word' id='word_1_593' title='bbox 3175 4193 3274 4230; x_wconf 91' lang='lat' dir='ltr'><strong>cur</strong></span> <span class='ocrx_word' id='word_1_594' title='bbox 3297 4178 3425 4233; x_wconf 82' lang='lat' dir='ltr'><strong>Fer-</strong></span> 
     </span>
    </p>
   </div>
   <div class='ocr_carea' id='block_1_86' title="bbox 1876 4266 2809 4323">
    <p class='ocr_par' dir='ltr' id='par_1_86' title="bbox 1876 4266 2809 4323">
     <span class='ocr_line' id='line_1_88' title="bbox 1876 4266 2809 4323; baseline -0.002 -2"><span class='ocrx_word' id='word_1_595' title='bbox 1876 4267 2014 4321; x_wconf 84' lang='lat' dir='ltr'><strong>raria</strong></span> <span class='ocrx_word' id='word_1_596' title='bbox 2050 4266 2378 4323; x_wconf 86' lang='lat' dir='ltr'><strong>Florentiam</strong></span> <span class='ocrx_word' id='word_1_597' title='bbox 2411 4282 2469 4322; x_wconf 88' lang='lat' dir='ltr'><strong>se</strong></span> <span class='ocrx_word' id='word_1_598' title='bbox 2503 4267 2809 4322; x_wconf 73' lang='lat' dir='ltr'><strong>conferren&#39;</strong></span> 
     </span>
    </p>
   </div>
   <div class='ocr_carea' id='block_1_87' title="bbox 2548 4358 2784 4413">
    <p class='ocr_par' dir='ltr' id='par_1_87' title="bbox 2548 4358 2784 4413">
     <span class='ocr_line' id='line_1_89' title="bbox 2548 4358 2784 4413; baseline 0 0"><span class='ocrx_word' id='word_1_599' title='bbox 2548 4358 2784 4413; x_wconf 80' lang='lat' dir='ltr'><strong>EPIIES.</strong></span> 
     </span>
    </p>
   </div>
   <div class='ocr_carea' id='block_1_88' title="bbox 1945 4449 3425 4520">
    <p class='ocr_par' dir='ltr' id='par_1_88' title="bbox 1945 4449 3425 4520">
     <span class='ocr_line' id='line_1_90' title="bbox 1945 4449 3425 4520; baseline 0.001 -16"><span class='ocrx_word' id='word_1_600' title='bbox 1945 4450 2064 4518; x_wconf 89' lang='lat' dir='ltr'><strong>Quo</strong></span> <span class='ocrx_word' id='word_1_601' title='bbox 2115 4450 2205 4505; x_wconf 91' lang='lat' dir='ltr'><strong>ubi</strong></span> <span class='ocrx_word' id='word_1_602' title='bbox 2238 4451 2609 4520; x_wconf 82' lang='lat' dir='ltr'><strong>pervenimus,</strong></span> <span class='ocrx_word' id='word_1_603' title='bbox 2638 4449 3054 4518; x_wconf 83' lang='lat' dir='ltr'><strong>disputationem</strong></span> <span class='ocrx_word' id='word_1_604' title='bbox 3085 4450 3149 4503; x_wconf 87' lang='lat' dir='ltr'><strong>de</strong></span> <span class='ocrx_word' id='word_1_605' title='bbox 3174 4449 3425 4515; x_wconf 67' lang='lat' dir='ltr'><strong>dogmate</strong></span> 
     </span>
    </p>
   </div>
   <div class='ocr_carea' id='block_1_89' title="bbox 1875 4540 3424 4612">
    <p class='ocr_par' dir='ltr' id='par_1_89' title="bbox 1875 4540 3424 4612">
     <span class='ocr_line' id='line_1_91' title="bbox 1875 4540 3424 4612; baseline -0.001 -13"><span class='ocrx_word' id='word_1_606' title='bbox 1875 4559 2062 4599; x_wconf 73' lang='lat' dir='ltr'><strong>suiiius</strong></span> <span class='ocrx_word' id='word_1_607' title='bbox 2089 4542 2323 4612; x_wconf 75' lang='lat' dir='ltr'><strong>aggressi</strong></span> <span class='ocrx_word' id='word_1_608' title='bbox 2345 4557 2360 4601; x_wconf 87' lang='lat'><strong>;</strong></span> <span class='ocrx_word' id='word_1_609' title='bbox 2381 4541 2583 4596; x_wconf 86' lang='lat' dir='ltr'><strong>Latinis</strong></span> <span class='ocrx_word' id='word_1_610' title='bbox 2605 4540 2745 4594; x_wconf 85' lang='lat' dir='ltr'><strong>dicta</strong></span> <span class='ocrx_word' id='word_1_611' title='bbox 2777 4540 3169 4610; x_wconf 80' lang='lat' dir='ltr'><strong>proferentibus</strong></span> <span class='ocrx_word' id='word_1_612' title='bbox 3194 4557 3253 4595; x_wconf 77' lang='lat' dir='ltr'><strong>cx</strong></span> <span class='ocrx_word' id='word_1_613' title='bbox 3277 4543 3424 4597; x_wconf 85' lang='lat' dir='ltr'><strong>lilnis</strong></span> 
     </span>
    </p>
   </div>
   <div class='ocr_carea' id='block_1_90' title="bbox 205 4630 1767 4705">
    <p class='ocr_par' dir='ltr' id='par_1_90' title="bbox 205 4630 1767 4701">
     <span class='ocr_line' id='line_1_92' title="bbox 205 4630 1767 4701; baseline 0.001 -16"><span class='ocrx_word' id='word_1_614' title='bbox 205 4633 315 4700; x_wconf 76' lang='grc' dir='ltr'>μὲν</span> <span class='ocrx_word' id='word_1_615' title='bbox 345 4632 402 4697; x_wconf 70' lang='grc' dir='ltr'><strong>ἐξ</strong></span> <span class='ocrx_word' id='word_1_616' title='bbox 431 4630 764 4701; x_wconf 78' lang='grc' dir='ltr'>ἀποκρύφων</span> <span class='ocrx_word' id='word_1_617' title='bbox 791 4631 952 4683; x_wconf 85' lang='grc' dir='ltr'>τινῶν</span> <span class='ocrx_word' id='word_1_618' title='bbox 984 4635 1081 4685; x_wconf 74' lang='grc' dir='ltr'>καὶ</span> <span class='ocrx_word' id='word_1_619' title='bbox 1109 4633 1402 4697; x_wconf 80' lang='grc' dir='ltr'>ἀγνώστων</span> <span class='ocrx_word' id='word_1_620' title='bbox 1434 4630 1674 4698; x_wconf 86' lang='grc' dir='ltr'>βιϐλίων,</span> <span class='ocrx_word' id='word_1_621' title='bbox 1696 4636 1767 4687; x_wconf 73' lang='grc' dir='ltr'><strong>,τά</strong></span> 
     </span>
    </p>
   </div>
   <div class='ocr_carea' id='block_1_91' title="bbox 1869 4630 3426 4705">
    <p class='ocr_par' dir='ltr' id='par_1_91' title="bbox 1874 4632 3426 4705">
     <span class='ocr_line' id='line_1_93' title="bbox 1874 4632 3426 4705; baseline -0.001 -18"><span class='ocrx_word' id='word_1_622' title='bbox 1874 4634 2068 4705; x_wconf 88' lang='lat' dir='ltr'><strong>partim</strong></span> <span class='ocrx_word' id='word_1_623' title='bbox 2102 4632 2428 4703; x_wconf 87' lang='lat' dir='ltr'><strong>apocryphis</strong></span> <span class='ocrx_word' id='word_1_624' title='bbox 2458 4641 2511 4687; x_wconf 91' lang='lat' dir='ltr'><strong>et</strong></span> <span class='ocrx_word' id='word_1_625' title='bbox 2538 4632 2757 4702; x_wconf 78' lang='lat' dir='ltr'><strong>ignotis,</strong></span> <span class='ocrx_word' id='word_1_626' title='bbox 2793 4633 2990 4700; x_wconf 81' lang='lat' dir='ltr'><strong>partim</strong></span> <span class='ocrx_word' id='word_1_627' title='bbox 3045 4632 3352 4701; x_wconf 70' lang='lat' dir='ltr'><strong>depraiatis</strong></span> <span class='ocrx_word' id='word_1_628' title='bbox 3373 4644 3426 4687; x_wconf 90' lang='lat' dir='ltr'><strong>et</strong></span> 
     </span>
    </p>
   </div>
   <div class='ocr_carea' id='block_1_92' title="bbox 200 4718 1773 4794">
    <p class='ocr_par' dir='ltr' id='par_1_92' title="bbox 200 4718 1773 4794">
     <span class='ocr_line' id='line_1_94' title="bbox 200 4718 1773 4794; baseline -0.001 -16"><span class='ocrx_word' id='word_1_629' title='bbox 200 4726 265 4778; x_wconf 76' lang='grc' dir='ltr'>δὲ</span> <span class='ocrx_word' id='word_1_630' title='bbox 313 4726 378 4777; x_wconf 83' lang='grc' dir='ltr'>ἐκ</span> <span class='ocrx_word' id='word_1_631' title='bbox 424 4722 821 4793; x_wconf 74' lang='grc' dir='ltr'>νινοθευμένων</span> <span class='ocrx_word' id='word_1_632' title='bbox 866 4740 926 4775; x_wconf 83' lang='grc' dir='ltr'><strong>τε</strong></span> <span class='ocrx_word' id='word_1_633' title='bbox 973 4724 1069 4777; x_wconf 79' lang='grc' dir='ltr'>καὶ</span> <span class='ocrx_word' id='word_1_634' title='bbox 1118 4723 1545 4794; x_wconf 79' lang='grc' dir='ltr'>διεφθαρμένων,</span> <span class='ocrx_word' id='word_1_635' title='bbox 1590 4724 1649 4776; x_wconf 82' lang='grc' dir='ltr'>ὲν</span> <span class='ocrx_word' id='word_1_636' title='bbox 1693 4718 1773 4787; x_wconf 76' lang='grc' dir='ltr'><strong>οἷς</strong></span> 
     </span>
    </p>
   </div>
   <div class='ocr_carea' id='block_1_93' title="bbox 204 4813 1776 4886">
    <p class='ocr_par' dir='ltr' id='par_1_93' title="bbox 204 4813 1776 4886">
     <span class='ocr_line' id='line_1_95' title="bbox 204 4813 1776 4886; baseline 0.001 -19"><span class='ocrx_word' id='word_1_637' title='bbox 204 4814 555 4886; x_wconf 69' lang='grc' dir='ltr'>ἰσχυρίζοντο</span> <span class='ocrx_word' id='word_1_638' title='bbox 597 4814 694 4885; x_wconf 75' lang='grc' dir='ltr'>τὴν</span> <span class='ocrx_word' id='word_1_639' title='bbox 737 4814 947 4869; x_wconf 72' lang='grc' dir='ltr'>ἑαυτῶν</span> <span class='ocrx_word' id='word_1_640' title='bbox 991 4813 1147 4879; x_wconf 80' lang='grc' dir='ltr'>δόξαν</span> <span class='ocrx_word' id='word_1_641' title='bbox 1193 4816 1564 4870; x_wconf 87' lang='grc' dir='ltr'>συνίστασθαι.</span> <span class='ocrx_word' id='word_1_642' title='bbox 1606 4815 1776 4869; x_wconf 83' lang='grc' dir='ltr'>Πάλιν</span> 
     </span>
    </p>
   </div>
   <div class='ocr_carea' id='block_1_94' title="bbox 199 4904 1773 4977">
    <p class='ocr_par' dir='ltr' id='par_1_94' title="bbox 199 4904 1773 4977">
     <span class='ocr_line' id='line_1_96' title="bbox 199 4904 1773 4977; baseline -0.011 -4"><span class='ocrx_word' id='word_1_643' title='bbox 199 4908 301 4962; x_wconf 77' lang='grc' dir='ltr'>οὖν</span> <span class='ocrx_word' id='word_1_644' title='bbox 346 4907 531 4968; x_wconf 65' lang='grc' dir='ltr'><strong>αὑτοῖς</strong></span> <span class='ocrx_word' id='word_1_645' title='bbox 574 4904 684 4974; x_wconf 72' lang='grc' dir='ltr'><strong>ἐγὼ</strong></span> <span class='ocrx_word' id='word_1_646' title='bbox 731 4906 1197 4977; x_wconf 84' lang='grc' dir='ltr'>συμπλεκόμενος,</span> <span class='ocrx_word' id='word_1_647' title='bbox 1244 4906 1339 4959; x_wconf 74' lang='grc' dir='ltr'>καὶ</span> <span class='ocrx_word' id='word_1_648' title='bbox 1380 4907 1439 4959; x_wconf 69' lang='grc' dir='ltr'><strong>τὸ</strong></span> <span class='ocrx_word' id='word_1_649' title='bbox 1480 4907 1578 4971; x_wconf 78' lang='grc' dir='ltr'>τῆς</span> <span class='ocrx_word' id='word_1_650' title='bbox 1618 4906 1773 4973; x_wconf 68' lang='grc' dir='ltr'><strong>δῦξης</strong></span> 
     </span>
    </p>
   </div>
   <div class='ocr_carea' id='block_1_95' title="bbox 201 4991 1774 5069">
    <p class='ocr_par' dir='ltr' id='par_1_95' title="bbox 201 4991 1774 5069">
     <span class='ocr_line' id='line_1_97' title="bbox 201 4991 1774 5069; baseline -0.004 -14"><span class='ocrx_word' id='word_1_651' title='bbox 201 5002 415 5055; x_wconf 74' lang='grc' dir='ltr'>ἄτοπον</span> <span class='ocrx_word' id='word_1_652' title='bbox 450 4998 763 5069; x_wconf 73' lang='grc' dir='ltr'>διελέγχων,</span> <span class='ocrx_word' id='word_1_653' title='bbox 804 5001 896 5054; x_wconf 75' lang='grc' dir='ltr'>καὶ</span> <span class='ocrx_word' id='word_1_654' title='bbox 938 4996 1333 5066; x_wconf 77' lang='grc' dir='ltr'>νενοθευμένας</span> <span class='ocrx_word' id='word_1_655' title='bbox 1376 4991 1515 5050; x_wconf 76' lang='grc' dir='ltr'>εἶναι</span> <span class='ocrx_word' id='word_1_656' title='bbox 1552 4998 1649 5059; x_wconf 84' lang='grc' dir='ltr'><strong>τάς</strong></span> <span class='ocrx_word' id='word_1_657' title='bbox 1692 4996 1774 5064; x_wconf 87' lang='grc' dir='ltr'><strong>βί-</strong></span> 
     </span>
    </p>
   </div>
   <div class='ocr_carea' id='block_1_96' title="bbox 202 5075 1772 5160">
    <p class='ocr_par' dir='ltr' id='par_1_96' title="bbox 202 5075 1772 5160">
     <span class='ocr_line' id='line_1_98' title="bbox 202 5075 1772 5160; baseline -0.002 -18"><span class='ocrx_word' id='word_1_658' title='bbox 202 5090 372 5152; x_wconf 88' lang='grc' dir='ltr'>ϐλους</span> <span class='ocrx_word' id='word_1_659' title='bbox 408 5075 703 5159; x_wconf 80' lang='grc' dir='ltr'>προφανῶς</span> <span class='ocrx_word' id='word_1_660' title='bbox 738 5090 1056 5160; x_wconf 86' lang='grc' dir='ltr'>παριστῶν,</span> <span class='ocrx_word' id='word_1_661' title='bbox 1082 5088 1233 5143; x_wconf 64' lang='grc' dir='ltr'>οὐδὲν</span> <span class='ocrx_word' id='word_1_662' title='bbox 1260 5088 1422 5157; x_wconf 69' lang='grc' dir='ltr'>ῆνυον</span> <span class='ocrx_word' id='word_1_663' title='bbox 1452 5089 1531 5148; x_wconf 75' lang='grc' dir='ltr'><strong>τίς</strong></span> <span class='ocrx_word' id='word_1_664' title='bbox 1569 5086 1772 5152; x_wconf 81' lang='grc' dir='ltr'>πειθὼ,</span> 
     </span>
    </p>
   </div>
   <div class='ocr_carea' id='block_1_97' title="bbox 204 5178 1688 5253">
    <p class='ocr_par' dir='ltr' id='par_1_97' title="bbox 204 5178 1688 5253">
     <span class='ocr_line' id='line_1_99' title="bbox 204 5178 1688 5253; baseline 0 -18"><span class='ocrx_word' id='word_1_665' title='bbox 204 5182 355 5253; x_wconf 73' lang='grc' dir='ltr'>πλὴν</span> <span class='ocrx_word' id='word_1_666' title='bbox 385 5180 510 5234; x_wconf 82' lang='grc' dir='ltr'>ὅσον</span> <span class='ocrx_word' id='word_1_667' title='bbox 539 5180 628 5236; x_wconf 70' lang='grc' dir='ltr'><strong>τὸν</strong></span> <span class='ocrx_word' id='word_1_668' title='bbox 657 5182 847 5251; x_wconf 87' lang='grc' dir='ltr'>καιρὸν</span> <span class='ocrx_word' id='word_1_669' title='bbox 874 5181 1187 5236; x_wconf 80' lang='grc' dir='ltr'>ἀναλίσκειν</span> <span class='ocrx_word' id='word_1_670' title='bbox 1215 5182 1336 5252; x_wconf 82' lang='grc' dir='ltr'>εἰκῇ</span> <span class='ocrx_word' id='word_1_671' title='bbox 1365 5180 1457 5233; x_wconf 78' lang='grc' dir='ltr'>καὶ</span> <span class='ocrx_word' id='word_1_672' title='bbox 1489 5178 1688 5249; x_wconf 83' lang='grc' dir='ltr'>μάτην.</span> 
     </span>
    </p>
   </div>
   <div class='ocr_carea' id='block_1_98' title="bbox 892 5264 1753 5326">
    <p class='ocr_par' dir='ltr' id='par_1_98' title="bbox 892 5264 1753 5326">
     <span class='ocr_line' id='line_1_100' title="bbox 892 5264 1753 5326; baseline 0.003 -3"><span class='ocrx_word' id='word_1_673' title='bbox 892 5272 1098 5326; x_wconf 81' lang='grc' dir='ltr'><strong>ΔΠΟΛ.</strong></span> <span class='ocrx_word' id='word_1_674' title='bbox 1727 5264 1753 5273; x_wconf 16' lang='grc' dir='ltr'><strong>’Δ</strong></span> 
     </span>
    </p>
   </div>
   <div class='ocr_carea' id='block_1_99' title="bbox 278 5362 1772 5433">
    <p class='ocr_par' dir='ltr' id='par_1_99' title="bbox 278 5362 1772 5433">
     <span class='ocr_line' id='line_1_101' title="bbox 278 5362 1772 5433; baseline -0.001 -16"><span class='ocrx_word' id='word_1_675' title='bbox 278 5364 420 5432; x_wconf 74' lang='grc' dir='ltr'>Περὶ</span> <span class='ocrx_word' id='word_1_676' title='bbox 460 5364 559 5432; x_wconf 83' lang='grc' dir='ltr'>τῆς</span> <span class='ocrx_word' id='word_1_677' title='bbox 605 5362 764 5433; x_wconf 81' lang='grc' dir='ltr'>δόξης</span> <span class='ocrx_word' id='word_1_678' title='bbox 812 5363 1029 5433; x_wconf 84' lang='grc' dir='ltr'>πρῶτος</span> <span class='ocrx_word' id='word_1_679' title='bbox 1076 5365 1104 5415; x_wconf 86' lang='grc' dir='ltr'>ὁ</span> <span class='ocrx_word' id='word_1_680' title='bbox 1150 5364 1211 5417; x_wconf 79' lang='grc' dir='ltr'>ἐν</span> <span class='ocrx_word' id='word_1_681' title='bbox 1255 5362 1502 5432; x_wconf 79' lang='grc' dir='ltr'>θεολογίᾳ</span> <span class='ocrx_word' id='word_1_682' title='bbox 1554 5362 1772 5430; x_wconf 77' lang='grc' dir='ltr'>ὑψίνους</span> 
     </span>
    </p>
   </div>
   <div class='ocr_carea' id='block_1_100' title="bbox 215 5451 1772 5523">
    <p class='ocr_par' dir='ltr' id='par_1_100' title="bbox 215 5451 1772 5523">
     <span class='ocr_line' id='line_1_102' title="bbox 215 5451 1772 5523; baseline -0.003 -14"><span class='ocrx_word' id='word_1_683' title='bbox 215 5453 498 5521; x_wconf 79' lang='grc' dir='ltr'>Ἰωάννης,</span> <span class='ocrx_word' id='word_1_684' title='bbox 521 5453 549 5503; x_wconf 81' lang='grc' dir='ltr'><strong>ὁ</strong></span> <span class='ocrx_word' id='word_1_685' title='bbox 570 5452 665 5505; x_wconf 82' lang='grc' dir='ltr'>τοῦ</span> <span class='ocrx_word' id='word_1_686' title='bbox 687 5454 965 5523; x_wconf 83' lang='grc' dir='ltr'>σχήματος</span> <span class='ocrx_word' id='word_1_687' title='bbox 987 5451 1084 5505; x_wconf 79' lang='grc' dir='ltr'><strong>τοῦ</strong></span> <span class='ocrx_word' id='word_1_688' title='bbox 1110 5452 1266 5519; x_wconf 82' lang='grc' dir='ltr'>ἁγίου</span> <span class='ocrx_word' id='word_1_689' title='bbox 1290 5452 1577 5520; x_wconf 82' lang='grc' dir='ltr'>Δομινίκου</span> <span class='ocrx_word' id='word_1_690' title='bbox 1603 5452 1772 5518; x_wconf 77' lang='grc' dir='ltr'>ἐπαρ-</span> 
     </span>
    </p>
   </div>
   <div class='ocr_carea' id='block_1_101' title="bbox 202 5542 1772 5616">
    <p class='ocr_par' dir='ltr' id='par_1_101' title="bbox 202 5542 1772 5616">
     <span class='ocr_line' id='line_1_103' title="bbox 202 5542 1772 5616; baseline -0.002 -17"><span class='ocrx_word' id='word_1_691' title='bbox 202 5561 323 5616; x_wconf 84' lang='grc' dir='ltr'>χος,</span> <span class='ocrx_word' id='word_1_692' title='bbox 356 5542 456 5612; x_wconf 81' lang='grc' dir='ltr'>τὴν</span> <span class='ocrx_word' id='word_1_693' title='bbox 484 5542 701 5611; x_wconf 72' lang='grc' dir='ltr'>ἔναρξιν</span> <span class='ocrx_word' id='word_1_694' title='bbox 729 5544 1023 5613; x_wconf 74' lang='grc' dir='ltr'>ἐποιήσατο</span> <span class='ocrx_word' id='word_1_695' title='bbox 1045 5558 1060 5573; x_wconf 89' lang='grc'><strong>·</strong></span> <span class='ocrx_word' id='word_1_696' title='bbox 1095 5542 1243 5597; x_wconf 79' lang='grc' dir='ltr'>Μετὰ</span> <span class='ocrx_word' id='word_1_697' title='bbox 1272 5543 1370 5610; x_wconf 83' lang='grc' dir='ltr'>τῆς</span> <span class='ocrx_word' id='word_1_698' title='bbox 1398 5542 1651 5609; x_wconf 79' lang='grc' dir='ltr'>εὐλογίας</span> <span class='ocrx_word' id='word_1_699' title='bbox 1677 5543 1772 5596; x_wconf 84' lang='grc' dir='ltr'>τοῦ</span> 
     </span>
    </p>
   </div>
   <div class='ocr_carea' id='block_1_102' title="bbox 206 5618 1774 5708">
    <p class='ocr_par' dir='ltr' id='par_1_102' title="bbox 206 5618 1774 5708">
     <span class='ocr_line' id='line_1_104' title="bbox 206 5618 1774 5708; baseline -0.003 -18"><span class='ocrx_word' id='word_1_700' title='bbox 206 5618 881 5708; x_wconf 59' lang='grc' dir='ltr'>μακαριωτάτοιίῐιατρδς</span> <span class='ocrx_word' id='word_1_701' title='bbox 906 5637 1005 5705; x_wconf 79' lang='grc' dir='ltr'>τὴν</span> <span class='ocrx_word' id='word_1_702' title='bbox 1033 5635 1301 5700; x_wconf 75' lang='grc' dir='ltr'>ἐξέτασιν,</span> <span class='ocrx_word' id='word_1_703' title='bbox 1326 5632 1522 5703; x_wconf 81' lang='grc' dir='ltr'>φήσας,</span> <span class='ocrx_word' id='word_1_704' title='bbox 1554 5634 1774 5703; x_wconf 79' lang='grc' dir='ltr'>ποιήσο-</span> 
     </span>
    </p>
   </div>
   <div class='ocr_carea' id='block_1_103' title="bbox 203 5720 1770 5799">
    <p class='ocr_par' dir='ltr' id='par_1_103' title="bbox 203 5720 1770 5799">
     <span class='ocr_line' id='line_1_105' title="bbox 203 5720 1770 5799; baseline -0.002 -19"><span class='ocrx_word' id='word_1_705' title='bbox 203 5745 311 5799; x_wconf 86' lang='grc' dir='ltr'><strong>μαι</strong></span> <span class='ocrx_word' id='word_1_706' title='bbox 341 5726 478 5794; x_wconf 74' lang='grc' dir='ltr'>πρὸς</span> <span class='ocrx_word' id='word_1_707' title='bbox 504 5723 647 5793; x_wconf 80' lang='grc' dir='ltr'>ὑμᾶς</span> <span class='ocrx_word' id='word_1_708' title='bbox 677 5727 806 5794; x_wconf 76' lang='grc' dir='ltr'>περὶ</span> <span class='ocrx_word' id='word_1_709' title='bbox 830 5728 929 5797; x_wconf 80' lang='grc' dir='ltr'><strong>τῆς</strong></span> <span class='ocrx_word' id='word_1_710' title='bbox 954 5727 1048 5780; x_wconf 80' lang='grc' dir='ltr'><strong>τοῦ</strong></span> <span class='ocrx_word' id='word_1_711' title='bbox 1080 5728 1236 5795; x_wconf 83' lang='grc' dir='ltr'>ἁγίου</span> <span class='ocrx_word' id='word_1_712' title='bbox 1266 5720 1582 5792; x_wconf 79' lang='grc' dir='ltr'>Πνεύματος</span> <span class='ocrx_word' id='word_1_713' title='bbox 1608 5724 1770 5777; x_wconf 81' lang='grc' dir='ltr'>ὲκπο-</span> 
     </span>
    </p>
   </div>
   <div class='ocr_carea' id='block_1_104' title="bbox 204 5814 1771 5890">
    <p class='ocr_par' dir='ltr' id='par_1_104' title="bbox 204 5814 1771 5890">
     <span class='ocr_line' id='line_1_106' title="bbox 204 5814 1771 5890; baseline -0.003 -18"><span class='ocrx_word' id='word_1_714' title='bbox 204 5818 483 5890; x_wconf 83' lang='grc' dir='ltr'>ρεὺσεως·</span> <span class='ocrx_word' id='word_1_715' title='bbox 512 5816 600 5869; x_wconf 84' lang='grc' dir='ltr'>ὅτε</span> <span class='ocrx_word' id='word_1_716' title='bbox 638 5817 735 5869; x_wconf 84' lang='grc' dir='ltr'>οὐκ</span> <span class='ocrx_word' id='word_1_717' title='bbox 773 5815 831 5882; x_wconf 75' lang='grc' dir='ltr'><strong>ἐξ</strong></span> <span class='ocrx_word' id='word_1_718' title='bbox 869 5817 1205 5887; x_wconf 69' lang='grc' dir='ltr'>ἀποκρύνρων</span> <span class='ocrx_word' id='word_1_719' title='bbox 1236 5814 1397 5871; x_wconf 82' lang='grc' dir='ltr'>τινῶν</span> <span class='ocrx_word' id='word_1_720' title='bbox 1430 5814 1647 5886; x_wconf 85' lang='grc' dir='ltr'>βιϐλίων</span> <span class='ocrx_word' id='word_1_721' title='bbox 1679 5814 1771 5867; x_wconf 72' lang='grc' dir='ltr'>καὶ</span> 
     </span>
    </p>
   </div>
   <div class='ocr_carea' id='block_1_105' title="bbox 202 5903 1762 5991">
    <p class='ocr_par' dir='ltr' id='par_1_105' title="bbox 202 5903 1762 5991">
     <span class='ocr_line' id='line_1_107' title="bbox 202 5903 1762 5991; baseline -0.006 -26"><span class='ocrx_word' id='word_1_722' title='bbox 202 5906 507 5977; x_wconf 80' lang='grc' dir='ltr'>ἀγνώστων</span> <span class='ocrx_word' id='word_1_723' title='bbox 540 5905 677 5976; x_wconf 70' lang='grc' dir='ltr'>ῥητὰ</span> <span class='ocrx_word' id='word_1_724' title='bbox 714 5910 1071 5977; x_wconf 78' lang='grc' dir='ltr'>προήνεγκεν,</span> <span class='ocrx_word' id='word_1_725' title='bbox 1110 5906 1227 5959; x_wconf 79' lang='grc' dir='ltr'><strong>οὐδὲ</strong></span> <span class='ocrx_word' id='word_1_726' title='bbox 1265 5908 1327 5960; x_wconf 78' lang='grc' dir='ltr'>ἐκ</span> <span class='ocrx_word' id='word_1_727' title='bbox 1364 5903 1762 5991; x_wconf 79' lang='grc' dir='ltr'>νενοθευμένων</span> 
     </span>
    </p>
   </div>
   <div class='ocr_carea' id='block_1_106' title="bbox 1874 4719 3425 4791">
    <p class='ocr_par' dir='ltr' id='par_1_106' title="bbox 1874 4719 3425 4791">
     <span class='ocr_line' id='line_1_108' title="bbox 1874 4719 3425 4791; baseline -0.001 -15"><span class='ocrx_word' id='word_1_728' title='bbox 1874 4722 2165 4791; x_wconf 88' lang='lat' dir='ltr'><strong>corruptis,</strong></span> <span class='ocrx_word' id='word_1_729' title='bbox 2192 4720 2395 4790; x_wconf 85' lang='lat' dir='ltr'><strong>quibus</strong></span> <span class='ocrx_word' id='word_1_730' title='bbox 2421 4721 2740 4776; x_wconf 79' lang='lat' dir='ltr'><strong>sententiam</strong></span> <span class='ocrx_word' id='word_1_731' title='bbox 2770 4735 2922 4775; x_wconf 87' lang='lat' dir='ltr'><strong>suam</strong></span> <span class='ocrx_word' id='word_1_732' title='bbox 2954 4719 3112 4773; x_wconf 85' lang='lat' dir='ltr'><strong>inniti</strong></span> <span class='ocrx_word' id='word_1_733' title='bbox 3146 4735 3425 4774; x_wconf 70' lang='lat' dir='ltr'><strong>asset-era-</strong></span> 
     </span>
    </p>
   </div>
   <div class='ocr_carea' id='block_1_107' title="bbox 1872 4800 3452 4881">
    <p class='ocr_par' dir='ltr' id='par_1_107' title="bbox 1872 4800 3452 4881">
     <span class='ocr_line' id='line_1_109' title="bbox 1872 4800 3452 4881; baseline -0.002 -13"><span class='ocrx_word' id='word_1_734' title='bbox 1872 4812 2019 4868; x_wconf 88' lang='lat' dir='ltr'><strong>baut.</strong></span> <span class='ocrx_word' id='word_1_735' title='bbox 2050 4812 2231 4881; x_wconf 85' lang='lat' dir='ltr'><strong>Itaque</strong></span> <span class='ocrx_word' id='word_1_736' title='bbox 2257 4800 2472 4867; x_wconf 76' lang='lat' dir='ltr'><strong>rursum</strong></span> <span class='ocrx_word' id='word_1_737' title='bbox 2527 4825 2629 4879; x_wconf 88' lang='lat' dir='ltr'><strong>ego</strong></span> <span class='ocrx_word' id='word_1_738' title='bbox 2660 4826 2783 4864; x_wconf 90' lang='lat' dir='ltr'><strong>cum</strong></span> <span class='ocrx_word' id='word_1_739' title='bbox 2815 4810 2920 4864; x_wconf 84' lang='lat' dir='ltr'><strong>illis</strong></span> <span class='ocrx_word' id='word_1_740' title='bbox 2965 4824 3312 4877; x_wconf 85' lang='lat' dir='ltr'><strong>congressus,</strong></span> <span class='ocrx_word' id='word_1_741' title='bbox 3367 4822 3452 4880; x_wconf 25' lang='lat' dir='ltr'><strong>et,</strong></span> 
     </span>
    </p>
   </div>
   <div class='ocr_carea' id='block_1_108' title="bbox 1874 4884 3427 4968">
    <p class='ocr_par' dir='ltr' id='par_1_108' title="bbox 1874 4884 3427 4968">
     <span class='ocr_line' id='line_1_110' title="bbox 1874 4884 3427 4968; baseline -0.002 -10"><span class='ocrx_word' id='word_1_742' title='bbox 1874 4904 2201 4958; x_wconf 85' lang='lat' dir='ltr'><strong>sententiam</strong></span> <span class='ocrx_word' id='word_1_743' title='bbox 2226 4884 2524 4955; x_wconf 76' lang='lat' dir='ltr'><strong>absurdam</strong></span> <span class='ocrx_word' id='word_1_744' title='bbox 2557 4914 2680 4954; x_wconf 88' lang='lat' dir='ltr'><strong>esse</strong></span> <span class='ocrx_word' id='word_1_745' title='bbox 2713 4910 2897 4968; x_wconf 84' lang='lat' dir='ltr'><strong>aperte</strong></span> <span class='ocrx_word' id='word_1_746' title='bbox 2933 4898 3325 4963; x_wconf 85' lang='lat' dir='ltr'><strong>demonstravi,</strong></span> <span class='ocrx_word' id='word_1_747' title='bbox 3372 4911 3427 4955; x_wconf 92' lang='lat' dir='ltr'><strong>et</strong></span> 
     </span>
    </p>
   </div>
   <div class='ocr_carea' id='block_1_109' title="bbox 1874 4980 3424 5064">
    <p class='ocr_par' dir='ltr' id='par_1_109' title="bbox 1874 4980 3424 5064">
     <span class='ocr_line' id='line_1_111' title="bbox 1874 4980 3424 5064; baseline 0 -16"><span class='ocrx_word' id='word_1_748' title='bbox 1874 4995 2040 5049; x_wconf 90' lang='lat' dir='ltr'><strong>libros</strong></span> <span class='ocrx_word' id='word_1_749' title='bbox 2066 4995 2387 5064; x_wconf 80' lang='lat' dir='ltr'><strong>depravato‘s</strong></span> <span class='ocrx_word' id='word_1_750' title='bbox 2424 4991 2707 5061; x_wconf 81' lang='lat' dir='ltr'><strong>perSpicue</strong></span> <span class='ocrx_word' id='word_1_751' title='bbox 2751 4992 2998 5061; x_wconf 83' lang='lat' dir='ltr'><strong>probavi.</strong></span> <span class='ocrx_word' id='word_1_752' title='bbox 3043 4980 3189 5046; x_wconf 81' lang='lat' dir='ltr'><strong>Nihil</strong></span> <span class='ocrx_word' id='word_1_753' title='bbox 3248 5002 3424 5048; x_wconf 86' lang='lat' dir='ltr'><strong>tamen</strong></span> 
     </span>
    </p>
   </div>
   <div class='ocr_carea' id='block_1_110' title="bbox 1873 5080 3423 5153">
    <p class='ocr_par' dir='ltr' id='par_1_110' title="bbox 1873 5080 3423 5153">
     <span class='ocr_line' id='line_1_112' title="bbox 1873 5080 3423 5153; baseline -0.002 -16"><span class='ocrx_word' id='word_1_754' title='bbox 1873 5082 2225 5153; x_wconf 80' lang='lat' dir='ltr'><strong>profeci,nec</strong></span> <span class='ocrx_word' id='word_1_755' title='bbox 2247 5081 2575 5149; x_wconf 85' lang='lat' dir='ltr'><strong>persuadere</strong></span> <span class='ocrx_word' id='word_1_756' title='bbox 2627 5080 2924 5151; x_wconf 89' lang='lat' dir='ltr'><strong>quidquam</strong></span> <span class='ocrx_word' id='word_1_757' title='bbox 2968 5082 3154 5152; x_wconf 88' lang='lat' dir='ltr'><strong>potui;</strong></span> <span class='ocrx_word' id='word_1_758' title='bbox 3216 5090 3423 5136; x_wconf 86' lang='lat' dir='ltr'><strong>tantum</strong></span> 
     </span>
    </p>
   </div>
   <div class='ocr_carea' id='block_1_111' title="bbox 1874 5163 2951 5250">
    <p class='ocr_par' dir='ltr' id='par_1_111' title="bbox 1874 5163 2951 5250">
     <span class='ocr_line' id='line_1_113' title="bbox 1874 5163 2951 5250; baseline -0.003 -21"><span class='ocrx_word' id='word_1_759' title='bbox 1874 5173 2225 5250; x_wconf 12' lang='lat' dir='ltr'><strong>mihi‘l&#39;rustra</strong></span> <span class='ocrx_word' id='word_1_760' title='bbox 2256 5181 2468 5242; x_wconf 88' lang='lat' dir='ltr'><strong>tempus</strong></span> <span class='ocrx_word' id='word_1_761' title='bbox 2510 5171 2910 5227; x_wconf 84' lang='lat' dir='ltr'><strong>conterebatur.</strong></span> <span class='ocrx_word' id='word_1_762' title='bbox 2949 5163 2951 5166; x_wconf 29' lang='grc'><em>⁴</em></span> 
     </span>
    </p>
   </div>
   <div class='ocr_carea' id='block_1_112' title="bbox 2534 5258 2728 5313">
    <p class='ocr_par' dir='ltr' id='par_1_112' title="bbox 2534 5258 2728 5313">
     <span class='ocr_line' id='line_1_114' title="bbox 2534 5258 2728 5313; baseline -0.005 0"><span class='ocrx_word' id='word_1_763' title='bbox 2534 5258 2728 5313; x_wconf 77' lang='lat' dir='ltr'><strong>RESP.</strong></span> 
     </span>
    </p>
   </div>
   <div class='ocr_carea' id='block_1_113' title="bbox 1943 5346 3437 5419">
    <p class='ocr_par' dir='ltr' id='par_1_113' title="bbox 1943 5346 3437 5419">
     <span class='ocr_line' id='line_1_115' title="bbox 1943 5346 3437 5419; baseline -0.003 -11"><span class='ocrx_word' id='word_1_764' title='bbox 1943 5353 2153 5408; x_wconf 85' lang='lat' dir='ltr'><strong>Primus</strong></span> <span class='ocrx_word' id='word_1_765' title='bbox 2178 5352 2241 5405; x_wconf 90' lang='lat' dir='ltr'><strong>de</strong></span> <span class='ocrx_word' id='word_1_766' title='bbox 2270 5351 2519 5419; x_wconf 80' lang='lat' dir='ltr'><strong>dogmate</strong></span> <span class='ocrx_word' id='word_1_767' title='bbox 2556 5349 2788 5405; x_wconf 70' lang='lat' dir='ltr'><strong>Joannes</strong></span> <span class='ocrx_word' id='word_1_768' title='bbox 2810 5346 2894 5401; x_wconf 78' lang='lat' dir='ltr'><strong>ille</strong></span> <span class='ocrx_word' id='word_1_769' title='bbox 2953 5348 3004 5401; x_wconf 92' lang='lat' dir='ltr'><strong>in</strong></span> <span class='ocrx_word' id='word_1_770' title='bbox 3033 5362 3088 5401; x_wconf 85' lang='lat' dir='ltr'><strong>re</strong></span> <span class='ocrx_word' id='word_1_771' title='bbox 3122 5348 3437 5418; x_wconf 9' lang='lat' dir='ltr'><strong>theologicae</strong></span> 
     </span>
    </p>
   </div>
   <div class='ocr_carea' id='block_1_114' title="bbox 1874 5436 3416 5511">
    <p class='ocr_par' dir='ltr' id='par_1_114' title="bbox 1874 5436 3416 5511">
     <span class='ocr_line' id='line_1_116' title="bbox 1874 5436 3416 5511; baseline -0.004 -14"><span class='ocrx_word' id='word_1_772' title='bbox 1874 5442 2068 5497; x_wconf 88' lang='lat' dir='ltr'><strong>summi</strong></span> <span class='ocrx_word' id='word_1_773' title='bbox 2089 5441 2170 5495; x_wconf 90' lang='lat' dir='ltr'><strong>vir</strong></span> <span class='ocrx_word' id='word_1_774' title='bbox 2201 5440 2424 5511; x_wconf 75' lang='lat' dir='ltr'><strong>ingenii,</strong></span> <span class='ocrx_word' id='word_1_775' title='bbox 2458 5450 2617 5506; x_wconf 84' lang='lat' dir='ltr'><strong>atque</strong></span> <span class='ocrx_word' id='word_1_776' title='bbox 2648 5436 2699 5489; x_wconf 91' lang='lat' dir='ltr'><strong>in</strong></span> <span class='ocrx_word' id='word_1_777' title='bbox 2733 5437 2981 5491; x_wconf 85' lang='lat' dir='ltr'><strong>instituto</strong></span> <span class='ocrx_word' id='word_1_778' title='bbox 3026 5438 3199 5493; x_wconf 88' lang='lat' dir='ltr'><strong>sancti</strong></span> <span class='ocrx_word' id='word_1_779' title='bbox 3233 5438 3416 5493; x_wconf 82' lang='lat' dir='ltr'><strong>Domi-</strong></span> 
     </span>
    </p>
   </div>
   <div class='ocr_carea' id='block_1_115' title="bbox 1874 5529 3421 5603">
    <p class='ocr_par' dir='ltr' id='par_1_115' title="bbox 1874 5529 3421 5603">
     <span class='ocr_line' id='line_1_117' title="bbox 1874 5529 3421 5603; baseline -0.005 -12"><span class='ocrx_word' id='word_1_780' title='bbox 1874 5535 1981 5591; x_wconf 88' lang='lat' dir='ltr'><strong>nici</strong></span> <span class='ocrx_word' id='word_1_781' title='bbox 2021 5533 2258 5603; x_wconf 67' lang='lat' dir='ltr'><strong>praelecti</strong></span> <span class='ocrx_word' id='word_1_782' title='bbox 2292 5532 2553 5603; x_wconf 85' lang='lat' dir='ltr'><strong>dignitate</strong></span> <span class='ocrx_word' id='word_1_783' title='bbox 2583 5536 2827 5595; x_wconf 87' lang='lat' dir='ltr'><strong>ornatus,</strong></span> <span class='ocrx_word' id='word_1_784' title='bbox 2868 5529 3285 5600; x_wconf 83' lang='lat' dir='ltr'><strong>disputationem</strong></span> <span class='ocrx_word' id='word_1_785' title='bbox 3339 5531 3421 5585; x_wconf 58' lang='lat' dir='ltr'><strong>ina</strong></span> 
     </span>
    </p>
   </div>
   <div class='ocr_carea' id='block_1_116' title="bbox 1874 5620 3419 5695">
    <p class='ocr_par' dir='ltr' id='par_1_116' title="bbox 1874 5620 3419 5695">
     <span class='ocr_line' id='line_1_118' title="bbox 1874 5620 3419 5695; baseline -0.004 -12"><span class='ocrx_word' id='word_1_786' title='bbox 1874 5627 2049 5683; x_wconf 85' lang='lat' dir='ltr'><strong>stituit</strong></span> <span class='ocrx_word' id='word_1_787' title='bbox 2076 5642 2091 5680; x_wconf 90' lang='lat'><strong>:</strong></span> <span class='ocrx_word' id='word_1_788' title='bbox 2114 5629 2369 5695; x_wconf 81' lang='lat' dir='ltr'><strong>Accepta,</strong></span> <span class='ocrx_word' id='word_1_789' title='bbox 2397 5620 3063 5692; x_wconf 60' lang='lat' dir='ltr'><strong>inquiens,‘benedictione</strong></span> <span class='ocrx_word' id='word_1_790' title='bbox 3095 5621 3269 5678; x_wconf 81' lang='lat' dir='ltr'><strong>Patris</strong></span> <span class='ocrx_word' id='word_1_791' title='bbox 3295 5621 3419 5677; x_wconf 79' lang='lat' dir='ltr'><strong>bea—</strong></span> 
     </span>
    </p>
   </div>
   <div class='ocr_carea' id='block_1_117' title="bbox 1878 5710 3426 5800">
    <p class='ocr_par' dir='ltr' id='par_1_117' title="bbox 1878 5710 3426 5800">
     <span class='ocr_line' id='line_1_119' title="bbox 1878 5710 3426 5800; baseline -0.005 -26"><span class='ocrx_word' id='word_1_792' title='bbox 1878 5713 2097 5779; x_wconf 79' lang='lat' dir='ltr'><strong>tissimi,</strong></span> <span class='ocrx_word' id='word_1_793' title='bbox 2129 5716 2485 5784; x_wconf 59' lang='lat' dir='ltr'><strong>quaestionem</strong></span> <span class='ocrx_word' id='word_1_794' title='bbox 2516 5714 2583 5769; x_wconf 84' lang='lat' dir='ltr'><strong>de</strong></span> <span class='ocrx_word' id='word_1_795' title='bbox 2611 5710 2845 5782; x_wconf 88' lang='lat' dir='ltr'><strong>Spiritus</strong></span> <span class='ocrx_word' id='word_1_796' title='bbox 2863 5711 3033 5800; x_wconf 71' lang='lat' dir='ltr'><strong>sapcti</strong></span> <span class='ocrx_word' id='word_1_797' title='bbox 3073 5713 3426 5779; x_wconf 76' lang='lat' dir='ltr'><strong>proccs‘sione</strong></span> 
     </span>
    </p>
   </div>
   <div class='ocr_carea' id='block_1_118' title="bbox 1877 5801 3426 5874">
    <p class='ocr_par' dir='ltr' id='par_1_118' title="bbox 1877 5801 3426 5874">
     <span class='ocr_line' id='line_1_120' title="bbox 1877 5801 3426 5874; baseline -0.007 -11"><span class='ocrx_word' id='word_1_798' title='bbox 1877 5808 2149 5863; x_wconf 75' lang='lat' dir='ltr'><strong>vobiscum</strong></span> <span class='ocrx_word' id='word_1_799' title='bbox 2184 5805 2392 5859; x_wconf 80' lang='lat' dir='ltr'><strong>habebo</strong></span> <span class='ocrx_word' id='word_1_800' title='bbox 2424 5822 2437 5857; x_wconf 92' lang='lat'><strong>:</strong></span> <span class='ocrx_word' id='word_1_801' title='bbox 2469 5803 2685 5874; x_wconf 89' lang='lat' dir='ltr'><strong>quando</strong></span> <span class='ocrx_word' id='word_1_802' title='bbox 2712 5818 2815 5857; x_wconf 91' lang='lat' dir='ltr'><strong>non</strong></span> <span class='ocrx_word' id='word_1_803' title='bbox 2840 5818 2901 5855; x_wconf 71' lang='lat' dir='ltr'><strong>ex</strong></span> <span class='ocrx_word' id='word_1_804' title='bbox 2934 5801 3426 5870; x_wconf 65' lang='lat' dir='ltr'><strong>apocryphisigno-</strong></span> 
     </span>
    </p>
   </div>
   <div class='ocr_carea' id='block_1_119' title="bbox 1879 5895 3426 5971">
    <p class='ocr_par' dir='ltr' id='par_1_119' title="bbox 1879 5895 3426 5971">
     <span class='ocr_line' id='line_1_121' title="bbox 1879 5895 3426 5971; baseline -0.007 -13"><span class='ocrx_word' id='word_1_805' title='bbox 1879 5902 2053 5971; x_wconf 85' lang='lat' dir='ltr'><strong>lisque</strong></span> <span class='ocrx_word' id='word_1_806' title='bbox 2077 5897 2227 5955; x_wconf 75' lang='lat' dir='ltr'><strong>libris</strong></span> <span class='ocrx_word' id='word_1_807' title='bbox 2258 5896 2484 5967; x_wconf 86' lang='lat' dir='ltr'><strong>protulit</strong></span> <span class='ocrx_word' id='word_1_808' title='bbox 2521 5906 2720 5961; x_wconf 76' lang='lat' dir='ltr'><strong>textus,</strong></span> <span class='ocrx_word' id='word_1_809' title='bbox 2743 5906 2834 5948; x_wconf 85' lang='lat' dir='ltr'><strong>aut</strong></span> <span class='ocrx_word' id='word_1_810' title='bbox 2867 5895 3130 5964; x_wconf 80' lang='lat' dir='ltr'><strong>corruptis</strong></span> <span class='ocrx_word' id='word_1_811' title='bbox 3162 5905 3216 5951; x_wconf 84' lang='lat' dir='ltr'><strong>ct</strong></span> <span class='ocrx_word' id='word_1_812' title='bbox 3240 5896 3426 5964; x_wconf 54' lang='lat' dir='ltr'><strong>dein-a-</strong></span> 
     </span>
    </p>
   </div>
  </div>
