4006 6340
621 440 752 503 tm
793 433 797 438 '
1592 434 1897 494 rosam“
1939 392 2469 491 iiE'rnoxENSIS
2499 432 2834 492 EPlSCOPi
3682 419 3816 482 ints

623 559 783 616 vatis.
816 566 872 609 ut
901 554 1015 623 ipse
1045 539 1163 618 ais;
1199 552 1300 607 nisi
1335 551 1640 621 apocrypha
1669 549 1937 615 intelligas
1972 547 2154 601 Basilii
2183 608 2187 618 Α

2285 567 2314 602 ηε
2349 551 2441 603 καὶ
2479 548 2887 616 διεφθαρμένων
2909 587 2923 609 ,
2955 537 3030 608 ὥς
3067 544 3131 597 σὺ
3167 542 3270 613 φῄς
3293 556 3306 569 ·
3344 540 3393 592 εί
3430 536 3505 607 μή
3539 553 3645 590 που
3679 537 3818 587 ἀπό-

628 648 802 716 Magni
828 641 885 698 ἐι
913 644 1190 698 Athanasii
1221 657 1404 710 opera,
1455 655 1552 694 nec
1609 655 1713 693 non
1772 637 2057 707 Epiphanii
2108 644 2159 689 ct

2285 659 2444 711 ίρυφσσ
2474 643 2537 696 σὺ
2566 644 2703 704 νοεῖς
2729 642 2797 693 τὰ
2822 639 2914 695 τοῦ
2951 638 3186 708 μεγάλου
3220 633 3496 689 Βασιλείου
3527 632 3624 684 καὶ
3660 629 3818 681 Ἀθα-

621 737 800 789 sancti
837 734 1062 805 Cyrilli,
1097 746 1322 802 quorum
1355 731 1498 785 dicta
1571 728 1808 782 Joannes
1861 724 2162 796 proferebat

628 828 937 890 Latinorum
965 826 1200 887 nciiiine,
1235 838 1329 892 per
1366 837 1484 890 qua:
1507 821 1878 874 demonstrare
1923 815 2160 872 conaba-

630 928 715 986 tur
743 916 1006 983 dogmatis
1039 914 1336 968 veritatem.
1371 910 1671 976 Noluerunt
1698 909 1847 981 cnim
1892 905 2031 959 sacri
2089 903 2161 956 illi

628 987 726 1060 viri
754 1006 1170 1062 Occidentalium
1193 1002 1512 1058 auctoritate
1537 1000 1837 1061 doctorum,
1866 995 2164 1053 sedOricn:

634 1099 818 1152 talium
853 1100 1078 1167 probare
1104 1101 1202 1150 hcc
1225 1095 1418 1162 dogma
1452 1111 1466 1154 ;
1493 1107 1580 1156 ne,
1606 1092 1747 1161 quod
1777 1089 1936 1142 etiam
1964 1087 2162 1146 evenit,

636 1185 1271 1255 possetiscontradicere.
1306 1181 1388 1236 Tu
1408 1196 1536 1236 vero
1565 1194 1687 1234 cum
1725 1177 1864 1232 ferre
1908 1190 2013 1229 non
2038 1188 2162 1242 pos-

634 1279 1055 1346 sns‘veritatem,
1079 1277 1357 1343 Corruptos
1389 1282 1444 1329 et
1466 1272 1786 1341 depravatos
1818 1265 2058 1320 vocabas
2073 1264 2168 1317 do-

609 1361 841 1422 actorum
887 1368 1053 1421 libros
1090 1383 1104 1419 :
1138 1366 1352 1435 quando
1371 1365 1530 1419 etiam
1563 1374 1757 1429 magno
1784 1348 1878 1412 tuo
1909 1356 2171 1410 dedecore

637 1457 888 1510 universa
913 1466 962 1530 te
980 1457 1217 1525 synodus
1244 1454 1549 1526 suggillavit
1571 1453 1643 1506 ita
1661 1449 1947 1511 dicentem,
1964 1457 2014 1500 et
2037 1459 2173 1515 pra:-

635 1549 820 1602 si-rtim
857 1549 1128 1604 ulterioris
1162 1546 1403 1601 Francius
1433 1544 1722 1615 praesules.
1776 1549 1835 1594 ut
1879 1532 2173 1593 audierunt

633 1638 986 1693 Orientalium
1019 1633 1296 1692 doctorum
1326 1636 1490 1690 libros
1511 1633 1690 1689 vocari
1723 1646 1752 1685 a
1778 1640 1827 1684 te
1857 1636 2168 1696 corruptos,

636 1746 825 1798 magna
858 1745 986 1784 voce
1026 1730 1398 1784 exclamarunt
1429 1744 1443 1781 :
1478 1720 1771 1778 Haereticus
1793 1730 1875 1776 est
1912 1721 2016 1774 iste
2038 1733 2172 1774 crua-

636 1822 889 1888 lt-dt'ctus,
915 1831 1129 1876 mtcrutL
1163 1819 1385 1875 feriatur
1443 1813 2026 1875 excommunicatione,
2077 1809 2172 1864 do-

2219 771 2222 774 ~
2264 734 2445 788 νασίου
2473 733 2670 801 βιϐλία,
2704 730 3018 798 Ἐπιφανίου
3039 746 3098 782 τε
3119 730 3212 781 καὶ
3233 725 3501 795 Κυρίλλου
3523 721 3618 775 τοῦ
3643 723 3688 773 ίε
3700 717 3817 788 ροῦ,

2265 825 2324 888 ἐξ
2353 818 2756 891 ὧννπροέφιρεν
2787 823 2814 875 6
2850 823 3100 889 Ἰωάννης
3126 819 3200 881 ὡς
3231 821 3294 873 ὲκ
3326 815 3623 889 προσώπου
3653 812 3821 867 Λατί-

2266 935 2370 970 νων
2401 918 2555 988 ρητὰ,
2574 916 2643 969 δι’
2669 912 2742 969 ὧν
2770 914 3071 985 ίσχυρίζετο
3095 913 3193 981 τὴν
3216 911 3470 980 ἀλήθειαν
3495 907 3590 962 τοῦ
3618 907 3821 973 δόγμα-

2267 1023 2356 1067 τος
2383 1006 2746 1074 παραστῆσαι.
2774 1004 2852 1058 Οὐ
2879 1004 2985 1071 γάρ
3011 1002 3198 1073 ήθελον
3223 1003 3271 1054 oi
3300 1000 3434 1070 ἱεροὶ
3459 998 3652 1066 ἄνδρες
3680 997 3820 1046 ἐκεῖ·

2269 1115 2347 1148 νοι
2368 1096 2454 1149 διά
2473 1093 3048 1149 δυτικῶνδιδασκάλων
3067 1094 3126 1146 τδ
3148 1092 3320 1160 δόγμα
3342 1089 3500 1144 τοῦτο
3523 1088 3818 1155 συστῆσαι,

2271 1187 2382 1240 ἀλλ’
2408 1189 2464 1251 ἐξ
2493 1185 2820 1240 ἀνατολικῶν
2852 1184 3108 1254 Πατέρων
3129 1224 3142 1248 ,
3177 1184 3262 1237 ἵνα
3296 1182 3368 1250 μὴ
3399 1181 3560 1250 ἔχητε
3593 1178 3821 1230 τούναν-

2271 1279 2381 1332 τίον
2406 1280 2598 1344 εἰπεῖν,
2626 1278 2760 1348 ὅπερ
2786 1278 2880 1346 καὶ
2907 1278 3116 1346 γὲγονε.
3143 1277 3214 1330 Σὺ
3248 1275 3304 1328 δὲ
3329 1276 3428 1345 τὴν
3452 1273 3716 1342 ἀλήθειαν
3747 1270 3820 1339 μὴ

2271 1370 2561 1437 δυνάμενος
2594 1370 2778 1438 φέρειν
2801 1409 2815 1433 ,
2850 1369 3218 1438 διεφθαρμένα
3245 1384 3302 1420 τε
3332 1367 3428 1418 καὶ
3456 1363 3822 1432 νενοθευμένα

2272 1463 2342 1515 τά
2373 1464 2481 1515 τῶν
2510 1460 2843 1515 διδασκάλων
2875 1461 3089 1522 ἐκάλεις
3119 1458 3305 1528 ,βιϐλία
3329 1473 3343 1490 ·
3376 1459 3465 1512 ὅτε
3499 1457 3598 1510 καὶ
3635 1455 3825 1525 μῶμος

2276 1551 2602 1622 προσετρίϐη
2636 1567 2717 1602 σοι
2747 1550 2920 1618 μέγας
2946 1549 3099 1619 παρά
3120 1550 3216 1617 τῆς
3247 1548 3462 1600 συνόδου
3493 1546 3712 1615 ἀπάσης
3739 1543 3829 1595 λέ-

2275 1659 2422 1708 γοντι
2445 1640 2643 1704 οὕτως’
2671 1643 2765 1694 καὶ
2793 1642 3028 1708 μάλιστα
3053 1643 3102 1694 oi
3124 1641 3220 1709 τῆς
3247 1640 3524 1710 ὶνὼτέρας
3546 1633 3827 1707 Φραγκίας

2275 1730 2562 1799 ἡγούμενοι
2593 1728 2948 1796 ἀκούσαντες,
2982 1730 3064 1783 ὅτι
3095 1731 3162 1783 τά
3193 1728 3299 1781 τῶν
3328 1711 3831 1780 ἀνατολικῶνδιδα-

2275 1821 2486 1875 σκάλων
2511 1821 2686 1890 βιϐλία
2712 1820 3078 1890 διεφθαρμένα
3106 1818 3415 1882 ἀποκαλεῖς,
3441 1813 3655 1885 μεγάλῃ
3679 1815 3828 1881 φωτνῇ

609 1912 816 1966 'ctores
840 1912 981 1965 enim
1009 1911 1186 1981 rejicit
1215 1929 1227 1964 :
1270 1918 1322 1963 et
1353 1909 1395 1964 si
1429 1908 1544 1964 suis
1568 1906 1805 1961 Orientis
1857 1900 2174 1960 doctoribus

2285 1911 2569 1980 ιξεϐόησαν
2589 1927 2604 1941 ο
2632 1912 2913 1981 Αίρετικδς
2937 1910 3089 1972 οὗτός
3117 1911 3260 1962 ἐστιν
3285 1911 3311 1961 6
3336 1908 3642 1974 κατάρατος
3663 1918 3675 1930 ·
3702 1906 3829 1955 αἰω-

637 2000 794 2054 ﬁdem
819 2015 923 2054 non
945 2001 1154 2064 tribuit,
1191 2000 1320 2069 quid
1366 1998 1432 2052 de
1486 1997 1688 2051 nostris
1739 1991 2177 2051 Occidentalibus

637 2091 876 2147 dixerit?
902 2093 1039 2147 Hinc
1083 2073 1445 2147 commotione
1513 2090 1752 2143 excitata
1794 2093 2180 2153 consurgentes

639 2184 773 2238 nihil
803 2183 948 2238 aliud
970 2182 1177 2254 egistis.
1206 2182 1464 2237 Proxima
1491 2194 1615 2234 vero
1643 2177 1883 2237 sessione
1926 2189 2050 2229 cum
2103 2171 2180 2226 illi

641 2292 707 2330 ex
734 2275 913 2344 magni
944 2275 1130 2347 Cyrilli
1165 2274 1340 2329 verbis
1391 2279 1705 2342 argumenta
1761 2268 2063 2330 duxissent,
2124 2273 2179 2317 tu

640 2367 864 2421 omnino
889 2373 1134 2422 sanctum
1159 2365 1422 2436 Cyrillum
1455 2364 1663 2433 negasti
1694 2361 1768 2414 ita
1797 2359 1996 2413 dicere.
2043 2354 2180 2411 Cum

612 2448 615 2449 ⁷
642 2470 766 2510 νει-ο
798 2454 1032 2509 Joannes
1055 2454 1410 2522 Epiphanium
1438 2455 1624 2516 eadem
1651 2465 1770 2519 qua:
1817 2446 2049 2517 Cyrillus
2102 2444 2181 2497 di-

643 2558 850 2600 centeni
877 2545 1213 2614 protulisset,
1240 2554 1294 2598 tu
1325 2544 1438 2599 bare
1481 2543 1600 2611 ipsa
1651 2540 1811 2594 etiam
1881 2537 2184 2590 adulterata

647 2638 874 2692 vocasti.
908 2639 1034 2693 inde
1058 2648 1280 2694 coactus
1325 2634 1606 2704 profunda:
1665 2631 1769 2685 illae
1828 2645 1890 2684 ac
1941 2626 2183 2682 sublimis

641 2721 922 2794 theologia;
974 2730 1056 2783 vlr
1099 2723 1631 2792 Basiliumhlagnum
1695 2720 1874 2774 attulit
1929 2721 1982 2772 in
2047 2717 2183 2772 libro

644 2829 830 2874 contra
853 2821 1172 2875 Eunomium
1199 2818 1496 2873 consimilia
1516 2815 1785 2886 prioribus
1806 2814 2178 2868 disserentem:

647 2922 702 2964 tu
738 2925 864 2965 vero
895 2911 981 2965 illa
1033 2924 1246 2979 quoque
1292 2909 1578 2979 depravata
1617 2905 1818 2960 dixisti.
1875 2904 1950 2957 ita
2017 2900 2202 2954 libros‘

645 3019 854 3066 ouincs,
879 3003 971 3072 qui
1003 3001 1250 3071 producti
1275 3009 1420 3064 sunt,
1454 3006 1737 3066 corruptos
1759 2993 2021 3053 vocando,
2051 2990 2185 3044 stul—
2233 3055 2236 3057 Α

645 3092 887 3168 tissimus
913 3093 979 3147 ab
1003 3093 1253 3147 omnibus
1279 3091 1498 3145 habitus
1537 3104 1633 3152 es.
1671 3085 1902 3152 Quando
1954 3081 2185 3137 misistis

643 3184 803 3235 etiam
829 3181 1259 3238 Nicomediensis
1287 3181 1534 3252 prarsulis
1565 3181 1895 3242 ministrum,
1949 3186 2003 3230 ut
2031 3172 2186 3228 επεν-

646 3280 727 3325 ret
761 3273 1002 3326 codicem
1057 3281 1232 3327 sancti
1263 3237 1467 3336 B'asilii,
1528 3274 1582 3326 in
1632 3287 1740 3341 quo
1790 3271 2008 3338 dictum
2053 3237 2253 3320 illudc

647 3361 875 3415 habetur
907 3380 917 3414 :
949 3361 1059 3416 Cur
1086 3363 1239 3437 enim.
1258 3377 1476 3417 necesse
1503 3375 1607 3428 est,
1641 3372 1745 3417 etc.
1777 3363 1869 3418 Ille
1887 3375 2014 3422 vero
2073 3363 2187 3413 sive

649 3455 848 3508 malitia
868 3471 963 3510 sua
984 3463 1284 3524 permotus,
1312 3456 1425 3510 sive
1458 3456 1615 3509 etiam
1635 3469 1664 3509 a
1688 3455 1842 3508 vobis
1862 3455 2188 3515 admonitus,

647 3545 815 3598 voluit
866 3547 1112 3599 occulere
1168 3546 1654 3615 \eritatematque
1721 3553 1948 3613 accepto
2004 3544 2190 3597 codice

650 3634 794 3686 venit
855 3635 919 3686 ad
968 3634 1254 3688 fenestram
1318 3634 1558 3703 cogitans
1608 3635 1811 3688 dictum
1841 3634 1972 3688 illud
2030 3634 2191 3686 abra-

649 3725 797 3788 dere,
837 3724 1153 3794 signatoq’ne
1209 3725 1358 3786 folio.
1422 3727 1474 3778 in
1526 3739 1636 3791 quo
1713 3725 1977 3779 sententia
2032 3725 2193 3778 babe-

647 3816 828 3879 batur,
893 3817 1165 3873 cultellum
1212 3817 1506 3887 quaerebat,
1550 3833 1658 3887 quo
1731 3817 1874 3871 illam
1927 3819 2192 3872 eraderet.

648 3909 715 3962 At
765 3923 894 3963 vero
947 3907 1178 3978 Spiritus
1234 3911 1476 3964 veritatis
1527 3924 1633 3964 non
1677 3911 1917 3978 permisit
1962 3910 2013 3964 id
2054 3910 2189 3969 ﬁeri.

651 4013 717 4053 ne
781 4001 978 4054 veritas
1031 4001 1519 4070 exstingueretur;
1574 4001 1777 4054 excitat
1854 4015 1984 4068 ergo
2061 3999 2195 4052 ﬂan-

653 4096 756 4140 tem
789 4100 997 4151 auram,
1034 4103 1126 4155 per
1153 4101 1312 4154 quam
1333 4085 1529 4139 factum
1565 4093 1728 4140 estut
1779 4084 1928 4151 folio,
1966 4087 2017 4138 in
2078 4098 2186 4153 quo

651 4178 854 4229 dictum
879 4177 1073 4240 inerat,
1101 4185 1325 4239 mutato,
1358 4176 1501 4230 aliud
1561 4191 1620 4229 se
1657 4175 1913 4230 offerret:
1973 4174 2060 4228 ille
2112 4175 2190 4227 fe-

654 4269 868 4321 stinans
887 4266 1032 4318 aliud
1060 4266 1324 4335 expunxit
1353 4281 1450 4337 pro
1476 4267 1602 4319 alio.
1642 4264 1845 4319 Deinde
1867 4264 2025 4318 celeri
2051 4279 2196 4332 gres-

654 4374 715 4411 su
752 4371 999 4412 reversus
1021 4357 1087 4411 ad
1111 4357 1372 4425 synodum
1426 4356 1682 4410 audacter
1715 4355 1822 4409 ibat
1875 4355 1938 4409 ad
1974 4354 2197 4408 convin-

655 4448 853 4501 t-endos
880 4447 1120 4502 Latinos.
1151 4446 1220 4503 Ut
1244 4461 1367 4501 vero
1400 4443 1548 4516 pater
1579 4446 1695 4516 ejus
1733 4446 1928 4506 librum
1964 4445 2195 4514 aperuit,

2277 2005 2405 2069 vim;
2427 2003 2774 2075 ἀφορισθήτω
2795 2020 2808 2035 ·
2831 2005 2956 2068 τοὺς
2977 2001 3323 2063 διδασκάλους
3345 1997 3451 2070 γάρ
3473 1994 3794 2051 ἀποσείεται
3816 2009 3827 2018 ·

2280 2097 2375 2150 καὶ
2415 2097 2463 2149 εί
2504 2099 2613 2157 τοῖς
2657 2096 2820 2150 αὑτοῦ
2863 2095 3196 2156 διδασκάλοις
3234 2095 3346 2156 τοῖς
3385 2085 3727 2152 ἀνατολικοῖς
3770 2087 3830 2141 ού

2281 2189 2556 2249 πιστεύει.
2585 2188 2634 2240 τί
2663 2188 2728 2241 ἂν
2756 2187 2894 2245 εἴποι
2926 2189 3053 2254 περὶ
3078 2183 3528 2245 τῶνδυτικῶνττ
3561 2181 3661 2235 καὶ
3689 2183 3828 2247 ἡμε-

2279 2279 2456 2346 τέρων
2477 2297 2492 2341 ς
2517 2279 2680 2332 Ὀθεν
2709 2277 3016 2346 συγχύσεως
3045 2278 3339 2348 γενομένης
3371 2275 3631 2343 ἀνέστητε
3666 2271 3830 2341 μηδὲν

2281 2369 2408 2424 ἄλλο
2433 2369 2755 2437 πράξαντες.
2782 2369 2859 2439 Τῇ
2885 2368 2942 2421 δὲ
2959 2368 3158 2438 ιφεξῆς
3184 2367 3492 2420 συνελεύσει
3517 2364 3577 2416 ἐν
3599 2363 3716 2422 τοῖς
3740 2358 3832 2412 τοῦ

2285 2459 2516 2528 μεγάλου
2565 2459 2829 2530 Κυρίλλου
2879 2461 3060 2532 ῥητοῖς
3107 2458 3199 2513 τὸν
3245 2457 3401 2523 λόγον
3445 2452 3833 2524 ποιησαμένων

2284 2551 2506 2603 ἐκείνων
2523 2591 2538 2614 ,
2569 2551 2844 2614 παντελῶς
2874 2551 3094 2621 ἠρνήσω
3121 2548 3210 2624 τὸν
3239 2549 3390 2615 ἆγιον
3416 2545 3557 2600 οὔτω
3582 2545 3834 2613 λέγοντα.

2295 2637 2352 2691 'O
2385 2639 2440 2691 δὲ
2475 2639 2725 2705 Ἰωάννης
2756 2639 2846 2692 τὸν
2877 2637 3197 2705 Ἐπιφάνιον
3230 2637 3388 2708 ἔφερε
3428 2633 3836 2706 συνηγοροῦντα

2285 2731 2535 2801 Κυρίλλῳ
2567 2747 2579 2759 ·
2634 2731 2726 2783 καὶ
2778 2731 2914 2784 αύτά
2961 2730 3318 2800 νενοθευμὲνα
3369 2728 3653 2791 ἐκάλεσας.
3702 2723 3836 2780 Εἶτα

2288 2821 2650 2888 ἀναγκασθεὶς
2684 2823 2710 2873 6
2745 2821 2911 2890 βαθὺς
2942 2824 3145 2884 ἐκεῖνος
3182 2823 3275 2877 καὶ
3308 2821 3509 2889 ὑψηλὸς
3545 2819 3800 2885 θεολόγος
3821 2857 3834 2879 ,

2285 2910 2380 2963 τοῦ
2411 2911 2645 2980 μεγάλου
2675 2900 2951 2965 Βασιλείου
2983 2911 3144 2982 ῥητὸν
3168 2909 3400 2966 ἀπὸ-τῶν
3424 2909 3545 2964 κατ’
3569 2907 3835 2974 Εὑνομίου

2285 2999 2587 3068 προσέφερε
2605 3039 2620 3063 ,
2652 3000 2982 3071 συνηγοροῦν
3011 3002 3122 3062 τοῖς
3151 2998 3732 3069 πρότερονὲνεχθεῖσι·
3769 2997 3835 3048 σὺ
3863 3023 3866 3025 λ

2286 3092 2340 3145 δὲ
2371 3094 2463 3144 καὶ
2486 3091 2645 3146 τοῦτο
2671 3093 3050 3162 νενοθευμένον
3078 3091 3338 3154 ἐκάλεσας
3361 3107 3376 3123 ⁸
3406 3091 3498 3144 καὶ
3532 3090 3708 3152 πάσας
3732 3091 3835 3152 τὰς

2289 3187 2705 3256 προενεχθείσας
2733 3187 2946 3256 βίϐλους
2969 3185 3364 3255 διεφθαρμένας
3387 3185 3698 3248 ἀποκαλῶν,
3725 3202 3836 3252 μω-

2290 3279 2380 3346 ρία
2411 3277 2699 3345 ἐνομίσθης
2730 3279 2841 3340 τοῖς
2877 3277 3040 3330 πᾶσιν
3066 3293 3079 3306 ·
3110 3279 3196 3330 ὅτε
3229 3279 3323 3329 καὶ
3352 3277 3441 3330 τὸν
3473 3275 3836 3328 ὑποτακτικὸν

2236 3395 2249 3403 -ε
2289 3368 2381 3422 τοῦ
2408 3368 2766 3436 Νικομηδείας
2793 3369 3146 3422 ἀπεστείλατε
3170 3367 3229 3422 τδ
3255 3365 3456 3437 βιϐλίον
3483 3366 3709 3436 κομίσαι
3735 3365 3832 3418 τοῦ

2291 3459 2437 3528 ίεροῦ
2470 3459 2769 3526 Βασιλείου,
2799 3459 2859 3511 τὸ
2884 3460 2980 3530 τὴν
3009 3461 3162 3528 ῥῆσιν
3187 3459 3308 3528 ἔχον
3333 3458 3541 3513 τοιάνδε
3564 3477 3578 3491 -
3608 3459 3700 3520 Τίς
3726 3458 3834 3526 γὰρ

2290 3551 2522 3620 ἀνάγκη,
2543 3556 2634 3603 καὶ
2661 3551 2727 3603 τὰ
2759 3550 2904 3617 ἑξῆς.
2937 3551 3197 3612 Κάκεῖνος
3231 3544 3323 3602 οῦν
3351 3551 3416 3618 τῇ
3451 3547 3622 3618 κακίᾳ.
3655 3547 3835 3600 κινού-

2293 3659 2469 3710 μενος,
2495 3641 2527 3709 ἢ
2559 3643 2649 3693 καὶ
2681 3641 2809 3709 παρ’
2837 3639 2989 3707 ὑμῶν
3018 3638 3256 3709 κινηθεὶς
3284 3635 3556 3707 ἠϐουλήθη
3584 3636 3682 3705 τὴν
3707 3635 3836 3705 ἀλή-

2291 3734 2436 3786 θειαν
2466 3732 2671 3802 κρύψαι
2691 3746 2704 3760 '
2735 3732 2827 3784 καὶ
2853 3730 3032 3798 λαϐὼν
3056 3730 3157 3785 ἀνά
3182 3731 3363 3800 χεῖρας
3391 3728 3486 3800 τὴν
3516 3727 3717 3796 βίϐλον,
3740 3725 3833 3780 καὶ

2292 3821 2460 3876 ἐλθὼν
2494 3821 2585 3874 ἐπὶ
2616 3822 2674 3874 τὸ
2709 3813 2941 3890 θυρίδιον
2964 3863 2977 3883 ,
3010 3819 3328 3891 ᾠκονόμησε
3357 3818 3417 3872 τὸ
3453 3818 3614 3886 ῥητὸν
3646 3815 3832 3880 imii-

2295 3930 2406 3966 σαι.
2439 3915 2546 3965 Καὶ
2578 3914 2780 3981 στήσας
2805 3913 2865 3963 τὸ
2889 3910 3086 3978 φύλλον
3110 3909 3138 3961 6
3163 3909 3222 3962 τὸ
3249 3909 3410 3977 ῥητὸν
3434 3903 3602 3976 εἶχεν,
3632 3905 3835 3975 ἀπῆλθε

2293 3999 2475 4052 λαϐεῖν
2507 4000 2565 4052 τὸ
2610 4000 2848 4068 σιδήριον
2881 3998 2972 4050 τοῦ
3015 3996 3309 4066 ἀπαλεῖψαι
3352 3996 3500 4051 αὑτό.
3538 3996 3613 4048 T6
3652 3995 3706 4048 δὲ
3741 3997 3838 4064 τῆς

2294 4088 2551 4157 ἀληθείας
2586 4087 2807 4156 Πνεῦμα
2843 4087 2940 4140 οὐκ
2974 4087 3203 4162 ἠθέλησε
3239 4087 3394 4139 τοῦτο
3427 4086 3721 4159 γενέσθαι,
3751 4085 3836 4137 ἵνα

2297 4179 2373 4250 μὴ
2413 4179 2608 4251 σϐεσθῇ
2646 4183 2678 4249 ή
2719 4179 2972 4250 ἀλήθεια,
3009 4180 3144 4233 ἀλλὰ
3169 4179 3336 4232 ’πνέει
3374 4180 3544 4248 ἀέρα,
3578 4180 3607 4230 6
3643 4167 3834 4245 δὲ’ἁὴρ

2293 4272 2480 4339 τρέπει
2510 4271 2570 4322 τδ
2598 4270 2791 4339 φύλλον
2818 4271 2877 4321 τδ
2905 4269 3064 4339 ῥητὸν
3090 4255 3231 4339 ἔχον,
3261 4269 3354 4321 καὶ
3383 4268 3565 4336 ἕτερον
3593 4267 3799 4337 ἵστησιν
3821 4283 3834 4299 ο

2297 4362 2502 4422 ἐκεῖνος
2530 4363 2596 4429 τῇ
2629 4360 2829 4430 σπουδῇ
2863 4361 3115 4412 ὲκκόπτει
3142 4360 3324 4429 ἕτερον
3353 4346 3469 4411 ἀνθ⁴
3491 4359 3700 4427 ἑτέρου.
3733 4360 3835 4411 Λα-

2296 4451 2404 4503 ϐὼν
2429 4446 2521 4504 οὖν
2549 4450 2606 4502 τὸ
2636 4448 2860 4518 βιϐλίον,
2893 4451 2986 4502 καὶ
3017 4449 3322 4512 σπουδαίως
3349 4449 3409 4502 ἐν
3432 4440 3499 4520 τῇ
3529 4449 3731 4521 συνόδῳ
3758 4449 3836 4501 ιλ-

653 4539 989 4607 etintegram
1015 4538 1334 4612 sententiam
1371 4537 1522 4603 \ldit,
1580 4547 1729 4591 torve
1778 4538 1832 4590 in
1888 4535 2187 4590 ministrum

2297 4541 2437 4605 θὼν,
2472 4541 2668 4611 ήρχετο
2704 4541 2841 4608 μετά
2876 4539 3112 4605 θάρσους
3146 4540 3268 4602 τοὺς
3301 4539 3564 4602 Λατίνους
3600 4542 3836 4610 νικῆσαι.

658 4630 902 4690 intuens.
933 4641 1044 4680 rem
1076 4629 1560 4692 commonstrabat,
1589 4635 1643 4680 ιιι
1671 4625 1786 4686 ille;
1806 4625 2195 4680 tremebundus

654 4706 903 4775 clamavit
934 4736 950 4776 :
988 4717 1062 4772 Ita
1085 4717 1234 4778 mihi.
1261 4717 1501 4783 Domine,
1536 4726 1626 4769 tua
1653 4715 1822 4783 prosit
1852 4715 2196 4782 benedictio;

657 4805 832 4858 derasi
865 4805 1033 4870 illam,
1061 4805 1335 4875 quomodo
1366 4814 1545 4857 autem
1598 4817 1790 4858 rursus
1840 4803 2047 4873 integra
2105 4805 2194 4869 sit,

658 4902 871 4968 ignoro.
903 4903 978 4957 Ita
1000 4919 1123 4959 cum
1152 4906 1367 4958 inventa
1394 4913 1537 4959 esset
1555 4902 1841 4966 sententia,
1869 4900 2080 4956 confusi
2112 4915 2198 4954 re-

658 4996 938 5059 cessistis;
972 4996 1159 5065 etiam
1188 5010 1297 5051 non
1339 5006 1391 5052 te
1444 4996 1607 5066 pudet
1629 4997 1831 5058 dicere,
1884 4993 2200 5048 Latinorum

659 5083 850 5153 dogma
884 5086 977 5139 abs
1009 5093 1063 5140 te
1094 5086 1522 5141 demonstratum
1555 5100 1675 5140 esse
1700 5083 2038 5139 absurdum?
2069 5082 2201 5135 Eru-

658 5171 981 5227 bescendum
1007 5173 1103 5228 tibi
1124 5183 1240 5227 erat
1267 5175 1379 5228 haec
1401 5174 1661 5244 proloqui.
1688 5172 1872 5241 Neque
1891 5173 2034 5226 enim
2067 5173 2204 5226 scri-

661 5264 828 5318 bebas
854 5267 918 5317 ad
953 5265 1137 5328 rudes.
1172 5266 1250 5318 vel
1278 5266 1335 5318 in
1369 5267 1801 5333 regionesterra-
1825 5267 2090 5328 desertas,
2111 5264 2200 5316 ubi

659 5368 770 5408 non
805 5363 1015 5418 essent,
1037 5356 1128 5423 qui
1161 5371 1344 5410 rerum
1376 5355 1579 5410 conscii
1607 5355 1660 5408 in
1693 5364 1814 5410 tuas
1857 5356 2064 5410 litteras
2119 5355 2201 5408 in-

657 5444 920 5499 ciderent.
955 5443 1230 5513 Siquidem
1262 5445 1392 5498 Acta
1417 5453 1686 5499 testantur
1715 5445 2020 5508 veritatem,
2069 5444 2202 5497 nihil

661 5536 805 5590 aliud
835 5543 941 5590 ate
965 5536 1316 5597 clamitatum.
1351 5550 1508 5604 quam
1543 5553 1557 5590 :
1605 5535 1853 5609 Prolatus
1910 5537 2046 5592 liber
2071 5551 2202 5604 apo-

662 5627 899 5695 cryphus
930 5636 1031 5683 est.
1058 5614 1412 5682 Proferebant
1449 5627 1636 5697 Cyrilli
1685 5629 1910 5692 dictum,
1970 5627 2206 5680 vocabas

663 5726 1010 5783 corruptum;
1050 5719 1285 5774 citabant
1315 5718 1496 5773 Basilii
1538 5716 1891 5779 sententiam,
1936 5716 2154 5770 dicebas
2188 5733 2198 5767 :

667 5799 958 5868 Depravata
991 5811 1071 5858 cst
1095 5820 1109 5870 ;
1135 5811 1187 5859 ct
1223 5805 1272 5859 in
1309 5805 1410 5861 hoc
1434 5804 1535 5860 sita
1567 5811 1680 5860 erat
1704 5800 2069 5874 responsionis
2103 5812 2203 5855 tua:

2311 4630 2551 4694 ’Δνοίξας
2579 4628 2635 4681 δὲ
2663 4629 2723 4680 τὸ
2742 4628 2956 4698 βιϐλίον
2982 4632 3011 4681 6
3045 4631 3224 4694 πατὴρ
3256 4628 3421 4682 αὑτοῦ
3440 4667 3455 4692 ,
3487 4631 3578 4682 καὶ
3613 4630 3736 4683 ιδὼν
3761 4632 3837 4682 ἔτι

2297 4723 2358 4775 τὸ
2399 4721 2560 4791 ῥητὸν
2595 4722 2742 4788 ὑγιὲς
2785 4721 3046 4790 ὑπάρχον,
3085 4719 3326 4789 στρεϐλῷ
3357 4720 3434 4788 τῷ
3472 4720 3735 4789 ὀφθαλμῷ
3768 4721 3839 4789 τῷ
3924 4782 3930 4792 ι

2298 4808 2642 4877 ὑποτακτικῷ
2695 4807 2993 4877 ὲκϐλέψας,
3042 4811 3348 4862 ἐδείκνυενο
3397 4809 3456 4872 ὃς
3509 4812 3647 4877 μετὰ
3696 4810 3838 4874 δέους

2299 4902 2554 4971 ὲϐόησσνο
2596 4900 2690 4963 Είς
2734 4899 2832 4968 τὴν
2876 4899 3039 4969 εὐχήν
3083 4917 3202 4963 σου,
3248 4898 3436 4968 Κύριε.
3479 4897 3648 4969 ἔκοψα
3689 4901 3835 4966 αὐτὸ,

2299 4993 2414 5054 πῶς
2452 4991 2507 5044 δὲ
2548 4991 2646 5044 καὶ
2683 4989 2847 5044 πάλιν
2881 4989 3028 5058 ὑγιές
3069 4990 3253 5055 ἐστιν,
3286 4988 3506 5058 ἀπορῶ,
3530 4987 3715 5053 Οὕτως
3751 4990 3835 5043 οὖν

2298 5083 2390 5136 τοῦ
2424 5081 2584 5153 ῥητοῦ
2616 5081 2799 5150 ὑγιοῦς
2831 5080 3144 5152 εὑρεθέντος
3174 5082 3550 5151 ἀνεχωρήσατε
3579 5099 3594 5112 ο
3626 5083 3720 5133 καὶ
3748 5081 3836 5134 νῦν

2300 5171 2398 5223 οὐκ
2426 5170 2650 5241 αἰσχύνη
2679 5170 2849 5236 λέγων
2870 5209 2884 5232 ,
2917 5170 2998 5222 ὅτι
3027 5169 3256 5238 ήλεγξας
3287 5169 3347 5222 τὸ
3377 5171 3579 5224 ἄτοπον
3609 5170 3706 5237 τῆς
3735 5169 3836 5222 τῶν

2300 5262 2540 5314 Λατίνων
2569 5260 2759 5328 δόξης;
2790 5261 2934 5313 Ἔδει
2965 5259 3055 5313 οὖν
3087 5278 3145 5313 σε
3178 5258 3523 5329 αἰσχύνεσθαι
3553 5258 3724 5312 ταῦτα
3754 5259 3835 5313 λί-

2301 5365 2464 5417 γοντα
2485 5365 2499 5379 '
2527 5350 2588 5401 οὐ
2616 5349 2723 5421 γάρ
2754 5351 2888 5421 πρὸς
2919 5352 3146 5419 ἀμαθεῖς
3171 5351 3204 5418 ἢ
3225 5354 3314 5424 ,είς
3338 5351 3436 5416 τήν
3464 5351 3647 5404 ἀοικον
3672 5350 3837 5405 ταῦτα

2303 5439 2637 5503 ἐπέστελλες,
2666 5442 2809 5502 ὅπως
2842 5440 2916 5508 μὴ
2945 5439 3204 5507 ἐντύχωσι
3229 5439 3341 5501 τοῖς
3367 5438 3530 5490 εἰδόσι
3557 5455 3572 5468 ·
3598 5438 3668 5493 τά
3697 5441 3837 5509 Πρα-

2305 5530 2463 5582 κτικά
2495 5531 2601 5598 γάρ
2633 5529 3061 5592 δεικνύουσιτὴν
3092 5526 3385 5596 ἀλήθειαν,
3420 5529 3500 5581 ὅτι
3535 5529 3688 5582 οὐδὲν
3721 5530 3838 5583 ἀλλο

2305 5621 2490 5685 ἐϐόας,
2531 5623 2563 5690 ἦ
2605 5619 2943 5688 Ἀπόκρυφόν
2981 5619 3098 5669 ὲστι
3134 5617 3195 5670 τὸ
3223 5619 3586 5687 προκομισθὲν
3627 5619 3836 5690 βιϐλίον.
3919 5679 3926 5683 _

2309 5711 2439 5776 Ἔφε
2451 5729 2539 5780 ρον
2566 5709 2658 5762 τοῦ
2689 5708 2949 5776 Κυρίλλου
2981 5704 3160 5777 ῥητὸν,
3183 5705 3572 5777 διεφθαρμένον
3599 5704 3802 5767 ἐκάλεις
3822 5723 3836 5738 θ

2303 5802 2553 5871 ἐκόμιζον
2584 5801 2674 5855 τοῦ
2713 5798 3007 5866 Βκσιλείου,
3038 5798 3415 5870 νενοθευμένον
3444 5800 3710 5868 ὑπάρχειν
3740 5798 3843 5851 ωι-
