4006 6340
214 448 354 514 1049
1255 464 1689 528 REFUTATIO
1725 471 1739 530 i

1841 472 1965 552 net
2006 474 2386 547 EPIIESINI.
2652 460 2657 463 ’
3259 483 3390 546 1050

206 586 337 639 γες⁵
381 573 664 668 καὶ-τοῦτο
706 576 864 647 μόνον
903 577 1116 649 ὑπῆρχέ
1160 599 1241 635 σοι
1280 584 1341 636 τὸ
1382 585 1626 652 γενναῖον
1661 586 1739 639 τοί

1860 592 2191 658 praestantia.
2219 592 2428 649 Deinde
2453 594 2558 648 illis
2589 594 2916 664 dicentibus,
2953 605 3012 651 ιιι
3060 612 3242 652 verum
3281 615 3312 653 a
3348 610 3401 653 te

203 661 386 728 λόγου.
435 657 565 715 Εἶτα
611 665 1161 736 είπόντωνγὲκείνων,
1212 673 1270 724 σὲ
1323 675 1650 743 προκομίσαι
1694 675 1739 728 τί

1859 657 2222 747 proferretur,
2258 683 2542 751 quaerebas
2570 684 2804 752 spatium
2828 657 2988 739 eundi
3015 685 3404 740 Constantino-

204 749 403 820 ἀληθὲς
422 792 439 815 ,
473 753 808 822 προθεσμίαν
838 755 1046 824 ἐζήτεις
1075 760 1325 813 ἀπελθεῖν
1354 764 1429 824 εἰς
1464 763 1739 817 Κωνσταν·

1857 770 2020 839 polim
2056 770 2122 823 ad
2155 749 2558 826 inveniendum.
2592 749 2715 827 ideo
2738 768 2896 827 erant
2918 776 3131 844 egregia
3165 783 3252 828 tua
3284 791 3402 828 ver-

200 840 508 894 τινούπολιν
539 843 630 895 καὶ
659 843 860 912 εὑρεῖν,
894 845 1126 900 Τοιαῦτά
1159 865 1250 900 σου
1282 851 1350 904 τὰ
1383 853 1606 919 γενναῖα
1645 856 1739 924 ῥή-

1857 861 1945 925 ba,
1969 871 2021 916 et
2043 863 2206 916 robur
2237 864 2315 917 tui
2339 866 2627 929 sermonis,
2658 880 2776 934 quo:
2829 866 3067 932 profecto
3118 883 3400 924 recensere

202 948 348 1000 ματα
384 935 661 1004 ttulit-m6
721 935 879 1004 λόγου
942 940 1110 1007 ἰσχὺς,
1176 941 1318 1012 ἅπερ
1375 941 1460 994 ἐπ’
1493 943 1739 1013 ἀληθείας

1857 952 2075 1020 pudeat.
2104 951 2281 1020 Quare
2306 954 2501 1010 deboc
2528 955 2681 1011 satis.

198 1022 424 1093 αἰσχύνη
447 1025 590 1078 ἐστὶν
616 1026 976 1094 ἀπαγγέλλειν
1042 1029 1198 1084 αὑτά.
1238 1029 1354 1084 Διά-
1430 1032 1588 1085 τοῦτο
1636 1032 1754 1096 ἀλις
1797 1035 1855 1090 ιν
1891 1039 2121 1105 τούτοις.
2451 1046 2453 1049 ’

771 1151 776 1154 ν
867 1121 1071 1177 έΕΦΕΣ.

272 1208 478 1261 ’Δλλων
507 1217 615 1280 γαρ
645 1210 778 1265 ἀλλα
811 1214 988 1283 ῥητῶν
1019 1215 1157 1284 ρητά
1186 1216 1579 1288 διαδεχομένων
1600 1258 1615 1284 ,
1647 1218 1740 1272 καὶ

2498 1135 2740 1192 EPHES.
2787 1177 2792 1182 ρ

1913 1221 2049 1277 Atiis
2078 1222 2223 1278 enim
2259 1224 2363 1280 alia
2383 1225 2545 1282 dictis
2574 1228 2718 1283 dicta
2747 1227 3168 1299 excipientibus,
3194 1238 3248 1286 et
3278 1246 3393 1287 scr--

193 1299 356 1367 λόγου
384 1299 541 1367 λόγον
567 1301 879 1369 γεννῶντος,
909 1302 982 1364 ὡς
1014 1304 1072 1355 ἐν
1098 1305 1359 1370 τοιούτοις
1393 1307 1558 1371 εἰκὸς,
1589 1307 1739 1361 οὐδέν

1843 1327 2001 1367 moue
2033 1329 2337 1377 sermonem
2355 1318 2618 1388 pariente,
2655 1326 2714 1374 ut
2743 1321 2798 1373 in
2821 1320 2972 1375 hisce
3009 1321 3241 1386 assolet,
3286 1339 3393 1376 non

190 1407 245 1441 τι
282 1390 481 1459 μᾶλλον
508 1392 543 1461 ὴ
572 1389 796 1460 ἀλήθεια
824 1391 924 1462 τὴν
952 1394 1147 1463 ἑαυτῆς
1178 1394 1330 1465 ίσχὺν
1358 1395 1702 1450 ἐπεδείκνυτο
1725 1437 1738 1461 ,

1849 1405 2126 1460 sinebatur
2167 1408 2364 1463 veritas
2384 1423 2510 1464 suas
2543 1411 2684 1465 vires
2703 1411 3008 1476 ostendere,
3044 1413 3266 1467 multum
3289 1412 3395 1468 illis

189 1481 330 1534 πολὺ
363 1482 422 1534 τὺ
465 1483 634 1551 μέλαν
666 1482 938 1553 ἐμούντων
970 1485 1192 1540 ικείνων
1225 1487 1330 1555 πρὸ
1370 1487 1575 1541 ἑαυτῶν
1595 1527 1612 1554 ,
1647 1488 1739 1541 καὶ

1842 1504 2200 1562 atramentum
2253 1481 2362 1566 pra:
2425 1515 2484 1554 se
2533 1500 2958 1568 oﬂ’undentibus,
3044 1512 3100 1557 et
3173 1504 3394 1572 prolixis

187 1574 314 1636 ταῖς
341 1573 725 1644 μακρολογίαις
754 1575 922 1646 αὐτὴν
953 1577 1398 1643 ἑπισκιαζόντων.

1838 1585 2180 1642 sermonibus
2231 1577 2353 1641 eam
2417 1586 2830 1646 oﬂ'uscantibus.
3176 1571 3183 1572 ί
3391 1571 3396 1575 ³

867 1667 1141 1741 suos.;

2485 1679 2680 1735 RESP.

264 1756 482 1825 Ἐπειδὴ
506 1760 573 1811 τὰ
597 1755 692 1810 τοῦ
723 1756 956 1826 μεγάλου
983 1757 1297 1824 Ἀθανασίου
1325 1763 1464 1832 ρητά
1490 1761 1739 1834 διεφθαρ-

1907 1766 2347 1838 Ωιιιιιιιιοιιιιὶᾱειη
2373 1771 2658 1844 Athanasii
2689 1770 2862 1842 Magni
2911 1772 3074 1827 verba
3128 1781 3390 1842 corrupta

192 1847 335 1916 μένα
364 1847 548 1915 ἱλεγες
567 1890 584 1916 ,
613 1850 825 1920 ἀνάγκη
853 1845 919 1922 ἦν
950 1852 1088 1921 ρητά
1119 1852 1318 1921 ἑτέρων
1346 1853 1517 1921 ἀγίων
1547 1871 1739 1923 προκο-

1842 1857 2085 1922 dicebas,
2118 1859 2391 1915 sﬂerenda
2427 1861 2534 1915 tibi
2581 1870 2740 1915 erant
2790 1863 3099 1918 necessario
3161 1863 3387 1917 aliorum

193 1940 382 2006 μίσαι,
408 1941 502 1994 καὶ
538 1943 840 2012 προέφερον
863 1941 954 1997 τοῦ
984 1937 1300 2011 Ἐπιφανίου
1325 1963 1382 1998 τε
1411 1947 1507 1998 καὶ
1538 1946 1739 2015 Κυρίλ-

1839 1960 2148 2002 sanctorum
2179 1951 2341 2016 dicta,
2370 1959 2426 2005 et
2455 1953 2616 2006 allata
2635 1933 2765 2008 sunt
2792 1969 2857 2008 ex
2885 1952 3182 2024 Epiphanio
3212 1962 3265 2007 et
3288 1953 3390 2024 Cy-

189 2025 283 2079 λου
300 2045 315 2058 ο
332 2029 432 2102 ’καὶ
449 2030 583 2084 αἰοτά
599 2031 909 2101 ἀπόκρυφα,
923 2033 1173 2100 ἄγνωστά
1189 2033 1358 2091 τεκαὶ
1377 2032 1739 2102 διεφθαρμένα

1841 2039 1981 2095 rillo.
2025 2039 2102 2093 Tu
2139 2056 2268 2095 vero
2292 2041 2384 2096 illa
2414 2042 2575 2096 etiam
2613 2030 2947 2116 apocrypha,
2985 2044 3168 2112 ignota
3220 2053 3274 2099 et
3311 2045 3386 2096 vi-

130 2197 142 2207 ‘
192 2119 430 2183 ικάλεις.
457 2120 618 2175 Ὅθεν
643 2124 673 2176 ό
700 2123 857 2190 λόγος
881 2125 972 2176 τὸν
998 2123 1385 2200 λόγον-,γεννῶν
1403 2162 1418 2186 ,
1446 2123 1519 2185 ὡς
1550 2122 1739 2175 εἴωθεν

1839 2131 1973 2186 tiata
1990 2130 2238 2184 vocabas.
2257 2132 2597 2201 Quapropter
2615 2145 2795 2187 scrnto
2816 2147 3119 2187 sermonem
3145 2131 3384 2202 pariens,

166 2207 288 2263 ἐπὶ
315 2211 526 2289 τούτοις
553 2214 640 2265 ἀεὶ
672 2214 952 2282 γίγνεσθαι
973 2253 988 2277 ,
1016 2215 1213 2285 ἐχώρει
1244 2217 1323 2279 είς
1354 2216 1597 2284 ἄπειρον.
1631 2215 1739 2267 Καὶ

1839 2233 1896 2278 ιιι
1933 2237 2147 2291 semper
2183 2223 2234 2276 in
2268 2221 2640 2291 hujuscemodi
2679 2223 2842 2280 rebus
2864 2226 3086 2289 assolet,
3149 2223 3203 2277 in
3263 2223 3387 2276 intl-

191 2299 289 2352 σοῦ
318 2300 432 2369 ,μὲν
465 2301 523 2355 ἓν
554 2303 648 2354 καὶ
691 2305 937 2370 γενναῖον
970 2300 1038 2374 ἦν
1070 2305 1156 2358 ἀεὶ
1197 2306 1476 2374 λέγοντος,
1509 2307 1590 2359 ὅτι
1629 2306 1737 2359 διεο

188 2390 503 2460 φθαρμένον
545 2391 726 2457 τοῦτο,
775 2392 1151 2469 νενοθευμένυν
1201 2377 1417 2448 ἐκεῖνο*
1466 2397 1756 2464 ἄγνωστον

183 2480 372 2548 τοῦτο,
421 2482 736 2554 ἀπόκρυφον
786 2484 964 2540 τάλλο.
1015 2488 1078 2540 Oi
1123 2488 1178 2540 δὲ
1227 2488 1735 2558 προσδιαλεγόμενοι

185 2572 303 2625 ⁴Ιτῶν
328 2572 570 2627 Λατίνων
598 2575 962 2644 ἠγανάκτουν,
991 2577 1085 2630 καὶ
1115 2579 1482 2646 θαυμάζοντες
1512 2579 1734 2646 ελεγον·

185 2661 448 2730 Αίδέσιμε
479 2662 653 2732 πάτερ
683 2665 929 2731 Ἐφέσου,
961 2668 1120 2736 ἡμεῖς
1152 2668 1248 2737 μιν
1281 2670 1381 2721 ὅσα
1409 2669 1514 2721 τῶν
1544 2669 1738 2736 ὑμετὲ-

191 2769 306 2820 ρων
331 2751 499 2818 ἁγίων
531 2753 711 2822 βιῦλία
739 2754 1004 2824 δείξομεν,
1036 2758 1131 2812 ὅλα
1158 2759 1532 2829 διεφθαρμένα
1560 2759 1739 2826 λέγεις

184 2843 223 2897 ἃ
254 2843 540 2914 Ἑλληνικά
566 2845 725 2915 είσιν.
753 2845 817 2900 El
844 2846 943 2914 μὲν
966 2843 1059 2900 οὖν
1086 2849 1152 2901 τὰ
1179 2848 1459 2921 Ἑλληνικά
1486 2850 1737 2918 διεφθαρ·

189 2941 334 3008 μένα
370 2940 466 2992 καὶ
499 2940 623 2992 νόθα
662 2940 788 3005 εἶσὶ,
823 2940 1084 2993 Λατινικά
1119 2942 1174 2993 δὶ
1213 2944 1370 3012 ἡμεῖς
1407 2943 1467 2994 οὐ
1511 2941 1736 3009 θέλομεν

187 3030 458 3093 ἐπιδεῖξαι
489 3029 578 3083 διά
607 3029 668 3083 τδ
699 3029 1005 3084 ἀνύποπτον
1024 3071 1039 3097 ,
1073 3032 1234 3085 πόθεν
1268 3013 1608 3102 ἔπιδείξομεν
1639 3035 1736 3104 τὴν

190 3119 473 3188 ἀλήθειαν,
506 3121 593 3174 ῐνα
623 3121 688 3175 σὺ
719 3122 1083 3192 πιστωθείηςς
1115 3124 1292 3188 Δεῖξον
1324 3125 1410 3188 σὺ,
1445 3125 1623 3194 Πάτερ
1653 3126 1738 3178 αί-

1839 2314 2007 2368 uitutu
2039 2313 2479 2380 protrahebatur.
2509 2311 2573 2366 Et
2601 2320 2656 2365 tu
2686 2312 2901 2381 quidem
2947 2327 3112 2366 unum
3169 2326 3384 2379 semper

1839 2418 1893 2460 et
1928 2403 2248 2474 praeclarum
2273 2402 2490 2458 assidue
2514 2404 2810 2476 repetebas
2838 2421 2853 2458 :
2912 2403 3026 2458 Hoc
3057 2414 3140 2458 est
3195 2417 3388 2456 corruo

1837 2506 2007 2563 ptum,
2039 2494 2564 2563 illudldepravatum,
2592 2495 2830 2563 ignotum
2866 2495 2986 2555 hoc,
3021 2494 3386 2563 .pocryphum

1835 2581 2091 2638 illud.'Ex
2125 2583 2329 2638 Latinis
2354 2598 2481 2638 vero
2506 2585 2597 2653 qui
2624 2593 2802 2638 tecum
2853 2583 3221 2651 disputabant,
3271 2589 3385 2634 sto-

1835 2675 2242 2741 machabantur,
2263 2682 2316 2728 et
2340 2671 2662 2739 mirabundi,
2695 2669 3005 2726 Reverende
3023 2668 3177 2724 Pater
3201 2661 3382 2737 Ephe-

1836 2766 1973 2830 sine,
2006 2765 2238 2830 aiebant,
2277 2778 2625 2835 quoscunque
2685 2776 2786 2818 uos
2839 2767 3149 2816 sanctorum
3176 2769 3385 2813 vestro-

1840 2871 1958 2908 rum
1989 2855 2157 2909 libros
2183 2854 2402 2910 Graecos
2434 2853 2856 2918 ostenderimus,
2912 2860 2968 2906 tu
2996 2863 3160 2905 vocas
3183 2863 3380 2902 corru-

1838 2951 2000 3012 ptos;
2034 2943 2081 2997 si
2105 2958 2235 3012 ergo
2263 2941 2438 2998 Graeci
2480 2942 2695 2998 codices
2732 2939 2973 3008 corrupti
3002 2947 3055 2994 et
3096 2937 3387 2992 adulterini

1840 3043 1988 3096 sunt,
2039 3033 2257 3104 Latinos
2307 3049 2436 3088 vero
2457 3038 2558 3086 nes
2596 3029 2839 3101 proferre
2871 3030 3148 3092 nolumus,
3171 3036 3230 3081 ut
3269 3042 3382 3082 om-

1836 3127 1921 3180 nis
1945 3125 2083 3180 absit
2110 3123 2371 3194 suspicio,
2391 3123 2532 3177 unde
2564 3122 2840 3176 veritatem
2862 3119 3375 3180 demonstrabiums.

185 3208 403 3275 δύσιμε,
432 3208 527 3277 τὴν
556 3209 837 3279 ἀλήθειαν.
869 3210 970 3263 Σοῦ
1000 3211 1054 3264 δὲ
1082 3212 1206 3266 ἀλλο
1231 3230 1281 3266 τι
1313 3214 1385 3282 μὴ
1416 3213 1626 3284 ἔχοντος
1655 3216 1737 3270 λέ-

1842 3227 1900 3270 ιιι
1934 3216 2092 3270 ﬁdem
2116 3216 2213 3269 tibi
2236 3214 2502 3270 faciamus
2532 3213 2554 3266 τ
2579 3213 2817 3275 Ostende
2844 3209 3245 3276 tu,-reverende
3281 3208 3382 3264 Pa-
3423 3277 3425 3281 Α

185 3317 314 3369 γειν
335 3340 350 3364 ,
380 3299 412 3368 ἦ
443 3300 524 3353 ὃτι
552 3300 923 3372 διεφθαρμένα
953 3304 1048 3359 καὶ
1077 3306 1204 3358 νόθα
1234 3306 1370 3358 εἰσὶν
1390 3346 1405 3369 ,
1432 3307 1644 3376 ἀνάγκη
1673 3305 1738 3377 ἦν

185 3391 431 3452 ἐκείνους
471 3392 559 3445 διὰ
598 3392 706 3446 τῶν
746 3394 1025 3463 ἑπομένων
1065 3397 1156 3448 τοῦ
1201 3396 1516 3466 διδασκάλου
1562 3398 1738 3466 ῥητῶν

187 3482 530 3553 συμδιὸάσαι
558 3484 650 3537 τὸν
679 3481 822 3550 νοῦν,
854 3485 946 3538 καὶ
978 3484 1220 3554 μακροὺς
1247 3487 1521 3540 ἀποτεῖναι
1549 3490 1739 3555 λόγους

186 3575 274 3636 εἰς
301 3571 576 3638 ἀπόδειξιν
603 3573 981 3644 καὶὲξήγησιν
1011 3572 1103 3626 τοῦ
1137 3574 1320 3644 ῥητοῦ.
1348 3574 1531 3629 Μίλαν
1556 3577 1612 3629 δὲ
1638 3577 1738 3631 οὐκ
1773 3625 1775 3627 ,

187 3665 457 3734 ἑξέμεσαν
482 3668 541 3718 ὲν
566 3670 684 3730 ταῖς
716 3668 925 3721 ἑαυτῶν
952 3667 1301 3738 ἀποκρίσεσιν
1325 3671 1383 3737 οἱ,
1401 3671 1616 3725 Λατῖνοι
1641 3674 1740 3743 τὴν

187 3757 451 3826 ἀλήθειαν
473 3757 818 3826 ἐρευνῶντες,
843 3758 959 3810 ἀλλ’
982 3759 1013 3829 ἢ
1044 3761 1107 3812 σὺ
1139 3761 1364 3813 πάντοτε
1392 3763 1510 3830 μεθ’
1534 3762 1740 3832 ὓᾶρεως

186 3845 365 3912 λέγων
387 3844 481 3897 καὶ
505 3844 753 3914 γράφων,
779 3846 874 3899 καλ⁵
895 3844 991 3899 τὸν·
1012 3846 1086 3898 ίδν
1110 3848 1167 3899 ιν
1190 3852 1297 3912 τοῖς
1323 3849 1553 3920 χείλεσιν
1577 3852 1736 3922 ἔχων,

186 3935 315 3989 ὅθεν
341 3935 432 3988 καὶ
461 3934 836 4007 κατεγνώσθης
867 3937 940 4000 ὡς
966 3937 1329 4010 δεισιδαίμων.
1388 3951 1392 3954 ’

1844 3318 1942 3373 tcr,
1967 3307 2267 3363 veritatem.
2294 3305 2373 3361 Te
2429 3310 2605 3361 autem
2630 3306 2762 3360 nihil
2813 3304 2961 3360 aliud
3004 3301 3382 3373 respondente,

1847 3415 2008 3470 quam
2038 3401 2158 3454 loca
2193 3408 2447 3469 corrupta
2493 3410 2545 3454 et
2597 3397 2902 3452 adulterina
2955 3409 3104 3456 esse,
3163 3394 3386 3447 necesse

1842 3501 1958 3547 erat
1990 3489 2214 3546 Latinos
2236 3505 2328 3560 per
2353 3488 2637 3558 sequentia
2660 3486 2824 3559 verba
2883 3483 3122 3537 doctoris
3166 3494 3384 3535 sensum

1845 3585 2204 3638 cohaerentem
2228 3581 2530 3644 ostendere,
2557 3587 2610 3633 et
2632 3579 2821 3648 longos
2854 3586 3039 3631 texere
3100 3585 3383 3629 sermones

1835 3673 1900 3727 ad
1914 3673 2392 3727 demonstrandum
2414 3677 2468 3725 et
2485 3666 2877 3737 esplanaudum
2897 3664 3133 3719 auctoris
3155 3663 3378 3716 dictum.

1833 3763 2049 3818 Nullum
2075 3777 2237 3831 porro
2295 3772 2653 3816 stramentum
2679 3748 2968 3817 euomuere
2988 3753 3167 3814 Latini
3191 3756 3245 3807 in
3269 3751 3383 3806 suis

1833 3855 2299 3926 responsionibus,
2346 3867 2472 3907 cum
2517 3850 2800 3905 veritatem
2853 3847 3209 3914 indagarent;
3267 3843 3378 3896 imo

1834 3963 1964 4004 vero
1996 3959 2073 4014 tu,
2095 3948 2187 4017 qui
2211 3961 2426 4015 semper
2445 3953 2498 4000 et
2527 3941 2800 4013 loquendo
2820 3949 2873 3995 et
2903 3937 3190 3994 scribendo
3241 3950 3372 3990 cou-

188 4027 451 4081 tumelias
471 4028 629 4094 jacis,
660 4036 713 4082 'et
739 4027 887 4082 labra
918 4043 1123 4084 veneno
1166 4031 1380 4100 perfusa
1417 4032 1581 4090 babes
1607 4072 1622 4099 ,
1660 4049 1723 4090 es
1765 4051 1874 4107 quo
1899 4041 2066 4094 etiam
2094 4038 2489 4100 condemnatus
2533 4052 2594 4094 es
2650 4045 2708 4091 ut
2763 4030 3240 4106 superstitionibus
3283 4029 3383 4086 im-

189 4121 409 4174 butus.‘

877 4214 1065 4270 ΕΦΕΣ.

267 4307 459 4375 Ἀχρις
489 4305 550 4357 o6
584 4302 743 4359 πάλιν
773 4304 1188 4376 ἀπαγορεύσας,
1225 4309 1328 4362 υπό
1358 4327 1414 4362 τε
1444 4309 1541 4378 τῆς
1577 4311 1737 4380 συνή-

188 4399 321 4461 θους
374 4391 756 4468 ἐνοχλούμενος
808 4397 1112 4464 ἀσθενείας,
1161 4401 1255 4454 καὶ
1305 4400 1366 4453 τὸ
1413 4401 1520 4454 τῶν
1567 4401 1738 4470 λόγων

186 4487 438 4556 ἄκαρπον
465 4484 744 4554 καθορῶν,
773 4485 1032 4538 ἀπέτεινα
1061 4488 1218 4556 λόγον
1244 4489 1329 4541 διὰ
1363 4489 1572 4560 μακροῦ
1603 4491 1739 4558 πρὸς

188 4571 389 4632 αὐτοὺς
435 4570 558 4622 ὅσον
609 4569 790 4638 ἴσχυον
809 4565 831 4603 ὀ
883 4572 939 4622 ὲν
988 4567 1032 4640 ᾧ
1087 4575 1413 4643 μαρτυρίαις
1466 4577 1739 4641 πλείσταις

190 4660 605 4732 ἀναντιῤῥήτοις
647 4660 962 4731 παρέστησα
995 4662 1091 4734 τὴν
1125 4663 1379 4733 ἀλήθειαν
1412 4668 1504 4720 τοῦ
1541 4655 1739 4739 ἢμετέ-

191 4769 290 4820 ρου
321 4751 623 4819 δόγματος,
653 4751 840 4821 ὅτιπερ
869 4754 929 4806 ἐκ
959 4754 1120 4824 μόνου
1148 4754 1238 4809 τοῦ
1273 4757 1508 4828 Πατρδς,
1539 4759 1657 4829 οὐχὶ
1683 4760 1738 4813 δὲ

188 4841 288 4895 καὶ
311 4842 372 4894 ὲκ
400 4841 492 4895 τοῦ
523 4841 675 4910 Υίοῦ,
709 4844 768 4896 τδ
786 4844 1006 4914 Πνεῦμα
1027 4845 1086 4899 τὸ
1115 4848 1267 4916 ἀγιον
1295 4849 1670 4921 ἐκπορεύεται.

184 4940 187 4941 ⁷
864 4939 1068 4992 ΑΠΟΛ.
1444 4987 1447 4990 .

274 5025 680 5095 Ἀπηγόρευσας
727 5029 824 5097 μὲν
869 5031 1101 5101 ἀληθῶς,
1135 5030 1290 5102 ἔφης,
1322 5033 1398 5102 μὴ
1445 5033 1740 5104 δυνάμενος

188 5120 307 5179 τοῖς
368 5116 632 5184 γενναίοις
702 5117 797 5170 τοῦ
871 5120 984 5189 φρά
1061 5122 1306 5175 Ἰωάννου
1361 5123 1739 5191 συλλογισμοῖς

190 5209 516 5277 ἀντιλέγειν,
557 5209 645 5263 ὅτε
672 5226 754 5262 σοι
780 5209 840 5263 τὸ
871 5210 961 5262 τοῦ
989 5213 1227 5280 μεγάλου
1260 5215 1542 5268 Βασιλείου
1576 5217 1736 5288 ῥητὸν

193 5302 334 5370 μετὰ
386 5301 763 5372 συλλογισμῶν
808 5301 1116 5372 ἀντηρώτα,
1156 5303 1218 5356 τὸ
1265 5305 1459 5372 λέγονο
1510 5308 1583 5360 Οὐ
1613 5303 1735 5378 ’γάρ

189 5407 312 5443 τινα
340 5391 684 5463 λαμϐάνομεν
712 5392 861 5462 παρά
891 5391 983 5445 τοῦ
1014 5393 1347 5462 Πνεύματος,
1367 5394 1552 5467 ῶσπερ
1587 5401 1738 5469 παρά

191 5480 286 5532 τοῦ
332 5482 458 5534 Υίοῦ
498 5489 559 5535 τὸ
609 5484 849 5558 Πνεῦμα.
891 5485 978 5537 Ἐν
1021 5485 1195 5555 τούτῳ
1229 5487 1332 5556 γὰρ
1376 5488 1456 5557 τῷ
1502 5491 1650 5560 ρητῷ
1679 5506 1737 5544 σε

192 5570 393 5637 ἔδειξεν
429 5575 651 5638 ἄπειρον
699 5575 976 5645 θεολογίας
1004 5578 1104 5646 τῆς
1147 5577 1323 5647 ἱερεῖς’
1373 5581 1462 5636 ὅτε
1524 5581 1616 5633 καὶ
1662 5581 1736 5644 ὡς

193 5665 466 5735 ἀκροατήν
501 5683 560 5718 σε
589 5666 854 5733 ἐδίδασκε,
885 5669 1001 5732 πῶς
1039 5670 1120 5722 δεε
1163 5670 1302 5722 νοεῖν
1332 5669 1431 5738 τὴν
1476 5649 1738 5741 ἐκπόρευ-

198 5771 282 5806 σιν
314 5754 405 5807 τοῦ
436 5755 701 5822 παναγίου
727 5756 1040 5825 Πνεύματος
1063 5775 1077 5789 ·
1112 5759 1417 5828 κατόπτρου
1446 5761 1552 5829 γὰρ
1583 5762 1737 5830 δίκην

198 5843 264 5894 τά
299 5843 576 5912 Πρακτικά
609 5843 713 5898 εισι
744 5845 1122 5915 μαρτυροῦντα
1162 5847 1220 5901 τὸ
1260 5847 1491 5920 ἀληθές·
1532 5851 1588 5903 οὺ
1626 5851 1728 5921 γὰρ

2485 4213 2723 4270 EPHES.

1903 4308 2082 4363 Donec
2111 4307 2300 4361 iterum
2324 4319 2418 4375 spe
2442 4314 2493 4360 et
2525 4305 2728 4358 viribus
2759 4303 3071 4366 destitutus,
3120 4306 3231 4352 tum
3253 4298 3380 4366 quia

1837 4407 2102 4454 consueto
2140 4397 2418 4465 aﬂiigebar
2446 4395 2657 4457 morbo,
2693 4403 2803 4447 tum
2836 4393 2963 4461 quia
2991 4388 3172 4444 inania
3225 4386 3380 4442 fundi

1840 4491 2000 4544 verba
2030 4488 2304 4551 videbam,
2342 4498 2648 4540 sermonem
2684 4483 2750 4536 ad
2781 4497 2875 4535 eos
2907 4479 3067 4535 habui
3097 4495 3256 4548 quam
3291 4495 3383 4549 pu-

1842 4558 1914 4634 tui
1938 4577 2311 4648 longissimum
2339 4592 2356 4642 ;
2387 4590 2496 4645 quo
2526 4576 2773 4645 plurimis
2800 4571 3260 4642 irrel'ragabilibus
3307 4580 3384 4626 te-

1838 4671 2107 4727 stimoniis
2130 4667 2318 4738 aperui
2343 4667 2513 4721 nostri
2536 4666 2800 4736 dogmatis
2821 4664 3122 4730 veritatem,
3147 4679 3255 4732 quo
3276 4662 3382 4716 sci—
3481 4651 3486 4655 ’

1843 4763 1968 4817 licet
1993 4775 2061 4816 ex
2088 4759 2203 4815 solo
2228 4757 2409 4822 Patre,
2438 4771 2544 4811 non
2570 4757 2733 4811 etiam
2765 4771 2830 4810 ex
2866 4755 3020 4819 Filio,
3062 4753 3383 4824 procedebat

1844 4854 2072 4925 Spiritus
2103 4860 2344 4909 sanctus.

2524 4937 2721 4993 RESP.
2814 5004 2818 5007 _
3276 5005 3283 5013 _

1917 5034 2111 5091 Verum
2149 5040 2233 5086 est
2276 5032 2421 5099 quod
2469 5030 2571 5095 ais,
2619 5028 2785 5084 fuisse
2824 5037 2874 5082 te
2902 5013 3377 5096 spe'destitutumt

1842 5131 1969 5200 quia
2015 5135 2205 5181 contra
2238 5124 2448 5180 validos
2479 5124 2662 5178 fratris
2689 5121 2911 5177 Joannis
2941 5119 3278 5188 syllogismos
3300 5116 3381 5172 di-
3456 5106 3460 5115 ’

1845 5234 1964 5274 cere
2009 5233 2114 5272 non
2157 5216 2374 5271 valebas
2413 5212 2676 5284 ;quando
2709 5222 2758 5264 te
2786 5226 2879 5281 per
2912 5209 3253 5279 syllogismos
3299 5208 3381 5262 vl-

1813 5308 2024 5373 .cissim
2070 5305 2447 5376 intermgabat
2493 5305 2561 5358 de
2601 5301 2692 5355 illo
2737 5298 2916 5368 magni
2948 5296 3142 5351 Basilii
3187 5297 3377 5352 dicto:

1838 5398 2023 5468 Neque
2069 5398 2212 5452 enim
2264 5395 2560 5465 accipimus
2595 5407 2622 5445 a
2668 5391 2872 5462 Spiritu
2925 5389 3124 5459 aliqua,
3175 5389 3316 5443 sicut
3345 5405 3376 5443 ι

1841 5489 1976 5544 Filio
2018 5488 2276 5558 Spiritus.
2314 5487 2373 5541 In
2415 5501 2519 5554 qua
2551 5493 2601 5556 te
2629 5484 2894 5541 sententia
2943 5482 3175 5537 ostendit
3211 5495 3379 5534 sacra:

1843 5581 2124 5651 theologia
2156 5580 2436 5649 ignarum;
2468 5592 2589 5632 cum
2628 5587 2679 5631 te
2709 5578 2869 5630 etiam
2901 5575 3047 5628 velut
3072 5572 3375 5626 auditorem

1841 5668 2138 5731 erudiebat,
2180 5666 2451 5736 quomodo
2495 5664 2837 5732 intelligenda
2866 5663 2935 5716 sit
2969 5660 3205 5729 Spiritus
3254 5675 3374 5712 san-

1842 5761 1913 5813 cti
1967 5757 2275 5827 processio;
2315 5754 2446 5807 Actu
2481 5755 2624 5808 enim
2668 5753 2841 5807 instar
2880 5751 3084 5821 speculi
3136 5760 3294 5807 sunt.
3326 5756 3382 5804 et

1841 5865 2023 5905 verum
2070 5855 2353 5904 testantur.
2381 5828 2563 5913 Neque
2594 5858 2718 5899 vero
2749 5854 2804 5898 tu
2842 5843 2988 5898 illius
3019 5841 3177 5899 verba
3225 5841 3376 5897 vide-
