4006 6340
622 473 756 536 1051

1589 485 1897 546 JOSEPHI
1923 485 2459 548 METIIONENSIS
2496 486 2833 547 EPISCOPI

3682 493 3815 555 ii‘52

616 593 710 644 bas
738 590 944 658 inania,
970 592 1062 645 sed
1093 593 1263 647 solida
1297 602 1350 648 et
1384 609 1630 650 nervosa.
1650 599 1768 664 Quo
1796 613 1961 669 porro
1993 614 2157 654 vexa-

2283 595 2534 666 ικαρπῐαν
2567 598 2742 668 ἑώρας
2771 600 2829 652 ὲν
2873 601 2985 663 τοῖς
3016 564 3225 654 ἐκείνου
3275 601 3476 669 λόγοις,
3510 601 3626 655 ἀλλ’
3663 604 3811 670 ἰσχύν

620 677 665 728 ri
707 671 897 730 morbo
953 678 1180 742 soleres,
1225 692 1389 748 supra
1431 683 1648 752 quidem
1693 685 1970 756 diximus,
1995 688 2087 742 sed
2110 699 2158 741 et

621 765 782 832 paulo
807 776 928 832 post
956 767 1225 835 dicemus,
1251 780 1309 826 ut
1337 773 1432 842 qui
1461 773 1647 839 fuerit,
1678 766 2158 848 omnibus'pateat.

618 858 883 914 Caeterum
936 862 1196 920 adversus
1237 866 1346 919 vim
1402 875 1456 921 et
1512 867 1677 923 robur
1721 880 2159 939 argumentorum

619 947 844 1005 Joannis
889 966 1009 1005 cum
1045 965 1189 1010 stare
1221 971 1326 1010 non
1359 973 1565 1027 posses,
1600 959 1778 1030 fugam
1813 963 2012 1030 parasti
2047 963 2162 1018 dis-

619 1041 916 1106 putationis
958 1057 1254 1112 congressu
1300 1047 1621 1114 perterritus
1649 1066 1664 1100 :
1694 1057 1747 1102 et
1785 1048 2001 1119 longum
2036 1052 2161 1120 qui-

619 1132 738 1184 dem
774 1132 1007 1189 habuisti
1043 1128 1382 1201 s’ermonem.
1425 1139 1517 1194 sed
1552 1141 1644 1207 qui
1682 1143 1887 1196 nullum
1919 1144 2164 1214 disputa-

622 1223 786 1278 tionis
831 1225 1066 1280 fructum
1127 1227 1368 1284 haberet.
1421 1230 1698 1300 Siquidem
1745 1249 1772 1286 ο
1809 1234 2082 1300 Cabasila,
2112 1248 2164 1290 et

624 1311 864 1376 Palama.
909 1326 961 1370 et
1008 1317 1276 1373 similibus
1316 1334 1503 1376 eorum
1561 1325 1924 1381 schismaticis
1977 1327 2161 1381 omnia

624 1413 935 1471 mutuatus,
982 1409 1122 1462 nuda
1167 1413 1510 1481 praponebas
1562 1415 1834 1485 Evangelii
1869 1417 2033 1480 dicta,
2067 1434 2166 1488 pu-

623 1503 744 1549 tans
795 1507 843 1548 te
900 1513 992 1565 per
1043 1514 1103 1552 ea
1159 1505 1512 1566 probaturum
1547 1507 1788 1573 quodex
1822 1508 1937 1561 solo
1980 1508 2159 1574 Patre,

626 1600 730 1637 non
773 1589 932 1642 etiam
986 1605 1048 1644 ex
1099 1591 1254 1656 Filio,
1301 1595 1555 1662 procedat
1605 1597 1838 1666 Spiritus
1901 1611 2163 1665 sanctus;

626 1681 766 1744 quod
801 1691 853 1733 tu
888 1683 1102 1749 quidem
1150 1696 1297 1740 certe
1339 1688 1674 1755 probandum
1706 1692 2072 1761 assumpsisti.
2111 1702 2166 1747 at

627 1785 731 1824 non
772 1774 1013 1840 probasti
1039 1815 1054 1837 ,
1093 1792 1265 1842 neque
1298 1778 1392 1831 tibi
1420 1787 1596 1835 textus
1624 1781 1700 1834 illi
1727 1781 2019 1851 quidquam
2045 1799 2168 1852 pro-

630 1859 872 1915 fuerunt.
901 1863 1086 1917 Dicere
1123 1868 1298 1922 enim:
1337 1867 1442 1934 Qui
1480 1886 1510 1922 a
1539 1868 1700 1924 Patre
1731 1873 1961 1939 procedit
1993 1873 2033 1936 ',
2057 1889 2163 1927 non

2266 702 2323 738 τε
2363 687 2455 738 καὶ
2489 687 2736 756 δύναμιν.
2781 689 2882 742 Ἢν
2929 689 2976 744 δ’
3035 687 3175 760 εἶχες
3209 692 3266 757 ὲξ
3314 693 3468 754 ἔθους
3502 692 3806 752 ἀσθένειαν,

2268 773 2494 843 εἴπομεν
2536 777 2635 846 μὲν
2676 779 2771 831 καὶ
2800 779 3092 851 πρότερον,
3120 781 3431 851 δηλώσομεν
3454 783 3512 835 δὲ
3547 783 3641 835 καὶ
3676 784 3812 850 μετᾶ

2271 867 2485 935 μικρὸν,
2547 866 2634 922 ἵνα
2689 869 2858 936 γνῶσι
2905 871 3101 936 πάντες
3149 874 3230 934 τίς
3283 869 3372 943 ἦν.
3421 875 3561 943 Πρὸς
3611 875 3668 928 δὲ
3717 875 3812 943 τὴν

2265 955 2494 1028 δύναμιν
2541 960 2637 1014 καὶ
2693 962 2848 1031 ἰσχὺν
2893 963 3002 1016 τῶν
3057 963 3151 1017 τοῦ
3200 965 3443 1019 Ίωάννου
3507 965 3682 1033 λόγων
3742 968 3810 1034 μὴ

2265 1047 2557 1116 δυνάμενος
2605 1051 2916 1120 ἀντιϐλέψαι
2959 1052 3266 1124 ἠϐουλήθης
3329 1052 3658 1126 ἀποδρᾶσαι.
3720 1057 3809 1108 τὸν

2265 1139 2454 1206 ἀγῶνα
2508 1140 2779 1204 δειλιάσας
2842 1143 2942 1211 τῆς
3002 1144 3322 1210 διαλέξεως·
3382 1148 3476 1201 καὶ
3541 1147 3810 1210 ἐξέτεινας

2267 1226 2444 1294 λόγον,
2480 1230 2690 1299 μακρὸν
2731 1231 2846 1299 μὲν,
2887 1234 3086 1302 μηδένα
3125 1236 3180 1287 δὲ
3227 1236 3435 1303 καρπὸν
3478 1236 3669 1303 ἔχοντα
3700 1235 3812 1287 δια-

2267 1318 2482 1384 λέξεως,
2509 1320 2644 1374 ἀλλὰ
2688 1322 2863 1376 πάντα
2893 1324 2999 1376 ἀπὸ
3030 1324 3124 1376 τοῦ
3173 1313 3455 1378 Καὸασι).ᾶ
3485 1342 3545 1378 τε
3577 1326 3674 1379 καὶ
3705 1328 3810 1378 Πα-

2267 1409 2435 1478 λαμᾶ,
2463 1416 2551 1464 καὶ
2574 1412 2681 1467 τῶν
2715 1413 2836 1467 κατ’
2880 1414 3077 1476 αὐτοὺς
3112 1417 3485 1486 σχισματικῶν
3524 1418 3811 1472 ἀναλαϐὼν

2269 1501 2451 1568 ἔλεγες
2503 1505 2679 1571 γυμνὰ
2719 1504 2866 1576 ῥητὰ
2905 1506 2996 1559 τοῦ
3055 1508 3404 1575 Εὖαγγελίου,
3459 1511 3706 1579 οἰόμενος
3759 1510 3815 1573 ἐξ

2269 1590 2490 1644 ἐκείνων
2537 1592 2704 1657 δεῖξαι
2745 1595 2804 1646 τὸ
2853 1594 3073 1662 Πνεῦμα
3118 1596 3177 1649 τὸ
3221 1597 3374 1665 ἅγιον
3413 1600 3476 1652 ὲκ
3532 1600 3695 1668 μόνον
3736 1599 3812 1652 :05

2271 1683 2499 1749 Πατρός,
2529 1685 2645 1751 οὐχὶ
2677 1685 2732 1738 δὲ
2783 1687 2846 1738 ἐκ
2903 1689 2993 1740 τοῦ
3031 1688 3180 1750 Υίοῦ.
3218 1689 3640 1760 ἐκπορεύεσοαιο
3684 1693 3816 1753 ὅπερ

2271 1771 2502 1840 προὲθου
2559 1775 2655 1842 μὲν
2702 1775 3140 1845 ὁμολογουμένως
3197 1779 3404 1844 δεῖξαι,
3459 1780 3557 1831 οὐκ
3609 1780 3815 1843 ἔδειξας

2269 1863 2345 1928 δὲ,
2377 1865 2496 1917 οὐδὲ
2541 1864 2812 1936 προύργου
2857 1863 2924 1920 τὰ
2976 1870 3114 1938 ῥητὰ
3164 1873 3343 1924 ἐκεῖνά
3379 1888 3460 1922 σοι
3509 1872 3825 1940 ἀπηντήκετ

629 1950 789 2002 modo
821 1967 924 2005 non
965 1953 1092 2007 facit
1139 1955 1204 2008 ad
1265 1965 1415 2011 tttum
1460 1960 1641 2024 ﬁnem,
1670 1962 1761 2016 sed
1799 1965 1958 2018 etiam
1985 1948 2167 2032 aperte

2283 1970 2388 2005 ταν.
2421 1951 2493 2005 Τὸ
2535 1954 2642 2024 γὰρ
2694 1956 2886 2018 εἰπεῖν,
2925 1959 2993 2009 Ὃ
3023 1957 3181 2024 παρὰ
3230 1958 3335 2010 τοῦ
3377 1958 3606 2023 Πατρός
3645 1959 3818 2010 ἐκπο-

629 2040 968 2098 adversatur.
1008 2043 1190 2115 Neque
1217 2050 1358 2102 enim
1393 2050 1526 2105 dicit
1553 2071 1567 2108 :
1598 2053 1697 2118 Qui
1730 2070 1794 2108 ex
1825 2057 1941 2109 solo
1979 2057 2136 2111 Patre
2158 2098 2173 2123 ,

628 2134 730 2193 vel,
779 2136 868 2200 qui
919 2151 982 2190 ex
1037 2136 1214 2202 Patre,
1270 2157 1375 2195 non
1426 2153 1604 2197 autem
1630 2160 1690 2197 ex
1727 2146 2171 2215 Filiogprocedit.

629 2223 763 2277 Illud
797 2234 974 2281 autem
1009 2245 1020 2279 :
1071 2228 1201 2282 Cum
1233 2232 1430 2284 venerit
1462 2231 1796 2298 Paracletus,
1826 2252 1975 2304 quem
2008 2237 2177 2295 mittet

637 2313 871 2382 Pater“,
931 2320 1107 2371 nullas
1151 2320 1242 2373 tibi
1279 2321 1371 2375 dat
1409 2323 1551 2377 vires
1580 2341 1594 2388 ;
1629 2340 1734 2378 non
1769 2327 1911 2379 enim
1949 2327 2025 2381 sic
2054 2329 2129 2380 ait
2158 2348 2172 2384 :

631 2403 799 2467 Quem
843 2407 1020 2461 mittet
1057 2409 1205 2463 solus
1247 2411 1439 2477 Pater;
1481 2423 1565 2467 aut
1600 2431 1614 2468 :
1664 2413 1832 2478 Quem
1862 2416 2033 2472 Filius
2067 2433 2175 2472 non

636 2496 819 2551 mittit.
848 2496 1105 2553 Praeterea
1141 2501 1268 2556 illud
1297 2502 1443 2557 Pauli
1473 2506 1613 2559 :Nos
1653 2523 1754 2558 non
1786 2506 2038 2575 Spiritum
2079 2507 2179 2560 Itu-

568 2658 573 2662 _
627 2585 715 2654 jus
757 2587 938 2643 mundi
960 2594 1267 2658 accepimus,
1292 2597 1381 2650 sed
1411 2596 1665 2665 Spiritum
1687 2600 1775 2666 qui
1795 2614 1859 2653 ex
1889 2599 1991 2652 Deo
2011 2611 2085 2653 est
2118 2601 2172 2664 ",

637 2679 767 2733 nibil
802 2691 894 2735 tuo
922 2685 1196 2752 proposito
1244 2686 1584 2758 suffragatur;
1617 2685 1800 2759 Neque
1848 2686 1991 2745 enim
2027 2691 2175 2757 dicit,

638 2770 896 2838 Spiritum
951 2775 1120 2831 solius
1147 2776 1343 2842 Patris,
1368 2792 1421 2834 et
1457 2797 1565 2835 non
1603 2782 1743 2846 Filii,
1767 2783 1857 2839 sed
1878 2826 1892 2848 ,
1920 2782 2176 2853 Spiritum

637 2865 725 2929 qui
756 2880 820 2917 ea:
849 2863 958 2919 Deo
1000 2879 1095 2931 est,
1123 2867 1260 2922 Deus
1291 2881 1466 2925 autem
1507 2871 1662 2928 Pater
1715 2883 1770 2929 et
1822 2875 2015 2932 Filius.
2049 2875 2180 2941 Qui-

644 2954 744 3007 bus
773 2970 901 3022 ergo
949 2972 1014 3012 ex
1057 2959 1190 3013 locis
1219 2962 1461 3028 probasti
1492 2965 1545 3018 in
1581 2965 1786 3035 synodo
1822 2965 2088 3035 Spiritum
2116 2981 2181 3021 ex

641 3046 757 3099 solo
788 3048 972 3110 Patre,
1007 3057 1065 3104 ut
1102 3051 1186 3104 hic
1223 3052 1469 3120 tejactas
1492 3055 1515 3107 ἲ
1540 3053 1677 3108 Num
1706 3072 1769 3109 ex
1799 3056 1885 3110 bis
1910 3072 2031 3126 qua:
2064 3071 2181 3110 mo-

640 3137 708 3191 do
739 3139 894 3193 allata
927 3144 1098 3197 sunt?
1127 3144 1195 3198 At
1233 3145 1283 3198 in
1315 3145 1382 3200 iis
1417 3161 1525 3200 non
1555 3147 1782 3203 babetur
1808 3146 1884 3200 Ex
1920 3148 2055 3213 solo,
2088 3148 2181 3203 sed

642 3230 959 3296 simpliciter
987 3234 1060 3288 Ex
1087 3237 1243 3290 Patre
1272 3239 1674 3306 procedentem,
1715 3255 1836 3308 qua
1871 3239 1966 3294 tibi
1999 3241 2180 3295 omnia

643 3317 817 3373 Latini
847 3324 1146 3377 concedunt
1178 3347 1191 3378 ς
1236 3327 1510 3394 siquidem
1535 3328 1621 3384 hic
1663 3345 1804 3383 unus
1834 3339 1915 3384 est
1945 3329 2086 3398 longi
2116 3328 2182 3382 il-

645 3412 750 3465 lius
791 3413 866 3466 tui
918 3416 1185 3470 sermonis
1228 3429 1439 3471 sensus.
1488 3419 1557 3472 At
1596 3421 1841 3474 veritatis
1868 3420 2187 3475 defensores

645 3506 740 3559 tibi
787 3507 1091 3575 negabunt.
1137 3507 1290 3563 dicta.
1335 3507 1425 3562 illa
1480 3507 1736 3578 refragari
1797 3510 2186 3569 aﬂlrmantibus

645 3596 903 3666 Spiritum
961 3609 1204 3653 sanctum
1238 3599 1398 3654 etiam
1441 3616 1505 3654 ex
1538 3600 1676 3656 Filio
1714 3603 2026 3670 procedere.
2051 3604 2186 3658 Nam

647 3689 692 3740 si
740 3687 1001 3750 dicerent,
1045 3687 1144 3752 Qui
1201 3703 1268 3742 ex
1313 3691 1469 3745 Patre
1496 3707 1600 3745 non
1634 3707 1698 3746 ex
1730 3690 1868 3746 Filio
1897 3732 1912 3757 ,
1942 3693 2076 3759 sive,
2112 3694 2190 3748 Ex

646 3781 763 3834 solo
797 3778 956 3836 Patre
977 3795 1082 3835 non
1111 3781 1270 3836 etiam
1292 3797 1356 3838 ex
1381 3781 1517 3838 Filio
1542 3799 1557 3861 ;
1592 3784 1674 3838 vel
1701 3785 1771 3839 ita
1798 3800 1812 3842 :
1839 3782 2001 3862 Pater
2036 3786 2188 3841 solus

651 3871 899 3937 producit
929 3872 1186 3941 Spiritum
1219 3881 1464 3927 sanctum
1489 3915 1504 3939 ,
1539 3890 1643 3929 non
1675 3877 1839 3930 etiam
1876 3876 2064 3943 Filius,
2099 3887 2192 3934 aut

652 3961 869 4026 similia,
907 3971 1052 4016 esset
1094 3964 1398 4018 umbratilis
1435 3964 1547 4018 Itmc
1577 3963 1673 4017 tibi
1717 3966 1846 4019 rixa:
1891 3977 1945 4020 et
1968 3978 2195 4022 conten-

653 4052 817 4106 tionis
858 4053 1093 4107 occasio.
1127 4053 1324 4107 Verum
1355 4094 1370 4118 ,
1401 4065 1460 4107 ut
1487 4056 1650 4108 etiam
1681 4070 1744 4109 ex
1773 4057 1890 4110 solo
1914 4055 2074 4111 Patre
2108 4058 2193 4111 di-

652 4150 856 4207 cerent,
907 4141 972 4194 ad
1029 4141 1365 4212 probandum
1421 4139 1564 4213 quod
1607 4145 1707 4211 vis,
1767 4145 1863 4200 tibi
1916 4147 2050 4201 satis
2086 4161 2194 4202 non

653 4240 816 4287 esset.
845 4219 1004 4298 Quod
1027 4243 1170 4286 certe
1203 4233 1507 4303 perspicere
1541 4235 1667 4289 licet
1698 4251 1761 4290 ex
1798 4238 1920 4292 aliis
1949 4237 2194 4307 Evange-

655 4324 711 4377 lii
749 4323 930 4378 dictis.
959 4324 1205 4378 Salvator
1229 4325 1439 4394 inquit:
1463 4326 1537 4378 De
1567 4326 1650 4379 die
1679 4328 1772 4379 illa
1792 4338 1855 4380 -ει
1888 4328 2015 4381 hora
2048 4345 2194 4383 nemo

659 4417 773 4480 scit,
802 4433 962 4482 neque
994 4416 1164 4484 angeli
1189 4416 1457 4478 calorum,
1486 4432 1644 4484 neque
1687 4416 1874 4481 Filius,
1906 4420 2008 4472 nisi
2037 4419 2198 4474 Pater

659 4519 798 4558 nteit:
829 4504 971 4557 solus
990 4505 1031 4556 ³.
1057 4505 1122 4558 Et
1143 4519 1332 4559 rursus
1360 4522 1371 4557 :
1405 4503 1524 4557 Mea
1553 4505 1794 4559 doctrina
1820 4523 1921 4561 non
1951 4519 2028 4563 est
2060 4525 2194 4574 mea,

2270 2045 2530 2112 ρεύεται.
2558 2046 2618 2098 οὐ
2656 2046 2814 2112 μόνον
2843 2049 2904 2100 οὗ
2957 2051 3244 2118 συνηγορεῖ
3273 2048 3349 2118 τῷ
3378 2049 3456 2116 σῷ
3487 2049 3652 2115 λόγῳ,
3691 2050 3816 2100 ἀλλὰ

2277 2135 2367 2187 καὶ
2401 2136 2682 2205 προδήλως
2708 2136 3038 2190 ἐναντιοῦται
3063 2153 3078 2168 ⁸
3113 2138 3172 2190 ού
3197 2137 3304 2206 γάρ
3346 2153 3534 2206 φησιν,
3571 2139 3638 2189 Ὀ
3681 2138 3820 2205 παρὰ

2277 2228 2369 2282 τοῦ
2398 2229 2607 2296 Πατρὸς
2641 2230 2823 2296 μόνου,
2858 2231 2888 2297 ἦ
2923 2233 3071 2298 παρὰ
3118 2229 3213 2283 τοῦ
3249 2232 3458 2297 Πατρδς
3500 2232 3594 2283 καὶ
3627 2233 3729 2284 οὐκ
3761 2233 3819 2283 ἐκ

2276 2318 2367 2372 τοῦ
2399 2318 2527 2394 Υἱοῦ
2575 2320 2954 2388 ἐκπορεύεται.
2987 2322 3094 2375 Kal
3133 2324 3190 2374 τὸ
3226 2323 3426 2390 λέγειν,
3456 2324 3647 2376 ’Ὅταν
3678 2325 3821 2387 ἔλθῃ

2279 2412 2311 2463 ό
2349 2410 2752 2476 Παράλλητος,
2773 2411 2845 2464 ὃν
2872 2411 3092 2480 πέμψει
3141 2418 3173 2465 ὁ
3208 2415 3423 2481 Πατὴρ,
3453 2415 3716 2481 οὐδεμίαν
3745 2431 3821 2465 σοι

2281 2501 2431 2568 ἰσχὺν
2469 2500 2678 2554 δίδωσιν
2700 2517 2714 2530 ⁶
2748 2503 2805 2554 οὑ
2837 2502 2941 2572 γὰρ
2971 2504 3144 2571 λέγει,
3208 2507 3306 2557 Ὃν
3337 2504 3540 2572 πέμψει
3572 2506 3600 2556 ὁ
3637 2505 3824 2572 Πατὴρ

2281 2588 2458 2655 μόνος,
2497 2589 2529 2657 ἦ
2569 2589 2664 2642 Ὃν
2705 2590 2733 2641 ὁ
2770 2590 2895 2652 Υἱὸς
2941 2590 3002 2642 ού
3054 2591 3282 2658 πέμπει.
3316 2591 3424 2643 Kal
3465 2591 3558 2643 τοῦ
3614 2593 3823 2643 Παύλου

2277 2681 2352 2742 δὲ,
2386 2681 2413 2732 ὃ
2445 2681 2629 2745 λέγει’
2677 2681 2872 2747 Ἡμεῖς
2913 2684 2985 2734 οὐ
3035 2681 3100 2733 τὸ
3141 2683 3378 2750 Πνεῦμα
3435 2682 3540 2736 τοῦ
3595 2685 3826 2748 κόσμου

2279 2772 2590 2840 ἐλάϐομεν,
2620 2773 2781 2826 ἀλλὰ
2826 2773 2889 2826 τὸ
2940 2775 3175 2842 Πνεῦμα
3219 2777 3284 2827 τὸ
3329 2776 3396 2829 ἐκ
3439 2777 3545 2829 τοῦ
3580 2774 3745 2837 Θεοῦ,
3770 2777 3827 2827 οὐ

2284 2867 2574 2934 συνηγορεῖ
2607 2865 2706 2931 .τῷ
2759 2865 2835 2933 σῷ
2889 2864 3229 2936 βουλήματι·
3291 2868 3502 2943 ού-γ3ιρ
3553 2867 3726 2933 λέγει,
3758 2867 3830 2917 Τὸ

2283 2957 2504 3026 Πνεῦμα
2540 2958 2700 3026 μόνου
2730 2956 2821 3011 τοῦ
2861 2958 3087 3026 Πατρδς,
3113 2959 3205 3010 καὶ
3249 2958 3339 3010 τοῦ
3371 2959 3518 3022 Υἱοῦ,
3558 2958 3718 3020 ἀλλὰ,
3762 2959 3829 3010 Τὸ

2285 3045 2540 3119 Πνεῦμα,
2569 3049 2718 3118 φησὶ,
2753 3049 2819 3102 τὸ
2853 3049 2920 3102 ἐκ
2966 3048 3068 3102 τοῦ
3118 3050 3284 3113 Θεοῦ,
3314 3049 3442 3110 Θεὸς
3476 3049 3530 3101 δὲ
3570 3051 3597 3100 ὁ
3646 3048 3830 3116 Πατὴρ

2283 3145 2375 3195 καὶ
2408 3144 2436 3195 ὁ
2464 3143 2609 3204 Υἱός.
2648 3143 2742 3195 Ἐκ
2789 3144 2956 3195 ποῖων
2995 3137 3088 3194 οὖν
3121 3143 3298 3210 ῥητῶν
3343 3141 3543 3205 ἔδειξας
3576 3143 3637 3194 ἐκ
3672 3142 3829 3208 μόνου

2209 3269 2251 3326 c
2284 3235 2376 3286 τοῦ
2408 3235 2612 3302 Πατρός
2637 3234 2696 3285 τὸ
2723 3234 2941 3300 Πνεῦμα
2983 3236 3040 3285 ἐν
3069 3237 3131 3302 τῇ
3168 3235 3386 3303 συνόδῳ,
3425 3234 3610 3302 ὥσπερ
3652 3235 3833 3299 λέγεις

2285 3325 2513 3376 ἐνταῦθα
2558 3321 3011 3393 ἐγκαυχώμενοςς
3077 3325 3171 3378 Ἐκ
3214 3325 3321 3378 τῶν
3371 3326 3470 3396 ἤδη
3522 3325 3831 3395 ρηθέντων;

2285 3417 2393 3469 Καὶ
2432 3416 2568 3468 αύτὰ
2609 3415 2708 3468 οὐκ
2759 3416 2822 3467 ὲκ
2858 3416 3019 3484 μόνου
3066 3417 3245 3485 φασὶν,
3283 3417 3398 3470 ἀλλ’
3432 3417 3618 3478 ἁπλῶς
3646 3419 3711 3470 ix
3742 3417 3835 3470 τοῦ

2288 3508 2497 3575 Πατρδς
2549 3508 3022 3576 ἔκπορευόμενον,
3072 3508 3169 3561 καὶ
3226 3509 3436 3566 τούτοις
3484 3511 3595 3569 τοῖς
3654 3509 3836 3574 λόγοις

2287 3601 2504 3655 Λατῖνοι
2549 3600 3093 3668 συνομολογήσουσιν.
3122 3591 3288 3657 Οὗτος
3321 3600 3426 3668 γάρ
3465 3600 3612 3651 ἐστιν
3652 3601 3682 3650 ό
3717 3598 3837 3659 νοῦς

2291 3692 2430 3753 ἄπας
2457 3692 2664 3744 ἐκείνου
2694 3690 2790 3743 τοῦ
2834 3691 2996 3758 λόγου
3025 3691 3192 3759 ὅνπερ
3225 3690 3514 3756 ἐξέτεινας.
3556 3690 3702 3742 Ἀλλ’
3740 3691 3839 3743 οῦκ

2291 3783 2637 3846 ἀντίκεινται,
2665 3783 2930 3852 φήσουσιν
2981 3783 3031 3835 οἱ
3078 3783 3175 3852 τῆς
3219 3782 3475 3852 ἀληθείας
3525 3785 3838 3851 συνήγοροι,

2291 3877 2356 3928 τὰ
2385 3875 2524 3945 ῥητὰ
2555 3872 2728 3927 ταῦτα
2771 3876 2882 3937 τοῖς
2915 3873 3134 3941 λέγουσι
3169 3875 3261 3926 καὶ
3292 3876 3354 3926 ὲκ
3379 3873 3468 3925 τοῦ
3505 3873 3636 3925 Υἱοῦ
3671 3877 3838 3926 ἐκπο-

2295 3964 2564 4033 ρεύεσθαι.
2597 3965 2658 4015 El
2682 3964 2787 4031 γὰρ
2821 3963 3046 4030 ἔφασαν,
3087 3961 3152 4016 Ὀ
3187 3963 3334 4031 παρὰ
3377 3961 3464 4014 τοῦ
3494 3963 3710 4028 Πατρδς
3745 3963 3843 4014 οὐκ

2294 4055 2358 4106 ἐκ
2389 4052 2481 4106 τοῦ
2513 4052 2638 4106 Υἱοῦ
2663 4069 2673 4080 ·
2695 4053 2751 4122 ἢ,
2784 4053 2880 4104 Ἐκ
2918 4053 3077 4120 μόνου
3108 4051 3199 4105 τοῦ
3241 4053 3447 4122 Πατρδς
3482 4053 3542 4105 τὸ
3593 4053 3843 4122 Πνεῦμα,

2294 4145 2411 4213 οὐχὶ
2442 4144 2498 4197 δὲ
2527 4144 2619 4198 καὶ
2661 4146 2724 4196 ἐκ
2755 4143 2844 4196 τοῦ
2884 4141 3012 4195 Υἱοῦ
3034 4159 3050 4174 ο
3086 4143 3141 4212 ἢ,
3184 4145 3242 4196 '0
3289 4144 3473 4214 Πατὴρ
3525 4143 3684 4212 μόνος
3719 4162 3844 4212 προ-

2297 4236 2474 4289 ϐάλλει
2504 4235 2561 4287 τὸ
2608 4233 2850 4302 Πνεῦμα,
2879 4233 2939 4286 οὐ
2980 4234 3085 4304 μὴν
3135 4234 3190 4286 δὲ
3227 4233 3323 4288 καὶ
3360 4235 3387 4285 ὁ
3425 4233 3572 4296 Υἱὸς,
3604 4235 3698 4286 καὶ
3733 4235 3846 4286 ἀλλ’

2295 4326 2476 4391 ὅμοια,
2518 4317 2662 4390 εἶχες
2712 4321 2777 4373 ἂν
2826 4322 2983 4374 σκιὰν
3012 4321 3211 4388 ἐρίζειν
3259 4338 3316 4372 τε
3361 4322 3454 4374 καὶ
3501 4322 3844 4388 φιλονεικεῖν.

2309 4413 2445 4466 Ἀλλ’
2472 4413 2589 4466 οὐδὲ
2622 4415 2669 4465 εἰ
2703 4413 2768 4464 ὲκ
2811 4413 2969 4481 μόνου
3000 4409 3093 4463 τοῦ
3124 4410 3334 4479 Πατρδς
3365 4409 3568 4479 ἔλεγον,
3590 4406 3657 4486 ἦν
3686 4412 3849 4464 ἱκανὰ

2299 4506 2433 4573 πρὸς
2459 4503 2487 4558 ὃ
2524 4504 2586 4557 σὺ
2619 4502 2797 4574 βούλει
2824 4517 2835 4532 ο
2878 4502 3109 4571 πάρεστι
3137 4503 3243 4571 γὰρ
3281 4501 3480 4555 εἰδέναι
3527 4504 3621 4555 καὶ
3666 4504 3727 4568 ἐξ
3763 4503 3850 4557 ἄλ-

657 4596 745 4646 sed
797 4593 909 4662 eius
951 4595 1039 4662 qui
1087 4596 1223 4648 misit
1268 4612 1346 4648 me
1383 4596 1423 4649 ’.
1467 4595 1523 4650 In
1557 4598 1641 4652 bis
1671 4599 1956 4667 perspicue
1984 4600 2185 4669 negavit

2297 4597 2402 4650 λων
2457 4595 2822 4662 εύαγγελικῶν
2873 4596 3063 4663 φωνῶν
3110 4594 3268 4647 τοῦτο
3316 4595 3468 4650 αύτό.
3503 4596 3639 4663 Φησὶ
3683 4597 3795 4664 γὰρ
3825 4598 3850 4647 ὁ

661 4683 828 4745 Filius
876 4699 935 4736 se
987 4684 1146 4747 scire,
1203 4687 1294 4738 sed
1339 4701 1504 4739 unum
1556 4688 1695 4742 scire
1738 4685 1814 4742 ait
1865 4689 2076 4742 Patrem
2107 4698 2202 4752 ;et

662 4778 986 4842 doctrinam,
1022 4777 1216 4844 inquit,
1260 4791 1412 4829 suum
1461 4794 1568 4832 non
1601 4793 1723 4833 esse
1761 4794 1935 4843 suam,
1968 4782 2060 4834 sed
2096 4777 2199 4831 Pa-

663 4871 801 4923 tris:
846 4879 1079 4923 attameu
1123 4885 1228 4924 non
1273 4879 1414 4923 recte
1440 4881 1494 4923 et
1541 4868 1882 4923 laudabiliter
1932 4868 2202 4922 credimus

660 4960 880 5015 omnino
923 4962 1261 5030 oppositum,
1313 4963 1655 5030 dicimusque
1701 4971 1880 5014 notam
1933 4960 2035 5029 ipsi
2081 4975 2203 5013 esse

661 5052 799 5106 diem
833 5051 977 5104 illam
1015 5061 1072 5105 et
1107 5052 1294 5105 b0ram
1339 5068 1489 5119 atque
1516 5067 1577 5105 ac
1608 5050 1782 5116 Patri;
1811 5060 1864 5102 et
1893 5048 2199 5103 doctrinam

663 5145 834 5212 ipsius
872 5159 995 5199 esse
1031 5158 1429 5197 asseveramus.
1465 5143 1522 5195 Si
1577 5158 1707 5211 ergo
1741 5156 1840 5196 nos
1865 5157 2052 5195 eorum
2088 5155 2205 5209 qua:

664 5238 754 5290 ille
811 5236 1094 5290 manifeSIe
1128 5235 1339 5302 negavit
1384 5235 1655 5287 contraria
1693 5232 1968 5287 credimus
2009 5233 2080 5302 (Ι)
2105 5272 2119 5297 ,
2154 5241 2207 5286 ct

666 5335 807 5380 recta
837 5328 940 5381 lide
975 5335 1238 5390 tenemus,
1277 5342 1371 5379 cur
1396 5313 1503 5391 hic,
1530 5324 1619 5378 ubi
1641 5324 1842 5376 nullam
1869 5324 2204 5393 negationem

667 5418 934 5482 apposuit,
988 5433 1091 5469 non
1139 5419 1422 5470 credamus
1469 5433 1529 5470 ex
1585 5429 1703 5481 ipso
1740 5418 1898 5467 etiam
1929 5431 2046 5469 esse
2082 5413 2205 5482 Spi-

671 5509 832 5559 ritum
874 5515 1120 5559 sanctum
1148 5547 1162 5571 ,
1200 5509 1420 5575 quando
1453 5508 1556 5560 huc
1591 5510 1764 5575 ipsum
1798 5521 1892 5574 per
1928 5507 2029 5558 alia
2066 5505 2209 5559 satri

2296 4690 2485 4759 Σωτήρ
2509 4705 2522 4718 ·
2562 4689 2699 4757 Περὶ
2745 4688 2855 4756 τῆς
2908 4687 3130 4755 ἡμέρας
3157 4687 3396 4752 ἐκείνης
3436 4687 3528 4740 καὶ
3565 4686 3725 4755 ὥρας
3757 4691 3850 4740 οὺ-

2297 4780 2422 4845 δεὶς
2453 4777 2631 4845 οἶδεν,
2663 4779 2806 4833 οὐδὲ
2849 4782 2901 4832 οὶ
2939 4779 3182 4849 ἄγγελοι
3217 4781 3272 4831 οὶ
3315 4779 3385 4830 ἐν
3415 4779 3670 4844 οὐρανῷ,
3710 4778 3852 4832 οὐδὲ

2299 4875 2331 4926 ό
2362 4872 2511 4935 Υἱὸς,
2546 4872 2597 4923 ει
2625 4871 2710 4939 μὴ
2740 4873 2771 4922 ό
2802 4870 3000 4937 Πατήρ
3026 4879 3145 4938 μου
3174 4872 3380 4937 μόνος.
3425 4870 3531 4923 Καὶ
3563 4865 3752 4932 αὖθις·
3793 4871 3853 4924 Ἢ

2297 4960 2408 5030 ἐμὴ
2444 4959 2656 5027 διδαχὴ
2692 4961 2802 5014 οὐκ
2824 4959 2994 5016 ἔστιν
3019 4960 3156 5028 ἐμὴ,
3180 4960 3340 5014 ἀλλὰ
3371 4960 3474 5032 τοῦ
3503 4961 3855 5029 πέμψαντός

2303 5069 2399 5121 με.
2438 5053 2525 5104 Ἐν
2565 5050 2774 5115 τούτοις
2821 5049 2915 5104 οὖν
2964 5050 3151 5118 σαφῶς
3209 5051 3306 5121 μὲν
3355 5052 3735 5121 ἀπηρνήσατο,
3775 5054 3856 5105 ὅτι

2308 5143 2407 5194 οὐκ
2431 5139 2568 5194 οἶδεν
2597 5141 2754 5204 αὐτὸς
2782 5143 2809 5194 ὁ
2844 5141 2991 5203 Υἱὸς,
3024 5141 3073 5192 εἰ
3113 5141 3190 5211 μὴ
3231 5141 3388 5209 μόνος
3432 5144 3461 5194 ό
3495 5140 3686 5210 ΙΙατήρ
3717 5158 3732 5174 ·
3768 5144 3858 5193 καὶ

2310 5234 2340 5300 ὴ
2375 5231 2556 5301 διδαχὴ
2585 5231 2747 5285 αὖτοῦ
2778 5231 2878 5284 οὐκ
2904 5229 3056 5284 ἔστιν
3090 5230 3283 5295 αὐτοῦ,
3313 5233 3451 5286 ἀλλὰ
3493 5231 3588 5289 τοῦ
3623 5233 3855 5300 Πατρός.

2321 5323 2512 5388 Ἡμεῖς
2557 5323 2613 5375 δὲ
2663 5322 2839 5384 καλῶς
2889 5325 2983 5373 καὶ
3031 5323 3330 5385 ἐπαινετως
3369 5322 3697 5391 πιστεύομεν
3753 5327 3858 5376 πᾶν

2311 5411 2638 5473 τούναντίον.
2670 5414 2766 5464 καὶ
2788 5412 2884 5481 τὴν
2914 5414 3130 5482 ἡμέραν
3167 5411 3382 5480 ἐκείνην
3413 5415 3507 5465 καὶ
3532 5411 3682 5482 ὥραν
3725 5417 3855 5468 ειδέ-

2317 5518 2403 5554 ναι
2435 5503 2591 5556 αύτὸν
2625 5504 2811 5572 ὥσπερ
2842 5506 2934 5556 καί
2981 5503 3071 5556 τὸν
3104 5495 3317 5572 Πατέρα
3345 5504 3596 5572 λέγομεν,
3629 5509 3723 5561 καὶ
3764 5509 3856 5577 τὴν

747 5687 1168 5750 'Juan.xv,26.
1246 5685 1426 5738 σίωιι.
1506 5685 1718 5739 'lCor.
1750 5688 1896 5750 ".19
1995 5663 2538 5748 διπαιιιηχιννεϐζ
2613 5686 3057 5750 ’Joati.t'tt,i(i.

751 5852 823 5917 (i)
852 5853 1031 5917 Quoad
1063 5853 1220 5905 verba
1259 5849 1480 5911 scilicet,
1509 5862 1611 5899 nun
1636 5846 1808 5915 quoad
1840 5863 2057 5901 sensum
2092 5845 2358 5901 contraria
