4006 6340
230 475 370 540 1053

1253 455 1677 554 REFUTATIO
1716 496 1948 557 MARCI
1979 499 2351 560 smssm.

3274 497 3403 562 105$

218 592 442 667 διδαχὴν
486 600 650 655 αὐτοῦ
692 595 829 657 εῐναι
870 602 1147 674 τιθέμεθα.
1177 605 1242 679 Εἰ¹
1267 603 1362 662 οὖν
1406 609 1465 662 ἐν
1490 602 1570 672 οἷς
1599 627 1748 678 φανε-

1864 602 2134 674 Evangelii
2181 606 2343 660 verba
2382 605 2633 661 Salvator
2676 607 2834 662 nobis
2860 607 3102 661 declarat
3135 607 3156 659 ?
3189 607 3398 662 Alicubi
3427 680 3429 682 η

229 686 338 750 ρῶς
377 687 748 758 ἀπηρνήσατο,
776 693 936 760 ἡμεῖς
969 695 1228 750 τάναντία
1283 697 1630 767 πιστεύομεν,
1664 699 1759 753 καὶ

222 774 511 840 ὀρθοδόξως
543 779 823 849 ποιοῦμεν,
853 782 941 836 διὰ
983 785 1038 837 τί
1070 786 1322 853 ὲνταῦθα,
1350 788 1476 851 Ma
1503 788 1759 858 οὐδεμίαν

221 863 451 932 ἄρνησιν
479 868 741 934 τέθεικεν,
770 873 831 925 ού
871 875 1214 946 πιστεύομεν.
1250 878 1333 932 δτι
1362 879 1454 932 καὶ
1488 880 1547 944 ἐξ
1593 880 1756 934 αὑτοῦ

220 954 282 1006 τὸ
311 956 530 1026 Πνεῦμα
555 960 805 1032 ὑπάρχει,
830 965 963 1019 ὅπου
997 983 1059 1034 γε
1088 970 1143 1021 ὲν
1175 971 1290 1031 τοῖς
1310 970 1486 1040 ’ίεροῑς
1517 971 1760 1039 Εὑαγγε-

218 1044 354 1109 λίοις
397 1046 465 1122 διξ
497 1049 673 1106 ’ἄλλων
706 1054 882 1124 ῥητῶν
901 1057 960 1110 τὸ
1007 1058 1137 1112 αὐτὸ
1169 1060 1297 1130 ἡμῖν
1341 1062 1370 1114 6
1399 1061 1584 1131 Σωτὴρ
1616 1080 1754 1133 παρ·

223 1136 383 1206 ιστᾷς
452 1138 511 1202 ὃς
547 1143 650 1194 πού
684 1161 881 1213 φησιν·
911 1147 1095 1201 Ὅταν
1116 1151 1264 1218 ἔλθῃ
1296 1153 1330 1205 ὁ
1350 1151 1753 1220 Παράκλητος,

217 1225 292 1278 ὃν
323 1227 437 1298 ἑγὼ
477 1231 687 1301 πέμψω
723 1235 886 1303 ὑμῖν.
921 1232 1088 1301 Οὗτός
1132 1241 1281 1295 ἔστιν
1324 1243 1352 1294 6
1402 1242 1757 1312 Παράκλητος

216 1319 442 1385 δκείνος,
477 1323 534 1377 δν
555 1327 582 1378 6
616 1328 805 1397 Πατὴρ
835 1331 1122 1400 ὲκπορεύει
1145 1346 1160 1363 ο
1195 1333 1246 1385 el
1276 1332 1370 1386 οῦν
1407 1334 1467 1386 δν
1508 1337 1535 1387 6
1568 1337 1755 1407 Πατὴρ

217 1409 525 1484 ἑκπορεύιι,
552 1417 580 1468 6
625 1417 751 1478 Υἱὸς
797 1421 1089 1489 ἐκπέμπει,
1114 1421 1166 1475 τί
1213 1423 1455 1490 διαφέρει
1502 1424 1562 1477 τὸ
1618 1426 1755 1494 πέμ-

216 1504 417 1555 πεσθαι
464 1505 558 1557 τοῦ
613 1508 670 1572 ιε
722 1508 887 1564 αὑτοῦ
932 1513 1354 1581 ἑκπορεύεσθαις
1385 1516 1498 1568 Καὶ
1553 1517 1755 1571 πάλινσ

217 1593 405 1648 Ὅταν
435 1595 583 1665 ἔλθῃ
619 1599 866 1667 ἐκεῖνος,
903 1604 1187 1673 ὁδηγήσει
1232 1606 1383 1676 ὑμᾶς
1424 1610 1512 1674 εις
1551 1609 1756 1665 πᾶσαν

212 1686 330 1751 τὴν
358 1687 667 1753 ἀλήθειαν.
709 1691 968 1758 Ἐκεῖνος
997 1695 1102 1762 ἐμὲ
1130 1695 1398 1761 δοξάσει,
1427 1696 1515 1759 ὅτι
1552 1700 1620 1753 ἐκ
1649 1703 1754 1756 τοῦ

210 1777 358 1844 ἐμοῦ
391 1778 663 1847 ’λήψεται
710 1783 810 1835 καὶ
852 1783 1172 1852 ἀνα-Ποελεῖ
1213 1787 1385 1853 ὐμῖνο
1417 1788 1613 1842 πάντα
1647 1791 1756 1860 γὰρ

212 1866 331 1918 ὅσα
365 1865 491 1934 ἔχει
532 1871 565 1922 ὁ
598 1872 817 1939 Πατὴρ,
849 1871 960 1940 ἐμά
1015 1873 1166 1930 ἐστι.
1207 1874 1307 1928 Διά
1346 1875 1518 1930 τοῦτο
1558 1872 1750 1943 εἷπον,

211 1957 302 2011 ὅτι
343 1960 441 2013 Ἐκ
471 1961 578 2015 τοῦ
601 1962 745 2030 ἐμοῦ
779 1963 1081 2031 λαμϐάνει.
1121 1965 1227 2017 Καὶ
1261 1966 1526 2035 ἀλλαχοῦθ
1592 1967 1752 2021 Ἐνε-

211 2047 473 2127 gaianas,
506 2051 602 2104 καί
632 2047 762 2104 εἶπε
790 2052 915 2116 τοῖς
933 2053 1242 2120 μαθηταῖς,
1271 2055 1488 2109 Λάϐετε
1518 2056 1755 2125 Πνεῦμα

209 2137 402 2210 ἅγιον.
437 2140 617 2210 Ἀπερ
666 2143 841 2195 πάντα
880 2143 1233 2209 δεικνύουσιν,
1287 2147 1371 2198 ὅτι
1412 2147 1504 2198 καὶ
1547 2147 1611 2199 ὲκ
1660 2147 1753 2198 τοῦ

209 2230 345 2282 Υίοῦ
364 2231 424 2284 τὺ
453 2232 674 2300 Πνεῦμα
725 2233 785 2286 τὸ
825 2234 979 2299 ἅγιον
1026 2235 1404 2304 ικπορεύεται.
1452 2235 1620 2288 Πόθεν
1660 2231 1754 2289 οὖν

208 2320 307 2372 καὶ
340 2321 403 2371 ἐκ
432 2321 599 2372 ποίων
629 2321 804 2390 ῥητῶν
833 2320 1042 2386 ἔδειξας
1071 2325 1134 2375 σὺ
1165 2323 1224 2375 τὸ
1253 2322 1473 2390 Πνεῦμα
1497 2325 1561 2377 ὲκ
1590 2325 1750 2393 μόνου

205 2409 304 2461 τοῦ
338 2410 577 2478 Πατρόςς
631 2412 723 2464 Ἐκ
768 2411 877 2465 τῶν
901 2412 1226 2467 διδασκάλων
1255 2416 1354 2472 τῆς
1396 2413 1748 2482 Ἐκκλησίας;

213 2501 321 2555 Καὶ
364 2502 480 2564 πῶς
525 2502 639 2555 ἐστι
672 2503 892 2555 δυνατὸν
929 2503 1053 2565 τοὺς
1104 2503 1301 2564 αὐτοὺς
1351 2506 1414 2556 ὲκ
1464 2503 1628 2571 μόνου
1657 2502 1750 2556 τοῦ

211 2592 445 2659 Πατρὸς,
468 2594 564 2645 καὶ
599 2595 661 2648 ὲκ
684 2593 779 2646 τοῦ
811 2594 1017 2663 Πατρδς
1045 2595 1137 2647 καὶ
1165 2595 1227 2647 ἐκ
1255 2593 1346 2648 τοῦ
1379 2593 1506 2647 Υίοῦ
1532 2595 1710 2661 λέγειν
1733 2611 1749 2660 ;

206 2681 274 2737 Et
305 2684 411 2752 γὰρ
461 2684 646 2750 ελεγον
689 2684 882 2747 οὕτως,
932 2687 1143 2748 ἑαυτοῖς
1186 2687 1560 2756 περιέπιπτον,
1607 2685 1743 2739 ἄλλα

206 2773 310 2841 μὲν
337 2773 581 2836 λέγοντες
606 2773 664 2826 ἐν
689 2774 888 2839 ἄλλοις,
925 2775 1018 2848 καὶ
1047 2774 1178 2830 ἄλλα
1211 2777 1267 2828 ὲν
1305 2775 1504 2837 ἄλλοις.
1526 2776 1618 2828 Δεῖ
1641 2775 1748 2846 γὰρ

203 2862 238 2930 ἢ
285 2862 347 2915 ἐκ
397 2862 560 2930 μόνου
608 2862 701 2915 τοῦ
734 2862 944 2931 Πατρδς
996 2864 1174 2930 λέγειν
1228 2865 1510 2934 αύτοὺς,ἢ
1550 2866 1613 2917 ὲκ
1652 2864 1746 2919 τοῦ

205 2951 417 3022 Πατρδς
449 2954 544 3007 καὶ
585 2954 646 3006 ὲκ
683 2953 777 3006 τοῦ
810 2952 937 3005 Υίοῦ
969 2968 982 2984 ·
1023 2953 1158 3007 ἀλλὰ
1191 2955 1251 3007 τὸ
1281 2955 1344 3008 ἐκ
1376 2957 1536 3022 μόνου
1566 2955 1746 3020 οὐδεὶς

198 3046 314 3097 τῶν
339 3045 507 3111 ἁγίων
543 3046 788 3121 εἴρηκεν,
821 3046 868 3097 εί
921 3045 992 3115 μὴ
1041 3046 1197 3114 μόνον
1225 3045 1512 3114 Νεπόριος
1543 3049 1570 3099 6
1596 3047 1747 3117 αίρε-

197 3136 375 3203 τικδς,
405 3138 466 3190 τὸ
517 3137 574 3190 δὲ
631 3141 696 3191 ἐκ
750 3137 844 3191 τοῦ
903 3138 1033 3191 Υίοῦ
1088 3139 1282 3200 πάντες
1333 3139 1382 3191 ot
1437 3138 1744 3192 διδάσκαλοι

1857 694 2000 749 enim
2034 695 2166 750 dicit
2194 714 2208 750 :
2242 695 2384 751 Cum
2410 699 2602 751 venerit
2631 695 2959 763 Paracletus,
2998 714 3146 766 quem
3169 714 3260 768 ego
3283 700 3402 751 mit-

1859 792 1966 837 tant
2029 787 2171 841 vobis
2233 787 2328 840 ¹⁰’.
2377 789 2476 842 Hic
2544 797 2627 843 est
2681 787 2992 843 Paracletus
3050 788 3187 851 ille,
3244 804 3400 857 quem

1859 873 2013 931 Pater
2039 877 2283 945 producit
2318 895 2332 932 :
2361 879 2406 933 si
2438 891 2565 947 ergo
2588 875 2744 948 quem
2773 880 2928 933 Pater
2951 879 3214 948 producit,
3260 879 3402 933 hunc

1856 965 2026 1021 Filius
2063 967 2248 1033 mittit,
2281 968 2407 1036 quid
2448 967 2622 1023 differt
2666 969 2807 1022 inter
2841 968 2975 1022 mitti
2993 969 3402 1038 etprocedere?

1856 1055 1922 1108 Et
1947 1072 2135 1128 rursus
2159 1057 2320 1113 ‘:Csm
2346 1060 2540 1113 uenerit
2566 1058 2653 1112 ille
2669 1059 2866 1113 docebit
2888 1075 2971 1112 vos
2992 1075 3194 1113 omnem
3211 1061 3401 1113 νει-εισι

1857 1159 1979 1210 tem;
1992 1147 2078 1201 ille
2098 1162 2177 1199 me
2190 1147 2506 1214 clariﬁrsbit
2525 1149 2648 1217 quia
2667 1148 2729 1202 de
2748 1165 2855 1202 meo
2872 1150 3107 1216 accipiet,
3123 1158 3170 1203 et
3193 1167 3399 1204 annun-

1858 1220 2009 1290 tia6it
2054 1237 2192 1290 vobis
2228 1253 2247 1290 :
2282 1239 2458 1291 omnia
2502 1240 2638 1293 enim
2677 1255 2991 1308 quacunque
3021 1240 3170 1294 habet
3211 1239 3392 1303 Pater,

1858 1345 1973 1383 mea
2002 1338 2145 1393 sunt,
2172 1339 2443 1397 propterea
2467 1330 2581 1388 dixi
2605 1332 2728 1398 quia
2753 1330 2816 1383 de
2855 1348 2966 1385 meo
2995 1333 3210 1394 accipiet
3243 1332 3305 1385 “.
3335 1331 3400 1384 Et

1856 1419 1984 1475 alibi
2002 1419 2336 1492 :‘lnsuﬂlaoit
2357 1431 2407 1475 et
2425 1420 2559 1474 dixit
2575 1421 2842 1488 discipulis
2862 1437 2882 1474 :
2901 1402 3130 1490 Accipite
3147 1421 3400 1487 Spiritum

1853 1520 2097 1565 sanctum
2129 1513 2192 1566 ".
2239 1513 2370 1577 Quae
2399 1512 2577 1566 omnia
2623 1512 2933 1574 ostendunt,
2978 1512 3139 1566 etiam
3178 1528 3242 1566 es
3265 1511 3398 1565 Filio

1852 1603 2146 1672 procedere
2165 1603 2420 1672 Spiritum
2444 1603 2878 1659 sanctum.Unde
2896 1605 3060 1671 igitur
3075 1613 3125 1655 et
3144 1603 3237 1671 per
3262 1618 3398 1671 quos

1858 1697 2038 1746 textus
2089 1691 2325 1760 probasti
2373 1701 2428 1746 tu
2455 1690 2714 1760 Spiritum
2741 1707 2804 1746 es
2829 1692 2944 1747 solo
2964 1692 3119 1746 Patre
3139 1692 3161 1745 ?
3179 1691 3311 1745 Num
3328 1708 3392 1746 ex

1853 1781 2164 1837 doctoribus
2178 1782 2577 1847 Ecclesize15ed
2605 1783 2697 1853 qui
2717 1782 2808 1836 llat
2835 1792 2892 1835 ut
2913 1782 3071 1836 iidem
3085 1787 3139 1834 et
3158 1796 3220 1835 ex
3239 1781 3397 1834 Patre

1853 1872 1993 1936 solo,
2009 1883 2061 1927 et
2076 1887 2141 1928 ex
2170 1873 2329 1928 Patre
2348 1883 2400 1928 et
2422 1873 2560 1928 Filio
2575 1874 2791 1928 dicant?
2803 1874 2858 1927 Si
2874 1875 3016 1928 enim
3042 1874 3114 1926 ita
3132 1873 3396 1938 dicerent,

1854 1965 2152 2032 pugnantia
2199 1978 2333 2017 sane
2379 1965 2754 2032 loquerentur,
2800 1965 2934 2018 alias
2979 1956 3091 2018 alia.
3116 1966 3391 2017 docentes.

1859 2051 2085 2122 Oportet
2110 2054 2252 2107 enim
2285 2059 2343 2106 ut
2367 2054 2450 2108 vel
2499 2068 2564 2107 ex
2597 2054 2713 2107 solo
2757 2052 2916 2107 Patre
2967 2053 3251 2115 aﬂirment,
3300 2053 3390 2106 τοι

1853 2157 1916 2196 ex
1945 2141 2104 2197 Patre
2131 2153 2185 2198 et
2214 2159 2278 2197 ex
2317 2142 2449 2198 Filio
2475 2161 2491 2209 ;
2539 2159 2730 2198 verum
2757 2158 2824 2199 ex
2866 2145 2984 2200 solo
3010 2143 3188 2207 Patre,
3229 2158 3390 2196 nemo

1853 2232 1990 2287 dixit
2017 2243 2368 2299 sanctorum;
2401 2251 2539 2291 unus
2572 2236 2624 2290 id
2657 2236 2949 2291 afﬁrmavit
2976 2235 3258 2290 Nestorius
3283 2235 3391 2288 bae-

1852 2322 2058 2378 reticus
2086 2341 2100 2380 :
2132 2325 2509 2392 productionis
2535 2340 2660 2378 vero
2681 2325 2844 2378 etiam
2871 2341 2937 2378 ex
2970 2323 3107 2378 Filio
3136 2323 3389 2377 doctores

1851 2426 2038 2469 omnes
2085 2411 2373 2466 clarissimi
2419 2426 2696 2480 praecones
2730 2408 2882 2466 sunt.
2911 2412 3203 2479 Principio
3239 2411 3387 2464 enim

1851 2516 2108 2572 magnum
2133 2500 2391 2555 Ecclesiae
2415 2500 2688 2565 columen,
2716 2515 2946 2568 magnus
3014 2515 3200 2553 revera
3227 2508 3278 2553 et
3303 2514 3385 2553 sa-

1850 2607 1942 2647 cer
1961 2590 2394 2653 Athanasius,-in
2428 2603 2538 2643 suae
2566 2588 2687 2642 ﬁdei
2709 2588 3054 2642 confessione
3076 2605 3101 2641 ιη
3123 2588 3382 2656 Spiritus,

1847 2683 2042 2749 inquit,
2095 2690 2319 2736 sanctus
2366 2694 2394 2732 a
2449 2679 2611 2734 Patre
2660 2689 2714 2734 et
2755 2677 2897 2732 Filio-
2926 2694 3030 2733 non
3063 2679 3258 2743 factus,
3290 2693 3387 2734 nec

1846 2774 2080 2830 creatus,
2111 2781 2211 2822 nec
2239 2767 2470 2835 genitus,
2493 2767 2586 2822 sed
2623 2768 2940 2836 procedens.
2972 2762 3154 2834 Idem,
3180 2769 3234 2822 in
3264 2782 3378 2821 ser-

1847 2872 2006 2914 mone
2050 2858 2116 2912 de
2166 2857 2545 2912 incarnatione
2583 2855 2815 2918 Domini.
2863 2858 2974 2918 haec
3013 2858 3212 2912 habet:
3242 2855 3386 2910 Nulli

1845 2963 1975 3003 vero
2000 2948 2239 3018 suspicio
2269 2949 2362 3009 sit.
2398 2949 2576 3016 ipsum
2604 2963 2713 3029 non
2747 2950 3035 3004 habentem
3063 2948 3386 3016 accepisse;

1844 3038 1961 3109 ipse
1990 3039 2134 3094 enim
2163 3039 2397 3109 desuper
2415 3038 2664 3092 mittebat
2683 3039 2830 3092 illum
2851 3039 3069 3092 utDeus
3092 3077 3107 3102 ,
3139 3047 3196 3089 ut
3226 3037 3386 3090 homo

1845 3141 2024 3184 autem
2081 3129 2221 3184 infra
2275 3131 2524 3185 eumdem
2557 3129 2890 3198 suscipiebat
2919 3145 2934 3193 ;
2961 3143 3023 3181 ex
3055 3127 3170 3194 ipso
3205 3126 3385 3192 itaque

195 3228 494 3298 διαρρήδην
537 3231 918 3299 κηρύττουσιν.
954 3230 1161 3284 Αὐτίκα
1209 3231 1316 3298 γὰρ
1362 3231 1390 3283 6
1442 3228 1612 3299 μέγας
1641 3229 1739 3295 τῆς

1850 3221 2208 3277 descendebat
2235 3222 2287 3275 in
2324 3220 2500 3290 ipsum
2523 3257 2540 3284 ,
2569 3233 2630 3272 ex
2658 3219 2857 3273 deitate
2893 3217 3012 3286 ejus
3041 3217 3097 3270 in
3130 3216 3248 3286 ejus
3281 3216 3381 3268 Ιιυ-

211 3319 539 3389 Ἐκκλησίας
602 3319 811 3383 στῦλος,
859 3321 888 3373 6
940 3322 1106 3390 μέγας
1163 3320 1238 3390 τῷ
1285 3321 1396 3374 δντι
1448 3320 1541 3371 κα)⁸
1597 3318 1738 3387 ίερδς

1846 3313 2180 3368 manitalem.
2565 3353 2574 3361 .

211 3387 526 3470 Ἀθανᾶσιος
577 3410 635 3463 ιν
680 3412 745 3479 τῇ
793 3387 1052 3479 ὁμολογίᾳ
1101 3387 1220 3479 τῆς⁷
1254 3408 1444 3462 ἑαυτοῦ
1503 3408 1737 3469 πίστεώς
1776 3416 1969 3474 φησιν’
2009 3401 2082 3454 T6
2127 3398 2352 3469 Πνεῦμα
2392 3399 2452 3454 τὸ
2494 3399 2648 3467 ἅγιον
2689 3397 2794 3452 ἀπὸ
2841 3396 2935 3450 τοῦ
3014 3396 3221 3462 Πατρὺς
3293 3387 3386 3459 καὶ

193 3505 293 3557 τοῦ
327 3504 456 3557 Υίοῦ
485 3503 544 3557 ού
575 3504 814 3572 ποιητὸν,
845 3504 904 3558 οὐ
953 3506 1191 3568 κτιστδν,
1222 3505 1281 3556 ού
1310 3505 1588 3571 γεννητὸν,
1655 3501 1768 3555 ἀλλ’
1808 3498 2154 3567 ὲκπορευτόν.
2199 3497 2257 3550 '0
2292 3494 2449 3558 αὐτὸς
2494 3496 2552 3546 ἐν
2585 3493 2662 3561 τῷ
2728 3493 2806 3555 είς
2846 3491 2942 3560 τὴν
2978 3487 3384 3553 ἔνανθρὼπησιν

191 3602 295 3656 τοῦ
335 3602 538 3670 Κυρίου
579 3603 720 3670 λόγῳ
758 3602 901 3656 οὕτω
948 3604 1150 3674 φησίν’
1180 3603 1270 3674 Μὴ
1300 3601 1591 3657 ύπονοείτω
1663 3615 1764 3663 τις,
1804 3597 1884 3650 ὄτι
1942 3595 2015 3663 μὴ
2070 3592 2208 3660 ἔχων
2257 3589 2418 3650 αὐτὸς
2474 3587 2810 3654 ἐλάμϐανεν
2885 3583 3043 3674 αὑτὸ-ς
3098 3584 3204 3652 γὰρ
3256 3585 3386 3636 αὒτδ

193 3689 405 3745 ἄνωθεν
432 3690 678 3758 ἔπεμπεν
713 3693 787 3753 ὠς
821 3691 972 3752 Θεὸς,
1004 3671 1097 3745 καὶ
1143 3671 1300 3754 αὑτδς
1362 3691 1493 3744 αὐτὸ
1553 3687 1798 3742 κάτωθεν
1841 3682 2126 3752 ὑπεδέχετο
2169 3679 2252 3740 τὼς
2300 3678 2616 3744 ἄνθρωπος’
2665 3674 2724 3740 ἐξ
2777 3675 2940 3728 αὑτοῦ
2969 3671 3061 3727 οὖν
3103 3676 3178 3737 είς
3222 3675 3384 3728 αὐτὸν

196 3783 414 3855 κατῄει,
438 3786 497 3837 ὲκ
520 3785 616 3852 τῆς
647 3785 899 3853 θεότητος
921 3785 1086 3838 αὑτοῦ
1114 3786 1193 3848 είς
1220 3787 1317 3856 τὴν
1345 3785 1734 3854 ἅνθρωπότητα
1777 3776 1961 3834 αὑτοῦ.

265 3867 518 3936 Baetica;
566 3872 620 3926 δὲ
673 3874 701 3925 6
750 3872 1018 3935 θειότατος
1068 3874 1126 3924 ὲν
1181 3873 1258 3942 τῷ
1309 3874 1430 3927 κατ’
1477 3873 1738 3940 Εὖνομίου

1911 3863 2141 3919 Basilius
2162 3875 2373 3931 quoque
2403 3858 2801 3919 sanctissimus,
2832 3857 2970 3909 libro
3001 3855 3159 3909 tertio
3191 3859 3378 3909 contra

188 3966 362 4035 τρίτῳ
387 3966 546 4032 φησίν
569 3980 583 3994 ·
633 3981 651 4014 ι
682 3962 774 4025 Τίς
803 3963 906 4031 γὰρ
932 3964 1160 4031 ἀνάγκη,
1190 3964 1238 4016 εί
1265 3963 1343 4032 τῷ
1362 3961 1626 4030 ἀξιώματι
1648 3963 1739 4015 καὶ

1850 3954 2166 4010 Eunomium
2203 3969 2216 4007 :
2257 3971 2276 4004 ι
2311 3952 2444 4018 Qum
2484 3950 2650 4004 enim.
2674 3948 2867 4017 inquit,
2894 3948 3184 4001 necessitas
3217 3948 3381 4013 cogit,

187 4060 257 4126 τῇ
294 4054 443 4119 τάξει
475 4055 655 4124 τρίτον
687 4055 921 4123 ὑπάρχοι
975 4054 1034 4107 τδ
1086 4051 1322 4122 Πνεῦμα,
1366 4055 1548 4122 τρίτον
1593 4049 1734 4107 εἶναι

1850 4062 1906 4102 so
1951 4047 2097 4114 quod
2159 4045 2420 4114 dignitate
2462 4051 2516 4098 et
2557 4041 2748 4096 ordine
2793 4041 2982 4095 tertius
3033 4049 3112 4094 est
3143 4038 3380 4106 Spiritus

189 4149 326 4203 αὐτὸ
350 4148 442 4200 καὶ
465 4150 528 4215 τῇ
567 4147 761 4214 φύσεις
798 4145 1088 4211 Ἀξιώματι
1124 4147 1222 4212 μὲν
1248 4146 1351 4212 γὰρ
1402 4146 1737 4213 δευτερεύειν

1850 4147 2089 4199 sanctus,
2134 4135 2381 4189 eumdem
2447 4147 2567 4187 esse
2632 4146 2846 4200 quoque
2887 4131 3098 4183 tertium
3144 4129 3380 4181 natura?

187 4240 287 4294 τοῦ
320 4234 473 4301 Υίοῦ,
500 4237 627 4306 παρ’
657 4230 817 4288 αὑτοῦ
851 4240 910 4286 τὸ
947 4231 1085 4287 εἶναι
1114 4234 1251 4302 ἔχον,
1283 4235 1376 4286 καὶ
1409 4234 1538 4301 παρ’
1567 4235 1733 4287 αὐτοῦ

1850 4229 2106 4294 ῡίαιιίιιηο
2152 4228 2292 4282 enim
2344 4226 2491 4280 illum
2521 4239 2642 4280 esse
2669 4240 2694 4278 a
2726 4223 2858 4277 Filio
2911 4221 3225 4300 secundum,
3256 4235 3376 4272 cum

189 4329 471 4398 λαμϐάνον
499 4328 590 4379 καὶ
617 4326 947 4400 ἀναγγέλλον
972 4326 1120 4395 ἡμῖν,
1146 4327 1240 4379 καὶ
1265 4325 1401 4387 ὅλως
1424 4323 1524 4394 τῆς
1555 4326 1732 4388 αἰτίας

1850 4319 1905 4374 ib
1935 4318 2050 4388 ipso
2069 4318 2156 4382 sit,
2175 4325 2228 4370 et
2250 4317 2318 4372 ab
2344 4318 2462 4382 ipso
2492 4314 2717 4384 accipiat
2740 4323 2795 4368 et
2819 4314 3091 4367 annuntiel
3118 4309 3292 4373 nobis,
3323 4317 3378 4360 et

190 4421 410 4488 ἐκείνης
457 4406 761 4488 ἐξημμένον
811 4415 1175 4486 παραδίδωσιν
1233 4415 1262 4466 6
1317 4414 1414 4485 τῆς
1458 4415 1733 4478 εὑσεὸείας

1850 4411 2062 4463 omnino
2101 4409 2275 4463 abilla
2307 4423 2471 4464 causa
2513 4407 2763 4477 pendeat,
2782 4417 2960 4458 sermo
2996 4399 3208 4471 pietatis
3271 4408 3375 4452 tra-

187 4512 370 4577 λόγος.
403 4527 425 4563 ›

387 4599 442 4652 δὶ
489 4597 709 4666 Νύσσης
752 4597 892 4659 θείος
944 4567 1238 4665 Γρηγόριος
1290 4595 1318 4647 6
1371 4593 1466 4646 καὶ
1512 4592 1753 4659 ἀδελφὸς,

1844 4501 2084 4654 dnldujus
2108 4596 2286 4640 autem
2313 4579 2728 4645 frater,divinus
2746 4578 3036 4648 Gregorius
3081 4579 3374 4649 Nyssenus,

102 4672 115 4677 -
187 4690 382 4744 τούτου
435 4689 493 4742 ἐν
548 4687 760 4748 πολλοῖς
812 4684 910 4754 μὶν
951 4683 1127 4750 λόγοις
1177 4682 1342 4735 αὐτοῦ
1389 4677 1547 4734 τοῦτό
1576 4697 1729 4748 φησι,

1858 4693 1888 4731 n
1919 4677 2101 4731 multis
2129 4691 2262 4730 sane
2306 4673 2651 4730 sermonibus
2683 4671 2785 4724 hoc
2815 4671 2955 4726 idem
2987 4673 3162 4734 docet,
3189 4672 3376 4738 praeci-

192 4781 445 4850 μάλιστα·
482 4777 538 4830 δὲ
590 4778 647 4829 ἐν
696 4778 760 4844 τῇ
824 4774 904 4835 είς
961 4773 1046 4837 τὸ,
1085 4771 1277 4840 Πάτερ
1336 4769 1525 4840 ἡμῶν.
1553 4769 1743 4839 ὁμιλίᾳ

187 4869 351 4938 τρίτῃ
391 4867 659 4935 διατρανοῖ
685 4867 856 4934 λέγων
878 4879 892 4896 ’
927 4881 945 4930 ι
984 4861 1046 4917 ’0
1075 4861 1179 4930 γὰρ
1209 4859 1496 4930 μονογενὴς
1530 4859 1653 4920 Υίὸς
1675 4860 1738 4910 ἐκ

187 4957 287 5010 τοῦ
319 4956 526 5025 Πατρὸς
589 4956 739 5021 παρὰ
787 4955 888 5022 τῆς
932 4952 1092 5020 ἁγίας
1126 4951 1347 5020 Γραφῆς
1388 4947 1734 5016 ὀνομάζεται,

91 5078 100 5086 -
189 5048 291 5101 καὶ
319 5048 480 5115 μέχρι
512 5045 698 5097 τούτου
733 5044 943 5112 ἵστησιν
965 5045 991 5095 6
1019 5041 1176 5108 λόγος
1202 5039 1363 5092 αὐτοῦ
1400 5039 1459 5090 τὸ
1494 5037 1690 5105 ἰδίωμα
1717 5051 1731 5066 °

191 5139 254 5191 τὸ
286 5137 342 5190 δὲ
376 5134 527 5203 ἆγιον
566 5133 783 5202 Πνεῦμα
822 5133 916 5184 καὶ
949 5134 1010 5184 ἐκ
1051 5131 1144 5183 τοῦ
1177 5129 1386 5199 Πατρδς
1417 5124 1555 5178 εἶναι
1579 5127 1731 5194 λέγε-

189 5247 310 5293 ται,
357 5228 450 5281 καὶ
487 5227 548 5279 ἐκ
597 5225 686 5279 τοῦ
720 5224 847 5278 Υίοῦ
897 5219 1033 5275 εἶναι
1087 5222 1621 5291 προσμαρτυρεῖται·
1661 5221 1732 5275 ΕΖ

188 5335 284 5381 τις
334 5315 443 5384 γὰρ
492 5313 728 5381 Πνεῦμα
779 5307 1025 5379 Χριστοῦ
1066 5309 1176 5362 οὐκ
1227 5300 1573 5375 ἕχει.οὖτος
1618 5308 1729 5360 οὐκ

1847 4781 1954 4834 pue
1999 4780 2131 4820 vero
2161 4765 2318 4819 tertia
2351 4764 2403 4817 in
2437 4762 2746 4816 Orationem
2788 4760 3117 4813 Douiinicam
3150 4758 3371 4810 homilia

1847 4855 2083 4910 declarat
2111 4855 2332 4908 dicens:
2360 4870 2377 4903 ι
2407 4850 2752 4918 Uuigenitum
2782 4848 2976 4901 Filium
3016 4848 3197 4900 divina
3227 4847 3375 4899 Scri-

1841 4955 2001 5012 ptura
2027 4958 2090 4996 es
2121 4941 2281 4996 Patre
2311 4952 2497 4994 natum
2527 4948 2711 5003 vocat,
2750 4949 2804 4992 et
2832 4936 3136 5006 proprietas
3163 4938 3280 5002 ejus
3321 4941 3371 4990 in

1837 5034 2007 5090 sacris
2033 5033 2250 5088 Litteris
2275 5032 2417 5086 ultra
2452 5047 2556 5084 non
2581 5031 2952 5101 progreditur;
2989 5026 3224 5094 Spiritus
3249 5042 3372 5080 vero

1835 5137 2057 5180 sanctus
2082 5136 2132 5177 et
2156 5137 2220 5175 es
2249 5121 2406 5175 Patre
2426 5137 2547 5177 esse
2578 5122 2794 5182 dicitur,
2826 5129 2877 5172 et
2904 5120 3122 5186 insuper
3150 5116 3375 5186 ex‘Filiu

1836 5231 1956 5270 esse
1976 5215 2292 5283 perhibetur
2313 5231 2327 5266 :
2348 5214 2404 5268 Si
2442 5215 2558 5283 quis
2583 5215 2719 5265 enim
2755 5211 3012 5277 Spiritum
3043 5207 3233 5259 Christi
3266 5224 3368 5257 mm

1836 5307 2012 5368 habet,
2069 5305 2152 5356 hic
2205 5321 2307 5357 non
2357 5313 2435 5359 est
2470 5287 2611 5373 Ejus,
2662 5304 2840 5369 inquit
2884 5296 3098 5351 divinus
3141 5297 3369 5363 Apuano-

189 5408 366 5459 ἐστιν
391 5402 596 5466 αὑτοῦ,
626 5404 786 5471 φησὶν
814 5404 842 5454 6
870 5401 1010 5462 θεῖος
1046 5393 1383 5459 Ἀ’πόστολος.
1429 5413 1448 5447 ι
1838 5402 1921 5459 lus
1954 5397 2014 5449 “.
2207 5455 2209 5457 ,

264 5493 527 5563 Κύριλλος
545 5493 598 5545 δὲ
616 5494 642 5544 6
657 5494 749 5562 τῆς
773 5490 1152 5559 Ἀλεξανδρέων
1179 5487 1495 5555 Ἐκκλησίας
1514 5486 1732 5556 φωστὴρ

1912 5486 2103 5540 Beatus
2173 5501 2389 5554 quoque
2451 5484 2709 5553 Cyrillus,
2759 5480 3133 5549 Alexandrinae
3187 5478 3370 5529 lumen

190 5587 219 5638 6
253 5584 539 5652 μακάριος,
570 5589 627 5634 ὲν
675 5585 741 5650 τῇ
789 5585 922 5652 πρὸς
963 5581 1254 5650 Νεστόριον
1302 5576 1576 5646 επιστολῇ,
1604 5573 1728 5648 ἦςή

1850 5574 2116 5638 Ecclesiae,
2146 5576 2198 5628 in
2236 5573 2466 5643 epistola
2498 5575 2562 5626 ad
2594 5573 2929 5636 Nestorium,
2966 5569 3124 5637 cujus
3154 5565 3370 5618 initium.

192 5670 359 5741 ἁρχὴ.
403 5669 508 5723 Τοῦ
563 5668 815 5737 Σωτῆρος
859 5669 1011 5738 ἡμῶν
1064 5668 1302 5737 ἐναργῶς
1358 5667 1624 5732 λέγοντος,
1665 5665 1726 5720 ’0

1850 5673 1956 5719 ast:
1988 5662 2120 5717 Cum
2151 5665 2401 5720 Salvator
2431 5671 2622 5718 noster
2650 5673 2835 5733 aperte
2861 5659 3178 5732 pronuntiet
3207 5672 3224 5711 :
3261 5655 3373 5720 Qui.

281 5851 490 5909 Νείλεω.
517 5865 603 5916 xv,
634 5850 721 5906 ‘26.
802 5848 836 5878 “
868 5848 1021 5902 Joau.
1056 5862 1162 5911 xw,
1194 5846 1368 5900 l3-l-‘i.
1449 5845 1486 5874 ”
1511 5843 1667 5899 Joan.
1693 5862 1779 5912 xx,
1802 5845 1889 5898 2'2.
1982 5846 2022 5876 ¹³
2060 5846 2210 5900 llum.
2240 5863 2354 5907 vm.
2383 5847 2435 5901 0.
