4006 6340
593 448 730 508 1(le
1565 436 1880 497 JOSEPHI
1920 369 2461 493 METIIONI'ENSIS
2492 429 2833 492 EPISCOP-I
3037 470 3060 491 1
3651 416 3787 481 1056

577 562 753 628 diligit
797 567 1000 627 patrem
1052 542 1142 610 aut
1184 564 1402 610 matrem
1448 571 1604 625 super
1661 570 1764 618 me,
1803 559 2004 606 nonest
2036 562 2153 604 me.

2259 545 2410 600 ιιλῶν
2441 548 2664 614 πατέρα
2685 548 2722 615 ἢ
2749 546 2973 614 μητέρα
3003 544 3151 614 ὑπὲρ
3166 543 3288 614 ἐμὲ,
3322 542 3432 596 οὐκ
3489 539 3624 593 ἔστι
3671 553 3788 604 μου

579 652 767 719 dignus
783 642 871 714 "",
903 648 1015 701 haec
1047 647 1204 700 habet
1235 663 1248 699 :
1283 665 1301 697 ι
1333 645 1444 699 Etsi
1467 644 1704 715 Spiritus
1731 643 1998 712 propriam
2025 638 2122 690 ha-

2259 637 2413 703 ξιος,
2432 638 2592 708 φησίν
2619 655 2633 668 ·
2667 659 2683 690 ι
2719 639 2777 691 Et
2815 639 2903 690 καὶ
2931 637 3044 690 ἐστι
3097 637 3157 690 τὸ
3209 634 3426 703 Πνεῦμα
3456 634 3514 684 ἓν
3555 631 3784 684 61:05:6-

575 741 673 795 bet
718 738 1155 809 suhsistcntiam,
1212 753 1302 807 per
1336 755 1497 807 quam
1541 753 1665 793 esse
1704 751 1803 804 per
1839 749 1896 789 se
1922 730 2126 786 intelli-

583 833 727 899 gitur
777 839 834 883 ut
867 829 1126 898 Spiritus
1178 839 1228 883 et
1261 832 1364 889 non
1391 829 1578 890 Filius,
1603 827 1754 881 haud
1772 835 1959 879 tamen
1991 833 2069 876 est
2096 836 2127 874 a

584 920 720 976 Filio
757 921 987 975 alienus.
1025 917 1260 975 Vocatus
1289 919 1431 974 enim
1468 929 1552 982 est
1582 918 1817 987 Spiritus
1865 913 2124 978 veritatis,

585 1011 788 1064 veritas
833 1018 1012 1063 autem
1048 1021 1128 1065 cst
1155 1010 1445 1072 Christus;
1475 1021 1529 1065 et
1573 1008 1876 1063 ell‘unditur
1915 1005 1981 1058 ab
2015 1003 2129 1070 ipso

584 1101 1039 1169 quemadmodum
1093 1110 1146 1154 et
1188 1117 1248 1156 es
1304 1104 1420 1169 ipso
1450 1099 1556 1154 Deo
1588 1100 1814 1155 Patre.)
1851 1096 1940 1150 llla
1971 1107 2130 1163 porro

590 1202 709 1250 vos,
748 1187 1062 1255 eﬂ'unditur,
1092 1189 1263 1256 posita
1288 1198 1371 1243 est
1403 1203 1432 1241 a
1464 1189 1682 1243 doctore
1704 1187 1822 1241 loco
1849 1186 2008 1258 hujus
2036 1197 2132 1237 vo-

585 1274 666 1328 cis
702 1274 951 1339 procedit,
1003 1284 1060 1328 ut
1085 1277 1309 1342 ipsemet
1329 1276 1477 1330 aitin
1529 1277 1863 1345 expositione
1898 1271 2134 1345 Symboli

589 1364 673 1418 his
710 1365 930 1419 verbis:
965 1383 983 1416 ι
1017 1363 1080 1419 Et
1109 1365 1425 1432 ell‘unditur,
1462 1367 1561 1420 hoc
1593 1377 1674 1419 est
1716 1354 1980 1435 precedit.
2025 1384 2044 1418 ι

662 1453 800 1508 Idem
854 1457 1261 1510 commentariis
1323 1457 1374 1507 in
1427 1455 1541 1508 Joel
1583 1458 1922 1524 prophetam,
1950 1455 2130 1522 exitia-

591 1560 726 1598 nans
761 1545 921 1598 verba
957 1546 1086 1598 illa:
1115 1545 1399 1613 Eﬁ'undam
1434 1546 1497 1600 de
1529 1547 1734 1616 Spiritu
1763 1563 1874 1600 meo
1901 1548 1944 1579 ”
1971 1589 1986 1613 ,
2025 1547 2139 1600 hmc

594 1634 757 1688 habet
784 1650 798 1688 :
842 1653 859 1684 ι
892 1633 1024 1709 Nam
1047 1634 1225 1690 Filius
1261 1645 1318 1689 ut
1346 1637 1484 1708 Deus
1508 1646 1560 1690 et
1588 1653 1648 1689 ex
1682 1638 1789 1692 Deo
1828 1637 2142 1690 naturaliter

592 1734 697 1788 est,
726 1739 790 1777 ex
820 1724 930 1776 Deo
963 1739 1197 1793 namque
1236 1723 1393 1778 Patre
1431 1734 1589 1789 natus
1613 1737 1693 1780 est
1720 1767 1735 1790 ,
1781 1729 2037 1796 proprius
2064 1727 2144 1795 ip-

594 1812 728 1876 sius,
787 1822 841 1865 et
884 1815 937 1866 in
981 1814 1115 1880 ipso,
1179 1826 1232 1866 et
1285 1829 1350 1867 ex
1376 1814 1493 1883 ipso
1532 1827 1615 1870 est
1645 1815 1902 1884 Spiritus,
1939 1818 2133 1873 eodem

595 1901 752 1969 plane
791 1904 967 1969 modo,
1002 1919 1111 1973 quo
1146 1903 1234 1957 Dei
1266 1903 1442 1961 Patris
1469 1921 1587 1962 esse
1616 1908 1953 1978 intelligitur.
2003 1927 2022 1960 ι

611 2092 615 2095 ’
670 2097 810 2153 Idem
838 2099 888 2152 in
920 2102 1323 2155 commentariis
1343 2102 1538 2170 quibus
1562 2103 1806 2159 confutet
1842 2103 2144 2158 Palladium

599 2189 676 2266 sic
701 2190 814 2243 ait:
860 2209 878 2241 ι
905 2189 1047 2245 Nulli
1074 2206 1203 2245 vero
1247 2192 1591 2246 mutabilitati
1617 2194 1884 2249 obnoxius
1913 2204 1997 2254 est
2027 2195 2150 2263 Spi-

602 2278 773 2344 ritus;
802 2279 945 2347 quod
987 2279 1030 2332 si
1075 2280 1451 2335 mutabilitatis
1485 2283 1628 2365 malo
1657 2284 1885 2350 laborat,
1923 2285 2024 2350 ipsi
2057 2285 2142 2337 di-

604 2371 741 2423 vina
787 2382 992 2425 natura:
1039 2372 1186 2425 labes
1241 2372 1352 2426 haec
1401 2384 1734 2442 aspergatur,
1769 2390 1892 2429 cum
1945 2376 2016 2428 sit
2056 2374 2149 2430 Dei

600 2457 795 2524 Patris,
849 2470 1009 2529 atque
1060 2462 1422 2530 ipsiuseFilii,
1481 2465 1574 2535 qui
1639 2454 2016 2521 'essentialiter
2083 2484 2149 2522 ex

603 2558 849 2616 utroque,
893 2540 1098 2610 scilicet
1150 2567 1214 2607 ex
1270 2553 1428 2608 Patre
1485 2569 1578 2623 per
1614 2553 1809 2610 Filium
1841 2556 2139 2612 eﬂ‘unditur

603 2638 852 2706 Spiritus.
906 2657 924 2690 ο
1526 2651 1541 2667 ο
2064 2652 2066 2654 '

610 2743 616 2748 '
675 2727 816 2780 Idem
863 2729 914 2780 in
943 2775 945 2778 τ
978 2730 1319 2794 expasiti'nne
1376 2732 1806 2788 anathemalismi
1867 2736 1992 2790 noni
2037 2737 2152 2790 ait:

614 2837 632 2869 ι
663 2818 944 2890 Proprium
973 2821 1175 2874 habens
1200 2818 1371 2873 Filius
1395 2820 1651 2888 Spiritum
1682 2833 1950 2890 sanctum,
1974 2826 2064 2895 qui
2087 2840 2154 2879 ex

610 2910 727 2975 ipso
753 2919 861 2973 est,
891 2919 944 2962 et
967 2909 1067 2978 ipsi
1094 2907 1454 2964 essentialiter
1483 2911 1675 2965 insitus
1695 2920 1806 2979 cst,
1833 2914 2011 2968 divina
2032 2930 2154 2975 ope-

610 3001 830 3053 rabatur
861 3002 1133 3055 tnirarula.
1187 3020 1204 3051 ι

680 3090 876 3146 Beatus
908 3109 1125 3162 quoque
1156 3095 1599 3167 Clirysostomus,
1631 3096 1849 3149 homilia
1878 3097 1931 3149 iu
1976 3097 2154 3151 incar-

2230 749 2312 783 σει
2340 730 2503 799 ίδικῇ,
2543 732 2635 783 καὶ
2661 731 2728 798 δὴ
2751 732 2946 786 νοεῖται
2978 727 3098 782 καθ’
3123 726 3250 780 αὐτὸ
3272 724 3402 778 καθὸ
3427 719 3654 786 Πνεῦμά
3679 721 3788 770 ἐστι

2228 820 2320 874 καὶ
2347 822 2443 889 οὐχ
2488 821 2635 884 Υίδς,
2672 821 2786 872 ἀλλ’
2809 819 2900 874 οὖν
2930 822 3072 872 ἐστιν
3090 819 3190 871 οὐκ
3214 816 3490 885 ἀλλότριον
3509 811 3606 865 τοῦ
3638 809 3782 862 Υῖοῦο

2228 909 2450 974 Πνεῦμα
2481 910 2591 979 γὰρ
2634 909 2884 977 ἀληθείας
2907 909 3234 978 ὠνόμασται,
3260 910 3351 960 καὶ
3373 905 3486 957 ἐστι
3509 901 3784 970 Χριστδςή

2243 1003 2484 1071 ἀλήθεια,
2509 1002 2604 1055 καὶ
2647 1001 3115 1069 προχεῖταινκπαρ⁹
3137 998 3327 1062 αὐτοῦ,
3369 995 3621 1062 καθάπερ
3655 991 3788 1058 ἀμέ-

2231 1094 2311 1146 λει
2337 1095 2428 1145 καὶ
2464 1095 2526 1145 ὲκ
2561 1094 2664 1145 τοῦ
2682 1092 2813 1150 Θεοῦ
2845 1095 2937 1146 καὶ
2980 1091 3210 1159 Πατρός.
3246 1109 3266 1142 δ
3297 1090 3370 1142 T6
3397 1089 3454 1142 δὲ
3487 1083 3789 1154 προχεῖται

2232 1181 2352 1235 ἀντὶ
2380 1183 2471 1234 τοῦ
2500 1183 2883 1250 ἐκπορεύεται
2925 1183 2953 1236 6
2983 1181 3300 1244 διδάσκαλος
3351 1180 3589 1247 τίθησιν,
3627 1176 3700 1238 ὡς
3738 1178 3795 1224 ὲν
3827 1205 3835 1208 η

2233 1278 2297 1343 τῇ
2341 1275 2597 1344 ιξηγήσει
2653 1275 2744 1328 τοῦ
2798 1275 2942 1329 Θείου
3012 1273 3288 1343 Συμϐόλου
3336 1275 3364 1326 6
3413 1270 3576 1329 αὐτὸς
3626 1267 3791 1331 λέγει,

2235 1368 2361 1421 ἔνθα
2386 1368 2550 1434 φησί’
2587 1365 2725 1421 «Καὶ
2755 1367 3068 1435 προχεῖται,
3103 1365 3270 1434 ἤγουν
3302 1360 3714 1428 ἐκπορεύεται..

2316 1458 2373 1508 Ὀ
2407 1458 2566 1518 αὑτός
2601 1458 2658 1508 ἑν
2691 1459 2754 1525 τῇ
2803 1455 3067 1525 ἑρμηνείᾳ.
3124 1458 3191 1522 τῇ
3219 1455 3322 1514 ,είς
3370 1453 3463 1504 τδν
3494 1451 3798 1518 προφήτην

2251 1547 2404 1618 ἰωὴλ
2443 1550 2534 1615 τῇ,
2583 1548 2806 1614 Ἐκχεῶ
2834 1547 2951 1600 ἀπὸ
3003 1545 3110 1599 τοῦ
3144 1545 3489 1613 Πνεύματός
3517 1557 3656 1608 μου.
3693 1557 3792 1606 φη-

2241 1640 2332 1695 σίν,
2351 1656 2364 1672 ·
2401 1661 2419 1692 ι
2451 1634 2650 1711 ⁷ῌιμὲν
2677 1640 2785 1710 γάρ
2814 1640 2928 1693 ἐστι
2956 1640 3087 1702 Θεὸς
3113 1640 3297 1693 mihi:
3325 1635 3458 1689 Θεοῦ
3484 1635 3622 1687 κατὰ
3642 1632 3799 1696 φύσιν

2241 1735 2269 1786 6
2298 1733 2446 1795 Υίδς,
2480 1733 2799 1802 γεγέννηται
2836 1733 2944 1799 γὰρ
2991 1730 3055 1783 ὲκ
3103 1728 3198 1782 τοῦ
3245 1725 3378 1780 Θεοῦ
3432 1727 3528 1778 καὶ
3565 1723 3792 1790 Πατρὸς,

2245 1824 2375 1877 ίδιον
2401 1824 2567 1876 αὑτοῦ
2597 1840 2655 1875 τε
2685 1823 2776 1875 καὶ
2804 1824 2860 1874 ὲν
2888 1822 3034 1887 αὐτῷ
3069 1821 3163 1873 καὶ
3198 1820 3254 1884 ὲξ
3284 1816 3446 1870 αὑτοῦ
3480 1816 3541 1868 τὸ
3570 1813 3796 1880 Πνεῦμα

2253 1918 2392 1977 ἑστι,
2422 1915 2668 1984 καθάπερ
2724 1915 2916 1981 ἀμέλει
2964 1914 3056 1964 καὶ
3105 1910 3192 1964 ἐπ’
3236 1909 3400 1962 αὐτοῦ
3450 1908 3656 1960 νοεῖται
3710 1903 3802 1957 τοῦ

2250 2005 2382 2059 Θεοῦ
2411 2007 2502 2057 καὶ
2541 2005 2770 2080 Πατρός.
2821 2028 2840 2056 ι
3038 2050 3079 2075 κν

2331 2097 2392 2149 ὐ
2434 2097 2594 2158 αὐτος
2624 2097 2678 2148 ὲν
2721 2097 2832 2156 τοῖς
2881 2094 3011 2161 πρός
3045 2090 3340 2144 Παλλάδιον
3375 2087 3810 2156 ’Δντιρῤητικοῖς

2252 2188 2390 2240 οὕτω
2419 2188 2565 2252 λέγει
2587 2202 2600 2214 ·
2638 2205 2656 2237 ι
2699 2185 2939 2254 Τρεπτδν
2966 2184 3021 2236 δὲ
3043 2183 3102 2235 οὗ
3130 2184 3212 2236 τοί
3239 2198 3341 2235 που
3365 2179 3592 2247 Πνεῦμά
3623 2179 3768 2230 ἐστιν
3791 2191 3805 2204 ’

2255 2279 2287 2346 ἢ
2319 2279 2475 2347 εἴπερ
2502 2278 2561 2329 τὸ
2589 2276 2883 2346 τρέπεσθαι
2920 2277 3086 2337 νοσεῖ,
3117 2273 3204 2326 ἐπ’
3228 2273 3399 2341 αὐτὴν
3426 2272 3454 2323 6
3485 2271 3678 2338 μῶμος
3709 2269 3808 2336 τὴν

2258 2369 2406 2426 θείαν
2429 2368 2818 2437 ἀναδραμεῖται
2849 2364 3026 2430 φύειν,
3061 2363 3218 2428 εἴπερ
3249 2361 3365 2413 ἐστὶ
3403 2357 3496 2411 τοῦ
3545 2357 3683 2410 Θεοῦ
3717 2363 3814 2408 καὶ

2256 2451 2486 2527 Πατρδς,
2523 2458 2615 2512 καὶ
2663 2457 2767 2526 μὴν
2828 2457 2921 2508 καὶ
2968 2453 3060 2507 τοῦ
3119 2451 3271 2515 Υἱοῦ,
3319 2450 3380 2502 1:6
3433 2448 3712 2509 οὖσιωὸὦς
3755 2448 3818 2507 ἐξ

2258 2557 2480 2622 ἀμφοῖν,
2521 2555 2690 2623 ἧγουν
2749 2553 2812 2604 ὲκ
2873 2548 3083 2618 Πατρδς
3134 2547 3200 2601 δι’
3252 2543 3380 2600 Υίοῦ
3439 2545 3811 2614 προχεόμενον

2261 2643 2500 2712 Πνεῦμα.
2540 2661 2558 2693 s
2803 2698 2808 2700 _
3003 2633 3008 2637 ’

2280 2788 2282 2791 ,
2338 2734 2399 2787 Ὀ
2428 2734 2587 2796 αὐτὸς
2627 2733 2684 2785 ὲν
2726 2715 2808 2800 τῇΔ
2835 2728 3091 2798 ἐξηγήσει
3143 2727 3237 2780 τοῦ
3279 2727 3502 2780 ἑννάτου
3533 2726 3819 2792 ἀναθεμα-

2259 2823 2450 2890 τισμοῦ
2499 2839 2661 2891 φησιν
2684 2840 2698 2854 ·
2737 2840 2756 2871 ι
2775 2821 2929 2874 Ἱδιον
2974 2821 3117 2889 ἔχων
3144 2820 3172 2870 6
3199 2817 3323 2877 Υίδς
3353 2818 3413 2868 τὸ
3444 2816 3501 2879 ἐξ
3527 2814 3694 2868 αὐτοῦ
3717 2814 3817 2865 καὶ

2259 2914 2528 2977 οὑσιωδῶς
2563 2913 2878 2981 ἐμπεφυκὸς
2921 2909 3066 2980 αὐτῷ
3097 2907 3314 2977 Πνεῦμα
3341 2907 3494 2973 ἅγιον
3522 2905 3818 2975 εἰργάζετο

2260 3007 2354 3066 τὰς
2388 3003 2728 3072 θεοσημείας.
2764 3021 2784 3054 ›

2329 3092 2708 3162 Χρυσόστομος
2755 3093 2808 3145 δὲ
2843 3095 2870 3145 6
2899 3091 3177 3161 ’μακάριος
3223 3093 3280 3142 ἐν
3308 3093 3371 3158 τῇ
3402 3090 3588 3160 ὁμιλίᾳ
3617 3093 3683 3158 τῇ
3730 3094 3816 3153 εἰς

610 3182 877 3236 nationem
907 3183 1139 3244 Domini,
1164 3187 1238 3239 ait
1269 3203 1282 3237 :
1323 3204 1341 3237 ι
1379 3184 1530 3240 Venit
1553 3187 1617 3238 ad
1644 3201 1741 3240 nos
1769 3186 2036 3253 Christus,
2067 3189 2153 3241 de-

2259 3185 2352 3250 τὴν
2400 3183 2802 3250 ἐνανθρώπησιν
2849 3183 2939 3234 τοῦ
2995 3182 3197 3250 Κυρίου
3252 3181 3413 3250 φησίν
3440 3199 3453 3212 ·
3495 3200 3513 3233 ι
3546 3177 3753 3234 τΠλθεν
3785 3184 3814 3233 6

611 3271 691 3324 dit
737 3273 895 3328 nobis
942 3272 1228 3342 Spiritum,
1283 3279 1376 3343 qui
1402 3292 1466 3330 ex
1491 3277 1608 3345 ipso
1635 3285 1739 3342 est,
1774 3288 1826 3329 et
1857 3277 2153 3346 assumpsit

2259 3275 2486 3341 Χριστὸς
2517 3275 2596 3336 είς
2639 3275 2808 3341 ἡμᾶς,
2837 3273 3032 3328 ἔδωκεν
3062 3276 3194 3344 ἡμῖν
3238 3274 3297 3326 τὸ
3338 3272 3396 3338 ἐξ
3423 3275 3592 3327 αὑτοῦ
3627 3274 3804 3328 Πνεῦ-

612 3379 807 3432 corpus
840 3375 1102 3419 nostrum.
1133 3387 1149 3417 ι
1181 3367 1318 3431 Quid
1348 3383 1506 3437 porro
1535 3368 1636 3422 sibi
1659 3369 1774 3422 vult
1795 3367 1944 3434 illud,
1973 3367 2072 3434 Qui
2091 3383 2153 3422 ex

2261 3383 2354 3435 μα,
2385 3367 2480 3419 καὶ
2506 3364 2724 3418 ἀνέλαϐε
2751 3365 2809 3422 τὺ
2836 3366 3096 3434 ἡμέτερον
3127 3369 3307 3432 σῶμα.
3340 3385 3359 3417 ι
3400 3367 3469 3418 Τὸ
3495 3366 3573 3431 δὲ,
3602 3367 3691 3430 Ἐξ
3717 3367 3820 3419 06-

615 3457 732 3523 ipso
769 3446 882 3523 est;
919 3459 1021 3512 nisi
1064 3459 1472 3530 Spit'itum,‘qut
1503 3462 1571 3514 ab
1602 3461 1717 3528 ipso
1752 3458 2012 3528 procedit,
2038 3475 2153 3514 esse

2259 3459 2372 3523 τοῦ,
2404 3459 2454 3510 τί
2505 3457 2696 3527 δηλοῦν
2731 3458 3057 3525 βούλεται,ἢ
3103 3459 3186 3510 ότι
3221 3457 3282 3510 τὸ
3326 3457 3383 3520 ἐξ
3431 3457 3600 3510 αὐτοῦ
3648 3460 3819 3510 ἑκτιοὲ

569 3554 572 3556 ⁷
617 3550 982 3602 ιιοιιὶενιίοιυιιι
1011 3552 1033 3602 τ
2266 3549 2547 3618 ρευόμενον
2584 3547 2806 3614 Πνεῦμα
2832 3547 3063 3610 δέδωκεν
3088 3547 3254 3614 msh;

698 3641 912 3694 Simeon
948 3650 1200 3709 praterea
1245 3657 1414 3696 novus
1444 3641 1742 3710 theologus,
1784 3641 1874 3710 qui
1910 3651 1964 3694 et
2002 3639 2153 3696 Meta-

2331 3641 2441 3694 Kal.
2465 3638 2695 3708 ’Σιμεὼν
2719 3638 2776 3690 δὲ
2802 3641 2829 3691 6
2855 3637 2983 3702 v60;
3015 3636 3282 3703 θεολόγος,
3313 3637 3341 3689 6
3387 3635 3480 3689 καὶ
3514 3637 3818 3705 Μεταφραο

618 3731 884 3797 phrastes,
910 3732 1098 3800 quinto
1115 3732 1294 3786 Nonas
1320 3729 1585 3797 Octobris,
1618 3732 1708 3785 ubi
1735 3733 1901 3786 sancti
1930 3731 2153 3802 Dionysii

2265 3732 2393 3801 στῆς
2425 3730 2772 3799 καλούμενος,
2808 3732 2872 3798 τῇ
2906 3730 3064 3800 τρίτῃ
3112 3730 3204 3782 τοῦ
3245 3728 3580 3798 Ὀκτωόρίου
3611 3731 3693 3791 είς
3723 3729 3818 3781 τὸν

619 3823 944 3892 Areopagitae
981 3823 1140 3877 vitam
1170 3824 1372 3888 scribit,
1423 3823 1500 3879 sic
1533 3824 1604 3877 ait
1633 3841 1647 3876 :
1674 3841 1693 3875 ι
1737 3821 1919 3893 Finem
1962 3824 2153 3877 habent

2265 3825 2377 3895 βίον
2419 3823 2512 3875 τοῦ
2549 3824 2702 3890 ἁγίου
2749 3820 3026 3875 Διονυσίου
3071 3821 3163 3874 τοῦ
3207 3822 3614 3889 Ἀρειοπαγίτου
3671 3821 3817 3873 οὕτω

625 3915 919 3982 corporalis
931 3913 1191 3965 adventus
1210 3912 1408 3990 officia,
1428 3923 1480 3966 et
1499 3923 1719 3965 sumunt
1734 3913 1941 3965 initium
1961 3913 2153 3980 spiritu

2264 3919 2457 3984 (pitrst
2486 3932 2502 3946 ο
2548 3933 2567 3965 ι
2605 3915 2779 3983 Πέρας
2808 3914 2873 3966 τὰ
2898 3914 2991 3980 τῆς
3020 3912 3335 3980 σωματικῆς
3377 3912 3640 3980 ὲνδημίας
3670 3911 3817 3979 δέκεο

619 3995 718 4064 Ιίιι;
753 4017 1010 4069 meusque
1031 3992 1291 4056 iit-caelum
1309 4003 1550 4055 evehitur
1572 3993 1839 4064 Christus,
1859 4013 1910 4056 et
1926 4004 2150 4070 patriam

2262 4019 2371 4064 ται,
2396 4002 2461 4054 τὰ
2485 4002 2541 4054 δὲ
2572 4001 2664 4053 τοῦ
2703 4005 3005 4068 πνεύματος
3030 4002 3276 4069 ἄρχεται·
3317 4001 3411 4053 καὶ
3436 4001 3514 4062 είς
3542 4001 3814 4069 οὐρανοὺς

624 4094 1031 4164 repetit-sedem,
1059 4093 1325 4161 mittitque
1345 4092 1618 4164 Spiritum,
1641 4095 1730 4162 qui
1756 4095 1823 4148 ab
1840 4095 1956 4162 ipso
1980 4109 2153 4163 proce-

2264 4095 2291 4145 6
2355 4092 2486 4161 ἐμὸς
2541 4091 2774 4159 Χριστὸς
2815 4092 3161 4161 ἀναφέρεται,
3215 4093 3349 4161 πρὸς
3385 4092 3492 4151 ,τὸν
3554 4093 3819 4159 πατρικὸν

620 4183 787 4248 dit,in
811 4169 1116 4250 discipulos,
1171 4184 1404 4238 utduces
1454 4185 1741 4238 incredulis
1801 4187 2047 4252 gentibus
2071 4187 2153 4239 lie-

2266 4185 2508 4238 ἐπάνεισι
2573 4185 2795 4250 Θρόνον,
2853 4185 2947 4236 καὶ
3022 4185 3083 4237 τδ
3143 4184 3574 4251 ἐκπορευόμενον
3647 4184 3817 4236 αὐτοῦ

621 4286 756 4328 rent.
779 4293 797 4326 ι
836 4274 909 4328 lta
939 4262 1128 4343 magno
1160 4275 1295 4341 patri
1325 4273 1706 4343 Cbrysustorno
1741 4291 1973 4330 consona
1991 4278 2153 4346 loqui-

2266 4275 2487 4343 Πνεῦμα
2533 4276 2730 4342 snt/1:?)
2781 4275 2889 4326 τῶν
2937 4274 3185 4326 ἀπίστων
3240 4272 3410 4324 ιονῶν
3461 4275 3818 4340 καταπέμπει

625 4375 730 4432 tur,
751 4365 875 4419 dum
914 4366 1009 4428 ait,
1027 4364 1287 4433 Spiritum
1306 4366 1395 4433 qui
1419 4366 1486 4419 ab
1503 4367 1620 4434 ipso
1639 4366 1900 4433 procedit.

2268 4368 2377 4426 τοῖς
2403 4364 2666 4434 μαθηταῖς
2712 4365 2900 4434 ὁδηγία
2930 4381 2943 4395 ·
2980 4381 3000 4416 s
3030 4364 3234 4434 συνῳδὰ
3284 4364 3456 4431 λέγων
3483 4364 3558 4432 τῷ
3603 4365 3820 4434 μεγάλῳ

2271 4457 2434 4526 πατρὶ
2481 4458 2870 4529 Χρυσοστόμῳ,
2934 4457 3102 4527 ἤγουν
3155 4457 3213 4510 τὸ
3267 4457 3699 4528 ἐκπορευόμενον
3763 4457 3822 4520 ἐξ

2269 4566 2456 4602 αυτου.

691 4628 886 4682 Beatus
915 4627 1095 4681 itidem
1122 4628 1465 4694 Epiphanius,
1500 4629 1659 4700 Cypri
1716 4633 2169 4701 archiepiscopus,

634 4721 848 4788 mutbo,
871 4719 1058 4788 inquit,
1077 4719 1128 4771 in
1144 4717 1512 4783 hominejusto
1531 4720 1845 4785 inhabitant,
1865 4722 2112 4778 Christus
2123 4734 2176 4779 et

626 4812 856 4880 Spiritus
890 4811 1026 4880 ejus:
1043 4811 1185 4881 quod
1219 4811 1261 4864 si
1277 4810 1524 4867 Christus
1540 4827 1602 4866 ex
1620 4811 1773 4867 Patre
1789 4814 2018 4868 creditur
2037 4815 2177 4871 Deus

625 4904 689 4956 de
709 4903 830 4966 Deo,
855 4902 1083 4970 Spiritus
1100 4918 1313 4972 quoque
1331 4911 1430 4956 erit
1448 4919 1474 4954 a
1491 4902 1723 4966 Christo,
1739 4905 1819 4958 vel
1837 4906 1905 4958 ab
1927 4918 2174 4975 utroque;

625 4993 1068 5061 quemadmodum
1090 4993 1312 5046 aﬂirmat
1336 4994 1601 5060 Christus,
1624 4996 1749 5048 dum
1773 4997 1880 5048 ait:
1906 4994 2056 5061 Quia
2080 4995 2161 5049 Pa

628 5095 703 5136 tre
729 5084 980 5150 procedit,
999 5097 1150 5153 atque
1180 5087 1254 5137 ita
1267 5101 1328 5136 ea:
1341 5101 1417 5137 me
1435 5083 1671 5163 accipiet.
1705 5103 1724 5136 ι
1749 5063 1811 5138 Et
1828 5086 1878 5138 in
1902 5067 2188 5163 Ancorato:

635 5193 652 5224 ι
679 5174 1137 5238 Quemadmodum
1162 5189 1317 5227 nemo
1339 5157 1498 5228 novit!
1519 5173 1729 5229 Patrem
1748 5175 1852 5230 nisi
1874 5176 2063 5243 Filius,
2087 5157 2181 5231 ne;

629 5278 732 5330 que
753 5265 940 5316 Filium
975 5265 1074 5317 nisi
1109 5265 1282 5326 Pater;
1307 5265 1375 5316 ita
1394 5264 1572 5317 dicere
1588 5264 1779 5331 audeo,
1803 5283 1976 5336 neque
2014 5268 2185 5337 Spiri-

632 5362 742 5406 tum
774 5351 874 5405 nisi
922 5352 1076 5404 Pater
1107 5363 1156 5405 et
1189 5352 1373 5417 Filius,
1398 5369 1425 5405 a
1463 5367 1571 5421 quo
1611 5356 1865 5421 procedit,
1905 5367 1958 5411 et
1999 5372 2028 5411 a
2073 5373 2180 5426 quo

630 5441 843 5512 accipit,
875 5451 1048 5496 etnec
1078 5442 1267 5495 Filium
1299 5450 1352 5493 et
1377 5443 1588 5495 Patrem
1625 5445 1726 5500 nisi
1782 5445 2013 5515 Spiritus
2055 5463 2181 5501 san-

637 5542 776 5598 ctus,
804 5532 893 5601 qui
925 5532 1080 5586 docet
1105 5532 1285 5586 omnia
1316 5540 1370 5587 et
1404 5545 1525 5586 rere
1581 5532 1859 5600 clariﬁcat,
1899 5539 1986 5605 qui
2022 5547 2105 5591 est
2147 5552 2178 5592 α

632 5619 790 5676 Patre
819 5631 870 5675 et
899 5622 1053 5676 Filio.
1087 5641 1107 5674 ι
1143 5622 1206 5676 Ει
1232 5621 1570 5692 pauloinira:
1598 5640 1616 5672 ι
1643 5621 1877 5691 Spiritus
1904 5639 2080 5683 autem
2110 5643 2172 5683 ex

636 5712 792 5766 Patre
818 5722 870 5766 et
903 5712 1037 5767 Filio
1067 5715 1320 5782 spiratur.
1374 5733 1392 5766 ι

716 5825 757 5857 ⁸⁵
781 5827 966 5884 Matth.
992 5847 1044 5893 χ,
1069 5832 1161 5885 '57.
1235 5833 1274 5864 “’
1310 5830 1423 5887 Jocl
1446 5849 1501 5901 ιι,
1534 5833 1623 5890 28.

2348 4640 2662 4708 Ἐπιφάνιος
2708 4641 2763 4694 δδ
2817 4639 3243 4709 ἀρχιεπίοκοπος
3290 4639 3518 4706 Κύπρου
3562 4641 3592 4690 6
3646 4639 3821 4703 μακά⁸

2271 4748 2402 4800 ριος,
2435 4749 2453 4781 ι
2504 4733 2806 4799 Ἀμφότερα
2839 4735 3098 4793 κατοικεῖ,
3126 4732 3307 4798 φησὶν,
3339 4732 3395 4781 ὲν
3434 4729 3510 4795 τῷ
3551 4727 3823 4795 ἀνθρώπῳ

2271 4818 2346 4886 τῷ
2369 4819 2579 4885 δικαίῳ,
2618 4821 2646 4871 ὀ
2681 4819 2910 4888 Χριστὸς
2944 4819 3125 4872 καὶτὸ
3167 4817 3386 4884 Πνεῦμα
3427 4817 3610 4869 αὑτοῦ.
3660 4817 3720 4867 Εἰ
3763 4816 3819 4868 δὲ

2275 4910 2507 4976 Χριστὸς
2535 4912 2596 4962 ὲκ
2631 4909 2720 4962 τοῦ
2751 4911 2957 4977 Πατρὸς
3013 4902 3502 4971 πιστεύεταυθεῖς
3549 4911 3611 4961 ὲκ
3641 4894 3820 4969 Θετῦ,

2282 5002 2373 5052 καὶ
2403 5001 2462 5053 τὸ
2493 5002 2715 5069 Πνεῦμα
2742 5002 2803 5054 ὲκ
2833 5001 2925 5054 τοῦ
2961 5003 3218 5070 Χριστοῦ,
3246 5002 3276 5072 ἢ
3313 5002 3441 5069 παρ’
3474 5002 3820 5071 ἀμφοτέρων,

2282 5090 2356 5154 ὥς
2384 5109 2546 5161 φησιν
2578 5094 2605 5144 6
2636 5095 2867 5162 Χριστός
2891 5108 2905 5123 ο
2947 5096 3015 5146 Ὃ
3041 5095 3199 5161 παρὰ
3242 5094 3347 5147 τοῦ
3390 5094 3619 5159 Πατρός
3646 5092 3824 5143 ἐκπο-

2275 5185 2528 5250 ρεύεται.
2552 5184 2648 5238 καὶ
2676 5185 2860 5250 οὕτως
2881 5185 2948 5250 ἐξ
2979 5186 3122 5254 ἐμοῦ
3153 5186 3432 5252 λήψεται.
3463 5202 3481 5234 ι
3514 5184 3624 5236 Καὶ
3652 5183 3708 5232 ἐν
3748 5182 3822 5250 τῷ

2296 5275 2625 5344 Ἆγκυρωτῷ
2649 5291 2664 5307 ⁸
2705 5295 2723 5328 ι
2762 5278 2857 5329 Ὃν
2885 5278 3083 5346 τρόπον
3116 5277 3287 5338 οὐδεὶς
3312 5275 3450 5343 ἔγνω
3482 5265 3572 5326 τὸν
3610 5273 3826 5340 Πατέρα

2284 5367 2331 5418 εί
2363 5367 2436 5436 μὴ
2463 5369 2491 5419 6
2533 5367 2678 5432 Υίδς,
2709 5367 2829 5421 οὐδὲ
2869 5359 2959 5420 τὸν
2993 5367 3120 5419 Υίδν
3164 5367 3214 5420 εί
3267 5366 3340 5436 μὴ
3369 5367 3396 5418 6
3438 5365 3650 5432 Πατὴρ,
3677 5363 3820 5416 οὕτω

2281 5457 2461 5526 τολμῶ
2489 5458 2690 5521 λέγειν,
2716 5458 2833 5510 οὐδὲ
2855 5457 2915 5509 τὸ
2941 5456 3162 5524 Πνεῦμα
3197 5457 3247 5508 εί
3279 5454 3352 5526 μὴ
3387 5457 3415 5508 6
3446 5455 3633 5525 Πατὴρ
3671 5456 3765 5506 καὶ
3796 5455 3822 5505 6

2284 5546 2428 5612 Υίδς,
2457 5549 2586 5618 παρ’
2613 5547 2673 5601 οῦ
2722 5545 3078 5614 ἐκπορεύεται
3128 5548 3222 5600 καὶ
3267 5548 3392 5616 παρ’
3423 5545 3483 5600 οῦ
3530 5543 3815 5614 λαμϐάνει⁸

2283 5639 2376 5690 καὶ
2407 5639 2528 5692 οὐδὲ
2559 5638 2651 5691 τὸν
2682 5638 2808 5690 Υίδν
2833 5637 2923 5688 καὶ
2950 5636 3038 5689 τὸν
3068 5637 3280 5706 Πατέρα
3315 5639 3360 5689 εί
3400 5637 3474 5707 μὴ
3497 5640 3557 5689 τὺ
3587 5633 3815 5701 Πνεῦμα

2283 5729 2340 5779 τὸ
2368 5728 2543 5796 ἅγιον,
2573 5729 2631 5781 τὸ
2667 5727 2914 5782 διδάσκον
2943 5730 3137 5797 πάντα,
3165 5729 3223 5783 τὸ
3267 5730 3487 5797 δοξάζον
3536 5725 3768 5798 ἀληθῶς.
3790 5724 3818 5774 δ
