4006 6340
169 403 301 468 1061

1180 408 1623 471 REFUTATIO
1663 406 1902 497 MARCl
1959 404 2291 466 EPHESIN
2300 403 2346 467 Ι.

3237 395 3371 459 1002

165 522 375 584 σαίνεις
404 521 501 589 τὴν
527 522 696 588 τάξιν,
743 522 876 592 άλλη
905 524 1011 593 γάρ
1039 524 1188 577 ἐστιν
1215 527 1247 595 η
1294 523 1538 594 ἡμετέρα
1583 540 1718 592 συμο

1827 537 1918 574 nos
1941 521 2196 576 convenit
2240 529 2406 589 atque
2437 517 2699 582 tu,lacis;
2734 513 2971 570 nondum
3005 515 3162 568 finem
3189 513 3375 568 habuit

166 609 363 674 φωνία,
392 611 483 661 καὶ
519 609 693 671 ἄλλως
726 614 894 676 ποιεῖς
919 629 933 643 ·
963 613 1040 664 ἔτι
1073 614 1131 665 τὸ
1159 613 1249 666 τοῦ
1293 614 1529 681 μεγάλου
1555 613 1719 667 Βισιο

165 696 313 748 λείου
342 698 504 765 ῥητὸν
531 698 631 751 οὐκ
664 699 820 752 ἔλασε
852 701 1035 767 τέλος,
1069 703 1164 754 καὶ
1204 703 1267 754 σὺ
1308 702 1609 772 προέφερες
1639 703 1718 762 εἰς

169 791 334 856 μέσον
362 789 527 854 ἀλλας
559 792 840 856 ὑποθέσεις
887 795 983 846 καὶ
1022 793 1154 847 ἄλλα
1183 795 1453 863 κεφάλαια
1494 793 1598 860 ἔξω
1627 793 1718 846 τοῦ

165 885 552 951 προκειμένου,
587 884 873 950 δ;ὄάσκων,
924 885 999 949 ὡς
1048 885 1214 950 ἔοικε,
1266 888 1389 950 τοὺς
1420 887 1716 958 ἀκροατάς.

165 973 310 1038 Λέγε
346 972 537 1026 λοιπὸν.
569 977 798 1046 μακρὸν,
849 977 970 1030 ὅσον
1001 977 1064 1031 ἂν
1118 979 1276 1041 αὐτὸς
1312 979 1499 1048 βούλῃ’
1535 977 1720 1046 ἐπειδὴ

167 1062 281 1129 ἐγὼ
313 1065 411 1116 οὐκ
447 1063 556 1133 ἔχω
595 1067 799 1119 τιθέναι
833 1084 914 1119 σοι
943 1067 1127 1136 νόμον,
1151 1067 1267 1123 ἀλλ’
1299 1071 1326 1120 6
1357 1069 1720 1137 γαληνότατος

169 1151 448 1221 βασιλεύς.
491 1157 680 1225 Ὅμως
734 1158 842 1225 ἐγὼ
875 1160 1101 1228 τηρήσω
1148 1159 1247 1228 τὴν
1276 1163 1576 1228 σεμνότητα
1630 1161 1720 1211 καὶ

164 1243 268 1312 τὴν
300 1245 453 1309 τάξιν
479 1247 587 1300 τῶν
629 1249 935 1320 διαλέξεων,
991 1251 1086 1303 καὶ
1133 1252 1385 1304 οὐδέποτε
1417 1251 1715 1320 ἀποκριθήο

167 1350 339 1401 σομαι
369 1337 449 1398 εἰς
477 1336 575 1390 ὅσα
608 1337 805 1405 λέγεις,
842 1338 950 1391 ἔστ’
975 1339 1052 1392 ἂν
1085 1339 1425 1410 ἀπολογηθῇς
1458 1344 1598 1394 κατὰ
1625 1345 1715 1395 τά-

167 1421 254 1485 ξιν
285 1423 396 1476 τῶν
421 1427 894 1496 προκομισθέντων
940 1430 1139 1499 ῥητῶν,
1173 1430 1291 1481 καθ’
1341 1430 1399 1482 ὃν
1422 1433 1716 1502 [ἠρξάμεθα

164 1514 370 1582 τρόπον
395 1515 494 1583 τῆς
515 1517 821 1582 διαλέξεως,
856 1522 1002 1584 ὅπως
1039 1523 1453 1591 σαφηνισθέντος
1477 1523 1569 1575 τοῦ
1600 1524 1718 1586 ἑνὸς

163 1605 464 1674 ἀρξώμεθα
493 1607 588 1659 τοῦ
637 1609 846 1676 ἑτέρου.
915 1612 1180 1676 ’Δκούσας
1211 1613 1304 1667 οὖν
1332 1615 1502 1667 ταῦτα
1529 1616 1720 1683 ἐπιλη-

164 1699 266 1765 ψία
315 1701 547 1769 κατέσχε
602 1719 682 1766 σε,
737 1706 830 1756 καὶ
881 1708 1323 1778 ἐστενοχωρήθης
1367 1708 1539 1760 ιλθεῖν
1584 1707 1762 1761 κατά

169 1791 368 1872 πεῦσιν
398 1795 488 1845 καὶ
514 1794 807 1862 ἀπόκρισιν
831 1797 938 1848 τῶν
988 1799 1187 1866 ῥητῶνο
1213 1799 1330 1852 καῖ’
1358 1800 1519 1860 εὐθὺς
1569 1797 1724 1862 ὀλίγα

163 1882 361 1945 εἰπὼν,
389 1884 625 1948 Σέκουλα
671 1887 1055 1957 σεκουλώρουμ
1102 1888 1356 1960 ἐϐόησας,
1389 1891 1635 1944 τουτέσιν
1662 1892 1719 1942 οὑ

165 1974 430 2043 βούλομαι
465 1966 546 2028 ἔτι
570 1976 767 2044 λέγειν,
794 1977 944 2041 τέλος
970 1979 1222 2048 ἐποίησα.
1254 1980 1416 2036 Ὀθεν
1447 1982 1541 2034 καὶ
1566 1983 1593 2034 ό
1627 1998 1726 2051 μα-

171 2067 514 2135 καριώτατος
583 2067 812 2131 πάππας
869 2069 1057 2138 ἔφησεο
1093 2071 1308 2124 Δίκαιόν
1359 2073 1550 2136 ἐστιν,
1604 2072 1726 2124 ἐπεὶ

165 2151 324 2219 εἶπες
352 2158 736 2234 ὅσακεχρῃζες,
772 2160 840 2212 ἵν’
860 2161 1202 2230 ἀπολογηθῇς
1235 2163 1328 2214 καὶ
1350 2163 1430 2225 είς
1453 2163 1522 2215 τά
1540 2161 1726 2215 τελευ-

163 2250 297 2302 ταῖα
332 2248 573 2302 Ἰωάννου
596 2251 688 2303 τοῦ
714 2252 1164 2320 προσιντζιαλίου.
1185 2254 1275 2324 Μὴ
1292 2253 1532 2315 θέλοντος
1552 2254 1608 2307 δέ
1631 2271 1724 2308 σου

163 2340 558 2411 ἀποκριθῆναι,
580 2340 696 2394 ἀλλ’
723 2342 1193 2412 όλίγουςοεὶπόντος
1207 2346 1417 2414 λόγους,
1434 2346 1726 2415 στρεδλοὺς

168 2433 271 2483 καὶ
299 2430 723 2501 διεφθαρμένους
767 2435 883 2486 καὶ.
910 2434 1014 2500 ἔξω
1041 2436 1134 2488 τοῦ
1159 2438 1539 2507 προκειμένου,
1563 2438 1725 2507 ἐλύθη

163 2522 204 2590 ἡ
238 2525 567 2588 συνέλευσις,
589 2527 680 2578 καὶ
699 2524 859 2578 πλέον
874 2528 973 2579 οὐκ
994 2527 1259 2598 ἠθέλησας
1281 2529 1572 2583 συνελθεῖν.
1591 2530 1728 2583 Και-

163 2614 264 2664 νὺν
294 2612 350 2664 δὲ
379 2613 470 2664 καὶ
517 2616 965 2686 ἀπηγορευμένον
1010 2619 1072 2671 τὸ
1099 2619 1209 2672 τῶν
1255 2619 1500 2674 Λατίνων
1549 2621 1726 2690 δόγμα

161 2703 297 2756 οὔτε
331 2706 435 2772 μὴν
464 2705 670 2772 ἔδειξας
693 2707 815 2762 οὕτε
848 2711 1042 2777 δείξεις
1074 2712 1228 2777 ποτὶ,
1263 2711 1385 2766 οὔτε
1411 2715 1474 2768 σὺ
1499 2713 1614 2768 οὔτ’
1634 2715 1729 2768 ἀλ-

164 2795 262 2858 λος
292 2811 376 2855 τις
410 2796 737 2867 ὑψηλότερός
765 2817 857 2852 σου
889 2803 982 2856 καὶ
1025 2803 1369 2874 λογιώτερος
1406 2805 1570 2858 ὅτιού
1605 2823 1727 2860 και-

165 2887 264 2940 νὸν
288 2887 444 2939 τοῦτο
467 2889 526 2940 τὸ
554 2888 728 2960 δόγμα
754 2892 1010 2962 ὑπάρχει,
1043 2895 1157 2946 ἀλλ’
1187 2895 1294 2947 ἀπὸ
1344 2895 1442 2970 τῆς
1472 2896 1725 2961 δευτέρας
1755 2943 1762 2950 .

169 2980 398 3034 συνόδου
426 2981 543 3033 ιστί
573 2998 631 3034 τε
660 2983 754 3034 κα)⁹
788 2982 1050 3052 ψάλλεται
1081 2986 1137 3037 ἑν
1159 2988 1226 3056 τῇ
1286 2985 1564 3058 Ῥωμαϊκῇ
1612 2989 1730 3041 Ἐκ-

166 3073 402 3143 κλησίᾳ*
431 3073 553 3127 οὐδὲ
578 3075 863 3128 Λατινικόν
887 3077 1001 3128 ἐστι
1029 3076 1061 3145 ἢ
1095 3077 1408 3147 Γραικικδν,
1444 3078 1504 3130 οὐ
1539 3079 1646 3147 γὰρ
1672 3081 1728 3132 ὲν

1821 612 2005 669 Basilii
2039 612 2212 683 Magni
2258 611 2485 674 dictum,
2536 619 2590 664 et
2644 620 2696 662 tu
2727 608 2830 662 alia
2864 607 2917 661 in
2951 604 3185 660 medium
3217 621 3376 672 argu-

1803 713 2004 760 menta
2033 702 2329 771 protulisti,
2355 709 2408 755 et
2433 699 2536 754 alia
2567 706 2720 754 extra
2751 713 2861 753 rem
2883 698 3058 766 capita
3082 696 3149 751 ad
3179 698 3376 752 docen—

1817 793 1933 858 dos,
1967 803 2025 848 ut
2058 795 2278 855 videris,
2308 791 2604 846 auditores.
2629 789 3096 858 Sermonem'ergo
3117 786 3375 857 protralte

1817 893 2078 954 quantum
2107 883 2351 945 libuerit,
2387 896 2513 936 nam
2543 895 2642 951 ego
2695 880 2790 935 tibi
2827 879 2996 948 legem
3043 893 3243 948 ponere
3269 894 3374 932 non

1818 992 2080 1047 possum,
2133 975 2230 1030 sed
2287 973 2586 1042 imperator
2660 972 3076 1028 serenissimus.
3139 969 3372 1025 Servabo

1823 1078 2002 1122 tamen
2054 1067 2170 1135 ipse
2227 1065 2548 1120 modestiam
2601 1074 2653 1118 et
2700 1062 3086 1131 disputationis
3113 1062 3370 1122 modum,

1823 1174 2002 1214 neque
2026 1158 2193 1212 ullum
2233 1157 2299 1211 ad
2331 1170 2668 1226 quaecunque
2698 1156 2833 1210 dicis
2856 1167 3174 1223 responsum
3210 1151 3371 1213 dabo,

1818 1250 1988 1303 donec
2016 1247 2326 1302 satisfacias
2356 1262 2421 1301 eo
2454 1261 2562 1316 quo
2592 1247 2794 1315 prolata
2838 1252 2966 1299 sunt
2991 1243 3178 1299 ordine
3204 1241 3371 1306 dicta,

1819 1350 1872 1395 et
1889 1342 2174 1395 observata
2193 1339 2330 1408 lege,
2347 1352 2452 1407 qua
2472 1337 2892 1406 disputationem
2909 1352 3101 1392 sumus.
3115 1333 3373 1405 aggressi,

1779 1493 1782 1495 Α
1822 1439 1878 1483 ιιι
1906 1430 2191 1494 explanate
2222 1442 2330 1483 uno
2359 1436 2700 1482 transeamus
2724 1427 2789 1480 ad
2839 1426 3021 1501 aliud.
3059 1424 3269 1491 Quibus
3316 1435 3372 1478 ιιι

1820 1521 2022 1577 auditis
2057 1527 2277 1588 stupore
2309 1532 2606 1588 Oppressus
2638 1532 2721 1580 es,
2752 1525 2806 1571 et
2834 1526 3059 1571 coactus
3111 1513 3377 1569 deveniin

1821 1613 1888 1667 ad
1917 1613 2188 1667 concisam
2219 1611 2579 1679 interrogandi
2607 1621 2663 1666 et
2683 1608 3043 1678 respondendi
3079 1608 3364 1661 rationein.

1822 1701 2054 1757 Proinde
2089 1701 2277 1769 paucis
2308 1701 2468 1756 dictis
2499 1699 2850 1754 exclamasti:
2903 1697 3110 1753 Saecula
3151 1697 3377 1752 saeculo-

1827 1808 1946 1847 rum
1967 1832 1982 1858 ,
2021 1795 2121 1847 hoc
2150 1805 2254 1858 est,
2281 1792 2405 1846 nolo
2427 1792 2563 1846 ultra
2584 1791 2862 1860 disputare
2886 1807 2899 1855 ;
2928 1790 3037 1860 jam
3059 1788 3160 1843 feci
3190 1789 3375 1842 linem.

1828 1885 2188 1950 Quamobrem
2219 1884 2565 1938 beatissimus
2615 1895 2750 1951 papa
2799 1880 2969 1937 dixit:
3004 1878 3241 1950 Equum
3271 1889 3381 1945 est,

1824 1983 1886 2029 ut
1913 1977 2128 2044 quando
2159 1984 2212 2029 tu
2249 1988 2370 2049 quae
2426 1974 2481 2027 in
2513 1987 2625 2027 rem
2668 1982 2814 2025 tuam
2850 1977 3005 2024 erant
3053 1970 3266 2033 dixisti,
3296 1985 3384 2024 rc—

1825 2066 2280 2137 spondeas-etiam
2315 2065 2381 2120 ad
2410 2079 2472 2118 ea
2520 2078 2640 2132 quae
2672 2077 2948 2131 postremo
2983 2062 3118 2116 dixit
3142 2061 3383 2117 Joannes

1825 2157 2194 2229 provincialis.
2227 2156 2309 2211 'l‘u
2336 2170 2466 2210 vero
2498 2155 2832 2224 respondere
2881 2154 3099 2224 quidem
3137 2152 3380 2218 noluisti,

1825 2251 1921 2306 sed
1951 2249 2372 2319 panca|distorta
2403 2257 2458 2302 et
2480 2261 2644 2312 prava
2676 2245 2922 2316 nihilque
2952 2246 3019 2300 ad
3053 2261 3161 2300 rem
3182 2245 3383 2299 facien-

1827 2340 1900 2394 tia
1935 2339 2153 2404 dixisti;
2205 2351 2257 2393 et
2291 2338 2463 2392 sessio
2496 2337 2720 2391 dimissa
2756 2346 2876 2402 est;
2936 2351 3110 2407 neque
3153 2335 3386 2409 amplius

1827 2431 1893 2485 ad
1916 2431 2208 2484 concilium
2237 2429 2422 2483 venire
2452 2427 2691 2482 voluisti.
2723 2427 2851 2482 Esse
2887 2442 3050 2497 porro
3103 2443 3300 2482 novum
3326 2435 3382 2481 et

1827 2508 2143 2573 damnatum
2193 2517 2512 2583 Latinorum
2568 2516 2764 2587 dogma
2811 2530 2913 2570 nec
2969 2515 3234 2594 probast},
3283 2529 3383 2568 nec

1828 2612 2081 2682 probabis
2109 2624 2348 2679 unquam
2382 2609 2465 2663 vel
2500 2620 2577 2672 tu,
2604 2609 2685 2663 vel
2713 2607 2890 2676 quivis
2917 2607 3058 2661 alius
3087 2615 3137 2662 te
3169 2607 3380 2663 doctior

1829 2713 1882 2776 et
1912 2702 2232 2765 sublimior;
2266 2714 2388 2753 nam
2409 2698 2608 2769 dogma‘
2632 2699 2735 2752 hoc
2762 2713 2869 2754 non
2903 2706 2985 2753 est
3009 2713 3232 2759 novum,
3258 2713 3381 2752 cum

1831 2806 2002 2861 usque
2034 2806 2062 2843 a
2092 2789 2327 2845 secunda
2362 2789 2570 2859 synodo
2597 2789 2666 2844 sit
2693 2799 2746 2843 et
2777 2796 3024 2843 cantetur
3053 2789 3108 2842 in
3137 2788 3381 2843 Romana

1830 2883 2069 2939 Ecclesia
2096 2900 2110 2948 ;
2146 2897 2322 2953 neque
2346 2882 2540 2953 dogma
2573 2879 2998 2938 Latinorum'est
3030 2891 3122 2934 aut
3166 2881 3379 2936 Graecoe

1832 2989 1983 3040 rum;
2021 2974 2155 3028 ﬁdes
2183 2973 2328 3028 enim
2382 2988 2488 3029 non
2519 2980 2603 3029 est
2624 2974 2884 3043 partium,
2922 2973 3014 3028 aed
3051 2972 3387 3028 Christiano—

1832 3080 1975 3128 rum,
2008 3064 2273 3134 siquidem
2304 3079 2496 3120 omnes
2525 3073 2632 3118 tam
2665 3059 2837 3120 Graeci
2891 3078 3052 3132 quam
3086 3062 3258 3117 Latini
3284 3063 3386 3116 do-

168 3139 340 3234 μέρει
353 3139 400 3234 Ῠή
428 3166 632 3231 πίστις,
681 3167 819 3220 ἀλλὰ
872 3139 1281 3238 Χριστιανικόνσ
1315 3139 1515 3232 πάντες
1679 3172 1726 3222 οί

1833 3167 2014 3212 ctorcs
2053 3157 2125 3210 ita
2156 3157 2433 3211 sentiunt:
2470 3155 2575 3210 nisi
2629 3155 2760 3211 velis
2796 3169 2966 3222 usque
2995 3139 3129 3208 adeo
3155 3152 3393 3208 stolidus

161 3257 484 3310 διδάσκαλοι
509 3257 732 3327 Γραικοὶ
763 3261 851 3311 καὶ
884 3261 1102 3312 Λατῖνοι
1129 3260 1188 3312 τὸ
1230 3257 1362 3313 αὐτὸ
1403 3263 1688 3331 φρονοῦσιν
1714 3277 1727 3291 ·

165 3346 228 3400 ει
279 3346 356 3415 μὴ
393 3345 647 3399 τοσοῦτον
692 3347 1040 3411 ἀτοπώτατος
1091 3349 1267 3417 βούλει
1303 3351 1560 3420 φανῆναι.
1595 3351 1732 3403 ὣστε

169 3439 422 3500 καὶτοὺς
451 3438 796 3502 ἀνατολικοὺς
831 3440 1018 3505 ἁγίους
1053 3442 1148 3494 καὶ
1192 3441 1547 3506 διδασκάλους
1576 3444 1734 3496 Λατί-

165 3547 304 3593 νους
336 3529 650 3584 ἀποκαλεῖν.

449 3632 452 3635 ·
866 3624 1054 3679 ΕΦΕΣ.

259 3714 390 3768 Ἐπὶ
422 3713 631 3776 τούτοις
664 3714 932 3768 κατέλυσα
953 3719 1052 3780 τὰς
1077 3719 1213 3786 πρὸς
1256 3719 1454 3783 αὐτοὺς
1495 3718 1732 3789 ὁμιλίας,

164 3809 203 3879 ἦ
229 3806 435 3877 μηκέτι
462 3805 872 3859 συνελεύσεσθαι
920 3809 1039 3874 μετ’
1071 3807 1251 3862 αὐτῶν
1275 3849 1291 3874 ,
1326 3811 1358 3880 ἢ
1411 3811 1542 3878 γοῦν
1573 3811 1736 3872 αὐτὸς

167 3900 484 3969 σιωπήσειν
529 3898 1001 3968 βεϐαιωσάμενος.
1049 3901 1190 3952 Ἀλλ’
1239 3903 1433 3954 ἐκεῖνοι
1460 3919 1734 3972 προσεκα-

164 3996 369 4047 λοῦντο
396 3993 522 4054 τοὺς
547 3993 847 4063 ἡμετέρους
877 3994 1100 4056 ἑκόντας
1133 3993 1365 4057 ἄκοντας
1395 3994 1478 4057 είς
1499 3993 1598 4062 τὴν
1626 3995 1735 4047 τῶν

165 4085 489 4154 εἰρημένων
523 4083 859 4154 ἀντίρρησιν·
892 4086 986 4136 καὶ
1018 4083 1175 4136 τοῦτο
1204 4083 1635 4154 διαπραξάμενοι
1661 4085 1736 4156 μὴ

164 4180 450 4247 παρόντος
472 4175 604 4244 ἐμοῦ
634 4175 722 4229 διὰ
760 4176 858 4244 τὴν
887 4176 1192 4239 ἀσθένειαν,
1223 4175 1318 4229 δύο
1346 4177 1545 4247 ἑφεξῆς
1579 4195 1738 4230 συνε-

165 4269 399 4331 hem;
434 4267 918 4337 ἀνήλωσανινιῡτοὶ
972 4267 1123 4337 μόνοι
1178 4267 1451 4336 λέγοντες,
1510 4269 1737 4339 μηδενὸς

161 4361 639 4428 ἀπολογουμένου.

224 4462 237 4471 ·
862 4451 1065 4505 ΑῙΙΟΛ.

261 4540 326 4593 Ὅ
353 4539 557 4602 δίκαιος
594 4540 750 4608 λόγος
792 4542 1010 4611 ἀπῄτει,
1059 4541 1245 4610 ἐπειδὴ
1291 4541 1355 4593 σὺ
1386 4540 1492 4592 ἀπὸ
1539 4541 1735 4610 μέρους

162 4633 290 4687 τῶν
313 4630 561 4700 Γραικῶν
595 4628 770 4694 εἶπες,
799 4631 895 4683 καὶ
944 4629 1085 4682 οὕτω
1129 4631 1372 4700 μακροὺς
1416 4631 1734 4693 κατέτεινας

160 4723 397 4788 λόγους,
431 4719 495 4772 ἶν’
530 4719 769 4792 ἀκούσης
794 4722 886 4773 καὶ
914 4723 1009 4783 τὰς
1039 4721 1378 4791 ἀποκρίσεις.
1410 4721 1486 4775 Οὐ
1523 4722 1631 4792 γὰρ
1654 4722 1734 4774 δί-

162 4808 467 4893 καιονβὸχ
484 4808 860 4878 διαλεγόμενον
881 4811 1038 4879 μόνον
1061 4810 1240 4878 λέγειν
1260 4809 1380 4878 μὶν,
1396 4810 1496 4864 οὐκ
1516 4809 1736 4864 ἀκούειν

159 4903 231 4955 δὲ
263 4903 359 4954 καὶ
387 4900 481 4952 τοῦ
504 4901 927 4970 ἀποκρινομένου
950 4941 963 4956 .
1001 4903 1109 4955 Καὶ
1147 4902 1212 4955 σὺ
1260 4904 1358 4971 μὶν
1383 4902 1464 4969 τὺ,
1497 4901 1735 4957 Σέκουλα

163 4988 592 5056 ακουλὼρουμ,
618 4989 816 5053 είπὼν,
855 4976 1163 5060 αἰσχυνθεὶς
1213 4994 1284 5062 τῇ
1335 4971 1731 5062 στενοχωέήσει

157 5080 277 5136 τοῦ
310 5078 424 5147 φρά
464 5078 708 5130 Ἰωάννου
745 5080 1119 5150 ἀνεχώρησας,
1169 5085 1265 5133 καὶ
1303 5082 1488 5134 οὐκέτι
1513 5082 1735 5135 ἐδούλου

164 5169 484 5228 συνελθεῖν*
512 5171 560 5221 οί
605 5169 663 5222 δὲ
703 5171 922 5222 Λατῖνοι
970 5172 1068 5222 οὐκ
1112 5172 1390 5240 ἠνείχοντο
1435 5171 1732 5241 σιωπῆσαι,

162 5267 282 5322 καὶ
304 5263 417 5324 τοῖς
441 5263 552 5323 σοῖς
568 5260 749 5328 λόγοις
771 5260 845 5330 μὴ
862 5261 1042 5314 δοῦναι
1071 5263 1383 5328 ἀπολογίαν.
1417 5262 1583 5315 Ὀθεν
1605 5265 1736 5316 ικά-

161 5359 316 5410 λουν
359 5351 654 5407 κανονικῶε
703 5353 848 5420 ὑμᾶς
904 5351 1175 5407 συνελθεῖν
1228 5353 1321 5404 καὶ
1363 5354 1590 5406 ἀκουσαι
1640 5356 1737 5419 τὰς

161 5444 508 5511 ἀποκρίσεις
534 5440 641 5496 τῶν
673 5443 868 5512 λόγων.
903 5448 1010 5500 Καί
1034 5463 1125 5499 σου
1157 5443 1254 5515 μὲν
1289 5445 1362 5513 μὴ
1412 5445 1736 5515 βουλομένου

161 5535 479 5597 συνελθεῖν,
511 5537 538 5586 6
567 5533 821 5603 βασιλεύς
866 5555 924 5591 τε
955 5541 1051 5592 καὶ
1103 5541 1132 5592 6
1170 5537 1513 5606 πατριάρχης
1561 5539 1653 5590 καὶ
1688 5541 1737 5590 ol

161 5630 461 5686 ἐπίλοιποι
494 5625 591 5692 τῆς
619 5627 941 5710 ἀνατολικῆς
964 5629 1286 5697 Ἐκκλησίας
1313 5629 1534 5695 λογάδες
1559 5629 1737 5701 ᾠήθη-

163 5739 290 5777 σαν
335 5718 542 5770 δίκαιον
591 5709 745 5769 εἶναι
779 5719 1074 5783 συνελθεῖν,
1127 5720 1221 5771 καὶ
1266 5718 1404 5771 οὕτω
1452 5723 1731 5790 συνῆλθον.

178 5808 588 5869 ’Δποστείλασα
621 5803 714 5860 οὖν
739 5808 772 5876 ἡ
825 5808 1040 5876 (nivea);
1097 5810 1275 5862 ἐκάλει
1307 5815 1398 5864 καὶ
1434 5811 1494 5864 σὲ
1535 5812 1724 5881 ἐλθεῖν,

1833 3248 2025 3310 videri,
2073 3253 2131 3299 ut
2161 3241 2382 3300 Latinos
2411 3260 2569 3301 voces
2599 3253 2815 3300 sanctos
2843 3246 3004 3300 etiam
3055 3253 3111 3298 et
3136 3243 3385 3300 doctores

1833 3339 2155 3392 Orientales.

2493 3631 2729 3688 EPIlES.

1902 3721 2038 3776 Cum
2070 3722 2143 3777 ita
2191 3737 2553 3791 perorassem,
2601 3740 2789 3779 eorum
2842 3727 3225 3796 congressibus
3269 3729 3386 3784 vale

1833 3813 1966 3875 dixi,
2011 3798 2266 3866 statutum
2299 3814 2505 3867 habens
2536 3824 2628 3866 aut
2654 3814 2997 3869 devitandum
3029 3797 3149 3871 esse
3169 3811 3388 3874 conses-

1833 3918 1952 3966 surn
1977 3916 2184 3964 eorum,
2218 3913 2307 3955 aut
2337 3911 2484 3956 certe
2519 3903 2648 3956 mihi
2698 3905 3007 3958 tacendum.
3067 3905 3262 3961 Verum
3310 3909 3384 3961 illi

1835 4003 2049 4048 nostros
2079 3994 2321 4048 volentes
2354 3993 2597 4048 nolentes
2628 3993 2983 4062 advocabant,
3034 4011 3100 4050 eo
3130 3997 3272 4067 quod
3302 4014 3397 4053 re-

1835 4084 2101 4153 spondere
2134 4085 2328 4139 vellent
2365 4083 2431 4138 ad
2463 4099 2526 4138 ea
2553 4100 2672 4153 quae
2701 4085 2844 4138 dicta
2871 4097 3047 4140 erant.
3079 4076 3233 4156 Quod
3265 4105 3396 4145 cum

1836 4174 2110 4240 fecissent,
2140 4190 2352 4241 menon
2397 4186 2664 4244 praesente
2698 4190 2862 4230 causa
2912 4180 3106 4243 morbi,
3137 4180 3274 4235 duas
3308 4181 3391 4235 in-

1836 4279 2115 4335 sumpsere
2146 4267 2399 4335 deinceps
2424 4267 2695 4322 sessiones
2723 4266 2822 4335 ipsi
2865 4265 2965 4321 soli
2999 4268 3259 4336 dicentes,
3295 4286 3388 4326 ne-

1837 4359 1994 4412 mine'
2015 4356 2378 4412 defensionem
2409 4358 2755 4426 suscipiente.

2517 4447 2706 4505 RESP.

1766 4508 1811 4562 θ
1909 4537 2083 4607 Equa
2133 4539 2271 4593 ratio
2324 4538 2650 4609 postulabat,
2687 4551 2746 4594 ut
2777 4549 3128 4614 posteaquam
3181 4552 3236 4598 tu
3290 4559 3398 4614 pro

1838 4628 2041 4684 Grzecis
2070 4631 2308 4694 dixeras,
2341 4640 2394 4685 ct
2426 4630 2563 4685 adeo
2593 4632 2829 4702 prolixos
2857 4649 3137 4691 sermones
3187 4635 3389 4691 habue-

1839 4738 1949 4786 ras,
1980 4722 2201 4778 audires
2257 4724 2420 4777 etiam
2457 4722 2870 4792 responsiones;
2911 4740 3094 4795 neque.
3138 4727 3281 4781 enim
3303 4726 3397 4796 ju-

1837 4823 1979 4868 stum
2029 4821 2112 4867 est
2159 4814 2334 4868 solum
2391 4811 2752 4881 disputantem
2796 4811 2995 4878 dicere,
3047 4822 3096 4866 et
3135 4829 3393 4882 responsa

1839 4919 1945 4957 non
1977 4904 2185 4957 audire.
2220 4904 2284 4956 Et
2315 4910 2369 4955 tu
2396 4903 2610 4970 quidem
2637 4917 2785 4965 cum,
2813 4901 3018 4956 Szecula
3044 4904 3393 4970 saeculorum,

1840 4993 2268 5062 pronuntiasses,
2299 5007 2408 5061 pra:
2432 4992 2663 5061 pudore,
2696 4993 2839 5061 quod
2873 5002 2924 5045 te
2957 4993 3124 5045 frater
3152 4991 3395 5048 Joannes

1839 5084 1894 5136 in
1917 5084 2192 5151 angustias
2245 5084 2564 5154 redegisset,
2588 5083 2881 5147 recessisti,
2941 5098 3038 5136 nec
3072 5069 3390 5152 amplius'in

1838 5168 2103 5244 synodum
2137 5174 2218 5229 ire
2266 5175 2518 5239 voluisti;
2550 5175 2725 5230 Latini
2751 5191 2877 5230 vero
2922 5176 3082 5230 silere
3111 5177 3394 5247 haudqua-

1838 5281 2000 5335 quam
2031 5267 2393 5333 sustineliant,
2446 5278 2499 5323 ct
2531 5269 2636 5324 tuis
2669 5266 3010 5322 sermonibus
3058 5269 3258 5321 nullam
3293 5284 3393 5338 op.

1848 5373 2046 5430 ponere
2075 5358 2464 5414 defensionem.
2487 5357 2834 5432 Quapropter.
2856 5361 3112 5415 canOniee
3137 5377 3231 5414 vos
3247 5351 3396 5416 con-

1842 5450 2129 5514 vocabant,
2155 5457 2214 5501 ut
2248 5453 2632 5516 conveniretis,
2663 5464 2716 5508 et
2743 5469 3000 5524 responsa
3024 5455 3088 5509 ad
3113 5468 3397 5509 sermones

1843 5539 2056 5593 habitos
2085 5537 2383 5594 audiretis:
2435 5549 2486 5593 te
2519 5557 2648 5597 vero
2682 5555 2942 5598 renuente
2971 5553 3025 5598 et
3071 5559 3176 5599 non
3206 5553 3392 5609 eunte,

1842 5631 2157 5700 imperator,
2202 5634 2255 5682 et
2287 5632 2614 5698 patriarcha,
2645 5645 2695 5687 et
2727 5635 2915 5704 reliqui
2969 5633 3256 5689 Orientalis
3286 5633 3390 5690 Ec-

1840 5723 2014 5776 clesiae
2063 5721 2348 5790 optimates
2405 5725 2834 5778 conveniendum
2889 5741 3008 5778 esse
3052 5727 3392 5796 iudicarunt,

1835 5811 2086 5884 atqueita
2131 5824 2519 5870 convenerunt.
2574 5817 2877 5872 Accersitus
2905 5828 3202 5888 tuquoquc
3241 5821 3390 5875 fuisti
