4006 6340
666 406 798 468 1ι.6’1

1577 404 1889 464 JOSEPHI
1930 402 2474 469 METIIONENSIS
2509 402 2853 464 El’lSCOPl

3740 406 3861 469 1053

740 519 805 573 Et
842 517 970 587 quid
1010 532 1146 587 opus
1181 527 1263 571 est
1312 516 1597 571 recensere
1647 516 1825 570 omnia
1874 529 2215 601 quaecunque

2386 516 2491 568 Καὶ
2520 517 2571 568 τί
2604 518 2685 569 δεῖ
2723 518 2899 570 πάντα
2946 518 3288 586 καταλέγειν,
3332 518 3431 571 ὅσα
3474 520 3521 569 οἱ
3552 519 3769 570 Δυτικοὶ
3794 519 3863 569 δι-

666 610 1029 685 Oecideutalis
1081 608 1335 663 Ecclesia:
1361 607 1611 662 doctores
1662 608 1852 661 aiunt?
1895 605 2019 661 Haec
2064 607 2209 661 enim

668 702 805 755 satis
830 715 951 755 esse
975 700 1307 753 arbitramur
1338 699 1402 752 ad
1444 697 1898 767 comprobaudam
1931 698 2211 751 veritatem

668 804 720 845 et
744 792 1169 861 persuadendum
1206 791 1408 856 animo,
1448 792 1539 859 qui
1568 806 1674 844 non
1701 790 1772 843 sit
1827 789 2127 857 pervicacia
2156 797 2212 841 et

666 876 945 951 antecepta
1014 882 1268 951 Opinione
1328 882 1629 945 demersus,
1678 879 1859 948 qualis
1908 887 2025 932 erat
2058 886 2207 943 tuus,

667 975 988 1031 venerabilis
1025 973 1599 1043 Ephesie:.nunquam
1651 973 1791 1024 enim
1852 970 2066 1024 voluisti
2122 984 2214 1023 ve-

664 1084 783 1120 rum
818 1068 1003 1120 animo
1032 1064 1507 1133 comprehendere,
1541 1072 1593 1118 et
1616 1064 1764 1132 sequi
1792 1073 2009 1117 sanctos
2052 1062 2213 1115 hOscc

665 1160 947 1223 doctores;
982 1158 1076 1213 sed
1103 1156 1357 1231 maluisse
1405 1169 1528 1208 cum
1571 1154 1811 1214 Palama,
1839 1161 1892 1207 ct
1934 1152 2210 1216 Cabasila,

665 1261 719 1304 ct
743 1249 959 1318 reliquis
985 1263 1124 1310 esse,
1161 1247 1251 1316 qui
1280 1246 1513 1300 divexati
1555 1245 2005 1300 contorsionihus
2042 1247 2213 1299 intes-

667 1343 900 1394 tinorum
934 1340 1161 1409 periere.
1188 1338 1341 1405 Quod
1365 1352 1487 1389 vero
1523 1336 1645 1390 illos
1690 1334 1989 1389 ostendisse
2011 1334 2091 1389 ais
2118 1348 2213 1404 per

618 1498 619 1501 η
666 1449 794 1488 suos
830 1434 1106 1494 doctores,
1134 1430 1391 1499 Spiritum
1421 1437 1669 1483 sanctum
1700 1442 1765 1481 ex
1793 1425 1933 1480 Filio
1955 1428 2213 1496 procede-

642 1539 745 1587 ‘re,
776 1523 917 1576 sicut
938 1536 1000 1575 ex
1033 1520 1188 1589 Patre
1210 1562 1224 1585 ,
1256 1521 1601 1573 vehementer
1631 1532 1763 1571 sane
1815 1517 2075 1581 admiror,
2115 1532 2213 1571 cur

668 1629 761 1682 pro
788 1615 893 1666 tuis
922 1612 1081 1665 etiam
1113 1610 1233 1664 illos
1261 1625 1365 1663 non
1422 1610 1644 1673 habeas,
1674 1608 1766 1678 qui
1809 1609 2059 1662 doctores
2096 1609 2214 1661 uui-

666 1702 838 1757 versis
869 1701 1197 1757 Christianis
1234 1700 1491 1769 propositi
1527 1706 1654 1753 sunt
1684 1713 1712 1751 a
1744 1698 2003 1763 conciliis,
2034 1698 2124 1768 qui
2159 1706 2213 1751 et

666 1794 766 1847 sibi
800 1802 853 1845 et
882 1786 1609 1853 doctoribusOrientalibus,
1648 1789 1941 1858 praesertim
1988 1791 2041 1842 in
2093 1790 2210 1844 fidei

666 1882 1029 1949 dogmatibus,
1063 1880 1412 1950 congruentia
1445 1879 1762 1948 loquuntur.

1294 1989 1539 2044 EPIIES.

737 2123 792 2158 .u
828 2106 995 2159 altera
1026 2117 1152 2157 vero
1183 2103 1447 2167 sessione,
1483 2116 1602 2171 quae
1633 2116 1659 2153 a
1684 2116 1768 2156 me
1814 2102 1953 2155 dicta
1998 2102 2213 2157 fuerant

667 2208 1033 2267 pervertcntes
1064 2196 1244 2262 potius
1267 2210 1427 2264 quam
1464 2203 1765 2249 evct‘tentes
1800 2209 1814 2258 ;
1851 2202 1904 2247 et
1924 2193 2209 2247 doctorum

669 2296 975 2340 nostrorum
1000 2285 1293 2355 oppositas,
1314 2284 1498 2355 utillis
1521 2282 1739 2354 quidem
1768 2281 2070 2349 videbatur,
2091 2298 2213 2339 sen-

671 2374 862 2429 tentias
891 2384 1237 2444 evponentes.
2024 2374 2031 2383 ”

1330 2490 1521 2547 RESP.

738 2604 792 2658 in
824 2606 922 2659 hac
957 2605 1191 2659 secunda
1232 2614 1353 2676 post
1375 2615 1518 2661 tuam
1550 2607 1725 2678 fugam
1751 2608 1993 2665 sessione
2018 2609 2212 2663 iterum

670 2697 833 2749 frater
879 2694 1115 2750 Joannes
1165 2696 1231 2750 de
1266 2697 1427 2751 rebus
1476 2699 1673 2753 divinis
1724 2699 2059 2768 disputavit;
2119 2700 2215 2754 ite-

671 2801 899 2854 rumque
930 2801 1119 2854 magna
1154 2802 1282 2841 voce
1309 2788 1558 2842 clamavit
1585 2808 1597 2842 :
1624 2790 1885 2845 Adducite
1916 2790 2019 2843 huc
2049 2790 2219 2858 Ephe-

671 2877 846 2939 sium;
892 2878 1013 2929 volo
1068 2876 1209 2930 enim
1234 2877 1479 2933 refellere
1505 2894 1626 2949 quae
1655 2862 1811 2934 dixit.
1852 2881 1911 2935 Et
1950 2897 2138 2937 rursus
2167 2890 2219 2936 te

670 2966 905 3036 synodus
939 2981 1032 3035 per
1064 2967 1310 3022 nuntium
1343 2968 1410 3022 ad
1447 2983 1505 3024 se
1536 2972 1765 3025 \ocavit.
1795 2970 1898 3037 Qui
1932 2987 2059 3027 vero
2090 2972 2220 3027 mis-

670 3058 713 3109 si
746 3064 920 3123 erant,
950 3070 1250 3127 qttzerezites
1279 3068 1348 3124 te,
1377 3060 1731 3116 insanientem
1778 3074 2119 3132 repererunt,
2164 3072 2216 3117 et

2317 606 2573 661 δάσκαλοι
2624 608 2721 676 τῆς
2757 608 3075 677 Ἐκκλησίας
3103 609 3303 678 φασίνς
3340 609 3561 677 ’Λρκεῖν
3597 609 3864 677 ήῖὀῦμεοι

2320 697 2411 749 καὶ
2437 697 2607 751 ταῦτα
2632 700 2713 762 είς
2743 700 3083 766 παράστασιν
3119 701 3218 769 τῆς
3269 699 3551 766 ἀληθείαις,
3592 698 3689 749 καὶ
3720 700 3864 750 ἱλανά

2320 790 2503 840 πεῖσαι
2537 787 2713 859 ψυχὴν
2748 791 2822 858 μὴ
2860 775 3301 861 βεϐαπτισμένην
3350 793 3415 860 τῇ
3450 788 3761 855 ἀπογνώσει
3811 806 3860 841 τε

2319 880 2410 932 καὶ
2440 880 2725 951 προλήψει,
2753 879 2940 951 ὥσπερ
2968 883 2999 950 ἡ
3037 884 3125 952 σὴ,
3168 882 3414 949 αῖδέσιμε
3469 881 3723 947 Ἐφέσου,
3756 880 3864 931 ἐϐε-

2320 967 2583 1019 ϐάπτιστο
2602 985 2614 998 ο
2640 969 2699 1020 οὐ
2731 968 2837 1037 γὰρ
2857 968 3128 1038 ἡθέλησάς
3156 987 3285 1022 ποτε
3310 971 3552 1022 συνιέναι
3584 969 3647 1020 τὺ
3675 969 3864 1037 ἀληθὶς

2319 1059 2695 1127 καὶένωθῆναι
2740 1062 2853 1121 τοῖς
2899 1059 3237 1120 διδασκάλοις
3269 1061 3479 1122 τούτοις
3525 1060 3623 1112 καὶ
3674 1059 3861 1122 ἀγίογ,

2321 1146 2436 1198 ἀλλ’
2460 1147 2681 1213 ἐξελέξω
2736 1150 2873 1216 μετά
2917 1150 3009 1201 τοῦ
3060 1151 3293 1219 Παλαμᾶ
3322 1151 3413 1203 καὶ
3452 1149 3747 1202 Καϐασιλᾶ
3778 1150 3875 1222 καὶ.

2319 1237 2426 1289 τῶν
2460 1239 2661 1292 λοιπῶν
2690 1237 2850 1306 εἶναι,
2886 1240 2935 1293 οἳ
2983 1241 3075 1293 τὸν
3122 1242 3235 1310 βίον
3256 1256 3259 1260 ·
3281 1241 3659 1309 κατέστρεψαν
3689 1240 3859 1309 εἱλεῷ.

2327 1328 2393 1383 Ὀ
2419 1328 2472 1381 δὲ
2505 1330 2629 1399 φῂς.
2673 1332 2756 1383 ὅτι
2809 1332 3121 1386 ἐδείκνυσαν
3153 1333 3305 1401 παρὰ
3336 1332 3444 1385 τῶν
3475 1334 3697 1385 οἰκείων
3731 1333 3861 1385 διδα-

2320 1420 2533 1473 σκάλων
2563 1424 2997 1492 ἐκπορευόμενον
3047 1424 3107 1476 τὸ
3152 1423 3374 1492 Πνεῦμα
3408 1424 3467 1478 τὸ
3499 1424 3655 1491 ἇγιον
3683 1425 3750 1476 ἐκ
3781 1424 3861 1475 τοῦ

2320 1508 2445 1561 Υξοῦ
2480 1509 2728 1579 καθάπερ
2755 1513 2813 1561 ἐκ
2843 1509 2935 1562 τοῦ
2972 1510 3201 1579 Πατρδς,
3225 1509 3491 1579 θαυμάζω
3515 1509 3675 1574 πολὺ,
3700 1512 3749 1561 εἰ
3778 1510 3863 1561 καὶ

2321 1600 2443 1673 eoi);
2471 1602 2530 1651 οὐ
2564 1600 2821 1669 νομίζεις,
2849 1601 2942 1664 οὓς
2972 1602 3029 1654 ai
3076 1600 3282 1655 σύνοδοι
3312 1604 3446 1656 πᾶσι
3472 1603 3581 1663 τοῖς
3612 1602 3865 1669 Χριστια-

2319 1692 2423 1751 vi;
2453 1691 2803 1749 διδασκάλους
2853 1692 3176 1762 παρέθεσαν,
3211 1694 3261 1746 οἶ
3306 1691 3693 1763 συμφωνοῦσιν
3742 1693 3863 1744 ἐαυ-

2318 1784 2427 1842 τοῖς
2466 1784 2560 1834 καὶ
2587 1785 2701 1845 τοῖς
2734 1782 3097 1847 ’Λνατολικοῖς
3122 1785 3480 1851 διδασκάλοις,
3507 1786 3604 1838 καὶ
3634 1785 3864 1855 μάλιστα

2241 1865 2288 1926 Β
2317 1872 2374 1922 ἐν
2400 1872 2510 1933 τοῖς
2549 1874 2677 1941 περῖ
2698 1872 2798 1941 τῆς
2832 1873 3065 1935 πίστεως
3096 1874 3378 1944 δόγμασιν.

2998 1985 3184 2039 ΕΦΕΣ.

2397 2101 2486 2153 Ἐν
2530 2102 2585 2154 δέ
2640 2103 2703 2170 τῇ
2760 2100 2989 2171 δευτέρα
3025 2098 3334 2153 συνελεύσει
3363 2099 3432 2152 τά
3467 2096 3760 2166 παρ’ἐμοῦ
3798 2097 3866 2149 ει-

2318 2190 2527 2259 ρημένα
2556 2191 2979 2262 διαστρέψαντες
3008 2190 3207 2259 μᾶλλον
3242 2190 3275 2258 ἦ
3306 2189 3745 2260 ἀνατρέψαντες,
3780 2191 3866 2240 καὶ

2316 2280 2540 2347 χρήσεις
2591 2280 2861 2343 ἐναντίας,
2902 2280 2977 2342 ὡς
3037 2281 3265 2342 ἐκείνοις
3320 2280 3515 2346 ἐδόκει,
3574 2280 3684 2332 τῶν
3736 2280 3861 2349 παρέ

2314 2371 2447 2438 ἡμῖν
2476 2368 2810 2425 διδασκάλων
2838 2370 3227 2437 ἐκτεθεικὸτες.

2990 2469 3197 2543 anna.

2402 2599 2490 2651 ‘Ev
2528 2600 2699 2671 ταύτῃ
2740 2600 2796 2653 δέ
2835 2581 2900 2671 τῇ
2950 2600 3179 2671 δευτέρᾳ
3219 2598 3531 2653 συνελεύσει
3586 2599 3727 2668 μετά
3775 2600 3869 2668 τὴν

2320 2689 2417 2758 σὴν
2447 2689 2625 2759 φυγὴν
2670 2691 2834 2744 πάλιν
2866 2692 2894 2744 ὁ
2925 2690 3038 2759 φρὰ
3074 2691 3329 2759 Ἰωάννης
3378 2689 3724 2759 ἐθεολόγησε,
3780 2691 3870 2742 καὶ

2319 2779 2481 2833 πάλιν
2510 2782 2659 2850 φωνῇ
2688 2781 2895 2851 μεγάλῃ
2927 2781 3148 2861 ἐϐόησεν
3177 2797 3190 2812 °
3229 2780 3489 2848 Ἀγάγετε
3512 2781 3605 2833 τὸν
3641 2781 3868 2849 Ἐφέσου

2316 2865 2417 2925 ὧδε
2441 2886 2456 2902 ⁸
2494 2871 2753 2940 βούλομαι
2788 2873 2894 2942 γὰρ
2942 2871 3239 2941 ἀνατρέψαι
3272 2872 3338 2924 τὰ
3382 2871 3530 2941 αὐτῷ
3581 2870 3867 2940 εἰρημένα.

2318 2964 2425 3017 Καὶ
2458 2964 2617 3016 πάλιν
2640 2964 3013 3035 ἀπέστειλενὴ
3052 2963 3285 3030 σύνοδος,
3323 2964 3563 3033 ζητοῦσα
3590 2980 3649 3015 σε
3684 2963 3871 3015 συνελ-

2320 3054 2450 3109 θεῖν.
2491 3057 2553 3109 Οἱ
2582 3055 2636 3107 δέ
2667 3055 3063 3124 ἀπεσταλμένοι
3108 3054 3396 3125 ζητοῦντές
3436 3071 3515 3119 σε,
3551 3050 3708 3123 εὗρον
3742 3071 3894 3121 μαιο.

670 3148 894 3202 vocibus
922 3148 1207 3203 inconditis
1235 3149 1571 3204 stridentem.
1602 3151 1850 3220 Cumque
1882 3163 1932 3205 te
1956 3152 2022 3206 ad
2048 3166 2215 3222 syno-

2320 3148 2563 3216 νόμενον,
2588 3148 2679 3199 καὶ
2714 3146 2918 3217 βοῶντα
2970 3146 3155 3214 φωνὰς
3198 3145 3464 3214 ἀσήμους.
3509 3146 3619 3198 Καὶ
3646 3134 3887 3198 καλοῦ-σέ

670 3240 796 3292 dum
830 3239 1136 3301 invitarent.
1194 3240 1515 3308 respondisti
1544 3256 1558 3293 :
1599 3239 1714 3295 Non
1745 3256 1964 3312 possunt
1997 3242 2214 3309 venire;

671 3332 773 3383 hac
811 3329 957 3384 enim
990 3341 1144 3384 nocte
1174 3338 1435 3384 venerunt
1477 3330 1779 3386 cardinales
1801 3331 2014 3387 sublato
2044 3331 2217 3388 domi-

671 3422 781 3475 cilii
807 3430 969 3483 tecto,
993 3428 1046 3475 et
1078 3420 1313 3475 membra
1341 3435 1459 3474 mea
1488 3420 1651 3489 virgis
1682 3421 1853 3490 igneis
1875 3422 2215 3489 ceciderunt;

671 3509 989 3563 occiderunt
1011 3526 1095 3566 me
1122 3508 1451 3572 cardinales,
1472 3518 1525 3563 ct
1559 3524 1702 3564 nunc
1732 3510 1798 3564 ad
1825 3510 2088 3579 synodum
2137 3512 2218 3565 in-

673 3601 878 3657 vitant?
902 3598 1015 3653 Non
1043 3612 1283 3668 possum.
1307 3599 1389 3652 An
1416 3613 1525 3652 non
1556 3600 1752 3653 videtis
1772 3611 1825 3654 et
1855 3602 1955 3667 ipsi
1988 3601 2171 3671 plagas
2195 3602 2217 3656 ῖ

670 3703 725 3745 et
757 3689 1078 3745 ostendebas
1109 3690 1347 3743 membra
1387 3699 1474 3743 tua
1501 3676 1741 3745 dicens:
1769 3688 1999 3757 Videtis,
2028 3700 2086 3745 ut
2114 3693 2214 3747 sim

670 3783 826 3850 plane
851 3790 991 3835 totus
1017 3796 1123 3850 pra:
1142 3781 1458 3835 verberibus
1483 3781 1718 3837 lividus?
1747 3782 1826 3836 illi
1853 3794 2031 3837 autem
2059 3783 2217 3838 intel-

674 3874 897 3940 ligentes
940 3886 1046 3940 quo
1078 3873 1265 3926 morbo
1288 3871 1589 3934 laborares,
1621 3872 1830 3927 rediere
1872 3887 2031 3927 sacro
2075 3890 2216 3928 nun-

674 3963 1123 4029 tiantcsconctlio,
1142 3972 1192 4017 te
1211 3963 1460 4018 advenire
1475 3979 1577 4017 non
1598 3978 1773 4032 posse,
1789 3966 1931 4034 quod
1951 3981 2054 4020 non
2074 3976 2216 4021 recte

662 4055 900 4107 valeres.
930 4051 1191 4117 Quocirca
1222 4052 1388 4109 frater
1432 4053 1671 4110 Joannes
1719 4071 1908 4110 rursus
1943 4074 1955 4110 :
1990 4055 2212 4120 Vellem,

674 4143 867 4206 aiebat,
892 4141 1158 4211 Ephesius
1178 4141 1413 4207 adesset,
1439 4152 1492 4195 et
1514 4144 1801 4198 nobiscum
1833 4145 2064 4200 sessioni
2088 4144 2215 4198 huic

669 4237 953 4291 interesset
987 4250 1002 4286 :
1036 4248 1222 4287 verum
1256 4234 1505 4288 devictus
1563 4235 1917 4302 despondisse
1971 4236 2212 4290 animum

671 4329 903 4381 videtur.
932 4326 1117 4393 itaque
1145 4323 1210 4378 ad
1230 4339 1324 4378 vos
1343 4324 1711 4391 responsionis
1734 4324 1891 4378 verba
1913 4323 2104 4378 faciam
2126 4344 2139 4389 ;
2163 4334 2215 4378 et

671 4418 899 4470 alit-rens
923 4416 977 4469 in
1040 4413 1273 4468 medium
1325 4412 1466 4465 dit-ta
1522 4410 1873 4467 Orientalium
1912 4414 2213 4477 doctorum,

2317 3254 2424 3290 των
2460 3255 2515 3290 σε
2548 3238 2822 3290 συνελθεῖν
2848 3239 2914 3305 τῇ
2948 3237 3183 3306 συνόδῳ,
3202 3234 3266 3288 σῦ
3303 3236 3541 3307 ἀντέφης
3571 3252 3585 3266 ’
3615 3236 3689 3290 Οὐ
3711 3236 3875 3288 δύνα-

2321 3346 2418 3398 μαι
2450 3328 2619 3381 ἐλθεῖν
2639 3343 2654 3360 ο
2695 3331 2760 3399 τῇ
2804 3328 2914 3398 γὰρ
2944 3329 3101 3382 νυκτὶ
3130 3327 3302 3400 ταύτῃ
3333 3327 3580 3391 ἐλθόντες
3603 3328 3653 3380 οἱ
3681 3329 3875 3397 καρδιο

2315 3418 2495 3480 νάλεις
2523 3417 2905 3487 ἀπεστέγασαν
2946 3419 3037 3471 τὸν
3064 3417 3259 3486 ὄροφον
3294 3415 3736 3485 τοῦρῖκήματοξ,
3774 3416 3871 3468 καὶ

2320 3511 2456 3579 μετά
2509 3511 2718 3579 ῥάϐδων
2766 3512 3011 3579 πυρῗνων
3063 3509 3275 3578 ἔδειράν
3333 3524 3433 3577 μου
3483 3507 3584 3569 τὰς
3639 3508 3873 3575 σάρκας.

2329 3601 2681 3655 Ἀπέκτεινάν
2708 3617 2774 3671 με
2819 3602 2868 3651 oi
2898 3598 3265 3670 καρδινάλεις,
3296 3600 3393 3650 καὶ
3426 3597 3520 3651 νῦν
3548 3597 3780 3651 καλοῦσί
3806 3615 3873 3667 με

2318 3693 2592 3746 συνελθεῖν
2624 3693 2744 3764 μετ’
2777 3692 2996 3757 αὐτῶν;
3048 3692 3122 3745 Οὐ
3170 3689 3429 3757 δύναμαι.
3472 3683 3551 3742 Ἦ
3585 3689 3681 3758 οὐχ
3706 3689 3874 3758 δρᾶτε

2304 3784 2415 3837 καὶ
2443 3784 2603 3853 ὑμεῖς
2634 3784 2732 3847 τὰς
2787 3784 3000 3854 πληγάς
3026 3800 3040 3849 ;
3089 3782 3197 3836 Καὶ
3232 3781 3506 3845 ἐδείκνυες
3532 3781 3633 3844 τὰς
3662 3783 3874 3851 σάρκας

2317 3893 2409 3927 σου
2445 3876 2621 3943 λέγων
2644 3890 2658 3907 ο
2686 3875 2941 3940 Βλέπετε,
2968 3873 3085 3936 πῶς
3118 3875 3234 3943 εἰμι
3262 3873 3382 3935 ὅλος
3414 3872 3872 3943 μεμελανωμένος

2314 3966 2422 4019 τῶν
2453 3966 2768 4035 ραϐδισμῶν
2797 3965 2983 4018 ἕνεκεν
3008 3981 3024 4029 ;
3068 3965 3295 4017 Ἐκεῖνοι
3319 3964 3375 4017 δέ
3398 3966 3747 4033 ἐννοὴσαντες
3772 3964 3872 4031 τὴν

2315 4057 2619 4122 ἀσθένειαν,
2662 4056 2905 4128 ἀπῆλθον
2954 4054 3239 4124 δηλοῦντες
3270 4057 3337 4125 τῇ
3376 4054 3499 4124 ἱερᾲ
3532 4054 3761 4123 συνόδῳ,
3799 4052 3872 4115 ὡς

2316 4149 2378 4200 οὐ
2410 4142 2651 4215 ,δύναται
2699 4146 2976 4199 συνελθεῖν
3000 4185 3015 4209 ,
3052 4145 3267 4197 ἀσθενεῖ
3315 4144 3445 4213 γάρ.
3495 4143 3661 4217 έΟθεν
3687 4146 3715 4195 ὁ
3758 4144 3874 4212 εξρᾶ

2328 4237 2577 4305 Ἰωάννης
2616 4236 2780 4288 πάλιν
2822 4232 3009 4289 εἶπενο
3050 4236 3378 4304 Ἐϐουλόμην
3409 4230 3549 4287 εἶναι
3584 4234 3676 4287 τὸν
3716 4236 3873 4303 Ἐφεο

2320 4344 2410 4379 σου
2441 4320 2563 4389 ὦδε,
2615 4328 2703 4378 καὶ
2739 4329 3109 4395 συμπαρεῖναι
3140 4328 3273 4396 ἡμῖν
3301 4326 3358 4378 ἐν
3386 4325 3558 4398 ταύτῃ
3588 4329 3653 4395 τῇ
3709 4343 3868 4380 συνε-

2317 4416 2497 4469 λεύσει
2524 4434 2538 4448 ο
2565 4416 2678 4469 ἀλλ’
2706 4418 2781 4478 ὡς
2810 4418 3006 4480 ἐοικεν,
3051 4417 3303 4485 ἡττηθεὶς
3339 4416 3582 4483 ἀπέγνω.
3614 4417 3707 4469 Διὸ
3736 4420 3869 4486 φέρε

672 4525 791 4575 quae
820 4524 850 4561 a
876 4507 1031 4561 nobis
1054 4507 1214 4561 etiam
1234 4520 1396 4574 supra
1419 4505 1655 4574 exposita
1678 4516 1824 4569 sunt,
1858 4519 1954 4560 nec
1978 4520 2081 4558 non
2112 4504 2212 4558 alia

2319 4507 2451 4575 πρὸς
2486 4509 2628 4577 ὑμᾶς
2666 4509 2979 4578 ποιήσωμαι
3006 4509 3107 4577 τὴν
3138 4508 3448 4575 ἀπόκρισιν.
3485 4508 3593 4560 Καὶ
3620 4524 3870 4575 προαγα-

675 4599 903 4668 plurima
941 4614 956 4662 ;
989 4615 1086 4651 nos
1108 4598 1250 4651 enim
1277 4598 1596 4667 protulimus
1634 4611 1800 4665 pauca
1827 4612 1842 4651 :
1868 4597 2077 4668 egregie
2108 4597 2220 4651 sole

678 4694 791 4757 ipso
822 4689 1018 4743 clarius
1040 4688 1447 4752 demonstravit,
1471 4688 1732 4753 Spiritum
1755 4697 1998 4742 sanctum
2022 4704 2050 4740 a
2082 4688 2219 4743 Filio

674 4795 886 4848 quoque
911 4779 1203 4847 procedere
1234 4795 1248 4845 ;
1278 4787 1329 4831 et
1351 4788 1471 4846 quae
1506 4777 1655 4846 prius
1683 4792 1712 4830 a
1738 4784 1790 4831 te
1816 4777 1955 4831 dicta
1982 4776 2218 4844 fuerant,

675 4886 891 4924 mrenuc
923 4868 1213 4923 demolitus
1249 4876 1351 4929 cst,
1388 4877 1551 4935 atque
1613 4865 1762 4918 humi
1818 4866 2110 4934 prostravit
2161 4876 2220 4920 ut

674 4963 805 5014 falsa
827 4970 883 5014 et
908 4974 1175 5028 perversa,
1210 4958 1529 5026 penitusque
1561 4969 1591 5008 a
1625 4954 1893 5024 theologia
1944 4964 1998 5008 et
2040 4964 2221 5009 mente

674 5061 977 5106 sant-turum
1008 5048 1374 5102 abhorrentia.
1431 5045 1692 5113 Exposuit
1747 5059 1874 5099 vero
1935 5044 2224 5109 doctorum

675 5152 979 5206 nostrorum
1013 5137 1325 5201 sententias,
1357 5138 1423 5191 iis
1455 5150 1573 5205 qua:
1600 5150 1629 5189 a
1661 5144 1713 5191 te
1742 5135 2062 5190 dicebantur
2090 5150 2219 5190 cou-

677 5233 889 5294 trarias,
932 5230 1138 5282 veritati
1170 5238 1348 5281 autem
1400 5229 1624 5281 omnino
1678 5240 1982 5293 consouas;
2017 5243 2123 5282 non
2155 5242 2218 5281 eo

676 5335 858 5381 sensu,
891 5334 997 5383 quo
1023 5328 1077 5370 tu
1108 5332 1355 5385 perverse
1374 5316 1719 5386 intelligendo
1740 5319 2047 5388 exponebas
2070 5358 2085 5382 ,
2120 5319 2216 5372 sed

676 5425 784 5478 quo
814 5408 929 5461 illas
957 5408 990 5460 ii
1023 5408 1375 5474 scripserunt,
1410 5417 1463 5460 et
1496 5415 1640 5462 recta
1675 5419 1850 5463 mente
1900 5408 2217 5479 pronuntia-

678 5508 832 5564 runt;
868 5508 918 5551 te
945 5497 1252 5565 relinquens
1278 5496 1371 5551 ubi
1392 5500 1709 5564 constravit,
1736 5498 2032 5555 deridendo
2062 5498 2214 5566 lapsu

675 5592 956 5662 iacentem,
989 5590 1129 5643 unde
1165 5598 1213 5642 te
1240 5589 1446 5659 erigere
1469 5590 1679 5659 penitus
1710 5607 1817 5645 non
1844 5590 2083 5646 valuisti.

2322 4598 2433 4666 γὼν
2476 4601 2544 4653 τὰ
2600 4599 2709 4652 τῶν
2741 4598 3100 4653 ’Δνατολικῶν
3150 4598 3485 4652 διδασκάλων
3525 4600 3692 4671 ῥητὰ.
3731 4600 3872 4666 ἆπερ

2323 4688 2415 4739 καὶ
2441 4689 2604 4757 ἡμεῖς
2650 4690 2916 4758 πρότερον
2962 4688 3278 4757 ἐξεθέμεθα,
3305 4690 3397 4743 καὶ
3438 4689 3575 4743 ἀλλα
3620 4688 3867 4749 πλεῖστα,

2321 4778 2481 4844 ἡμεῖς
2532 4780 2639 4844 γὰρ
2686 4777 2842 4843 ὀλίγα
2888 4776 3306 4846 προετείναμεν,
3333 4779 3599 4845 γενναίως
3625 4778 3873 4840 ἀπέδειξε

2322 4865 2416 4916 καὶ
2449 4866 2828 4933 λαμπρότερον
2862 4864 2954 4917 τοῦ
2987 4866 3157 4934 ἡλίου,
3186 4848 3273 4919 δτι
3304 4859 3484 4921 καῖ’ἐκ
3533 4867 3627 4921 τοῦ
3658 4868 3791 4921 Υἱοῦ
3818 4869 3876 4920 τὸ

2330 4954 2549 5024 Πνεῦμα
2586 4954 2645 5005 τὸ
2676 4954 2832 5021 ἅγιον
2849 4954 3223 5023 ἐκπορεύεται·
3250 4956 3510 5027 ἀνέτρεῲέ
3526 4974 3587 5010 τε
3616 4958 3876 5028 ἀνδρείως

2329 5046 2397 5097 τά
2424 5044 2573 5115 παρὰ
2608 5044 2697 5097 σοῦ
2733 5047 2997 5114 πρότερον
3029 5045 3313 5114 εἰρημένα,
3354 5047 3447 5100 καὶ
3477 5049 3559 5110 είς
3586 5048 3692 5118 γῆν
3721 5048 3879 5102 κατέο

2325 5134 2555 5204 στρεψεν
2584 5134 2659 5196 ὡς
2693 5134 2859 5202 ψευδῆ
2883 5135 2977 5186 καὶ
3011 5134 3446 5206 διεστραμμένα,
3475 5138 3573 5191 καὶ
3600 5137 3876 5202 παντελῶς

2321 5226 2574 5295 ἀλλότρια
2607 5228 2705 5295 τῆς
2732 5227 2840 5279 τῶν
2870 5226 3041 5293 ἁγίων
3065 5226 3342 5297 θεολογίας
3364 5231 3459 5283 καὶ
3483 5211 3746 5295 διανοιαᾷ
3768 5232 3878 5285 Καὶ

2320 5316 2599 5379 ἐκτέθεικε
2654 5316 2751 5378 τὰς
2784 5318 3007 5388 χρήσεις
3040 5318 3147 5371 τῶν
3195 5320 3484 5390 ἡμετέρων
3516 5320 3875 5381 διδασκάλων,

2319 5413 2429 5471 τοῖς
2467 5412 2550 5461 σοὶ
2580 5410 2678 5479 μὲν
2716 5412 2959 5481 ῥηθεῖσιν
3009 5413 3288 5478 ἐναντίας,
3325 5418 3391 5487 τῇ
3436 5416 3492 5468 δέ
3525 5413 3761 5481 ἀληθείᾳ
3803 5410 3879 5478 τῷ

2323 5501 2433 5553 δντι
2466 5503 2831 5572 συνᾳδούσας·
2858 5505 2918 5555 οὐ
2954 5505 3057 5573 μὴν
3104 5504 3148 5558 δ’
3193 5507 3268 5569 ὡς
3318 5508 3382 5559 σὺ
3424 5503 3878 5572 διεστραμμένης

2325 5592 2520 5661 ἐξηγοῦ
2552 5596 2647 5648 καὶ
2672 5595 2998 5665 ἐλάμϐανες,
3025 5596 3141 5649 ἀλλ’
3188 5597 3264 5661 ὡς
3295 5598 3495 5651 ἐκεῖνοι
3527 5593 3880 5664 συνέγραψαν

680 5682 772 5731 καὶ
801 5677 872 5738 ὡς
897 5680 929 5745 ἡ
964 5680 1183 5731 ἐκείνων
1211 5674 1351 5747 εἶχεν
1382 5678 1515 5750 ὀρθὴ
1538 5680 1743 5734 διάνοια
1770 5697 1783 5712 ο
1812 5681 1869 5734 σέ
1904 5679 2215 5736 καταλιπὼν
2256 5681 2381 5735 ἔνθα
2417 5688 2506 5738 καὶ
2554 5676 2910 5756 κατηδάφισε,
2981 5678 3179 5755 πτῶμα
3254 5686 3495 5753 γέλωτος
3544 5684 3714 5750 ἀξιον,
3760 5684 3877 5737 ὃθεν

682 5770 951 5839 ἀνακύψαι
985 5772 1110 5834 ὅλως
1143 5772 1239 5823 οὐκ
1269 5771 1552 5841 ἡδυνήθης.
