4006 6340
116 504 124 509 ε
184 473 328 543 ἱῡτῖ

1234 497 1653 556 REFUTATIO
1684 500 1920 558 MARCI
1960 500 2342 579 EPIIESINI.

3223 507 3360 572 1078

182 591 394 660 ψυχρὸς
442 593 537 657 ὢν,
565 592 685 647 οὔτε
724 596 919 665 θερμός
948 615 963 629 ·
1020 603 1111 655 καὶ
1167 601 1257 655 διὰ
1301 604 1459 657 τοῦτο
1500 607 1725 677 ἐμίσησέ

1834 607 2040 662 calidus
2115 626 2303 676 esses;
2359 622 2574 680 propter
2657 616 2837 684 quod.
2895 604 3044 686 fuxta
3101 618 3357 676 Joannem

189 699 251 733 σε
282 682 415 746 Θεὸς
443 675 582 738 κάτά
611 685 699 737 τὸν
734 688 986 759 Ἰωάννην
1022 693 1078 743 ἐν
1118 696 1182 763 τῇ
1220 675 1603 767 ’Λποκαλύψει,
1634 675 1751 753 και

185 771 413 840 ἐξέμεσὲ
450 790 507 826 σε
530 789 543 803 ·
575 777 633 827 τὸ
661 777 769 846 γὰρ
806 779 1250 850 ἀμφοτεροδέξιον
1296 784 1728 858 ύπόδημα,ᾼὸπερ

188 863 340 914 ἐστὶν
384 864 411 915 ό
457 865 729 935 κόθορνος,
766 870 1004 940 ἐκατέρῳ
1033 873 1151 925 ποδὶ
1196 876 1415 945 άχρεῖόν
1456 879 1592 934 ἐστι.
1619 880 1727 933 Καὶ

188 951 255 1002 σὺ
300 953 476 1005 τοίνυν
517 956 816 1025 παρόμοιος
859 963 934 1029 τῇ
967 960 1105 1027 λέξει
1154 965 1249 1019 καὶ
1288 971 1355 1037 τῇ
1395 969 1606 1039 ἐπινοίᾳ
1634 987 1727 1023 σου

184 1042 359 1132 ταύτῃ
416 1046 709 1117 ὑπάρχων,
773 1052 985 1121 ἀχρεῖος
1046 1058 1231 1121 ἔδοξας
1278 1063 1388 1122 τοῖς
1445 1051 1729 1132 ὲχέφροσίίν

186 1131 246 1181 ἐν
296 1134 627 1206 ἀμφοτέροις
676 1144 786 1203 τοῖς
849 1145 1180 1212 μέρεσιν.οί
1238 1149 1293 1201 δὲ
1348 1152 1480 1219 ἱεροὶ
1533 1131 1729 1206 ἐκεῖνοι

184 1223 285 1273 καὶ
336 1223 465 1276 θεῖοι
526 1227 717 1298 ἄνδρες
770 1234 836 1282 τὰ
900 1235 1039 1304 ῥητὰ
1090 1237 1266 1299 καλῶς
1318 1241 1726 1310 ἐρευνήσαντες,

184 1314 252 1364 ἐκ
293 1316 386 1368 τοῦ
437 1317 562 1371 Υἱοῦ
618 1323 907 1389 προφανῶς
955 1324 1196 1393 λέγοντα,
1227 1330 1286 1382 τὸ
1336 1329 1392 1381 δὲ
1439 1332 1502 1384 ἐκ
1564 1332 1726 1399 μόνου

182 1405 285 1457 τοῦ
350 1408 557 1476 Πατρός
618 1412 891 1476 παντελῶς
954 1417 1428 1486 ἀπηγορευμένον,
1472 1420 1728 1485 ἐδέξαντο

180 1497 323 1563 τοὺς
346 1498 531 1563 ἁγίους
574 1502 661 1552 καὶ
691 1501 786 1563 τὰς
831 1504 1004 1557 αὐτῶν
1048 1506 1250 1574 φωνὰς,
1276 1510 1366 1561 καὶ
1402 1508 1500 1579 τὴν
1530 1508 1722 1563 ἕνωσιν

181 1584 375 1637 λοιπὸν
434 1588 653 1650 εἰκότως
704 1592 1183 1663 ἐπραγματεύοντο
1226 1598 1463 1662 εὐσεόῶς
1515 1615 1574 1651 τε
1632 1600 1727 1653 καὶ

180 1673 445 1737 εὐλαϐῶς.

868 1776 1055 1832 ΕΦΕΣ.

258 1860 369 1912 Καὶ
412 1862 474 1931 δή
527 1880 579 1917 τι
618 1866 890 1931 συνθέντες
945 1870 1288 1938 γραμμάτιον
1315 1862 1562 1927 ’τοιαῦτά
1604 1890 1725 1927 τινα

182 1950 461 2019 περιέχον,
518 1954 615 2023 τὴν
670 1956 898 2010 ἐκείνων
956 1956 1010 2009 δὲ
1066 1958 1225 2022 δόξαν
1278 1961 1426 2025 ὅμως
1475 1961 1725 2031 καθαρῶς

179 2039 553 2109 ἐκτιθέμενον,
603 2044 985 2110 ἐξαπέστειλαν
1041 2049 1244 2111 αὐτοῖς,
1276 2052 1347 2112 ὡς
1405 2052 1492 2104 διὰ
1534 2054 1724 2105 τούτου

179 2127 284 2195 τὴν
321 2129 513 2182 ἕνωσιν
539 2134 903 2203 ποιησόμενοι.
938 2137 1057 2199 Τοῖς
1083 2138 1137 2190 δὲ
1166 2140 1265 2190 οὐκ
1302 2139 1522 2193 ἀνεκτὸν
1556 2141 1724 2194 ἐδόκει

106 2290 107 2293 η
178 2218 247 2269 τὸ
287 2221 630 2289 γραμμάτιον
679 2225 1140 2297 δέξασθαιλχωρις
1177 2227 1493 2292 ἐξετάσεως,
1528 2231 1644 2283 ἀλλ’
1693 2233 1723 2300 ἢ

181 2308 326 2374 πρὸς
370 2309 664 2379 ἀπολογίαν
708 2313 903 2379 αὐτοὺς
949 2315 1376 2385 προύκαλοῦντο,
1410 2319 1501 2373 καὶ
1547 2318 1726 2379 λύσεις

178 2397 297 2449 τῶν
330 2399 852 2473 ἀμφισϐητουμένων
898 2407 1090 2474 φωνῶν
1135 2409 1194 2461 ἐν
1241 2408 1319 2479 τῷ
1349 2409 1654 2480 γράμματι,
1692 2411 1724 2479 ἦ

178 2482 245 2534 τὸ
292 2485 490 2539 οἰκεῖον
531 2487 786 2553 δέξασθαι
834 2493 1182 2563 παρηγγύων,
1212 2497 1349 2567 ὅπερ
1397 2496 1549 2550 αὐτοὶ
1592 2500 1726 2565 φθά-

181 2587 381 2635 σαντες
441 2574 860 2639 ἐξαπέστειλαν⁵
908 2577 977 2652 ἦν
1025 2583 1082 2635 δὲ
1140 2585 1314 2637 ἐκεῖνο
1375 2588 1727 2659 συμφώνησις

181 2661 455 2733 παντελής
495 2669 620 2737 περὶ
652 2670 712 2720 τὸ
750 2671 924 2739 δόγμα
950 2673 1194 2735 Λατίνων
1229 2691 1288 2727 τε
1320 2677 1413 2730 καὶ
1453 2678 1722 2749 Γραικῶν,

180 2750 281 2800 καὶ
314 2752 566 2821 ὁμολογία
602 2757 695 2810 τοῦ
737 2762 829 2812 καὶ.
870 2763 932 2814 ἐκ
980 2762 1072 2817 τοῦ
1124 2763 1251 2818 Υίοῦ
1290 2767 1349 2821 τὸ
1395 2769 1614 2838 Πνεῦμα
1667 2771 1725 2824 τὸ

180 2838 342 2904 ἅγιον
377 2843 789 2913 ἐκπορεύεσθαι.

866 2940 1072 2996 ΑΠΟΛ.

260 3021 610 3093 Γραμμάτιον
633 3026 917 3085 ἀπέδωκαν
957 3029 1007 3082 οί
1035 3030 1286 3104 ἡμέτεροι
1307 3037 1375 3087 τὰ
1406 3036 1513 3090 τῶν
1558 3039 1725 3107 ἁγίων

184 3113 330 3194 ῥητά
360 3113 783 3201 συμϐιόἀζοντες
813 3119 949 3172 κατὰ
979 3119 1076 3189 τὴν
1106 3122 1200 3174 τοῦ
1228 3125 1478 3195 Μαξίμου
1522 3130 1721 3200 φωνὴν,

180 3202 324 3269 ὅπερ
355 3205 675 3257 ἀπέστειλαν
703 3208 836 3275 πρὸς
858 3212 950 3263 τὸν
971 3212 1137 3282 ἄκρον
1159 3215 1435 3286 ἀρχιερέα,
1462 3221 1722 3289 πρότερον

179 3292 345 3344 τοῦτο
369 3294 702 3363 ζητήσαντες
730 3304 879 3369 παρά
911 3302 1011 3370 τῆς
1048 3304 1365 3376 Ῥωμαῖκῆς
1404 3309 1724 3381 Ἐκκλησίας

178 3381 500 3449 ἐγγράφως,
540 3385 644 3437 τίνι
689 3389 873 3458 τρόπῳ
926 3392 1213 3463 γενήσεται
1243 3398 1270 3447 ό
1297 3397 1441 3465 ὅρος,
1485 3400 1576 3450 καὶ
1610 3401 1722 3463 πῶς
1770 3424 1773 3425 ν

175 3472 243 3521 τ’»
294 3471 465 3538 δόγμα
498 3474 554 3525 ἐν
606 3476 754 3544 αὐτῷ
804 3481 1211 3549 ἐγγραφήσεται
1237 3500 1250 3513 ο
1281 3486 1414 3556 ὅπερ
1456 3492 1751 3558 ποιήσασα

176 3562 468 3616 ἀπέστειλε
503 3567 611 3627 τοῖς
654 3567 944 3634 Γραικοῖςο
1004 3570 1055 3624 οἶ
1096 3573 1347 3638 λαϐόντες
1393 3577 1562 3643 ἔγνων
1596 3580 1725 3637 αὐτὸ

177 3653 435 3720 φανερῶς
467 3654 619 3722 λέγον
648 3656 710 3709 τὸ
742 3659 961 3730 Πιεῦμα
986 3664 1044 3714 τὸ
1070 3664 1221 3731 ὄιγιον
1247 3667 1339 3718 καὶ
1363 3670 1425 3720 ἐκ
1460 3670 1544 3721 τοῦ
1575 3671 1722 3725 Υίοῦ.

179 3739 297 3792 Εἶτ’
332 3743 573 3813 ἔγραψαν
609 3750 701 3802 καὶ
733 3750 883 3802 αὐτοὶ
902 3751 1146 3819 λέγοντες
1167 3771 1180 3786 ·
1215 3757 1273 3807 Ei
1316 3759 1407 3811 καὶ
1440 3742 1553 3813 ἔστι
1577 3762 1632 3814 τὸ
1661 3764 1724 3815 ἐκ

175 3830 277 3881 τοῦ
311 3832 435 3883 λ’ίοῦ
470 3836 663 3887 ταυτὸν
713 3838 790 3904 τῷ
826 3839 914 3891 διά
953 3844 1045 3893 τοῦ
1083 3843 1232 3910 Υίοῦ,
1267 3850 1358 3898 καὶ
1406 3849 1465 3900 τὸ
1495 3850 1581 3901 διὰ
1626 3852 1718 3903 τοῦ

177 3921 316 3974 Υἱοῦ
340 3924 530 3976 ταυτὸν
569 3928 646 3995 τῷ
696 3929 757 3979 ἐκ
804 3930 897 3983 τοῦ
929 3931 1074 3994 Υίοῦ,
1112 3934 1290 3997 καθὼς
1319 3938 1471 4005 ὑμεῖς
1512 3941 1719 3993 ἀπεδώ-

176 4030 333 4075 κατε,
368 4015 512 4082 ὅμως
566 4019 725 4084 ἡμεῖς
775 4021 1138 4092 ὁμολογοῦμεν
1192 4026 1270 4077 ὅτι
1309 4028 1368 4077 τὸ
1411 4030 1629 4098 Πνεῦμα
1662 4032 1723 4083 τὺ

175 4106 334 4166 ἅγιον
365 4105 427 4156 ἐκ
448 4107 545 4171 ,τοῦ
583 4108 788 4177 Πατρδς
817 4111 902 4163 διὰ
931 4113 1022 4165 τοῦ
1067 4114 1194 4167 Υίοῦ
1230 4117 1411 4181 άῖδίως
1444 4120 1616 4176 ἐστίν.
1658 4122 1724 4176 ἸΙ

192 4196 479 4266 Ῥωμαικὴ
524 4193 615 4250 οὖν
655 4199 944 4270 Ἐκκλησία
974 4205 1072 4255 οὐκ
1097 4205 1327 4274 ἠθέλησε
1372 4208 1431 4261 τὸ
1469 4214 1724 4281 γραμμά-

175 4303 297 4338 τιον
323 4287 574 4351 δέξασθαι
604 4293 771 4359 χωρὶς
800 4291 1115 4361 ἐξετάσεως,
1136 4295 1247 4347 ἀλλ’
1273 4297 1453 4365 ἔλεγεν
1474 4315 1489 4331 ⁸
1532 4302 1722 4371 Ἡμεῖς

176 4380 240 4429 οὐ
276 4377 569 4445 βουλόμεθα
591 4379 786 4432 ἒνωσιν
815 4384 1199 4454 πεπλασμένην
1226 4389 1579 4457 ποιήσασθαι,
1602 4394 1723 4445 οὐδὲ

175 4470 310 4529 τοὺς
340 4470 611 4537 Γραικοὺς
646 4472 871 4541 θέλομεν
917 4475 1036 4543 μεθ’
1087 4478 1242 4547 ήμῶν
1279 4480 1540 4550 ἐνωθῆναι
1585 4487 1723 4553 μετὰ

176 4559 444 4629 αἱρέσεως
471 4561 564 4614 καὶ
596 4563 841 4634 ἀπάτης·
872 4564 983 4617 ἀλλ’
1036 4568 1237 4620 εἰδέναι
1271 4568 1570 4640 βουλόμεθα
1621 4575 1719 4645 τὴν
1752 4618 1797 4673 D

179 4651 443 4717 ἐξήγησιν
489 4650 582 4703 τοῦ
640 4655 991 4723 γραμματίου
1034 4656 1248 4723 τούτου,
1304 4660 1417 4721 πῶς
1472 4662 1563 4717 καὶ
1614 4664 1720 4722 τίνι

174 4743 367 4810 τρόπῳ
396 4740 492 4811 τὴν
522 4741 619 4795 διὰ
651 4743 941 4798 ἐννοοῦσιν.
979 4743 1111 4798 Οὐδέ
1144 4747 1249 4816 γὰρ
1282 4748 1526 4821 δώσομεν
1560 4753 1717 4808 τοῦτό

176 4850 345 4899 ποτε,
402 4836 500 4903 τὴν
554 4833 653 4887 διὰ
714 4835 1011 4890 ἐννοεῖσθαι
1070 4839 1247 4892 αἰτίαν
1299 4842 1622 4912 ὀργανικὴν,
1686 4847 1718 4916 ἢ

176 4925 543 4993 ύπουργικήν.
571 4924 638 4977 Ἦ
670 4925 770 4978 διὰ
792 4927 898 4993 γὰρ
926 4927 1078 4995 ἴσμεν
1115 4929 1196 4981 ὅτι
1227 4933 1461 4995 τρισσῶς
1499 4938 1717 5000 νοεῖται,

174 5016 468 5085 ὀργανική,
502 5016 832 5087 ὑπουργικὴ,
864 5019 958 5070 καὶ
994 5021 1218 5089 φυσική.
1248 5022 1309 5073 Εἰ
1346 5022 1443 5090 μὲν
1475 5020 1568 5077 οὖν
1621 5044 1721 5093 φυ-

179 5104 353 5164 σικῶς
392 5104 593 5169 νοοῦσι,
620 5107 705 5159 διὰ
735 5108 787 5157 τί
828 5108 887 5157 οὐ
934 5108 1170 5180 χρῶνται
1218 5111 1306 5160 καὶ
1336 5114 1400 5179 τῇ
1432 5113 1500 5164 ἐκ
1528 5116 1716 5167 ταυτὸν

177 5202 246 5267 τῇ
276 5196 374 5250 διὰ
424 5197 730 5267 δυναμένης
776 5198 902 5250 εἰδὲ
933 5199 1255 5267 ὀργανικῶς,
1289 5202 1322 5273 ἢ
1354 5204 1715 5272 ύπηρετικῶς,

177 5291 345 5359 ἡμεῖς
378 5287 587 5347 τούτοις
615 5288 674 5337 ού
708 5289 1005 5355 βουλόμεθα
1037 5292 1387 5358 κοινωνῆσαι.
1419 5297 1515 5346 Διά
1538 5297 1718 5359 τοῦτο,

179 5382 448 5448 αἰδέσιμε,
478 5379 699 5448 ἐζήτουν
725 5380 980 5446 ἐξήγησιν
1003 5379 1091 5430 τοῦ
1122 5385 1469 5450 γριμματίου
1492 5404 1504 5415 ·
1532 5388 1589 5438 οὐ
1616 5389 1717 5455 γὰρ

180 5470 466 5524 ἐϐούλοντο
493 5471 657 5537 χωρὶς
703 5470 997 5532 ἐξετάσεως
1039 5469 1233 5521 ἕνωσιν
1284 5474 1533 5541 οὐδεμίαν
1561 5478 1717 5546 ποιή-

183 5558 411 5613 σασθαι·
455 5560 548 5610 καὶ
597 5559 853 5620 δικαίως·
914 5561 960 5610 εί
1002 5561 1106 5627 γὰρ
1141 5559 1232 5613 νῦν
1283 5565 1418 5628 μετὰ
1450 5566 1715 5635 τοσαύτης

183 5651 477 5716 ἐξετάσεως
516 5650 749 5715 ἐγένετο,
777 5652 1011 5719 σπουδῆς
1034 5667 1095 5703 τε
1132 5652 1223 5703 καὶ
1268 5653 1591 5721 ἀγρυπνίας,
1625 5659 1717 5709 καὶ

180 5743 230 5794 ot
262 5739 514 5811 ἡμέτεροι
545 5738 681 5806 αὐτῇ
740 5743 1000 5809 μάχονται
1050 5742 1299 5805 ἀναιδῶς,
1331 5744 1381 5793 τί
1412 5744 1476 5795 ἂν
1507 5746 1713 5813 ἔλεγον,

182 5833 229 5884 εξ
280 5827 445 5900 χωρὶς
499 5826 795 5889 ἐξετάσεως
847 5830 1118 5897 ἐγεγόνει,
1167 5830 1252 5885 διὰ
1295 5833 1448 5885 τοῦτο
1484 5834 1710 5904 ἐζήτουν

1827 695 1880 749 in
1937 697 2250 769 Apocalypsi
2308 700 2446 756 Deus
2524 702 2643 757 odio
2734 713 2783 759 te
2858 707 3045 761 habuit
3123 720 3174 763 et
3239 725 3361 765 evo-

1830 788 1981 851 muit,
2016 790 2404 867 ambidextrum
2429 792 2570 846 enim
2623 793 3060 862 caleeamentum,
3106 801 3248 867 quod
3280 816 3361 853 est

1828 879 2128 934 cothurnus
2157 868 2372 952 utrique
2405 884 2524 953 pedi
2550 887 2739 942 inutile
2755 897 2855 943 est.
2884 888 2960 942 Tu
2996 904 3209 959 quoque
3232 907 3352 944 cum

1828 967 1904 1022 sis
1938 968 2053 1020 voci
2082 968 2209 1022 huic
2234 986 2393 1038 quam
2437 960 2732 1042 usurpasti,
2786 984 2838 1029 et
2870 977 2945 1029 rei
2978 992 3137 1046 quam
3184 981 3357 1045 expri-

1828 1042 1976 1111 mere
2002 1058 2237 1125 voluisti,
2268 1076 2372 1114 non
2398 1063 2677 1129 absimilis,
2729 1066 2874 1120 risus
2897 1066 3178 1134 esjudicio
3232 1084 3351 1137 pru-

1828 1146 2047 1199 dentum
2080 1150 2291 1223 utrique
2316 1153 2450 1219 parti
2493 1153 2716 1208 inutilis.
2750 1156 2817 1206 At
2840 1172 2963 1210 vero
2994 1159 3131 1211 sacri
3188 1158 3261 1212 illi
3299 1174 3362 1213 ac

1827 1236 1992 1289 divini
2023 1237 2120 1291 viri
2148 1239 2285 1292 dicta
2312 1241 2498 1295 sedqu
2522 1244 2858 1311 perscrutati,
2903 1247 2954 1299 in
2990 1248 3187 1315 quibus
3222 1248 3362 1301 dilo-

1828 1327 1944 1380 cide
1972 1328 2251 1393 asseritur,
2279 1328 2538 1398 Spiritum
2556 1348 2677 1388 esse
2724 1348 2788 1389 ex
2815 1334 2966 1409 Filio,
2999 1352 3062 1391 ex
3095 1339 3208 1392 solo
3236 1355 3361 1391 vero

1827 1416 1985 1470 Patre
2016 1418 2236 1471 omnino
2259 1420 2531 1489 rejicitur;
2554 1433 2770 1477 sanctos
2810 1418 2860 1479 et
2905 1442 3060 1482 voces
3090 1443 3270 1483 eorum
3305 1439 3361 1483 ut

1828 1520 2109 1573 germanas
2134 1507 2507 1574 admiserunt;
2564 1525 2626 1564 ac
2649 1512 2896 1577 deinceps
2913 1518 3035 1583 jure
3066 1517 3131 1571 de
3175 1521 3360 1574 conci-

1828 1593 2006 1648 lianda
2035 1610 2167 1664 pace
2196 1598 2282 1666 pie
2306 1613 2367 1652 ac
2397 1600 2644 1669 religiose
2684 1596 2929 1671 agebant.

2488 1775 2721 1831 lil‘llES.

1896 1857 2082 1928 Itaque
2152 1860 2386 1916 libellum
2435 1868 2814 1934 conscrihnnt,
2865 1871 3001 1925 dirta
3057 1876 3355 1943 huiusmodi

1754 1932 1798 1991 Β
1825 1949 2213 2016 continentem,
2244 1953 2461 2008 illorum
2487 1964 2658 2011 tamen
2687 1963 3009 2016 sententiam
3061 1966 3217 2033 plane
3270 1988 3358 2023 cx-

1825 2047 2148 2108 ponentem;
2183 2051 2238 2095 et
2267 2046 2485 2098 mittunt
2518 2048 2583 2099 ad
2610 2062 2724 2112 eos,
2755 2052 2908 2119 quasi
2940 2068 3033 2122 per
3061 2056 3210 2110 illum
3231 2075 3359 2112 con-

1819 2129 2098 2200 jungendi.
2129 2128 2321 2186 Verum
2359 2132 2434 2187 illi
2462 2136 2607 2191 nullo
2638 2140 2795 2194 modo
2818 2142 3067 2200 volebant
3112 2148 3347 2203 libellum

1827 2221 2125 2287 admittere,
2157 2223 2208 2275 ni
2243 2224 2389 2293 prius
2419 2227 2819 2284 examinaretur
2839 2246 2854 2297 ;
2876 2218 2967 2287 sed
2998 2249 3089 2289 eos
3113 2238 3191 2290 vel
3218 2248 3272 2291 ut
3299 2256 3356 2294 se

1823 2310 2189 2376 defenderent,
2227 2317 2603 2383 provocabant,
2627 2330 2679 2375 et
2731 2322 2995 2379 solverent
3026 2343 3144 2396 quae
3194 2331 3354 2385 dubia

1823 2408 1975 2454 erant
2004 2401 2059 2455 in
2082 2401 2291 2468 libello;
2320 2405 2399 2458 vel
2426 2420 2607 2473 suum,
2634 2426 2789 2479 quem
2820 2413 2917 2481 ipsi
2940 2415 3049 2484 jam
3074 2420 3351 2487 miseram,

1824 2492 1893 2543 ab
1933 2490 1999 2544 iis
2022 2492 2222 2561 suscipi
2240 2493 2518 2561 jubebant.
2549 2496 2671 2553 Erat
2711 2498 2871 2569 porro
2896 2504 2947 2558 in
2990 2506 3080 2562 illo
3121 2510 3350 2577 perfecta

1825 2578 2137 2637 Latinorum
2161 2594 2319 2654 atque
2351 2584 2659 2643 Graecorum
2681 2590 2747 2645 de
2777 2593 3025 2664 dogmate
3068 2602 3353 2655 consensio

1822 2680 1876 2753 et
1898 2674 2185 2743 confessio,
2216 2677 2359 2746 quod
2392 2679 2550 2734 etiam
2570 2694 2636 2735 ex
2689 2679 2824 2738 Filio
2853 2688 3104 2764 procedat
3123 2689 3355 2760 Spiritus

1824 2770 2063 2819 sanctus.
2615 2783 2619 2786 ’

2472 2944 2667 2999 ιὶΕΞΡ.

1896 3030 2161 3087 Libellum
2194 3034 2358 3088 nostri
2381 3035 2661 3099 dederunt,
2687 3046 2996 3092 sanctorum
3028 3041 3166 3095 dicta
3195 3043 3345 3110 juxta

1825 3118 2039 3174 Maximi
2080 3134 2261 3174 vocem
2292 3121 2431 3175 inter
2470 3137 2527 3176 se
2556 3126 2925 3187 conciliantes,
2958 3142 3115 3196 quem
3142 3146 3354 3186 summo

1827 3210 2065 3279 pontifici
2094 3211 2389 3276 miserunt;
2410 3229 2527 3267 cum
2550 3228 2577 3266 ο
2603 3213 2841 3270 Romana
2871 3216 3112 3275 Ecclesia
3134 3226 3356 3291 ψιςνδίδ-

1829 3311 1946 3358 sent
1970 3305 2021 3356 in
2050 3303 2271 3371 scripto,
2296 3307 2564 3373 quomodo
2587 3316 2725 3361 esset
2750 3308 3080 3365 conficienda
3099 3313 3354 3380 definitio,

1827 3408 1997 3460 quave
2021 3393 2225 3447 ratione
2241 3394 2430 3463 dogma
2459 3411 2576 3449 esse
2605 3396 2654 3448 in
2673 3411 2731 3449 ea
2754 3401 3078 3465 ponendum.
3120 3404 3214 3456 Illa
3234 3422 3352 3457 cum
3372 3400 3377 3407 λ’

1825 3498 1892 3535 ue
1955 3483 2113 3535 modo
2143 3483 2471 3551 scripsisset,
2508 3485 2651 3539 misit
2679 3488 2741 3539 ad
2774 3485 2986 3545 Gracos
3014 3508 3027 3555 ;
3080 3501 3352 3560 acceptum

1826 3572 1898 3625 illi
1943 3575 2201 3641 scriptum
2250 3574 2517 3642 legerunt,
2553 3587 2607 3631 et
2645 3590 3011 3647 cegnovcrunt
3072 3583 3139 3637 ibi
3171 3598 3349 3654 apmtc

1827 3664 2052 3730 dictum,
2082 3663 2341 3732 Spiritum
2402 3672 2646 3721 sanctum
2695 3685 2813 3725 esse
2862 3674 3020 3748 etiam
3071 3690 3133 3729 ex
3188 3675 3348 3733 Filio.

1830 3755 2026 3809 Deinde
2059 3756 2325 3825 scripsere
2354 3767 2407 3810 et
2434 3758 2532 3826 ipsi
2569 3761 2667 3813 hoc
2698 3772 2855 3829 pacto
2882 3780 2897 3817 :
2928 3765 3183 3829 Quamvis
3215 3769 3353 3822 ideal.

1824 3848 1894 3901 sit
1927 3860 1989 3899 ex
2017 3845 2151 3898 Filio
2184 3848 2324 3914 quod
2385 3862 2478 3915 per
2507 3846 2721 3912 Fdium,
2765 3862 2815 3903 et
2854 3867 2944 3919 per
2982 3853 3171 3907 Filium
3216 3857 3351 3909 idem

1824 3937 1966 4004 quod
2019 3952 2080 3989 ex
2106 3934 2260 4000 Filio,
2289 3937 2739 4004 quemadmodum
2772 3953 2864 3992 vos
2891 3942 3230 4008 explieastis;
3258 3962 3353 3998 nos

1825 4037 2002 4082 tamen
2033 4026 2280 4090 fatemur,
2302 4024 2563 4108 Spiritum
2592 4041 2839 4082 εειιιοιιιιιι
2870 4045 2986 4085 esse
3010 4050 3035 4083 a
3069 4031 3226 4087 Patre
3257 4050 3350 4103 per

1824 4117 2014 4173 Filium
2043 4118 2393 4173 :eternaliter.
2424 4117 2663 4173 Romana
2696 4136 2822 4188 ergo
2847 4120 3083 4178 Ecclesia
3112 4124 3347 4181 libellum

1824 4211 1965 4265 hunc
2014 4211 2186 4265 noluit
2248 4212 2532 4266 admittere
2587 4214 2721 4266 citra
2789 4214 3216 4283 discussionem;
3256 4222 3348 4273 sed

1821 4302 2039 4357 aiebat:
2074 4301 2181 4355 Nos
2237 4300 2538 4355 simulatam
2589 4305 2840 4355 unionem
2900 4304 3013 4357 lleri
3058 4306 3347 4367 nolumus;

1821 4407 1997 4460 neque
2046 4390 2543 4447 volumusﬂrzecos
2606 4392 2887 4445 nobiscum
2950 4394 3201 4463 conjungi
3262 4410 3354 4461 per

1823 4483 2069 4538 fraudem
2098 4494 2151 4537 et
2184 4484 2449 4549 haeresin;
2480 4484 2571 4536 sed
2600 4484 2735 4535 scire
2770 4483 2931 4534 libelli
2963 4483 3119 4552 hujus
3144 4485 3355 4551 exposi-

1823 4574 2044 4636 tionem,
2076 4586 2182 4639 quo
2222 4573 2380 4639 plane
2412 4570 2590 4635 modo,
2618 4581 2669 4624 et
2726 4587 2833 4640 quo
2863 4586 3021 4626 sensu
3058 4573 3352 4640 intelligant.

1824 4663 1977 4724 illud,
2011 4678 2120 4731 per.
2159 4661 2341 4729 Neque
2395 4663 2537 4715 enim
2570 4664 2927 4717 eoncedemus
2973 4680 3228 4734 unquam,
3259 4682 3303 4731 pi
3327 4684 3349 4717 ι·

1824 4755 1971 4807 illam
2008 4753 2352 4822 particulam,
2392 4767 2504 4819 per,
2558 4753 2843 4821 significari
2881 4770 3096 4808 causam
3148 4758 3377 4821 insttu-_

1824 4844 2162 4904 mental-iam,
2198 4845 2310 4896 sive
2362 4843 2783 4896 ministerialem.
2841 4845 3115 4912 Siquidem
3152 4849 3351 4900 svium.-

1823 4947 1916 4998 per
1964 4931 2103 4988 hanc
2131 4945 2333 4991 vocent,
2372 4945 2483 4995 per,
2542 4932 2641 4981 tria
2675 4930 2987 4998 significari,
3028 4934 3353 4983 tnstt'nmmn—

1826 5032 1962 5084 tum,
2008 5021 2388 5081 ministerium,
2420 5028 2473 5072 et
2520 5033 2737 5072 causam
2770 5023 3087 5074 naturalem.
3130 5024 3182 5073 Si
3224 5037 3349 5090 ergo
3394 5100 3397 5101 ν

1823 5114 1887 5165 ad
1920 5111 2327 5179 signiﬁcandam
2356 5110 2651 5163 naturalem
2686 5125 2901 5163 causam
2935 5126 3212 5163 assumunt
3238 5126 3346 5176 per,

1822 5219 1920 5257 cur
1949 5207 2108 5257 etiam
2151 5218 2213 5255 ea:
2244 5218 2348 5255 non
2392 5212 2630 5264 utuntur,
2661 5218 2779 5269 qum
2809 5204 2944 5255 idem
2973 5201 3113 5252 valet
3134 5215 3194 5251 ac
3221 5206 3346 5266 per?

1824 5293 1879 5346 Si
1916 5308 2040 5345 vero
2073 5293 2136 5343 ad
2172 5291 2584 5358 significandum
2616 5290 3055 5349 instrumentum,
3101 5288 3214 5340 sive
3247 5305 3348 5339 nn-

1826 5386 2131 5445 tsisterium,
2166 5399 2262 5435 nos
2296 5382 2734 5453 communionem
2777 5381 2998 5431 istorum
3032 5394 3133 5431 non
3180 5379 3349 5431 snsci-

1823 5476 2019 5543 pimus.
2051 5472 2361 5541 Propterea,
2390 5476 2473 5525 vir
2508 5471 2814 5534 reverende,
2847 5470 3158 5539 qnairebant
3188 5469 3346 5521 libelli

1822 5566 2244 5633 expositionem;
2282 5566 2535 5617 nolebant
2572 5563 2714 5615 enim
2745 5562 2875 5614 citra
2922 5562 3347 5627 disqttisitiont'ttt

1822 5656 2083 5709 coniicere
2116 5655 2417 5722 quamlibet
2466 5655 2715 5705 unionem
2742 5670 2754 5717 ;
2789 5661 2843 5704 et
2870 5653 2988 5720 jure
3018 5650 3227 5715 quidem
3259 5669 3351 5718 «νυ-

1825 5747 1974 5799 timo.
2026 5745 2161 5797 Nam
2205 5744 2249 5797 si
2316 5753 2459 5797 tanta
2505 5758 2643 5796 nunc
2685 5742 2920 5795 adhibita
2982 5741 3348 5807 inquisitione,

1826 5837 2023 5904 studio,
2052 5852 2113 5891 ac
2150 5836 2420 5906 vigilantia
2454 5835 2619 5892 nostri
2657 5836 2847 5889 factam
2884 5832 3136 5887 unitatem
3167 5835 3345 5906 impu-
