4006 6340
600 369 733 435 1083
823 370 828 377 ’

1550 371 1861 431 JOSEPHI
1909 365 2454 464 METiIONENSlS
2477 361 2816 422 E-PISCOPI

3564 416 3567 417 ν
3657 354 3779 418 illisi

596 493 652 539 et
683 484 879 536 virtute
912 501 922 535 :
959 478 1191 550 (Equum
1219 489 1320 544 est,
1356 481 1547 551 inquit,
1583 496 1893 539 sanctorum
1924 456 2138 534 nostro-

2263 476 2350 528 {at
2378 473 2547 535 οὕτως
2569 472 2775 524 ἔδωκαν
2811 468 3034 538 γνώμας
3065 466 3294 529 ἕκαστος
3325 466 3506 519 αὐτῶν
3533 465 3642 518 ἀπὸ
3670 469 3783 520 στό-

598 591 716 629 ram
737 574 878 627 dicta
904 573 1041 625 inter
1060 585 1177 626 sese
1207 573 1519 635 conciliare.
1544 589 1665 626 nam
1689 568 1753 626 ea
1775 571 2138 637 concordant;

598 661 1027 733 quandoquidem
1050 661 1102 715 in
1127 661 1256 731 ipsis
1276 662 1413 715 idem
1440 663 1653 717 locutus
1678 671 1755 717 est
1780 662 2141 730 Spiritus,nec

597 758 682 803 est
735 748 1134 816 discrepantia;
1192 762 1396 818 nosque
1438 764 1559 803 cum
1610 734 1848 803 Ecclesia
1901 749 2142 802 Romana

597 837 872 908 conjungi.
909 836 1137 902 Quando
1171 848 1225 894 et
1275 850 1331 894 tu
1370 841 1689 909 respondisti
1731 858 1745 892 :
1780 839 2001 894 Latinos
2031 856 2139 893 non

599 929 775 984 solum
834 944 955 984 esse
1010 930 1411 993 scbismaticos,
1462 932 1556 985 sed
1602 932 1765 986 etiam
1821 932 2140 997 haereticos;

595 1020 821 1091 proinde
840 1021 1275 1091 conjunctionem
1297 1036 1419 1076 cum
1442 1021 1549 1074 illis
1567 1021 1712 1075 nullo
1730 1020 1889 1074 modo
1908 1036 2027 1074 esse
2049 1022 2144 1073 ad-

600 1112 941 1177 mittendam,
980 1113 1081 1166 nisi
1112 1126 1142 1165 e
1172 1110 1427 1182 Symbolo
1451 1111 1872 1165 additamentum
1903 1110 2142 1184 ejiciaut,

598 1213 652 1259 et
683 1203 997 1273 Symbolum
1021 1202 1205 1256 eodem
1231 1217 1338 1272 quo
1370 1218 1468 1257 nos
1497 1204 1658 1256 modo
1681 1202 1970 1258 fateantur.
1989 1202 2143 1269 Quod

599 1288 690 1341 ubi
716 1288 962 1343 Niczenus
985 1290 1175 1356 praesul
1208 1288 1431 1355 audivit,
1459 1291 1543 1344 bis
1572 1291 1747 1345 verbis
1767 1291 1858 1344 tibi
1892 1293 2100 1345 oceurit
2127 1307 2142 1345 :

599 1376 739 1446 Ergo
762 1378 853 1446 qui
894 1376 1150 1446 Spiritum
1180 1389 1423 1434 sanctum
1459 1382 1618 1434 etiam
1652 1396 1712 1435 ex
1741 1380 1874 1434 Filio
1898 1390 2147 1436 asserunt

601 1465 834 1520 haeretici
854 1465 1018 1519 sunt?
1038 1474 1093 1519 ιιι
1122 1481 1247 1521 vero
1263 1467 1542 1522 confestim
1570 1469 1912 1538 respondisti,
1935 1469 2105 1522 Etiam
2129 1485 2145 1533 ;

600 1558 655 1605 οι
685 1549 811 1603 ille:
850 1549 1011 1615 Deus,
1048 1551 1311 1619 propitius
1337 1552 1465 1606 mibi
1491 1554 1603 1618 sis;
1636 1554 1805 1606 Sancti
1840 1555 1999 1607 etiam
2054 1553 2146 1621 qui

605 1642 705 1696 hoc
734 1641 943 1706 dicunt,
981 1642 1214 1696 haeretici
1274 1643 1451 1695 sunt?
1485 1642 1628 1697 Muta
1670 1644 1796 1697 fiant
1836 1644 1997 1708 labia,
2030 1659 2149 1714 qum

605 1734 901 1803 loquuntur
945 1734 1203 1786 adversus
1260 1741 1496 1787 sanctos.
1554 1730 1801 1803 Tumque
1848 1735 2145 1788 sententias

2249 580 2441 635 ματος,
2464 565 2490 615 ὁ
2517 563 2614 631 μὲν
2641 561 2832 625 οὕτως,
2864 561 2892 612 ὁ
2923 558 2979 612 δὲ
3012 556 3207 620 οὕτως,
3236 557 3534 627 ἀρξάμενοι
3562 557 3673 609 ἀπὸ
3698 556 3787 609 τοῦ

2245 655 2287 707 la
2300 656 2390 721 ροῦ
2423 651 2781 722 πατριάρχου.
2808 650 2971 703 Ὅθεν
3003 642 3084 712 εἷς
3133 650 3197 703 ὲκ
3225 649 3322 717 τῆς
3362 647 3586 700 συνόδου
3627 648 3793 714 an».

2245 746 2378 817 σύνῃ
2414 741 2955 823 κεκοσμημένοςθκαὶ
3012 741 3204 809 ἀρετῇ,
3236 738 3341 807 ἔφη
3364 751 3377 765 ⁸
3414 737 3633 791 Δίκαίον
3680 739 3791 789 ἐστι

2245 832 2663 903 συμξιϐἀσαιτὰ
2694 832 2835 900 ῥητὰ
2850 830 2957 882 τῶν
2986 829 3159 896 ἁγίων
3184 828 3359 898 ήμῶν,
3383 830 3506 881 ἐπεὶ
3532 826 3792 893 σύμφωνά

2243 926 2349 976 είσι
2374 940 2388 955 ·
2422 923 2481 975 τδ
2507 924 2614 991 γὰρ
2655 921 2787 973 αὐτὸ
2816 918 3040 989 Πνεῦμα
3065 918 3327 989 ἐλάλησεν
3355 920 3411 971 ὲν
3464 918 3669 981 αὐτοῖς,
3704 916 3797 967 καὶ

2246 1016 2346 1068 οὐκ
2374 1014 2498 1066 ἔστι
2521 1012 2807 1080 διαφωνία,
2840 1013 2935 1064 καὶ
2968 1010 3233 1081 ἑνωθῆναι
3254 1011 3400 1079 ἡμᾶς
3423 1012 3491 1079 τῇ
3520 1001 3628 1061 τῶν
3664 1007 3767 1061 Ῥω

2249 1108 2426 1176 μαίων
2456 1103 2776 1174 Ἐκκλησία.
2823 1101 2974 1156 Ἔνθ’
3019 1101 3324 1171 ἀπεκρίθης
3372 1100 3464 1153 καὶ
3500 1099 3568 1153 σὺ
3599 1098 3793 1165 λέγων,

2245 1198 2326 1251 ὅτι
2354 1198 2403 1250 οἱ
2441 1198 2663 1250 Λατῖνοι
2689 1196 2747 1246 οὐ
2782 1194 2942 1263 μόνον
2973 1194 3082 1247 εἰσὶ
3112 1193 3487 1263 σχισματικοῒ,
3522 1189 3658 1240 ἀλλὰ
3704 1190 3796 1239 καὶ

2247 1286 2513 1355 αἱρετικοί
2547 1300 2560 1319 υ
2609 1284 2689 1336 διὸ
2714 1283 2833 1335 οὐδὲ
2868 1282 3070 1349 πρέπει
3099 1280 3235 1342 ὅλως
3275 1279 3539 1347 ινωΘῆναι
3590 1279 3797 1339 αὐτοῖς,

2246 1377 2295 1428 εί
2332 1375 2406 1445 μὴ
2429 1373 2697 1426 ἐκϐάλωσι
2731 1372 2829 1440 τὴν
2869 1369 3187 1441 προσθήκην
3223 1370 3329 1423 ἀπὸ
3354 1368 3448 1422 τοῦ
3501 1368 3799 1437 συμδόλου,

2247 1467 2341 1519 καὶ
2369 1447 2749 1534 ὁμολογήσωσι
2783 1462 2844 1515 ea
2875 1461 3140 1532 σύμϐολον
3166 1460 3243 1525 ὡς
3283 1462 3377 1514 καὶ
3406 1462 3589 1531 ἡμεῖς.
3635 1458 3802 1510 Τοῦτο

2248 1556 2483 1619 ἀκούσας
2515 1557 2542 1608 ό
2569 1556 2805 1618 Νικαίας
2846 1555 3130 1627 ἀρχιερεὺς
3162 1554 3366 1622 ἀντιφη
3398 1568 3517 1605 σοι·
3553 1550 3665 1604 Καὶ
3699 1551 3804 1602 λοι-

2249 1647 2348 1700 πὸν
2393 1649 2441 1699 οί
2473 1646 2746 1714 λέγοντες,
2782 1645 2841 1698 τὸ
2879 1644 3101 1713 Πνεῦμα
3150 1644 3211 1696 τὸ
3264 1644 3421 1710 ᾶγιον
3471 1642 3566 1695 καὶ
3609 1642 3678 1692 ἐκ
3709 1640 3802 1692 τοῦ

2252 1737 2403 1802 Υίοῦ,
2457 1736 2726 1807 αίρετικοί
2768 1737 2911 1802 alat;
2975 1735 3085 1788 Καὶ
3124 1728 3307 1796 εὐθὺς
3348 1733 3412 1786 σὺ
3476 1733 3802 1801 ἀπεκρίθης,

606 1821 827 1891 protulit
858 1820 1221 1881 Orientalium
1269 1822 1573 1887 doctorum,
1621 1830 1673 1876 et
1703 1824 1824 1894 legit
1886 1824 2160 1878 universae-

2263 1830 2363 1883 Ναί
2397 1844 2411 1860 ·
2456 1830 2735 1889 κάκεῖνος*
2773 1826 2955 1890 Ἵλεώς
2988 1842 3097 1895 μοι,
3128 1825 3233 1879 Θεέ
3259 1840 3294 1861 ’λ
3323 1826 3433 1878 ικαὶ
3482 1823 3533 1875 οἱ
3560 1809 3742 1891 ἆγιοι⁸
3756 1825 3805 1876 οἱ

609 1913 837 1981 synodo,
861 1926 1133 1980 nunquam
1157 1926 1185 1965 a
1212 1919 1262 1966 te
1288 1916 1428 1968 visas
1454 1913 1536 1967 vel
1564 1913 1838 1982 cognitas;
1861 1914 1974 1969 sola
1992 1914 2150 1984 quip-

608 2018 671 2073 pe
704 2004 795 2056 tibi
829 2014 950 2058 nota
990 2013 1162 2068 erant,
1193 2020 1314 2074 quae
1357 1999 1873 2074 scripsit’Cubasilas
1910 2016 1964 2061 et
1990 2006 2145 2061 Pala-

608 2110 741 2149 mas.
778 2095 961 2150 Patres
979 2102 1155 2149 autem
1194 2097 1453 2163 inspectis
1482 2094 1837 2150 Orientalium
1867 2099 2150 2160 doctorum

606 2188 911 2249 sententiis,
941 2186 1199 2253 lectisque
1239 2184 1398 2239 etiam
1428 2184 1852 2240 Occidentalium
1887 2187 2067 2249 dictis,
2097 2196 2155 2241 ut

612 2273 725 2327 bare
769 2274 875 2328 illis
944 2282 1301 2328 consentanea
1364 2288 1483 2329 esse
1529 2287 1928 2346 compererunt,
1965 2292 2153 2332 omnes

609 2375 901 2433 perspecta!
965 2364 1076 2431 jam
1142 2364 1351 2418 veritati
1408 2380 1468 2419 se
1518 2365 1855 2423 dediderunt.
1909 2367 2153 2437 Iniquum

607 2456 804 2526 quippe
831 2468 913 2511 est
943 2466 1158 2511 ostensa
1179 2457 1294 2511 luce
1317 2456 1502 2509 oculos
1519 2456 1790 2512 claudere.
1814 2456 2000 2527 itaque
2022 2460 2151 2512 tule-

610 2536 739 2603 runt
774 2551 1090 2613 sententias,
1116 2560 1424 2604 sanctorum
1446 2549 1587 2604 dicta
1612 2552 1781 2606 secutl
1804 2568 1819 2615 ;
1846 2561 1897 2604 et
1922 2550 2050 2604 c0nf
2067 2551 2157 2605 ssi

610 2648 739 2693 sunt
760 2638 1118 2708 Filiumjnxta
1143 2640 1359 2695 Graecos
1382 2636 1596 2710 quidem
1627 2656 1746 2695 esse
1772 2656 2012 2701 causam,
2036 2641 2158 2711 jux-

616 2739 664 2786 ta
723 2728 941 2783 Latinos
974 2742 1151 2784 autem
1183 2732 1504 2802 principium
1567 2733 1935 2802 productionis
1979 2732 2151 2786 sancti

570 2866 579 2889 ,
614 2818 843 2889 Spiritus
863 2837 1011 2891 aeque
1036 2831 1091 2876 ut
1130 2823 1362 2877 Patrem.

2252 1918 2500 1987 λέγοντες
2545 1917 2700 1971 τοῦτο
2755 1914 3021 1987 αίρετικοί
3055 1914 3228 1980 είσιν;
3259 1910 3473 1966 ’Ἃλαλα
3519 1912 3806 1980 γενηθήτω

2252 2011 2320 2062 τὰ
2368 2008 2520 2079 χείλη
2555 2010 2622 2062 τὰ
2661 2006 2927 2060 λαλοῦντα
2954 2006 3094 2059 κατὰ
3137 2004 3246 2057 τῶν
3273 2004 3463 2071 ἁγίων.
3496 2003 3609 2057 Καὶ
3638 2002 3808 2063 οὕτως

2256 2100 2601 2169 προσήνεγκε
2636 2096 2704 2149 τὰ
2748 2097 2886 2169 ῥητὰ
2916 2093 3024 2148 τῶν
3068 2091 3403 2147 ἀνατολικῶν
3446 2092 3809 2157 διδασκάλων,

2258 2190 2353 2242 καὶ
2385 2187 2594 2255 ἀνέγνω
2625 2187 2775 2257 πάσῃ
2801 2187 2865 2255 τῇ
2896 2185 3098 2255 συνόδῳ
3121 2201 3134 2215 ο
3174 2184 3211 2238 ἃ
3240 2184 3304 2237 σὺ
3338 2183 3593 2236 οὐδέποτε
3640 2184 3810 2250 ἔγνως

2259 2279 2291 2349 ἢ
2325 2272 2495 2343 οἶδας,
2525 2277 2640 2330 ἀλλ’
2680 2277 2712 2347 ἢ
2759 2277 2826 2329 τὰ
2862 2273 2957 2328 τοῦ
2996 2274 3285 2329 Καδασιλᾶ
3313 2291 3371 2328 τε
3411 2276 3500 2327 καὶ
3550 2275 3808 2345 Παλαμᾶ.

2262 2368 2484 2432 Ἰδόντες
2508 2370 2565 2421 δὲ
2604 2370 2654 2422 οἱ
2685 2369 2925 2438 ῐιατὲρες
2963 2368 3034 2419 τὰ
3070 2368 3211 2437 ῥητὰ
3229 2366 3336 2419 τῶν
3360 2365 3530 2433 ἁγίων
3554 2366 3665 2419 τῶν
3686 2371 3812 2420 ἀνα-

2260 2462 2510 2526 τολικῶν,
2538 2460 2631 2515 καὶ
2655 2459 3065 2527 ἁναγνώσαντες
3089 2458 3184 2510 καὶ
3203 2457 3267 2509 ἐκ
3292 2456 3396 2509 τῶν
3412 2456 3646 2509 δυτικῶν
3669 2456 3815 2510 διδα-

2265 2553 2496 2618 σκάλων,
2536 2542 2647 2605 καὶ
2667 2551 2922 2619 εὑρόντες
2949 2548 3087 2601 αὐτὰ
3130 2544 3525 2615 συμφωνοῦντα
3552 2543 3813 2607 ἐκείνοις,

2260 2643 2594 2709 ἐπείσθησαν
2652 2640 2895 2700 ἅπαντες
2926 2640 2994 2709 τῇ
3037 2636 3266 2707 ἀληθείᾳ⁵
3292 2622 3653 2708 ’ἀναφανείσῃ
3679 2652 3694 2666 ο
3751 2638 3814 2688 οὐ

2258 2736 2364 2803 γὰρ
2418 2732 2623 2786 δίκαιον
2679 2730 2774 2784 τοῦ
2836 2730 3011 2800 φωτὸς
3073 2728 3374 2798 δειχθέντος
3426 2729 3704 2798 καμμύειν
3745 2730 3816 2778 τὰ

2258 2826 2504 2895 ὄμματα.
2547 2823 2657 2876 Καὶ
2685 2820 2856 2883 οὕτως
2894 2822 3106 2874 ἔδωκαν
3138 2821 3361 2888 γνώμας
3402 2818 3817 2890 όμοφωνοῦντες

614 2917 718 2975 τοῖς
748 2913 852 2965 τῶν
880 2914 1050 2978 ἁγίων
1089 2913 1293 2982 ῥητοῖς,
1348 2916 1442 2967 καὶ
1488 2914 1576 2966 τὸν
1609 2914 1735 2967 Υἱὺν
1781 2915 1983 2968 ἔδωκαν
2013 2910 2153 2967 εἶναι
2194 2917 2334 2966 κατὰ
2362 2914 2459 2983 μὲν
2483 2913 2607 2975 τοὺς
2641 2912 2906 2981 Γραικοὺς
2941 2914 3142 2980 αἰτίαν,
3178 2915 3321 2967 κατὰ
3400 2913 3459 2965 δὲ
3527 2912 3656 2977 τοὺς
3703 2916 3816 2968 Λα-

612 3006 786 3067 τίνους
812 3004 979 3074 ἀρχὴν
1002 3004 1096 3073 τῆς
1117 3003 1208 3056 τοῦ
1247 3004 1401 3070 ἁγίου
1431 3006 1739 3073 ῐῙνεύματος
1773 3006 2148 3075 ἐκπορεύσεως
2187 3005 2372 3073 ῶσπερ
2413 3006 2505 3058 καὶ
2537 3003 2628 3055 τὸν
2661 3003 2901 3073 Πατέρα.

1274 3094 1399 3147 ΕΡΙΙ
1412 3096 1511 3149 ES.

689 3188 766 3241 Illi
795 3202 921 3241 vero
950 3186 1014 3241 de
1037 3185 1199 3241 dictis
1228 3187 1358 3239 nihil
1383 3202 1440 3239 se
1463 3186 1713 3241 dubitare
1740 3187 2160 3255 responderunt,

619 3282 746 3353 quin
782 3294 1030 3349 germana
1068 3278 1355 3331 doctorum
1391 3279 1522 3339 sint,
1566 3294 1686 3333 cum
1729 3280 1796 3334 de
1853 3278 1956 3332 boc
2002 3279 2162 3332 fidem

624 3372 688 3427 iis
735 3370 932 3425 fat-cret
976 3369 1201 3438 epistola
1258 3369 1428 3423 sancti
1484 3368 1699 3422 Maximi
1734 3387 1748 3422 :
1785 3385 2002 3423 causam
2037 3382 2166 3422 vero

624 3464 859 3532 Spiritus
899 3460 1033 3513 Filio
1081 3459 1317 3512 tribuere
1348 3460 1520 3527 major
1545 3470 1689 3513 certe
1722 3474 1845 3527 pars
1875 3460 2020 3514 nullo
2047 3473 2166 3512 mo-
2202 3494 2206 3499 -

628 3554 697 3604 do
761 3551 1029 3611 volebant,
1090 3548 1232 3615 quod
1276 3547 1346 3599 ita
1398 3557 1657 3601 statueret
1704 3558 1756 3601 et
1791 3549 1904 3615 ipse
1952 3548 2167 3615 sapiens

626 3641 911 3696 Maximus.

1304 3727 1497 3805 uase.

699 3823 769 3876 De
791 3823 945 3877 dit-tis
977 3839 1080 3873 non
1112 3821 1431 3874 dubitabant
1465 3818 1718 3888 amplius,
1745 3821 1885 3887 quod
1918 3820 2004 3874 illa
2030 3821 2170 3873 inter

628 3927 687 3967 se
735 3914 1042 3965 consentire
1086 3912 1195 3978 jam
1237 3920 1442 3963 eertum
1478 3904 1639 3967 esset.
1677 3921 1861 3977 utpote
1911 3926 2170 3978 germana

630 4002 930 4071 doctorum;
964 4001 1210 4067 quodque
1243 4009 1573 4066 perspectum
1612 3999 1890 4062 baberent,
1913 3999 2022 4067 jam
2042 3999 2169 4051 olim

633 4090 687 4143 in
720 4088 956 4142 Ecclesia
990 4086 1228 4140 llunuana
1271 4088 1450 4153 vigere
1498 4085 1635 4137 hanc
1664 4080 2003 4137 sententiain.
2039 4082 2169 4139 Nam

632 4192 851 4238 sanctus
882 4167 1165 4241 Maximus,
1222 4179 1312 4245 qui
1350 4175 1452 4229 fuit
1481 4185 1601 4227 ante
1651 4186 1857 4227 sextam
1905 4176 2170 4243 synoduut

631 4270 1044 4333 mcumenicam,
1073 4277 1295 4322 testatur
1337 4265 1629 4320 Ecclesiam
1662 4263 1957 4317 Romanam
1992 4278 2084 4332 per
2120 4264 2172 4317 id

636 4370 847 4428 tempus
888 4360 959 4412 ita
1018 4366 1282 4419 cantare;
1322 4364 1376 4408 et
1411 4368 1646 4408 consona
1685 4354 1923 4406 dicentes
1974 4352 2177 4422 profert

2940 3094 3125 3148 ΕΦΕΣ.
3190 3120 3193 3121 ν

2324 3187 2468 3256 Περὶ
2505 3187 2601 3255 μὲν
2625 3187 2732 3239 τῶν
2760 3185 2937 3255 ῥητῶν
2963 3186 3061 3238 οὐκ
3092 3184 3454 3254 ἀμφιδάλλειν
3485 3185 3712 3255 ἔφασαν,
3761 3188 3813 3239 εξ

2264 3279 2460 3345 γνήσια
2487 3276 2595 3328 τῶν
2621 3276 2958 3330 διδασκάλων
2998 3280 3125 3340 εἰσὶ,
3184 3280 3334 3347 παρὰ
3383 3279 3483 3347 τῆς
3520 3279 3810 3345 ἐπιστολῆς

2263 3364 2357 3417 τοῦ
2405 3365 2548 3418 θείου
2578 3366 2829 3435 Μαξίμου
2882 3366 3040 3419 τοῦτο
3070 3368 3417 3429 πιστούμενοι
3442 3387 3456 3401 ·
3504 3369 3603 3438 τὴν
3632 3369 3817 3420 αἰτίαν

2269 3458 2447 3524 μέντοι
2486 3457 2578 3510 τοῦ
2635 3458 2948 3525 Πνεύματυς
3000 3459 3078 3527 τῷ
3132 3459 3246 3528 Υίῷ
3297 3460 3496 3513 διδόναι
3537 3461 3817 3523 παντελῶς

2266 3545 2650 3613 ἀπηγόρευσαν
2702 3544 2754 3596 οἴ
2789 3560 2850 3609 γε
2903 3545 3184 3608 πλείονες·
3214 3544 3385 3607 οὕτως
3432 3546 3540 3613 γὰρ
3588 3545 3678 3597 καὶ
3718 3546 3817 3597 τὸν

2269 3633 2429 3703 σοφὸν
2450 3632 2779 3703 διορίζεσθαι
2815 3630 3079 3702 Μάξιμον.

2942 3728 3147 3781 ΑΠΟΛ.

2339 3818 2472 3885 Περὶ
2509 3819 2616 3871 τῶν
2666 3820 2843 3890 ῥητῶν
2884 3820 2962 3873 ἔτι
3020 3821 3120 3872 οὐκ
3165 3818 3599 3886 ἀμφιϐάλλοντες
3650 3816 3815 3889 ἦσαν,

2269 3909 2457 3975 ἐπειδὴ
2508 3909 2753 3975 ἔγνωσαν
2799 3910 2935 3962 αὐτὰ
2985 3906 3378 3977 συμφωνοῦντα
3430 3908 3703 3978 ἀλλήλοις,
3736 3910 3817 3971 ὡς

2269 4001 2464 4068 γνήσια
2489 3999 2612 4051 ὄντα
2631 4000 2739 4053 τῶν
2769 3999 3099 4053 διδασκάλων
3121 4013 3137 4029 ⁶
3174 3999 3269 4052 καὶ
3289 4000 3369 4052 ὅτι
3400 3997 3665 4065 ἔγνωσαν,
3686 4002 3787 4050 tati

2270 4107 2369 4159 την
2391 4091 2487 4161 τὴν
2508 4091 2665 4156 δόξαν
2694 4088 2834 4145 εἶναι
2854 4094 2908 4146 ὲν
2940 4095 3004 4161 τῇ
3046 4091 3323 4161 Ῥωμαϊκῇ
3354 4089 3649 4158 Ἐκκλητίᾳ
3686 4093 3817 4160 πρό-

2272 4182 2457 4234 παλαι.
2501 4181 2558 4234 '0
2591 4185 2700 4251 γὰρ
2751 4182 2903 4248 ἅγιος
2960 4182 3216 4250 Μάξιμος
3249 4180 3355 4248 πρὸ
3403 4183 3501 4249 τῆς
3546 4180 3711 4248 ἕκτης
3738 4180 3819 4235 ῶν

2272 4270 2653 4340 οἱκουμενικῆς
2692 4273 2931 4335 συνόδου,
2971 4273 3239 4341 μαρτυρεῖ
3278 4273 3345 4339 τῇ
3387 4269 3671 4342 Ῥωμαϊκῇ
3696 4272 3792 4325 Ἐκ

2278 4359 2474 4429 κλησία
2506 4359 2661 4411 τοῦτο
2683 4360 2903 4431 ᾁδούσῃ,
2936 4362 3030 4412 καὶ
3061 4359 3381 4430 συμφώνους
3411 4361 3469 4414 ἑν
3486 4362 3659 4431 τούτῳ
3679 4378 3817 4430 προ-

610 4448 908 4503 ιῐὶοιιιυιιοδ
945 4450 1147 4513 Patres,
1194 4457 1249 4502 et
1278 4455 1533 4516 praeterea
1566 4443 1821 4515 Cyrillum
1854 4444 2160 4499 Alexandri-

2278 4448 2490 4518 κομίζει
2526 4451 2851 4529 Ῥωμαίους,
2890 4452 3157 4521 Πατέρας,
3188 4451 3268 4504 ἔτι
3302 4468 3366 4519 γε
3405 4453 3514 4521 μὴν
3567 4454 3660 4505 καὶ
3706 4455 3820 4505 Κύ-

636 4555 786 4593 num.
815 4540 969 4603 Quod
1003 4554 1131 4592 vero
1159 4548 1216 4591 ut
1248 4537 1636 4591 validissimum
1670 4536 1880 4604 objicis,
1916 4547 1996 4591 est
2027 4534 2172 4606 quod

554 4658 559 4662 ο
636 4609 1244 4691 οἱιΜοιὶιυιιε,λΙδιιιι-οε
1267 4628 1387 4681 illos
1432 4629 1827 4680 demonstrasse
1858 4642 1965 4679 non
1998 4642 2116 4680 esse
2144 4642 2174 4679 a

637 4738 696 4777 Ie
726 4722 1070 4779 allirmatum,
1106 4717 1299 4770 Filium
1330 4730 1450 4770 esse
1481 4730 1697 4771 causam
1726 4732 1741 4781 ;
1778 4715 1871 4770 sed
1907 4716 2055 4768 illum
2082 4718 2175 4769 de-

639 4819 902 4873 notatum,
934 4810 1073 4877 quod
1119 4822 1212 4874 per
1245 4807 1419 4876 ipsum
1459 4808 1715 4875 procedat
1747 4822 1758 4857 :
1793 4806 1895 4858 hoc
1942 4805 2083 4857 cnim
2119 4814 2177 4856 tu

641 4902 718 4952 ais
745 4910 798 4954 et
834 4902 964 4953 istos
995 4915 1137 4953 nunc
1172 4898 1604 4957 reformidantes.
1648 4897 1785 4949 dictu
1832 4895 2048 4964 quidem
2083 4909 2181 4963 ap-

642 4989 897 5054 probasse
934 5002 987 5043 et
1040 4990 1182 5054 ipsos
1227 4990 1469 5055 exemplo
1522 4984 1756 5049 Max'mi,
1793 4997 2014 5037 causam
2054 4993 2179 5034 vero

642 5079 777 5135 Filio
812 5081 1045 5134 tribuere
1104 5079 1250 5132 nullo
1285 5079 1443 5132 modo
1503 5077 1731 5129 voluisse
1768 5077 2022 5142 majorem
2055 5087 2183 5137 par-

643 5181 771 5225 tem.
814 5171 917 5223 Nos
950 5188 1073 5225 vero
1105 5174 1171 5225 ad
1233 5172 1345 5224 lia-c
1379 5170 1540 5223 etiam
1580 5167 2022 5236 respondebimus
2052 5179 2183 5234 pau-

642 5264 719 5317 cis
763 5279 775 5315 :
821 5262 1000 5330 Smcti
1040 5263 1253 5315 Maximi
1296 5263 1497 5315 dictum
1560 5260 1631 5312 ita
1686 5258 2013 5328 intelligitur.
2073 5256 2182 5307 Non

642 5365 790 5423 putat
827 5358 937 5422 ipse
966 5352 1157 5405 ιείιῡυιιι
1194 5369 1311 5407 esse
1335 5368 1550 5405 causam
1583 5351 1815 5421 Spiritus
1835 5349 2181 5419 principalem

585 5450 597 5458 ‘
641 5452 694 5495 et
746 5440 1171 5511 primordialem.
1208 5450 1300 5491 aut
1360 5439 1680 5506 principium
1733 5440 1846 5490 sine
1898 5436 2185 5505 principio,

2278 4541 2458 4611 ριλλον
2500 4541 2589 4594 τδν
2638 4541 3068 4612 Ἀλεξανδρείας.
3102 4544 3176 4595 Τὸ
3220 4544 3276 4595 δὲ
3328 4545 3676 4612 ἰσχυρότερόν
3724 4561 3818 4598 σου

2276 4631 2382 4682 τῶν
2413 4630 2584 4697 λόγων
2611 4633 2776 4694 ἐστὶν,
2806 4633 2879 4695 ῶς
2910 4634 3006 4685 οὺκ
3038 4632 3219 4684 αἰτίαν
3246 4631 3534 4693 ποιοῦντας
3549 4632 3640 4683 τὸν
3669 4633 3822 4696 Υίδν,

2278 4720 2379 4790 ἔφη
2412 4723 2681 4789 Μάξιμος,
2707 4724 2844 4788 σφᾶς
2877 4723 3073 4784 αὐτοὺς
3105 4721 3154 4773 οἱ
3190 4722 3430 4800 Πατέρες
3462 4720 3659 4773 ἐκεῖνοι
3689 4723 3824 4773 ἁπέ-

2278 4812 2479 4876 δειξαν,
2511 4813 2625 4866 ἀλλ’
2654 4813 2741 4865 ἴνα
2785 4813 2843 4864 τὸ
2873 4812 2939 4864 δι’
2994 4811 3157 4865 αὐτοῦ
3192 4812 3441 4880 προϊέναι
3483 4811 3766 4881 δηλώσωσι
3806 4830 3821 4844 ⁸

2279 4903 2435 4957 τοῦτο
2466 4906 2570 4977 γὰρ
2601 4905 2692 4958 καὶ
2719 4897 2861 4957 οὗτοι
2898 4903 3016 4965 νῦν,
3054 4904 3129 4965 ὠς
3159 4903 3285 4973 φῂς,
3312 4901 3674 4966 δειλιάσαντες
3713 4906 3825 4967 τοῖς

2286 4995 2384 5062 μὲν
2414 4997 2595 5065 ῥητοῖς
2624 4996 3008 5063 συνεφώνησαν
3051 4995 3142 5047 καὶ
3180 4994 3333 5046 αὐτοὶ
3363 4993 3505 5047 κατὰ
3532 4993 3623 5046 τὸν
3660 4993 3827 5057 Μάξι-

2286 5100 2403 5153 μον,
2435 5084 2531 5154 τὴν
2585 5085 2640 5135 δὲ
2672 5085 2851 5136 αἰτίαν
2883 5082 2958 5152 τῷ
2989 5082 3100 5150 Υἱῴ
3135 5082 3332 5136 διδόναι
3380 5082 3654 5141 παντελῶς
3684 5083 3824 5150 ἁπη-

2284 5173 2549 5241 γόρευσαν
2588 5173 2642 5224 οἴ
2658 5189 2720 5237 γι
2752 5172 2991 5235 πλείονες
3026 5172 3229 5226 αὐτῶν.
3274 5172 3464 5241 Ἡμεῖς
3485 5171 3541 5223 δι
3569 5172 3663 5222 καὶ
3690 5175 3825 5242 πρὸς

2284 5262 2452 5313 ταῦτα
2487 5261 2640 5325 ὀλίγα
2678 5262 2910 5331 ἐροῦμεν
2938 5278 2953 5293 ο
2985 5262 3065 5315 ὅτι
3101 5264 3172 5313 το
3204 5260 3297 5313 τοῦ
3336 5260 3535 5312 σεπτοῦ
3572 5260 3823 5330 Μαξίμου

2284 5351 2423 5403 οὕτω
2451 5353 2672 5414 νοεῖται,
2694 5353 2765 5415 ὼς
2789 5353 2886 5405 οὐκ
2913 5353 3199 5423 ἁρχοειδῶς
3226 5352 3343 5405 οὐδὲ
3375 5354 3823 5422 προκαταρτικῶς

2287 5440 2460 5493 αἰτίαν
2508 5442 2599 5493 τὸν
2634 5442 2756 5493 Υἱδν
2794 5438 2933 5494 εἶναι
2969 5441 3177 5506 νομίζει
3206 5441 3297 5492 τοῦ
3350 5442 3687 5510 Πνεύματος.
3719 5443 3826 5494 οὐδ’

644 5535 759 5588 sive
815 5546 1035 5587 causam
1074 5529 1280 5596 absque
1334 5544 1535 5592 causa;
1577 5537 1676 5583 llOC
1701 5530 1845 5581 enim
1887 5528 1985 5582 soli
2050 5528 2160 5578 iucs

2288 5533 2458 5601 ἀρχὴν
2480 5533 2729 5603 ἄναρχον,
2763 5532 2871 5585 οὐδ’
2900 5532 3074 5585 αἰτίαν
3106 5534 3343 5585 ἀναίτιον
3367 5552 3380 5566 ·
3412 5532 3570 5587 τοῦτο
3598 5534 3707 5603 γὰρ
3753 5536 3827 5598 τῷ

644 5627 810 5691 Patri,
851 5628 1267 5695 haudquaquam
1316 5620 1471 5687 Filio,
1534 5623 1799 5691 siquidem
1831 5620 1974 5689 quod
2026 5619 2160 5672 habe

2289 5622 2458 5689 Πατρὶ
2492 5622 2635 5690 μόνῳ
2665 5622 2943 5691 πρόσεστι,
2976 5619 3051 5685 τῷ
3080 5620 3134 5671 δὲ
3166 5621 3278 5693 Υίῷ
3309 5623 3405 5691 οὐχ
3438 5621 3634 5683 οὕτως,
3659 5620 3758 5673 ἀλλ
3801 5621 3828 5671 ὃ

648 5718 831 5783 l‘ilLus,
869 5726 1154 5788 acceptum
1186 5717 1344 5771 l.al.ct
1398 5732 1424 5768 ιι
1458 5714 1627 5778 l'atre,
1662 5728 1686 5765 a
1742 5725 1849 5780 quo
1879 5711 2040 5765 etiam
2075 5718 2174 5765 est.

2295 5711 2403 5781 ἔχει
2428 5713 2452 5764 ό
2482 5711 2626 5776 Υἱὸς,
2658 5712 2803 5783 παρὰ
2839 5710 2932 5763 τοῦ
2966 5710 3172 5781 Ματρὸς
3208 5710 3384 5766 λαϐὼν
3426 5712 3539 5781 ἔχει
3590 5710 3681 5765 καὶ
3702 5708 3827 5763 αὐτὸ
