4006 6340
629 405 760 472 1091

1588 412 1897 472 JO'SEPIII
1928 416 1980 472 Μ
1995 411 2410 472 ETHONENSI
2424 407 2473 465 δ’
2501 409 2839 469 EPISCOPI

3677 403 3808 466 109-2

627 536 744 575 rum
774 518 904 575 illud
937 534 1097 572 unttm
1130 519 1328 574 inditur
1351 535 1570 586 nomen,
1607 535 1663 577 ιιι
1694 526 2027 592 appellentur
2056 528 2163 578 ba:-

2272 525 2499 590 ταύτην
2534 523 2582 573 οἱ
2613 523 2669 572 δὲ
2723 522 2829 570 τῶν
2881 520 3276 586 οἱκουμενικῶν
3338 519 3570 570 συνόδων
3626 519 3805 586 ἐχθροὶ

628 613 802 666 retici.
842 611 948 665 Nos
998 627 1124 665 vero
1171 627 1234 665 ne
1264 613 1545 666 incurabili
1581 614 1679 667 boc
1715 617 1902 668 morbo
1954 618 2164 670 labore-

632 717 769 762 mus.
826 714 888 754 ac
932 714 1026 768 per
1067 701 1239 767 ipsum
1295 703 1476 758 hostes
1543 703 1793 756 Ecclesiae
1855 705 2050 758 Christi
2111 715 2164 757 et

628 793 858 846 haeretici
883 792 1174 846 evadamus
1194 834 1210 858 ,
1241 805 1597 850 sacrosanctae
1634 797 1758 850 huic
1787 800 1990 867 synodo
2033 814 2160 852 nos-

628 881 881 950 metipsos
910 883 1249 949 subjicinms.
1289 893 1342 938 et
1369 879 1748 952 amplectimur
1777 888 2061 940 unitatem.
2095 887 2162 939 Et

627 979 681 1022 tu
711 971 926 1039 quidem
977 987 1100 1026 cum
1139 971 1298 1026 latuis
1333 975 1750 1041 cogitationibus
1805 992 2047 1038 vacares.
2106 988 2162 1032 et

628 1059 841 1114 inanem
895 1065 1245 1130 aucupareris
1295 1065 1596 1133 gloriolam.
1648 1081 1940 1133 auramque
1989 1083 2160 1135 popu-

633 1148 818 1212 larem,
850 1151 1046 1217 quibus
1099 1152 1316 1227 assidue
1369 1152 1644 1223 eﬂ'useque
1694 1156 2069 1220 oblectabaris,
2106 1158 2158 1210 in

629 1251 1027 1294 sacrosanctam
1113 1245 1374 1319 synodum
1456 1245 1766 1313 blaspbema
1845 1247 2160 1316 eﬂ’uudebas

634 1331 793 1385 verba
828 1348 842 1384 :
876 1347 977 1386 nos
1015 1343 1188 1387 autem
1231 1350 1351 1388 cum
1389 1347 1696 1390 sanctorum
1744 1337 1903 1392 dietis
1941 1354 2164 1392 vacave-

635 1421 829 1485 rimus,
854 1439 971 1478 eam
1001 1425 1351 1491 honoramus,
1381 1443 1590 1494 proque
1625 1429 1736 1494 ipsa
1770 1430 2011 1498 quotidie
2043 1446 2161 1498 pro-

637 1530 955 1583 pugnamus.
987 1517 1058 1572 Ut
1095 1533 1218 1571 vero
1249 1520 1528 1587 impudens
1574 1532 1722 1575 tuum
1752 1537 1832 1586 os,
1871 1524 2010 1591 quod
2047 1526 2162 1589 fini-

635 1606 892 1671 quitatem
923 1615 974 1660 et
1013 1608 1398 1677 blasphemiam
1433 1612 1488 1664 in
1537 1612 1752 1664 excelso
1780 1614 2016 1666 locutum
2057 1623 2160 1677 est,

633 1703 873 1763 tempore
919 1713 1113 1753 amara
1155 1711 1260 1754 tua
1291 1717 1354 1754 ex
1387 1701 1486 1754 bac
1517 1701 1619 1755 vita
1679 1693 2013 1770 niigratirmis
2057 1719 2158 1770 op-

631 1787 826 1854 pletum
861 1791 930 1842 sit
958 1791 1226 1855 sordibus,
1256 1801 1455 1844 norunt
1486 1793 1576 1860 qtti
1620 1809 1800 1846 verum
1841 1794 1993 1847 fateri
2026 1794 2163 1847 didi-

2264 614 2362 666 οὐκ
2409 614 2536 664 ἄλλο
2586 612 2951 678 λαμϐάνουσιν
3001 611 3249 678 δνομα,ἢ
3298 613 3563 677 αἰρετικοὶ
3618 611 3804 674 ὀνομά-

2263 706 2468 766 ζονται.
2516 704 2705 768 ’Πμεῖς
2738 703 2791 752 δὲ
2823 703 2906 753 ἵνα
2946 701 3016 770 μὴ
3044 702 3140 765 τὴν
3172 703 3382 752 ἀνίατον
3415 701 3619 767 ταύτην
3651 703 3805 764 νοσή-

2266 781 2468 862 σὶημεν,
2497 796 2591 845 καὶ
2627 794 2889 859 αἱρετικοὶ
2942 793 3034 844 καὶ
3079 791 3260 859 ἐχθροὶ
3292 793 3375 843 διὰ
3405 793 3607 858 ταύτης
3639 792 3804 855 γενῶ-

2267 883 2402 949 μεθα
2427 882 2522 947 τῆς
2545 881 2634 932 τού
2654 879 2884 946 Χριστοῦ
2924 879 3273 947 Ἐκκλησίας,
3294 882 3356 945 τῇ
3377 879 3498 947 ἱερᾷ
3519 880 3691 945 ταύτῃ
3715 880 3803 929 καὶ

2267 973 2396 1043 ἁγίᾳ
2446 973 2646 1040 συνόδῳ
2676 970 3112 1038 ὐποτασσόμεθα,
3165 970 3256 1023 καὶ
3288 972 3344 1021 ὲν
3396 969 3584 1022 ὲνώσει
3618 969 3801 1036 ἐσμέν.

2267 1066 2373 1116 Καὶ
2405 1065 2468 1115 σὺ
2499 1064 2595 1130 μὲν
2627 1062 2888 1132 σχολάσας
2922 1061 3167 1130 μωρίαις,
3203 1061 3296 1113 καὶ
3325 1059 3680 1125 δοξοφανίαςς,
3713 1058 3805 1110 καὶ

2262 1156 2450 1219 τιμαῖς
2480 1153 2589 1206 τῶν
2620 1153 2814 1205 κοινῶν
2863 1152 3184 1220 ἀνθρώπων,
3231 1152 3324 1203 καὶ
3352 1152 3580 1211 ταύταις
3614 1152 3803 1216 ἐντρυ-

2263 1246 2378 1314 φῶν
2407 1244 2524 1296 καθ’
2560 1245 2816 1313 ἑκάστην,
2849 1243 3206 1311 βλασφήμους
3234 1241 3564 1310 ἁπέῤῥιπτες
3616 1240 3805 1302 λόγους

2264 1336 2404 1388 κατὰ
2433 1337 2530 1404 τῆς
2562 1336 2714 1403 ἱερᾶς
2768 1338 2862 1386 καὶ
2907 1335 3068 1399 ἁγίας
3101 1332 3348 1385 συνόδου⁸
3379 1332 3537 1398 ἡμεῖς
3572 1330 3627 1381 δὲ
3680 1346 3802 1397 σκο-

2263 1411 2528 1490 λάσαντὲς
2567 1429 2678 1487 τοῖς
2710 1427 2817 1478 τῶν
2863 1426 3030 1491 ἁγίων
3079 1425 3258 1494 ῥητοῖς
3311 1424 3559 1491 τιμῶμεν
3607 1423 3801 1488 αὐτὴν,

2265 1518 2358 1569 καὶ
2384 1519 2552 1585 αὐτῆς
2575 1516 3021 1585 ὐπερασπίζομεν
3048 1515 3167 1568 καθ’
3201 1515 3457 1581 ἑκάστην.
3485 1515 3680 1574 Ὀπως
3712 1507 3804 1564 οῦν

2264 1609 2359 1660 καὶ
2386 1609 2444 1659 τὸ
2482 1609 2696 1670 ἀναιδές
2742 1625 2834 1659 σου
2868 1608 3063 1674 στόμα,
3115 1608 3176 1658 τὸ
3203 1606 3438 1668 λαλῆσαν
3476 1605 3690 1657 ἀδικίαν
3725 1605 3803 1664 εἰς

2263 1697 2322 1748 τὸ
2355 1695 2487 1764 ὕψος
2529 1700 2619 1749 καὶ
2675 1696 3044 1764 βλασφημίαν,
3093 1695 3378 1763 ἐπληρώθη
3431 1695 3692 1761 αἰσχύνης
3747 1695 3804 1743 ὲν

2264 1787 2340 1856 τῷ
2380 1787 2556 1855 καιρῷ
2609 1788 2706 1854 τῆς
2764 1779 2861 1852 σῆ’ς
2902 1787 3101 1855 πικρᾶς
3155 1785 3482 1848 ἀναλύσεως,
3526 1783 3703 1836 ἴσασιν
3755 1785 3803 1834 οἱ

634 1886 841 1929 cerunt.
876 1876 938 1929 Et
963 1887 1014 1929 tu
1041 1878 1281 1948 quidem,
1310 1889 1364 1931 ut
1390 1882 1492 1944 ais,
1525 1883 1725 1935 sanctis
1767 1884 1873 1936 tuis
1910 1884 2163 1937 Patribus

2272 1880 2471 1948 τάληθῆ
2503 1879 2680 1945 λέγειν
2721 1877 3114 1945 μεμαθηκότες.
3142 1877 3249 1928 Καὶ
3281 1877 3344 1928 σὺ
3376 1875 3474 1942 μὲν
3503 1876 3802 1944 συνήφθης,

634 1976 696 2014 ac
722 1963 1032 2018 doctoribus
1056 1976 1103 2019 Ic
1128 1967 1439 2034 adjunxlsti,
1474 1968 1665 2022 Photio
1696 1969 2163 2024 schismaticorum

634 2052 882 2120 principi.
918 2055 1027 2107 into
1066 2071 1194 2108 vero
1223 2059 1428 2110 auctori
1464 2067 1517 2110 et
1551 2060 1728 2126 opiﬁci
1785 2060 2088 2114 schismatis
2116 2070 2171 2114 et

632 2145 863 2206 dissidii,
910 2143 1191 2207 Cubasilze.
1250 2146 1499 2210 Palamm.
1549 2149 1860 2214 Camatero,
1907 2150 2166 2215 lernio,

634 2232 830 2295 Psello.
883 2235 1298 2304 Muscltatnpari,
1353 2238 1629 2306 Bulgariae.
1684 2239 1902 2295 Nicolao
1970 2229 2170 2295 Metho-

639 2326 812 2386 nonsi.
863 2324 1146 2388 Panareto,
1180 2337 1229 2380 et
1259 2329 1491 2390 caeteris.
1535 2330 1626 2396 qui
1677 2342 1795 2396 post
1835 2331 2070 2385 sebisma
2117 2341 2171 2385 et

634 2416 853 2466 multam
913 2418 1316 2470 contentionem
1353 2418 1406 2470 itt
1453 2418 1748 2472 Romanam
1807 2421 2000 2474 invecti
2046 2430 2172 2473 sunt

633 2502 949 2567 Ecelesiam.
991 2517 1042 2558 et
1077 2505 1334 2574 Spiritum
1383 2521 1446 2560 ex
1498 2508 1614 2561 solo
1648 2507 1803 2562 Patre
1861 2509 2172 2577 ignorantiae

633 2607 695 2645 ac
749 2594 1091 2661 impudentiae
1143 2597 1298 2663 nugis
1346 2597 1723 2657 afﬁrmarunt.
1777 2600 1962 2652 eadem
2017 2603 2172 2670 plane

633 2685 956 2743 sentientes.
997 2700 1115 2751 qua:
1152 2685 1422 2753 desipiens
1475 2687 1778 2754 Nestorius,
1819 2708 1940 2746 nam
1981 2702 2034 2745 et
2083 2695 2171 2748 ille

635 2773 732 2826 soli
764 2770 906 2826 Patri
940 2774 1346 2840 productionem
1370 2774 1914 2844 Spiritustribuebat.
1943 2781 2017 2833 lta
2044 2795 2170 2834 vero

635 2862 913 2929 seiunctus
951 2879 1008 2917 es
1038 2865 1210 2931 primo
1249 2867 1457 2932 quidem
1491 2868 1558 2921 ab
1604 2871 1853 2923 omnibus
1883 2872 2084 2924 sanctis
2112 2886 2174 2924 ac

637 2953 840 3006 divinis
865 2951 1129 3020 Patribus,
1166 2956 1254 3023 qui
1288 2957 1338 3008 in
1375 2958 1715 3024 generalibus
1749 2961 2014 3014 emicuere
2042 2977 2172 3014 con-

635 3043 806 3105 ciliis.
867 3043 1058 3098 deinde
1108 3047 1176 3099 ab
1220 3047 1474 3100 omnibus
1512 3048 1600 3114 qni
1656 3063 1808 3103 sacra
1856 3051 2176 3116 scriptorum

637 3144 981 3188 monumenta
1015 3136 1382 3204 relinquentes
1410 3139 1689 3205 perspicue
1709 3138 2026 3201 docuerunt.
2057 3141 2173 3208 Spi-

636 3224 798 3276 ritum
827 3232 1072 3279 sanct’um
1107 3241 1171 3290 ex
1198 3226 1353 3280 Patre
1378 3237 1430 3281 et
1459 3228 1590 3283 Filin
1618 3231 1908 3298 procedere
1939 3247 1952 3296 ;
1994 3245 2056 3286 ac
2081 3247 2174 3300 per

634 3312 849 3374 Filium.
873 3322 927 3370 et
947 3331 1009 3369 ex
1032 3313 1187 3380 Filio,
1211 3318 1343 3370 etab
1363 3327 1608 3385 utroque,
1635 3329 1688 3372 et
1712 3321 1936 3388 reliqua,
1961 3323 2086 3374 dum
2110 3322 2175 3374 de

639 3405 797 3458 rebus
817 3405 1012 3460 divinis
1032 3417 1270 3476 agerent.
1293 3409 1570 3464 manifeste
1588 3410 1924 3464 tradiderunt
1946 3428 1959 3463 :
1987 3411 2022 3464 ii
2046 3425 2174 3464 vero

639 3505 782 3558 sunt.
818 3497 1071 3558 Hilarius.
1132 3500 1478 3562 Athanasius.
1511 3501 1875 3569 Augustinus.
1920 3501 2170 3566 Basilius,

641 3582 1358 3653 Hieronyntus.Ambrosius.
1377 3589 1667 3654 Gregorius
1690 3591 1954 3659 Dialogus.
1972 3592 2173 3660 Grego-

643 3674 756 3727 rius
774 3673 1090 3742 Tbeologus.
1117 3692 1339 3747 magnus
1357 3676 1793 3747 ClrrysmtOmus.
1815 3679 2170 3758 Epiphanius.

643 3762 748 3817 Leo
775 3763 1023 3830 Magnus,
1065 3765 1347 3833 Maximus,
1382 3768 1717 3828 Anastasius.
1768 3765 2172 3833 Tarasius,'Da-

641 3872 947 3921 masceuus.
985 3868 1038 3912 et
1086 3858 1196 3911 alii.
1244 3859 1350 3911 Nos
1401 3869 1578 3911 autem
1635 3861 1699 3912 ab
1748 3862 1833 3922 iis.
1870 3862 2065 3928 quibus
2117 3872 2169 3914 tu

642 3944 932 4007 adhaesisti.
969 3947 1190 3999 omnino
1221 3947 1575 4016 sejuugimur,
1601 3963 1698 4000 nec
1732 3949 1892 4001 ullam
1923 3963 2041 4003 esse
2075 3965 2170 4002 vo-

643 4033 820 4088 lumus
855 4034 993 4086 inter
1024 4049 1123 4088 nos
1167 4044 1221 4088 et
1267 4036 1387 4089 tllos
1426 4037 1863 4091 communionem
1895 4056 1908 4092 :
1945 4053 2067 4092 cum
2109 4040 2174 4093 iis

642 4136 771 4174 vero
803 4133 1109 4178 reverenter
1138 4126 1541 4193 conjungimur.
1575 4143 1604 4181 a
1647 4130 1844 4196 quibus
1878 4130 1990 4198 ipse
2013 4139 2175 4185 temet

641 4212 968 4282 disjunxisti.
994 4214 1056 4269 Et
1080 4224 1135 4268 tu
1157 4217 1370 4284 quidem
1398 4218 1450 4270 in
1470 4220 1704 4273 secundo
1723 4219 1920 4273 Christi
1944 4222 2171 4274 adventu

650 4304 791 4357 inter
830 4305 948 4359 illos
978 4307 1300 4370 numereris,
1337 4308 1426 4376 qui
1483 4310 1739 4376 Spiritum
1770 4325 1830 4363 ex
1870 4311 1984 4365 solo
2019 4310 2172 4364 Patre

644 4395 896 4450 dixerunt
923 4415 936 4449 :
971 4399 1124 4452 nobis
1157 4413 1282 4452 vero
1312 4400 1590 4468 contingat
1628 4401 1745 4468 ejus
1789 4409 1914 4456 tunc
1944 4418 2060 4456 esse
2087 4419 2170 4457 or-

2230 1989 2232 1991 ’
2266 1971 2341 2033 ὼς
2370 1973 2495 2041 φῂς,
2529 1974 2638 2032 τοῖς
2692 1970 2865 2036 ἁγίοις
2906 1985 2997 2020 σου
3039 1969 3283 2033 Πατράσι
3315 1967 3407 2020 καὶ
3447 1966 3804 2026 διδασκάλοις,

2269 2063 2454 2128 Φωτίῳ
2486 2061 2563 2128 τῷ
2599 2061 2794 2127 πρώτῳ
2819 2058 3179 2127 σχισματικῷ,
3218 2058 3416 2126 μᾶλλον
3441 2058 3496 2109 δὲ
3527 2056 3807 2123 αὐτουργῷ

2270 2153 2362 2202 καὶ
2397 2150 2711 2218 δημιουργῷ
2744 2149 2837 2200 τοῦ
2884 2149 3179 2215 σχῖσματος
3207 2149 3300 2199 καὶ
3340 2149 3437 2215 τῆς
3467 2147 3804 2214 διαιρέσεως,

2271 2240 2575 2309 Καεασιλᾷ,
2610 2239 2863 2307 Παλαμᾷ,
2907 2236 3242 2306 Καματηρῷ,
3305 2238 3536 2304 Φουρνῇ,
3594 2236 3804 2302 Ψελλῷ.

2269 2333 2662 2399 Μοσχάμπαρι,
2687 2328 3014 2397 Βουλγαρίᾳ,
3051 2325 3295 2396 Νικολάῳ
3321 2324 3605 2394 Μεθώνης,
3631 2327 3805 2378 Πανα-

2276 2420 2432 2487 ρέτῳ,
2475 2420 2696 2480 καὶτοῖς
2725 2419 2950 2478 λοιποῖς,
2983 2421 3089 2479 τοῖς
3125 2416 3260 2484 μετὰ
3287 2415 3346 2466 τὸ
3376 2416 3577 2484 σχίσμα
3605 2417 3694 2467 καὶ
3713 2417 3808 2480 τὴν

2276 2510 2475 2579 πολλὴν
2507 2509 2621 2577 ἔριν
2644 2509 2782 2568 κατὰ
2808 2505 3230 2575 τῆςῬωμαῖκῆς
3267 2504 3591 2573 Ἐκκλησίας
3625 2507 3808 2557 εἰποῦ-

2274 2581 2349 2659 σι,
2381 2601 2473 2651 καὶ
2515 2601 2577 2650 ὲκ
2612 2599 2769 2666 μόνου
2800 2597 2891 2648 τοῦ
2921 2595 3131 2662 Πατρδς
3175 2595 3232 2646 τὸ
3262 2593 3478 2662 Πνεῦμα
3506 2595 3728 2664 ἀμαθῶς
3749 2612 3806 2645 τε

2273 2689 2367 2740 καὶ
2399 2687 2629 2747 ἀναιδῶς
2662 2686 3028 2753 φλυαρήσασι,
3055 2682 3326 2752 Νεστορίῳ
3351 2682 3428 2752 τῷ
3454 2683 3810 2752 φρενοδλαδεῖ

2273 2777 2414 2829 κατὰ
2439 2778 2614 2830 πάντα
2640 2775 2974 2842 ὁμονοοῦσιν,
3006 2775 3208 2826 εἰπόντι
3254 2774 3487 2842 κάκείνῳ
3532 2777 3594 2826 ὲκ
3648 2774 3807 2838 μόνου

2274 2866 2370 2917 τοῦ
2401 2866 2614 2933 Πατρός
2634 2880 2646 2893 ·
2685 2864 2970 2934 χωρισθεὶς
3007 2864 3218 2933 πρῶτον
3273 2865 3488 2916 πάντων
3515 2865 3620 2916 τῶν
3650 2865 3808 2915 θείων

2275 2955 2367 3009 καὶ
2391 2956 2558 3021 ἁγίων
2595 2956 2848 3024 Πατέρων
2875 2954 2984 3007 τῶν
3013 2957 3068 3005 ἐν
3098 2957 3216 3015 ταῖς
3259 2956 3660 3022 οἱκουμενικαῖς
3700 2955 3812 3006 δια-

2276 3046 2595 3113 πρεψάντων
2623 3045 2884 3108 συνόδοις,
2908 3040 3024 3096 εἶτα
3042 3043 3382 3095 πάντωντῶν
3405 3044 3807 3114 συγγράμματα

2281 3136 2396 3190 θεῖα
2425 3137 2850 3199 καταλιπόντων,
2891 3135 2953 3187 δι’
2999 3128 3074 3188 ὧν
3125 3135 3186 3186 ὲκ
3215 3133 3308 3185 τοῦ
3341 3134 3548 3202 Πατρὺς
3593 3134 3682 3187 καὶ
3713 3134 3808 3187 τοῦ

2281 3227 2410 3280 Υίοῦ
2445 3232 2502 3279 τὸ
2526 3228 2678 3294 ἆγιον
2716 3226 3108 3294 ἐκπορεύεσθαι
3139 3225 3357 3292 Πνεῦμα
3386 3225 3678 3295 διαρρήδην
3714 3228 3811 3293 ἑμ-

2277 3319 2524 3386 φαίνεται
2557 3334 2568 3346 ·
2602 3317 2696 3369 καὶ
2719 3316 2785 3370 δι’
2811 3317 2967 3378 Υίοῦ,
3002 3318 3092 3369 καὶ
3146 3316 3204 3380 ὲξ
3228 3316 3380 3379 Υίοῦ,
3407 3317 3500 3368 καὶ
3543 3316 3600 3379 ἐξ
3634 3318 3811 3384 ἀμφο-

2275 3409 2468 3476 τέρων,
2507 3409 2598 3459 καὶ
2633 3409 2697 3459 τὰ
2726 3407 2887 3479 λοιπὰ
2929 3407 3312 3472 θεολογούντων
3348 3407 3650 3471 ἀναφανδόν
3674 3423 3688 3436 ο
3728 3408 3807 3461 οἵ·

2274 3499 2416 3557 τινές
2441 3499 2593 3558 εἰσιν,
2638 3497 2883 3562 Ὶλάριος,
2928 3497 3655 3561 Ἀθανάσιος,Λύγουστῖνος,
3705 3496 3809 3548 Βα-

2279 3584 2488 3648 σίλειος,
2515 3583 2878 3653 ὶΊερώνυμος,
2929 3584 3271 3653 Ἀμϐρόσιος,
3302 3584 3598 3653 Γρηγὸριος
3632 3587 3658 3636 ὁ
3693 3586 3813 3638 Διά-

2274 3676 2450 3742 λογος,
2475 3676 2775 3745 Γρηγόριος
2806 3675 2832 3726 ό
2849 3674 3123 3740 Θεολόγος,
3154 3677 3182 3728 ό
3211 3675 3377 3743 μέγας
3401 3675 3809 3744 Χρυσόστομος,

2285 3763 2620 3830 Ἐπιφάνιος,
2677 3764 2961 3831 Κύριλλος,
3019 3766 3170 3817 Λέων
3214 3767 3241 3817 ὁ
3301 3764 3492 3833 μέγας,
3540 3765 3811 3832 Μάξιμος,

2277 3854 2645 3918 Ἀναστάσιος,
2698 3857 2992 3923 Ταράσιος,
3051 3854 3555 3922 Δαμασκηνὸςκαὶ
3608 3857 3812 3922 ἕτεροι.

2287 3943 2474 4012 Ἦμεῖς
2501 3944 2576 4007 δὲ,
2608 3938 2680 3996 ὧν
2719 3946 2814 4010 μὲν
2844 3947 2906 3996 σὺ
2958 3942 3252 4012 συνήιρθης,
3317 3943 3591 4002 παντελῶς
3643 3961 3815 4011 χωρι-

2276 4035 2499 4104 ζόμεθα,
2540 4037 2632 4088 καὶ
2662 4036 2916 4101 οὐδεμίαν
2941 4038 3222 4087 κοινωνίαν
3251 4033 3547 4100 βουλόμεθα
3592 4034 3623 4101 ἦ
3657 4033 3811 4084 θέλο-
3843 4053 3856 4064 ·

2279 4143 2375 4194 μεν
2405 4126 2523 4192 μετ’
2555 4126 2731 4177 αὐτῶν
2786 4127 2961 4192 ἔχειν’
2998 4119 3072 4175 ῶν
3096 4123 3150 4175 δὶ
3197 4123 3258 4174 σὺ
3287 4120 3613 4190 ὲῂωρὶσθης,
3651 4122 3814 4189 ἡμεῖς

2277 4215 2516 4274 εὐλαϐῶς
2550 4213 2927 4280 συναπτόμεθα
2963 4228 2977 4242 ·
3020 4213 3112 4264 καὶ
3169 4211 3230 4262 σὺ
3266 4212 3361 4279 μὲν
3403 4211 3539 4279 μετὰ
3584 4210 3691 4262 τῶν
3753 4215 3818 4262 ἐκ

2283 4308 2439 4374 μόνου
2475 4305 2567 4357 τοῦ
2601 4305 2808 4372 Πατρδς
2865 4305 3123 4355 εἰπόντων
3167 4303 3227 4353 τὸ
3265 4302 3485 4371 Πνεῦμα
3513 4306 3570 4354 ἐν
3603 4305 3666 4370 τῇ
3698 4303 3822 4354 δευ-

2277 4397 2406 4466 τέρᾳ
2436 4394 2527 4446 τοῦ
2586 4393 2821 4460 Χριστοῦ
2868 4393 3138 4463 παρουσίᾳ
3193 4395 3469 4462 εὑρεθείης
3523 4409 3818 4459 συντεταγ-

644 4485 808 4548 diuis.
849 4487 902 4539 in
948 4501 1055 4554 quo
1085 4497 1210 4541 sunt
1238 4490 1330 4556 qui
1362 4491 1540 4544 divina
1563 4501 1872 4558 tractantes
1911 4493 2169 4561 Spiritum

2282 4491 2459 4555 μένος,
2504 4489 2663 4556 ἡμεῖς
2693 4488 2746 4539 δὲ
2789 4487 2924 4554 μετὰ
2953 4473 3061 4538 τῶν
3109 4487 3542 4551 θεολογησὰντων
3587 4485 3716 4538 αὐτὸ
3753 4490 3818 4536 ἐκ

645 4590 707 4628 ex
735 4575 892 4628 Patre
921 4576 1153 4630 fatentur
1183 4587 1236 4629 et
1291 4576 1444 4631 Filio.
1478 4580 1542 4633 Et
1569 4591 1620 4633 tu
1648 4583 1862 4650 quidem
1895 4586 1983 4637 hic
2015 4600 2170 4652 syno-

645 4663 714 4715 do
740 4671 791 4717 et
812 4663 1060 4718 Romana:
1088 4663 1337 4719 Ecclesia:
1359 4681 1477 4719 cum
1501 4669 1573 4720 sis
1595 4670 1862 4732 inimicus.
1889 4671 1958 4724 ibi
1979 4672 2176 4738 pariter

644 4753 926 4808 habeberis
952 4755 1070 4823 ejus
1093 4755 1344 4811 inimicus
1371 4777 1382 4810 :
1409 4773 1504 4809 nos
1528 4774 1652 4811 vero
1676 4774 1797 4812 cum
1831 4760 1917 4814 bic
1941 4761 2096 4812 amiri
2124 4771 2175 4813 et

644 4840 995 4909 obsequentes
1030 4846 1302 4900 catholicae
1341 4847 1534 4901 Christi
1585 4848 1834 4903 Ecclesia:
1864 4862 1914 4903 et
1943 4852 2173 4918 generali

645 4919 1086 4995 concilio'aimus.
1119 4950 1420 5001 pret-amur,
1454 4947 1511 4990 ut
1556 4940 1622 4991 ibi
1649 4939 1809 4992 etiam
1841 4940 1973 4993 tales
2027 4955 2175 5007 repe-

647 5019 871 5074 riamur.
901 5021 1046 5075 Hanc
1075 5039 1234 5092 porro
1257 5036 1398 5079 tuam
1425 5030 1776 5089 sententiam,
1807 5045 1966 5097 quam
1997 5041 2173 5083 notam

642 5111 895 5164 omnibus
934 5111 1084 5176 facis.
1127 5130 1224 5168 nos
1257 5115 1363 5168 Deo
1395 5116 1602 5170 favente
1627 5119 1733 5187 jam
1763 5119 2174 5182 confutavimus,

647 5199 842 5268 partim
871 5215 988 5269 quae
1015 5202 1066 5256 in
1089 5219 1151 5257 ea
1182 5214 1342 5268 sunt.
1367 5207 1598 5259 absurda
1627 5209 2026 5276 redarguentes,
2055 5225 2175 5274 par-

647 5293 740 5343 titn
771 5305 832 5345 ea
855 5306 974 5360 quae
998 5291 1150 5352 dicis.
1175 5295 1300 5349 falsa
1326 5296 1610 5362 probantes
1634 5300 1909 5353 doctorum
1929 5299 2178 5354 Ecclesiae

640 5383 966 5438 testimoniis
993 5401 1006 5440 :
1046 5394 1102 5437 ut
1129 5387 1296 5440 cuivis
1325 5370 1480 5440 liceat
1513 5391 1853 5457 perpendere.
1888 5407 2081 5445 verane
2108 5408 2174 5443 an

647 5471 781 5527 falsa
801 5474 980 5538 dicas,
1007 5486 1171 5543 utque
1205 5475 1294 5529 ﬁat
1323 5480 1574 5533 erunibus
1598 5483 1891 5549 cognitum,
1918 5492 1968 5536 te
1990 5484 2176 5536 docto-

651 5578 766 5616 rum
798 5572 1034 5624 tuorum.
1065 5581 1201 5633 quos
1224 5566 1474 5629 diximus.
1503 5561 1747 5639 perversa
1801 5571 2048 5641 degmata
2095 5587 2177 5625 se-

651 5664 895 5717 quentem
926 5655 1161 5711 noluisse
1189 5659 1425 5727 recipere
1442 5663 1818 5726 orthodoxam.
1837 5665 2177 5732 irreprcben-

654 5738 883 5808 sibilem.
910 5759 1109 5810 veram.
1141 5748 1487 5818 inturbidam,
1538 5763 1582 5806 ~t
1615 5764 1851 5809 sanctam
1885 5755 2172 5819 unitatem;

2274 4576 2366 4628 τοῦ
2401 4578 2606 4644 Πατρὸς
2641 4577 2849 4629 καὶτοῦ
2909 4575 3036 4628 Υίοῦ
3081 4575 3475 4642 ἐκπορεύεσθαι
3529 4573 3816 4642 εὑρεθείη-

2276 4683 2374 4732 μεν
2407 4667 2762 4733 συνημμένοι.
2799 4668 2906 4718 Καὶ
2934 4666 2997 4717 σὺ
3028 4666 3124 4731 μὲν
3152 4654 3252 4717 ὧδε
3285 4663 3476 4731 ἐχθρός
3511 4664 3606 4730 τῆς
3649 4658 3814 4714 συνό-

2272 4757 2362 4806 δου
2400 4757 2489 4806 καὶ
2515 4758 2610 4823 τῆς
2654 4758 2963 4824 Ῥωμαῖκῆς
2999 4754 3316 4821 Ἐκκλησίας
3348 4753 3620 4821 ὑπάρχων,
3657 4758 3820 4807 κάκεῖ

2274 4846 2545 4916 εὐρεθήσῃ
2597 4847 2787 4913 ἐχθρὸς
2837 4847 3003 4914 αὐτῆς
3030 4862 3042 4877 ·
3079 4847 3237 4912 ἡμεῖς
3285 4844 3339 4895 δὲ
3399 4838 3500 4898 ὦδε
3531 4845 3672 4910 φίλοι
3711 4849 3812 4897 καὶ

2275 4940 2619 4990 ὐποτακτικοὶ
2642 4938 2736 5004 τῆς
2768 4937 3052 5006 καθολικῆς
3079 4936 3171 4988 τοῦ
3217 4935 3450 5000 Χριστοῦ
3483 4935 3812 5003 Ἐκκλησίας

2275 5030 2369 5080 καὶ
2401 5031 2496 5097 τῆς
2523 5030 2902 5098 οίκουμενικῆς
2927 5029 3074 5089 ὄντες
3094 5026 3329 5089 συνόδου,
3357 5029 3518 5077 κάκεῖ
3540 5027 3816 5095 εὐχόμεθα

2277 5122 2340 5173 ἵν’
2370 5122 2677 5189 εὐρεθῶμεν
2731 5120 2923 5182 οὕτως.
2975 5121 3082 5186 Τὴν
3112 5119 3168 5170 δὲ
3203 5115 3397 5168 σαυτοῦ
3433 5115 3654 5186 γνώμην
3684 5120 3818 5169 ταύ-

2276 5231 2393 5281 την,
2429 5214 2495 5281 ἣν
2530 5213 2814 5281 καταφανῆ
2861 5213 2993 5263 πᾶσι
3029 5210 3219 5268 ποιεῖς,
3273 5209 3430 5276 ἡμεῖς
3462 5209 3561 5278 ήδη
3595 5211 3658 5276 τῇ
3717 5208 3816 5259 τοῦ

2279 5301 2410 5353 Θεοῦ
2446 5303 2626 5372 χάριτι
2656 5298 3050 5368 ἀνετρέψαμεν,
3076 5295 3150 5363 πῆ
3186 5293 3283 5363 μὲν
3310 5294 3368 5345 τὸ
3390 5295 3587 5346 ἄτοπον
3610 5294 3818 5359 ταύτης

2281 5384 2613 5459 ἐλέγχοντες,
2647 5390 2722 5459 πῆ
2763 5389 2819 5439 δὲ
2868 5387 2991 5447 τοὺς
3031 5384 3220 5450 λόγους
3247 5383 3456 5451 ψευδεῖς
3508 5381 3817 5443 δεικνύντες

2279 5481 2364 5532 διὰ
2420 5481 2730 5551 μαρτυριῶν
2779 5478 2886 5531 τῶν
2940 5477 3036 5545 τῆς
3079 5473 3400 5544 Ἐκκλησίας
3439 5471 3770 5525 διδασκάλων
3800 5487 3814 5501 ο

2279 5573 2423 5633 ὅπως
2450 5572 2543 5641 ἐξῇ
2577 5569 2885 5636 δοκιμάζειν
2918 5568 3161 5630 ἕκαστον,
3185 5563 3410 5630 πότερον
3429 5562 3684 5630 ἀλήθειαν
3709 5560 3818 5629 φῂς

2281 5661 2315 5729 ἢ
2350 5661 2539 5726 ψεῦδος
2564 5678 2577 5690 ·
2613 5661 2704 5712 καὶ
2734 5658 2818 5710 ἵνα
2840 5658 3003 5725 γνῶσι
3034 5656 3252 5715 πάντες,
3280 5652 3361 5703 ὅτι
3390 5650 3499 5707 τοῖς
3524 5650 3820 5718 διεστραμ-

2289 5750 2464 5817 μένοις
2500 5750 2604 5801 τῶν
2629 5744 3036 5817 προειρημένων
3068 5762 3157 5797 σου
3191 5739 3519 5796 διδασκάλων
3546 5739 3817 5804 δόγμασιν
