  <div class='ocr_page' id='page_1' title='image "/cluster/home/n/w/nwhite01/storage/ocr_20150623/159/pst.000005714797/674.png"; bbox 0 0 4006 6340; ppageno 0'>
   <div class='ocr_carea' id='block_1_1' title="bbox 171 435 328 502">
    <p class='ocr_par' dir='ltr' id='par_1_1' title="bbox 171 435 328 502">
     <span class='ocr_line' id='line_1_1' title="bbox 171 435 328 502; baseline 0.013 -2"><span class='ocrx_word' id='word_1_1' title='bbox 171 435 328 502; x_wconf 75' lang='grc' dir='ltr'><strong>ΠΗ·</strong></span> 
     </span>
    </p>
   </div>
   <div class='ocr_carea' id='block_1_2' title="bbox 173 552 822 631">
    <p class='ocr_par' dir='ltr' id='par_1_2' title="bbox 173 552 822 631">
     <span class='ocr_line' id='line_1_2' title="bbox 173 552 822 631; baseline 0.023 -26"><span class='ocrx_word' id='word_1_2' title='bbox 173 552 299 606; x_wconf 58' lang='lat' dir='ltr'><strong>non</strong></span> <span class='ocrx_word' id='word_1_3' title='bbox 341 559 421 620; x_wconf 69' lang='grc' dir='ltr'><strong>εἰς</strong></span> <span class='ocrx_word' id='word_1_4' title='bbox 450 559 507 611; x_wconf 63' lang='grc' dir='ltr'>τὸ</span> <span class='ocrx_word' id='word_1_5' title='bbox 535 562 714 630; x_wconf 71' lang='grc' dir='ltr'>ῥητὸν,</span> <span class='ocrx_word' id='word_1_6' title='bbox 744 567 822 631; x_wconf 80' lang='grc' dir='ltr'><strong>τὸ,</strong></span> 
     </span>
    </p>
   </div>
   <div class='ocr_carea' id='block_1_3' title="bbox 169 645 1731 743">
    <p class='ocr_par' dir='ltr' id='par_1_3' title="bbox 169 645 1731 743">
     <span class='ocr_line' id='line_1_3' title="bbox 169 645 1731 743; baseline 0.024 -49"><span class='ocrx_word' id='word_1_7' title='bbox 169 645 267 697; x_wconf 68' lang='grc' dir='ltr'>καὶ</span> <span class='ocrx_word' id='word_1_8' title='bbox 299 648 458 701; x_wconf 76' lang='grc' dir='ltr'>ἄλλον</span> <span class='ocrx_word' id='word_1_9' title='bbox 494 654 840 726; x_wconf 83' lang='grc' dir='ltr'>Παράκλητον</span> <span class='ocrx_word' id='word_1_10' title='bbox 867 662 1027 716; x_wconf 85' lang='grc' dir='ltr'>δώσει</span> <span class='ocrx_word' id='word_1_11' title='bbox 1059 645 1205 736; x_wconf 46' lang='lat' dir='ltr'><strong>bitu,</strong></span> <span class='ocrx_word' id='word_1_12' title='bbox 1307 672 1446 726; x_wconf 87' lang='grc' dir='ltr'>οῦτω</span> <span class='ocrx_word' id='word_1_13' title='bbox 1492 645 1690 743; x_wconf 76' lang='grc' dir='ltr'>φάσκει</span> <span class='ocrx_word' id='word_1_14' title='bbox 1717 645 1731 708; x_wconf 50' lang='grc' dir='ltr'><strong>’ί</strong></span> 
     </span>
    </p>
   </div>
   <div class='ocr_carea' id='block_1_4' title="bbox 177 738 1732 832">
    <p class='ocr_par' dir='ltr' id='par_1_4' title="bbox 177 738 1732 832">
     <span class='ocr_line' id='line_1_4' title="bbox 177 738 1732 832; baseline 0.023 -47"><span class='ocrx_word' id='word_1_15' title='bbox 177 755 194 786; x_wconf 77' lang='grc' dir='ltr'><strong>ι</strong></span> <span class='ocrx_word' id='word_1_16' title='bbox 235 738 360 787; x_wconf 66' lang='grc' dir='ltr'>Τῶν</span> <span class='ocrx_word' id='word_1_17' title='bbox 389 741 494 810; x_wconf 76' lang='grc' dir='ltr'>γὰρ</span> <span class='ocrx_word' id='word_1_18' title='bbox 541 744 632 797; x_wconf 78' lang='grc' dir='ltr'><strong>τοῦ</strong></span> <span class='ocrx_word' id='word_1_19' title='bbox 664 746 796 800; x_wconf 77' lang='grc' dir='ltr'>Θεοῦ</span> <span class='ocrx_word' id='word_1_20' title='bbox 843 754 935 804; x_wconf 75' lang='grc' dir='ltr'>καὶ</span> <span class='ocrx_word' id='word_1_21' title='bbox 975 756 1182 827; x_wconf 77' lang='grc' dir='ltr'>Πατρδς</span> <span class='ocrx_word' id='word_1_22' title='bbox 1233 765 1472 829; x_wconf 84' lang='grc' dir='ltr'>φυσικῶν</span> <span class='ocrx_word' id='word_1_23' title='bbox 1519 767 1732 832; x_wconf 81' lang='grc' dir='ltr'>ἀγαθῶν</span> 
     </span>
    </p>
   </div>
   <div class='ocr_carea' id='block_1_5' title="bbox 168 829 1736 924">
    <p class='ocr_par' dir='ltr' id='par_1_5' title="bbox 168 829 1736 924">
     <span class='ocr_line' id='line_1_5' title="bbox 168 829 1736 924; baseline 0.019 -47"><span class='ocrx_word' id='word_1_24' title='bbox 168 829 449 892; x_wconf 75' lang='grc' dir='ltr'>οὐσιωδῶς</span> <span class='ocrx_word' id='word_1_25' title='bbox 497 834 753 905; x_wconf 80' lang='grc' dir='ltr'><strong>ὑπάρχων</strong></span> <span class='ocrx_word' id='word_1_26' title='bbox 795 841 821 892; x_wconf 99' lang='lat'><strong>6</strong></span> <span class='ocrx_word' id='word_1_27' title='bbox 875 842 1000 905; x_wconf 72' lang='grc' dir='ltr'>Υἱὸς</span> <span class='ocrx_word' id='word_1_28' title='bbox 1077 850 1349 915; x_wconf 71' lang='grc' dir='ltr'>κοινωνὸς.</span> <span class='ocrx_word' id='word_1_29' title='bbox 1388 853 1497 924; x_wconf 77' lang='grc' dir='ltr'>ἔχει</span> <span class='ocrx_word' id='word_1_30' title='bbox 1551 829 1644 908; x_wconf 74' lang='grc' dir='ltr'>καὶ</span> <span class='ocrx_word' id='word_1_31' title='bbox 1676 857 1736 909; x_wconf 68' lang='grc' dir='ltr'><strong>τ’)</strong></span> 
     </span>
    </p>
   </div>
   <div class='ocr_carea' id='block_1_6' title="bbox 171 917 1735 1013">
    <p class='ocr_par' dir='ltr' id='par_1_6' title="bbox 171 917 1735 1013">
     <span class='ocr_line' id='line_1_6' title="bbox 171 917 1735 1013; baseline 0.02 -46"><span class='ocrx_word' id='word_1_32' title='bbox 171 917 403 983; x_wconf 62' lang='grc' dir='ltr'>Πνεῦμα</span> <span class='ocrx_word' id='word_1_33' title='bbox 462 925 600 976; x_wconf 84' lang='grc' dir='ltr'><strong>κατά</strong></span> <span class='ocrx_word' id='word_1_34' title='bbox 647 926 833 981; x_wconf 86' lang='grc' dir='ltr'>τοῦτον</span> <span class='ocrx_word' id='word_1_35' title='bbox 864 932 955 985; x_wconf 68' lang='grc' dir='ltr'><strong>τὸν</strong></span> <span class='ocrx_word' id='word_1_36' title='bbox 1016 937 1235 1003; x_wconf 79' lang='grc' dir='ltr'>τρόπον,</span> <span class='ocrx_word' id='word_1_37' title='bbox 1289 941 1414 992; x_wconf 83' lang='grc' dir='ltr'>καθ’</span> <span class='ocrx_word' id='word_1_38' title='bbox 1454 945 1616 1013; x_wconf 77' lang='grc' dir='ltr'>ὅνπερ</span> <span class='ocrx_word' id='word_1_39' title='bbox 1670 946 1735 1000; x_wconf 78' lang='grc' dir='ltr'>ἂν</span> 
     </span>
    </p>
   </div>
   <div class='ocr_carea' id='block_1_7' title="bbox 172 1011 1731 1099">
    <p class='ocr_par' dir='ltr' id='par_1_7' title="bbox 172 1011 1731 1099">
     <span class='ocr_line' id='line_1_7' title="bbox 172 1011 1731 1099; baseline 0.021 -43"><span class='ocrx_word' id='word_1_40' title='bbox 172 1011 351 1059; x_wconf 64' lang='lat' dir='ltr'><strong>venito</strong></span> <span class='ocrx_word' id='word_1_41' title='bbox 406 1015 496 1063; x_wconf 77' lang='grc' dir='ltr'><strong>καὶ</strong></span> <span class='ocrx_word' id='word_1_42' title='bbox 549 1017 575 1065; x_wconf 90' lang='lat'><strong>6</strong></span> <span class='ocrx_word' id='word_1_43' title='bbox 624 1018 832 1088; x_wconf 80' lang='grc' dir='ltr'>Πατὴρ,</span> <span class='ocrx_word' id='word_1_44' title='bbox 894 1024 992 1076; x_wconf 74' lang='grc' dir='ltr'>οὐκ</span> <span class='ocrx_word' id='word_1_45' title='bbox 1040 1029 1276 1080; x_wconf 66' lang='grc' dir='ltr'>ἐπακτὸν</span> <span class='ocrx_word' id='word_1_46' title='bbox 1336 1032 1458 1084; x_wconf 80' lang='grc' dir='ltr'><strong>ούδέ</strong></span> <span class='ocrx_word' id='word_1_47' title='bbox 1518 1034 1731 1099; x_wconf 80' lang='grc' dir='ltr'>ἔξωθεν.</span> 
     </span>
    </p>
   </div>
   <div class='ocr_carea' id='block_1_8' title="bbox 176 1093 1732 1195">
    <p class='ocr_par' dir='ltr' id='par_1_8' title="bbox 176 1093 1732 1195">
     <span class='ocr_line' id='line_1_8' title="bbox 176 1093 1732 1195; baseline 0.019 -45"><span class='ocrx_word' id='word_1_48' title='bbox 176 1098 389 1195; x_wconf 24' lang='grc' dir='ltr'>ξιῖᾲῦλτίθες</span> <span class='ocrx_word' id='word_1_49' title='bbox 432 1093 543 1176; x_wconf 71' lang='grc' dir='ltr'>γὰρ’</span> <span class='ocrx_word' id='word_1_50' title='bbox 593 1110 796 1175; x_wconf 75' lang='grc' dir='ltr'>μᾶλλον</span> <span class='ocrx_word' id='word_1_51' title='bbox 837 1115 892 1167; x_wconf 86' lang='grc' dir='ltr'><strong>δέ</strong></span> <span class='ocrx_word' id='word_1_52' title='bbox 925 1119 1150 1184; x_wconf 75' lang='grc' dir='ltr'>μανικὸν</span> <span class='ocrx_word' id='word_1_53' title='bbox 1184 1122 1242 1172; x_wconf 72' lang='grc' dir='ltr'><strong>τὸ</strong></span> <span class='ocrx_word' id='word_1_54' title='bbox 1295 1123 1435 1176; x_wconf 76' lang='grc' dir='ltr'>οὕτω</span> <span class='ocrx_word' id='word_1_55' title='bbox 1482 1093 1732 1195; x_wconf 75' lang='grc' dir='ltr'>φρονεῖν’</span> 
     </span>
    </p>
   </div>
   <div class='ocr_carea' id='block_1_9' title="bbox 173 1189 1734 1286">
    <p class='ocr_par' dir='ltr' id='par_1_9' title="bbox 173 1189 1734 1286">
     <span class='ocr_line' id='line_1_9' title="bbox 173 1189 1734 1286; baseline 0.019 -46"><span class='ocrx_word' id='word_1_56' title='bbox 173 1189 293 1242; x_wconf 75' lang='grc' dir='ltr'>ἀλλ’</span> <span class='ocrx_word' id='word_1_57' title='bbox 331 1191 515 1263; x_wconf 82' lang='grc' dir='ltr'>ὥσπερ</span> <span class='ocrx_word' id='word_1_58' title='bbox 561 1201 654 1252; x_wconf 76' lang='grc' dir='ltr'><strong>καὶ</strong></span> <span class='ocrx_word' id='word_1_59' title='bbox 703 1203 874 1280; x_wconf 27' lang='grc' dir='ltr'>ἡμῶν.</span> <span class='ocrx_word' id='word_1_60' title='bbox 903 1205 1130 1272; x_wconf 69' lang='grc' dir='ltr'>ἕκαστος</span> <span class='ocrx_word' id='word_1_61' title='bbox 1181 1212 1240 1264; x_wconf 70' lang='grc' dir='ltr'>τὸ</span> <span class='ocrx_word' id='word_1_62' title='bbox 1288 1205 1417 1266; x_wconf 77' lang='grc' dir='ltr'>ἴδιον</span> <span class='ocrx_word' id='word_1_63' title='bbox 1450 1189 1734 1286; x_wconf 41' lang='grc' dir='ltr'>ἐν-ἐαυτῷ</span> 
     </span>
    </p>
   </div>
   <div class='ocr_carea' id='block_1_10' title="bbox 174 1282 1736 1375">
    <p class='ocr_par' dir='ltr' id='par_1_10' title="bbox 174 1282 1736 1375">
     <span class='ocr_line' id='line_1_10' title="bbox 174 1282 1736 1375; baseline 0.018 -43"><span class='ocrx_word' id='word_1_64' title='bbox 174 1282 404 1350; x_wconf 79' lang='grc' dir='ltr'>Πνεῦμα</span> <span class='ocrx_word' id='word_1_65' title='bbox 441 1289 670 1357; x_wconf 80' lang='grc' dir='ltr'>συνέχει,</span> <span class='ocrx_word' id='word_1_66' title='bbox 717 1295 806 1344; x_wconf 68' lang='grc' dir='ltr'>καὶ</span> <span class='ocrx_word' id='word_1_67' title='bbox 839 1296 898 1348; x_wconf 85' lang='grc' dir='ltr'><strong>ἐκ</strong></span> <span class='ocrx_word' id='word_1_68' title='bbox 933 1297 1040 1349; x_wconf 88' lang='grc' dir='ltr'><strong>τῶν</strong></span> <span class='ocrx_word' id='word_1_69' title='bbox 1074 1299 1369 1354; x_wconf 84' lang='grc' dir='ltr'>ἐνδοτάτων</span> <span class='ocrx_word' id='word_1_70' title='bbox 1414 1305 1736 1375; x_wconf 76' lang='grc' dir='ltr'>σπλάγχνων</span> 
     </span>
    </p>
   </div>
   <div class='ocr_carea' id='block_1_11' title="bbox 172 1374 1806 1465">
    <p class='ocr_par' dir='ltr' id='par_1_11' title="bbox 172 1374 1806 1465">
     <span class='ocr_line' id='line_1_11' title="bbox 172 1374 1806 1465; baseline 0.023 -46"><span class='ocrx_word' id='word_1_71' title='bbox 172 1374 254 1433; x_wconf 81' lang='grc' dir='ltr'><strong>είς</strong></span> <span class='ocrx_word' id='word_1_72' title='bbox 287 1375 346 1425; x_wconf 78' lang='grc' dir='ltr'>τὸ</span> <span class='ocrx_word' id='word_1_73' title='bbox 395 1377 498 1441; x_wconf 82' lang='grc' dir='ltr'>ἐξω</span> <span class='ocrx_word' id='word_1_74' title='bbox 528 1383 744 1451; x_wconf 81' lang='grc' dir='ltr'><strong>προχέει</strong></span> <span class='ocrx_word' id='word_1_75' title='bbox 766 1389 780 1414; x_wconf 66' lang='grc' dir='ltr'><em>δ</em></span> <span class='ocrx_word' id='word_1_76' title='bbox 810 1385 898 1439; x_wconf 73' lang='grc' dir='ltr'><strong>διὰ</strong></span> <span class='ocrx_word' id='word_1_77' title='bbox 933 1389 1040 1457; x_wconf 71' lang='grc' dir='ltr'><strong>γὰρ</strong></span> <span class='ocrx_word' id='word_1_78' title='bbox 1089 1392 1243 1444; x_wconf 80' lang='grc' dir='ltr'>τοῦτο</span> <span class='ocrx_word' id='word_1_79' title='bbox 1277 1394 1368 1446; x_wconf 77' lang='grc' dir='ltr'>καὶ</span> <span class='ocrx_word' id='word_1_80' title='bbox 1409 1374 1735 1465; x_wconf 79' lang='grc' dir='ltr'>σωματικῶς</span> <span class='ocrx_word' id='word_1_81' title='bbox 1797 1401 1806 1408; x_wconf 83' lang='grc'><strong>’</strong></span> 
     </span>
    </p>
   </div>
   <div class='ocr_carea' id='block_1_12' title="bbox 177 1465 1736 1557">
    <p class='ocr_par' dir='ltr' id='par_1_12' title="bbox 177 1465 1736 1557">
     <span class='ocr_line' id='line_1_12' title="bbox 177 1465 1736 1557; baseline 0.019 -44"><span class='ocrx_word' id='word_1_82' title='bbox 177 1465 314 1514; x_wconf 49' lang='lat' dir='ltr'><strong>absit</strong></span> <span class='ocrx_word' id='word_1_83' title='bbox 343 1469 672 1540; x_wconf 73' lang='grc' dir='ltr'><strong>ἐνεφύσησεν</strong></span> <span class='ocrx_word' id='word_1_84' title='bbox 700 1477 727 1528; x_wconf 98' lang='lat'><strong>6</strong></span> <span class='ocrx_word' id='word_1_85' title='bbox 755 1477 1009 1545; x_wconf 83' lang='grc' dir='ltr'>Χριστὸς,</span> <span class='ocrx_word' id='word_1_86' title='bbox 1049 1481 1258 1546; x_wconf 78' lang='grc' dir='ltr'>δεικνὺς</span> <span class='ocrx_word' id='word_1_87' title='bbox 1288 1484 1367 1554; x_wconf 70' lang='grc' dir='ltr'>ὅτι</span> <span class='ocrx_word' id='word_1_88' title='bbox 1395 1486 1644 1557; x_wconf 83' lang='grc' dir='ltr'>καθάπερ</span> <span class='ocrx_word' id='word_1_89' title='bbox 1674 1491 1736 1542; x_wconf 83' lang='grc' dir='ltr'><strong>ἐκ</strong></span> 
     </span>
    </p>
   </div>
   <div class='ocr_carea' id='block_1_13' title="bbox 172 1559 1780 1648">
    <p class='ocr_par' dir='ltr' id='par_1_13' title="bbox 172 1559 1780 1648">
     <span class='ocr_line' id='line_1_13' title="bbox 172 1559 1780 1648; baseline 0.018 -44"><span class='ocrx_word' id='word_1_90' title='bbox 172 1559 444 1623; x_wconf 66' lang='grc' dir='ltr'>στεματος</span> <span class='ocrx_word' id='word_1_91' title='bbox 473 1562 565 1614; x_wconf 87' lang='grc' dir='ltr'><strong>τοῦ</strong></span> <span class='ocrx_word' id='word_1_92' title='bbox 588 1565 870 1634; x_wconf 82' lang='grc' dir='ltr'>ἀνθρώπου</span> <span class='ocrx_word' id='word_1_93' title='bbox 907 1571 1118 1636; x_wconf 76' lang='grc' dir='ltr'>πρόεισι</span> <span class='ocrx_word' id='word_1_94' title='bbox 1147 1575 1205 1626; x_wconf 82' lang='grc' dir='ltr'>τὸ</span> <span class='ocrx_word' id='word_1_95' title='bbox 1240 1575 1462 1645; x_wconf 81' lang='grc' dir='ltr'><strong>Πνεῦμα</strong></span> <span class='ocrx_word' id='word_1_96' title='bbox 1497 1595 1737 1648; x_wconf 87' lang='grc' dir='ltr'>σωματι-</span> <span class='ocrx_word' id='word_1_97' title='bbox 1770 1566 1780 1570; x_wconf 44' lang='grc'><em>”</em></span> 
     </span>
    </p>
   </div>
   <div class='ocr_carea' id='block_1_14' title="bbox 171 1649 1735 1738">
    <p class='ocr_par' dir='ltr' id='par_1_14' title="bbox 171 1649 1735 1738">
     <span class='ocr_line' id='line_1_14' title="bbox 171 1649 1735 1738; baseline 0.017 -41"><span class='ocrx_word' id='word_1_98' title='bbox 171 1649 306 1711; x_wconf 84' lang='grc' dir='ltr'>κῶς,</span> <span class='ocrx_word' id='word_1_99' title='bbox 337 1650 478 1738; x_wconf 75' lang='grc' dir='ltr'>οὕτω</span> <span class='ocrx_word' id='word_1_100' title='bbox 499 1655 591 1728; x_wconf 68' lang='grc' dir='ltr'>καὶ</span> <span class='ocrx_word' id='word_1_101' title='bbox 610 1657 672 1710; x_wconf 81' lang='grc' dir='ltr'><strong>ἐκ</strong></span> <span class='ocrx_word' id='word_1_102' title='bbox 694 1661 790 1729; x_wconf 82' lang='grc' dir='ltr'>τῆς</span> <span class='ocrx_word' id='word_1_103' title='bbox 815 1661 960 1720; x_wconf 78' lang='grc' dir='ltr'>θείας</span> <span class='ocrx_word' id='word_1_104' title='bbox 979 1665 1163 1727; x_wconf 74' lang='grc' dir='ltr'>οὐσίας</span> <span class='ocrx_word' id='word_1_105' title='bbox 1183 1668 1497 1738; x_wconf 79' lang='grc' dir='ltr'><strong>θεοπρεπῶς</strong></span> <span class='ocrx_word' id='word_1_106' title='bbox 1523 1672 1735 1738; x_wconf 77' lang='grc' dir='ltr'>προχεῖ-</span> 
     </span>
    </p>
   </div>
   <div class='ocr_carea' id='block_1_15' title="bbox 169 1735 1734 1831">
    <p class='ocr_par' dir='ltr' id='par_1_15' title="bbox 169 1735 1734 1831">
     <span class='ocr_line' id='line_1_15' title="bbox 169 1735 1734 1831; baseline 0.017 -41"><span class='ocrx_word' id='word_1_107' title='bbox 169 1756 264 1792; x_wconf 88' lang='grc' dir='ltr'><strong>ται</strong></span> <span class='ocrx_word' id='word_1_108' title='bbox 295 1740 355 1793; x_wconf 70' lang='grc' dir='ltr'>τὸ</span> <span class='ocrx_word' id='word_1_109' title='bbox 388 1735 694 1816; x_wconf 73' lang='grc' dir='ltr'><strong>ἑξάὒτῆς.»</strong></span> <span class='ocrx_word' id='word_1_110' title='bbox 728 1752 986 1808; x_wconf 80' lang='grc' dir='ltr'><strong>Ἐνταῦθα</strong></span> <span class='ocrx_word' id='word_1_111' title='bbox 1009 1757 1099 1809; x_wconf 78' lang='grc' dir='ltr'><strong>τὸν</strong></span> <span class='ocrx_word' id='word_1_112' title='bbox 1123 1735 1438 1830; x_wconf 76' lang='grc' dir='ltr'>βουλόμενον</span> <span class='ocrx_word' id='word_1_113' title='bbox 1471 1735 1606 1831; x_wconf 85' lang='grc' dir='ltr'><strong>μετά</strong></span> <span class='ocrx_word' id='word_1_114' title='bbox 1626 1735 1734 1817; x_wconf 78' lang='grc' dir='ltr'>δια-</span> 
     </span>
    </p>
   </div>
   <div class='ocr_carea' id='block_1_16' title="bbox 171 1833 1733 1919">
    <p class='ocr_par' dir='ltr' id='par_1_16' title="bbox 171 1833 1733 1919">
     <span class='ocr_line' id='line_1_16' title="bbox 171 1833 1733 1919; baseline 0.016 -36"><span class='ocrx_word' id='word_1_115' title='bbox 171 1833 413 1899; x_wconf 80' lang='grc' dir='ltr'>κρίσεως</span> <span class='ocrx_word' id='word_1_116' title='bbox 448 1837 686 1894; x_wconf 72' lang='grc' dir='ltr'>ίδεϊνκαὶ</span> <span class='ocrx_word' id='word_1_117' title='bbox 713 1846 966 1912; x_wconf 79' lang='grc' dir='ltr'>συνιέναι,</span> <span class='ocrx_word' id='word_1_118' title='bbox 990 1848 1137 1901; x_wconf 78' lang='grc' dir='ltr'>ἐστιν</span> <span class='ocrx_word' id='word_1_119' title='bbox 1161 1852 1428 1919; x_wconf 78' lang='grc' dir='ltr'>ἐννοῆσαι,</span> <span class='ocrx_word' id='word_1_120' title='bbox 1458 1855 1548 1906; x_wconf 76' lang='grc' dir='ltr'>καὶ</span> <span class='ocrx_word' id='word_1_121' title='bbox 1573 1855 1733 1918; x_wconf 85' lang='grc' dir='ltr'>εὐθὺς</span> 
     </span>
    </p>
   </div>
   <div class='ocr_carea' id='block_1_17' title="bbox 171 1925 1722 2015">
    <p class='ocr_par' dir='ltr' id='par_1_17' title="bbox 171 1925 1722 2015">
     <span class='ocr_line' id='line_1_17' title="bbox 171 1925 1722 2015; baseline 0.015 -42"><span class='ocrx_word' id='word_1_122' title='bbox 171 1925 283 2011; x_wconf 73' lang='grc' dir='ltr'><strong>ἀπὸ</strong></span> <span class='ocrx_word' id='word_1_123' title='bbox 315 1925 409 2015; x_wconf 79' lang='grc' dir='ltr'><strong>τοῦ</strong></span> <span class='ocrx_word' id='word_1_124' title='bbox 442 1929 614 2015; x_wconf 79' lang='grc' dir='ltr'>κακοῦ</span> <span class='ocrx_word' id='word_1_125' title='bbox 662 1933 763 2002; x_wconf 85' lang='grc' dir='ltr'>τῆς</span> <span class='ocrx_word' id='word_1_126' title='bbox 804 1935 1123 2008; x_wconf 73' lang='grc' dir='ltr'><strong>διαιρέσεως</strong></span> <span class='ocrx_word' id='word_1_127' title='bbox 1154 1941 1479 2009; x_wconf 80' lang='grc' dir='ltr'>ἀποδρᾶσαι,</span> <span class='ocrx_word' id='word_1_128' title='bbox 1532 1944 1625 1996; x_wconf 77' lang='grc' dir='ltr'>καὶ</span> <span class='ocrx_word' id='word_1_129' title='bbox 1658 1948 1722 2015; x_wconf 75' lang='grc' dir='ltr'><strong>τῇ</strong></span> 
     </span>
    </p>
   </div>
   <div class='ocr_carea' id='block_1_18' title="bbox 176 2007 1725 2104">
    <p class='ocr_par' dir='ltr' id='par_1_18' title="bbox 176 2007 1725 2104">
     <span class='ocr_line' id='line_1_18' title="bbox 176 2007 1725 2104; baseline 0.016 -41"><span class='ocrx_word' id='word_1_130' title='bbox 176 2007 382 2084; x_wconf 72' lang='grc' dir='ltr'>συνόδῳ</span> <span class='ocrx_word' id='word_1_131' title='bbox 422 2012 776 2091; x_wconf 58' lang='grc' dir='ltr'>ὑποταγῆναι.</span> <span class='ocrx_word' id='word_1_132' title='bbox 813 2007 931 2078; x_wconf 88' lang='grc' dir='ltr'>Τῶν</span> <span class='ocrx_word' id='word_1_133' title='bbox 962 2026 1070 2097; x_wconf 81' lang='grc' dir='ltr'>γὰρ</span> <span class='ocrx_word' id='word_1_134' title='bbox 1095 2028 1184 2081; x_wconf 87' lang='grc' dir='ltr'><strong>τοῦ</strong></span> <span class='ocrx_word' id='word_1_135' title='bbox 1225 2007 1356 2083; x_wconf 79' lang='grc' dir='ltr'>Θεοῦ</span> <span class='ocrx_word' id='word_1_136' title='bbox 1388 2033 1481 2086; x_wconf 79' lang='grc' dir='ltr'>καὶ</span> <span class='ocrx_word' id='word_1_137' title='bbox 1515 2007 1725 2104; x_wconf 60' lang='grc' dir='ltr'>[ἰατρὸς</span> 
     </span>
    </p>
   </div>
   <div class='ocr_carea' id='block_1_19' title="bbox 174 2107 1722 2191">
    <p class='ocr_par' dir='ltr' id='par_1_19' title="bbox 174 2107 1722 2191">
     <span class='ocr_line' id='line_1_19' title="bbox 174 2107 1722 2191; baseline 0.014 -35"><span class='ocrx_word' id='word_1_138' title='bbox 174 2107 426 2172; x_wconf 76' lang='grc' dir='ltr'>φυσικῶν</span> <span class='ocrx_word' id='word_1_139' title='bbox 456 2111 672 2177; x_wconf 80' lang='grc' dir='ltr'>ἀγαθῶν</span> <span class='ocrx_word' id='word_1_140' title='bbox 714 2117 966 2179; x_wconf 82' lang='grc' dir='ltr'>κοινωνὸς</span> <span class='ocrx_word' id='word_1_141' title='bbox 998 2118 1276 2188; x_wconf 79' lang='grc' dir='ltr'>ὑπάρχων,</span> <span class='ocrx_word' id='word_1_142' title='bbox 1308 2124 1487 2191; x_wconf 78' lang='grc' dir='ltr'>φησὶν,</span> <span class='ocrx_word' id='word_1_143' title='bbox 1517 2126 1546 2177; x_wconf 87' lang='lat'><strong>6</strong></span> <span class='ocrx_word' id='word_1_144' title='bbox 1576 2125 1722 2191; x_wconf 78' lang='grc' dir='ltr'>Υἱὸς,</span> 
     </span>
    </p>
   </div>
   <div class='ocr_carea' id='block_1_20' title="bbox 175 2197 1723 2284">
    <p class='ocr_par' dir='ltr' id='par_1_20' title="bbox 175 2197 1723 2284">
     <span class='ocr_line' id='line_1_20' title="bbox 175 2197 1723 2284; baseline 0.016 -37"><span class='ocrx_word' id='word_1_145' title='bbox 175 2197 278 2284; x_wconf 59' lang='grc' dir='ltr'>οὐκ</span> <span class='ocrx_word' id='word_1_146' title='bbox 322 2199 594 2265; x_wconf 85' lang='grc' dir='ltr'>ἐπακτῶς,</span> <span class='ocrx_word' id='word_1_147' title='bbox 629 2205 749 2258; x_wconf 83' lang='grc' dir='ltr'><strong>ούδέ</strong></span> <span class='ocrx_word' id='word_1_148' title='bbox 806 2205 1026 2272; x_wconf 76' lang='grc' dir='ltr'>ἔξωθεν,</span> <span class='ocrx_word' id='word_1_149' title='bbox 1084 2211 1203 2264; x_wconf 83' lang='grc' dir='ltr'>οὐδὲ</span> <span class='ocrx_word' id='word_1_150' title='bbox 1259 2217 1723 2284; x_wconf 80' lang='grc' dir='ltr'><strong>καταχρηστικῶς,</strong></span> 
     </span>
    </p>
   </div>
   <div class='ocr_carea' id='block_1_21' title="bbox 170 2283 1726 2375">
    <p class='ocr_par' dir='ltr' id='par_1_21' title="bbox 170 2283 1726 2375">
     <span class='ocr_line' id='line_1_21' title="bbox 170 2283 1726 2375; baseline 0.016 -40"><span class='ocrx_word' id='word_1_151' title='bbox 170 2283 290 2336; x_wconf 78' lang='grc' dir='ltr'>ἀλλ’</span> <span class='ocrx_word' id='word_1_152' title='bbox 343 2289 610 2354; x_wconf 79' lang='grc' dir='ltr'>οὐσιωδῶς</span> <span class='ocrx_word' id='word_1_153' title='bbox 648 2293 757 2363; x_wconf 75' lang='grc' dir='ltr'>ἔχει</span> <span class='ocrx_word' id='word_1_154' title='bbox 783 2297 872 2347; x_wconf 77' lang='grc' dir='ltr'>καὶ</span> <span class='ocrx_word' id='word_1_155' title='bbox 910 2298 969 2349; x_wconf 79' lang='grc' dir='ltr'>τὸ</span> <span class='ocrx_word' id='word_1_156' title='bbox 996 2300 1235 2369; x_wconf 84' lang='grc' dir='ltr'><strong>Πνεῦμα,</strong></span> <span class='ocrx_word' id='word_1_157' title='bbox 1261 2303 1401 2357; x_wconf 84' lang='grc' dir='ltr'><strong>κατά</strong></span> <span class='ocrx_word' id='word_1_158' title='bbox 1529 2306 1726 2375; x_wconf 80' lang='grc' dir='ltr'>τρόπον</span> 
     </span>
    </p>
   </div>
   <div class='ocr_carea' id='block_1_22' title="bbox 168 2377 1727 2471">
    <p class='ocr_par' dir='ltr' id='par_1_22' title="bbox 168 2377 1727 2471">
     <span class='ocr_line' id='line_1_22' title="bbox 168 2377 1727 2471; baseline 0.015 -45"><span class='ocrx_word' id='word_1_159' title='bbox 168 2377 384 2464; x_wconf 69' lang='grc' dir='ltr'>τοῦτον,</span> <span class='ocrx_word' id='word_1_160' title='bbox 398 2380 516 2432; x_wconf 82' lang='grc' dir='ltr'>καθ’</span> <span class='ocrx_word' id='word_1_161' title='bbox 537 2384 700 2454; x_wconf 76' lang='grc' dir='ltr'>ὅνπερ</span> <span class='ocrx_word' id='word_1_162' title='bbox 726 2385 790 2438; x_wconf 80' lang='grc' dir='ltr'>ἂν</span> <span class='ocrx_word' id='word_1_163' title='bbox 808 2389 974 2441; x_wconf 80' lang='grc' dir='ltr'>νοοῖτο</span> <span class='ocrx_word' id='word_1_164' title='bbox 994 2392 1087 2442; x_wconf 84' lang='grc' dir='ltr'>καὶ</span> <span class='ocrx_word' id='word_1_165' title='bbox 1109 2390 1137 2443; x_wconf 83' lang='grc' dir='ltr'>ὁ</span> <span class='ocrx_word' id='word_1_166' title='bbox 1161 2394 1366 2471; x_wconf 68' lang='grc' dir='ltr'>Πατήρ.</span> <span class='ocrx_word' id='word_1_167' title='bbox 1384 2396 1443 2447; x_wconf 80' lang='lat' dir='ltr'><strong>Et</strong></span> <span class='ocrx_word' id='word_1_168' title='bbox 1463 2391 1554 2449; x_wconf 77' lang='grc' dir='ltr'><strong>οὖν</strong></span> <span class='ocrx_word' id='word_1_169' title='bbox 1572 2413 1727 2462; x_wconf 87' lang='grc' dir='ltr'>φυσι-</span> 
     </span>
    </p>
   </div>
   <div class='ocr_carea' id='block_1_23' title="bbox 175 2467 1726 2556">
    <p class='ocr_par' dir='ltr' id='par_1_23' title="bbox 175 2467 1726 2556">
     <span class='ocr_line' id='line_1_23' title="bbox 175 2467 1726 2556; baseline 0.015 -36"><span class='ocrx_word' id='word_1_170' title='bbox 175 2467 272 2521; x_wconf 64' lang='grc' dir='ltr'><strong>κὸν</strong></span> <span class='ocrx_word' id='word_1_171' title='bbox 305 2472 644 2547; x_wconf 81' lang='grc' dir='ltr'>ἁγαθόνέστι</span> <span class='ocrx_word' id='word_1_172' title='bbox 672 2478 762 2530; x_wconf 81' lang='grc' dir='ltr'><strong>τοῦ</strong></span> <span class='ocrx_word' id='word_1_173' title='bbox 791 2481 1020 2549; x_wconf 76' lang='grc' dir='ltr'>Πατρδς,</span> <span class='ocrx_word' id='word_1_174' title='bbox 1042 2484 1101 2535; x_wconf 76' lang='grc' dir='ltr'>τὸ</span> <span class='ocrx_word' id='word_1_175' title='bbox 1137 2467 1449 2556; x_wconf 77' lang='grc' dir='ltr'>ἐκπορεύειν</span> <span class='ocrx_word' id='word_1_176' title='bbox 1469 2491 1527 2541; x_wconf 79' lang='grc' dir='ltr'>τὸ</span> <span class='ocrx_word' id='word_1_177' title='bbox 1562 2489 1726 2542; x_wconf 87' lang='grc' dir='ltr'>Πνεῦ-</span> 
     </span>
    </p>
   </div>
   <div class='ocr_carea' id='block_1_24' title="bbox 173 2559 1724 2640">
    <p class='ocr_par' dir='ltr' id='par_1_24' title="bbox 173 2559 1724 2640">
     <span class='ocr_line' id='line_1_24' title="bbox 173 2559 1724 2640; baseline 0.012 -30"><span class='ocrx_word' id='word_1_178' title='bbox 173 2577 250 2625; x_wconf 87' lang='grc' dir='ltr'>μα</span> <span class='ocrx_word' id='word_1_179' title='bbox 273 2559 333 2613; x_wconf 87' lang='grc' dir='ltr'><strong>τδ</strong></span> <span class='ocrx_word' id='word_1_180' title='bbox 355 2562 529 2630; x_wconf 73' lang='grc' dir='ltr'>ἅγιον,</span> <span class='ocrx_word' id='word_1_181' title='bbox 559 2570 802 2621; x_wconf 86' lang='grc' dir='ltr'>κοινωνεῖ</span> <span class='ocrx_word' id='word_1_182' title='bbox 831 2570 884 2621; x_wconf 87' lang='grc' dir='ltr'>δὲ</span> <span class='ocrx_word' id='word_1_183' title='bbox 915 2571 941 2622; x_wconf 88' lang='lat'><strong>6</strong></span> <span class='ocrx_word' id='word_1_184' title='bbox 965 2571 1088 2633; x_wconf 78' lang='grc' dir='ltr'>Υἱὸς</span> <span class='ocrx_word' id='word_1_185' title='bbox 1115 2572 1219 2623; x_wconf 86' lang='grc' dir='ltr'><strong>τῶν</strong></span> <span class='ocrx_word' id='word_1_186' title='bbox 1246 2575 1490 2638; x_wconf 83' lang='grc' dir='ltr'>φυσικῶν</span> <span class='ocrx_word' id='word_1_187' title='bbox 1508 2576 1724 2640; x_wconf 82' lang='grc' dir='ltr'>ἀγαθῶν</span> 
     </span>
    </p>
   </div>
   <div class='ocr_carea' id='block_1_25' title="bbox 136 2649 1723 2728">
    <p class='ocr_par' dir='ltr' id='par_1_25' title="bbox 136 2649 1723 2728">
     <span class='ocr_line' id='line_1_25' title="bbox 136 2649 1723 2728; baseline 0.012 -30"><span class='ocrx_word' id='word_1_188' title='bbox 136 2676 144 2684; x_wconf 75' lang='grc' dir='ltr'><strong><em>ο</em></strong></span> <span class='ocrx_word' id='word_1_189' title='bbox 173 2649 270 2700; x_wconf 85' lang='grc' dir='ltr'><strong>τοῦ</strong></span> <span class='ocrx_word' id='word_1_190' title='bbox 309 2649 538 2718; x_wconf 83' lang='grc' dir='ltr'>Πατρὸς,</span> <span class='ocrx_word' id='word_1_191' title='bbox 582 2653 641 2705; x_wconf 85' lang='grc' dir='ltr'><strong>οὐ</strong></span> <span class='ocrx_word' id='word_1_192' title='bbox 675 2659 1150 2725; x_wconf 81' lang='grc' dir='ltr'>καταχρηστικῶς,</span> <span class='ocrx_word' id='word_1_193' title='bbox 1179 2659 1604 2728; x_wconf 79' lang='grc' dir='ltr'>ἀλλάφυσικῶς,</span> <span class='ocrx_word' id='word_1_194' title='bbox 1632 2666 1723 2717; x_wconf 72' lang='grc' dir='ltr'>καὶ</span> 
     </span>
    </p>
   </div>
   <div class='ocr_carea' id='block_1_26' title="bbox 169 2738 1722 2819">
    <p class='ocr_par' dir='ltr' id='par_1_26' title="bbox 169 2738 1722 2819">
     <span class='ocr_line' id='line_1_26' title="bbox 169 2738 1722 2819; baseline 0.012 -29"><span class='ocrx_word' id='word_1_195' title='bbox 169 2738 466 2806; x_wconf 74' lang='grc' dir='ltr'>ούσιωδῶς,</span> <span class='ocrx_word' id='word_1_196' title='bbox 502 2743 639 2796; x_wconf 86' lang='grc' dir='ltr'><strong>κατά</strong></span> <span class='ocrx_word' id='word_1_197' title='bbox 682 2745 772 2797; x_wconf 78' lang='grc' dir='ltr'>τὸν</span> <span class='ocrx_word' id='word_1_198' title='bbox 806 2749 978 2816; x_wconf 79' lang='grc' dir='ltr'>μέγαν</span> <span class='ocrx_word' id='word_1_199' title='bbox 1024 2749 1304 2819; x_wconf 84' lang='grc' dir='ltr'>Κύριλλον,</span> <span class='ocrx_word' id='word_1_200' title='bbox 1353 2755 1444 2806; x_wconf 75' lang='grc' dir='ltr'><strong>καὶ</strong></span> <span class='ocrx_word' id='word_1_201' title='bbox 1473 2755 1533 2806; x_wconf 80' lang='grc' dir='ltr'><strong>ού</strong></span> <span class='ocrx_word' id='word_1_202' title='bbox 1562 2755 1722 2808; x_wconf 85' lang='grc' dir='ltr'>δύνα-</span> 
     </span>
    </p>
   </div>
   <div class='ocr_carea' id='block_1_27' title="bbox 173 2829 1725 2909">
    <p class='ocr_par' dir='ltr' id='par_1_27' title="bbox 173 2829 1725 2909">
     <span class='ocr_line' id='line_1_27' title="bbox 173 2829 1725 2909; baseline 0.011 -28"><span class='ocrx_word' id='word_1_203' title='bbox 173 2829 270 2909; x_wconf 83' lang='grc' dir='ltr'><strong>σθε</strong></span> <span class='ocrx_word' id='word_1_204' title='bbox 315 2831 668 2902; x_wconf 78' lang='grc' dir='ltr'>ἀρνήσασθαι,</span> <span class='ocrx_word' id='word_1_205' title='bbox 701 2835 811 2906; x_wconf 78' lang='grc' dir='ltr'>ἔχει</span> <span class='ocrx_word' id='word_1_206' title='bbox 837 2838 943 2907; x_wconf 83' lang='grc' dir='ltr'><strong>ἀρα</strong></span> <span class='ocrx_word' id='word_1_207' title='bbox 977 2840 1131 2895; x_wconf 82' lang='grc' dir='ltr'>τοῦτο</span> <span class='ocrx_word' id='word_1_208' title='bbox 1170 2843 1314 2896; x_wconf 61' lang='grc' dir='ltr'>καὶὸ</span> <span class='ocrx_word' id='word_1_209' title='bbox 1345 2843 1502 2907; x_wconf 82' lang='grc' dir='ltr'><strong>Υίός⁸</strong></span> <span class='ocrx_word' id='word_1_210' title='bbox 1536 2845 1597 2897; x_wconf 81' lang='grc' dir='ltr'>τὸ</span> <span class='ocrx_word' id='word_1_211' title='bbox 1636 2847 1725 2898; x_wconf 84' lang='grc' dir='ltr'><strong>ὲκ-</strong></span> 
     </span>
    </p>
   </div>
   <div class='ocr_carea' id='block_1_28' title="bbox 176 2922 1723 3005">
    <p class='ocr_par' dir='ltr' id='par_1_28' title="bbox 176 2922 1723 3005">
     <span class='ocr_line' id='line_1_28' title="bbox 176 2922 1723 3005; baseline 0.011 -33"><span class='ocrx_word' id='word_1_212' title='bbox 176 2922 430 2989; x_wconf 87' lang='grc' dir='ltr'>πορεύειν</span> <span class='ocrx_word' id='word_1_213' title='bbox 461 2924 657 2994; x_wconf 71' lang='grc' dir='ltr'>δηλαδὴ</span> <span class='ocrx_word' id='word_1_214' title='bbox 685 2929 746 2980; x_wconf 81' lang='grc' dir='ltr'>τὸ</span> <span class='ocrx_word' id='word_1_215' title='bbox 780 2929 1000 2999; x_wconf 84' lang='grc' dir='ltr'>Πνεῦμα</span> <span class='ocrx_word' id='word_1_216' title='bbox 1041 2932 1100 2984; x_wconf 74' lang='grc' dir='ltr'><strong>τὸ</strong></span> <span class='ocrx_word' id='word_1_217' title='bbox 1134 2933 1308 3002; x_wconf 79' lang='grc' dir='ltr'>ἅγιον,</span> <span class='ocrx_word' id='word_1_218' title='bbox 1348 2940 1408 2988; x_wconf 85' lang='grc' dir='ltr'><strong>οὐ</strong></span> <span class='ocrx_word' id='word_1_219' title='bbox 1444 2938 1723 3005; x_wconf 86' lang='grc' dir='ltr'>μεταδοτι-</span> 
     </span>
    </p>
   </div>
   <div class='ocr_carea' id='block_1_29' title="bbox 171 3013 1723 3100">
    <p class='ocr_par' dir='ltr' id='par_1_29' title="bbox 171 3013 1723 3100">
     <span class='ocr_line' id='line_1_29' title="bbox 171 3013 1723 3100; baseline 0.014 -38"><span class='ocrx_word' id='word_1_220' title='bbox 171 3013 308 3077; x_wconf 86' lang='grc' dir='ltr'>κῶς,</span> <span class='ocrx_word' id='word_1_221' title='bbox 345 3015 458 3068; x_wconf 86' lang='grc' dir='ltr'>ἀλλ’</span> <span class='ocrx_word' id='word_1_222' title='bbox 494 3017 785 3084; x_wconf 83' lang='grc' dir='ltr'>οὐσιωδῶς,</span> <span class='ocrx_word' id='word_1_223' title='bbox 832 3022 952 3073; x_wconf 86' lang='grc' dir='ltr'>καθ’</span> <span class='ocrx_word' id='word_1_224' title='bbox 985 3023 1045 3074; x_wconf 82' lang='grc' dir='ltr'>ὃν</span> <span class='ocrx_word' id='word_1_225' title='bbox 1093 3025 1290 3092; x_wconf 79' lang='grc' dir='ltr'>τρόπον</span> <span class='ocrx_word' id='word_1_226' title='bbox 1338 3026 1431 3079; x_wconf 78' lang='grc' dir='ltr'>καὶ</span> <span class='ocrx_word' id='word_1_227' title='bbox 1458 3029 1486 3080; x_wconf 91' lang='lat'><strong>6</strong></span> <span class='ocrx_word' id='word_1_228' title='bbox 1537 3029 1723 3100; x_wconf 81' lang='grc' dir='ltr'>Πατὴρ</span> 
     </span>
    </p>
   </div>
   <div class='ocr_carea' id='block_1_30' title="bbox 173 3103 1719 3182">
    <p class='ocr_par' dir='ltr' id='par_1_30' title="bbox 173 3103 1719 3182">
     <span class='ocr_line' id='line_1_30' title="bbox 173 3103 1719 3182; baseline 0.012 -29"><span class='ocrx_word' id='word_1_229' title='bbox 173 3103 458 3170; x_wconf 83' lang='grc' dir='ltr'>ἐκπορεύει</span> <span class='ocrx_word' id='word_1_230' title='bbox 486 3106 615 3158; x_wconf 79' lang='grc' dir='ltr'>αὐτὸ</span> <span class='ocrx_word' id='word_1_231' title='bbox 649 3109 940 3173; x_wconf 87' lang='grc' dir='ltr'>ούσιωδῶς.</span> <span class='ocrx_word' id='word_1_232' title='bbox 975 3111 1167 3165; x_wconf 84' lang='grc' dir='ltr'>Σύνετε</span> <span class='ocrx_word' id='word_1_233' title='bbox 1188 3115 1360 3182; x_wconf 82' lang='grc' dir='ltr'>τούτῳ</span> <span class='ocrx_word' id='word_1_234' title='bbox 1387 3115 1469 3182; x_wconf 65' lang='grc' dir='ltr'>δὴ,</span> <span class='ocrx_word' id='word_1_235' title='bbox 1511 3117 1719 3172; x_wconf 81' lang='grc' dir='ltr'>σύνετε.</span> 
     </span>
    </p>
   </div>
   <div class='ocr_carea' id='block_1_31' title="bbox 853 466 2739 559">
    <p class='ocr_par' dir='ltr' id='par_1_31' title="bbox 853 466 2739 559">
     <span class='ocr_line' id='line_1_31' title="bbox 853 466 2739 559; baseline 0.018 -34"><span class='ocrx_word' id='word_1_236' title='bbox 853 466 997 526; x_wconf 79' lang='lat' dir='ltr'><strong>PRO</strong></span> <span class='ocrx_word' id='word_1_237' title='bbox 1029 468 1234 533; x_wconf 74' lang='lat' dir='ltr'><strong>CONC.</strong></span> <span class='ocrx_word' id='word_1_238' title='bbox 1273 471 1636 539; x_wconf 76' lang='lat' dir='ltr'><strong>FLORENT.</strong></span> <span class='ocrx_word' id='word_1_239' title='bbox 1683 478 1835 540; x_wconf 68' lang='lat' dir='ltr'><strong>CAP.</strong></span> <span class='ocrx_word' id='word_1_240' title='bbox 1877 482 1921 545; x_wconf 86' lang='lat' dir='ltr'><strong>l.</strong></span> <span class='ocrx_word' id='word_1_241' title='bbox 1958 484 2052 542; x_wconf 90' lang='lat' dir='ltr'><strong>DE</strong></span> <span class='ocrx_word' id='word_1_242' title='bbox 2095 486 2396 551; x_wconf 81' lang='lat' dir='ltr'><strong>SPIRITU</strong></span> <span class='ocrx_word' id='word_1_243' title='bbox 2436 493 2739 559; x_wconf 81' lang='lat' dir='ltr'><strong>SANCTO.</strong></span> 
     </span>
    </p>
   </div>
   <div class='ocr_carea' id='block_1_32' title="bbox 3254 495 3382 560">
    <p class='ocr_par' dir='ltr' id='par_1_32' title="bbox 3254 495 3382 560">
     <span class='ocr_line' id='line_1_32' title="bbox 3254 495 3382 560; baseline 0.031 -4"><span class='ocrx_word' id='word_1_244' title='bbox 3254 495 3382 560; x_wconf 74' lang='lat' dir='ltr'><strong>1H2</strong></span> 
     </span>
    </p>
   </div>
   <div class='ocr_carea' id='block_1_33' title="bbox 833 574 3380 667">
    <p class='ocr_par' dir='ltr' id='par_1_33' title="bbox 833 574 3380 667">
     <span class='ocr_line' id='line_1_33' title="bbox 833 574 3380 667; baseline 0.018 -45"><span class='ocrx_word' id='word_1_245' title='bbox 833 574 1359 667; x_wconf 53' lang='lat' dir='ltr'><strong>&#39;rluyditfwtﬁam</strong></span> <span class='ocrx_word' id='word_1_246' title='bbox 1385 583 1472 635; x_wconf 72' lang='grc' dir='ltr'><strong>τὸν</strong></span> <span class='ocrx_word' id='word_1_247' title='bbox 1505 586 1736 653; x_wconf 80' lang='grc' dir='ltr'>Πατέρα,</span> <span class='ocrx_word' id='word_1_248' title='bbox 1768 589 1815 644; x_wconf 83' lang='grc' dir='ltr'><strong>Α</strong></span> <span class='ocrx_word' id='word_1_249' title='bbox 1845 604 1941 655; x_wconf 73' lang='lat' dir='ltr'><strong>ego</strong></span> <span class='ocrx_word' id='word_1_250' title='bbox 1977 593 2174 662; x_wconf 75' lang='lat' dir='ltr'><strong>rogabo</strong></span> <span class='ocrx_word' id='word_1_251' title='bbox 2215 594 2424 650; x_wconf 90' lang='lat' dir='ltr'><strong>Patrem</strong></span> <span class='ocrx_word' id='word_1_252' title='bbox 2452 607 2505 652; x_wconf 84' lang='lat' dir='ltr'><strong>et</strong></span> <span class='ocrx_word' id='word_1_253' title='bbox 2547 601 2706 656; x_wconf 90' lang='lat' dir='ltr'><strong>alium</strong></span> <span class='ocrx_word' id='word_1_254' title='bbox 2741 601 3064 660; x_wconf 90' lang='lat' dir='ltr'><strong>Paracletum</strong></span> <span class='ocrx_word' id='word_1_255' title='bbox 3107 610 3251 664; x_wconf 83' lang='lat' dir='ltr'><strong>dabit</strong></span> <span class='ocrx_word' id='word_1_256' title='bbox 3290 630 3380 667; x_wconf 81' lang='lat' dir='ltr'><strong>vo-</strong></span> 
     </span>
    </p>
   </div>
   <div class='ocr_carea' id='block_1_34' title="bbox 1843 679 3383 757">
    <p class='ocr_par' dir='ltr' id='par_1_34' title="bbox 1843 679 3383 757">
     <span class='ocr_line' id='line_1_34' title="bbox 1843 679 3383 757; baseline 0.017 -25"><span class='ocrx_word' id='word_1_257' title='bbox 1843 679 1923 734; x_wconf 86' lang='lat' dir='ltr'><strong>bis</strong></span> <span class='ocrx_word' id='word_1_258' title='bbox 1962 681 2027 744; x_wconf 80' lang='grc'><strong>²⁰,</strong></span> <span class='ocrx_word' id='word_1_259' title='bbox 2066 702 2083 734; x_wconf 78' lang='grc' dir='ltr'><strong>ι</strong></span> <span class='ocrx_word' id='word_1_260' title='bbox 2118 683 2194 738; x_wconf 89' lang='lat' dir='ltr'><strong>sic</strong></span> <span class='ocrx_word' id='word_1_261' title='bbox 2225 685 2352 740; x_wconf 88' lang='lat' dir='ltr'><strong>dicit</strong></span> <span class='ocrx_word' id='word_1_262' title='bbox 2383 703 2396 738; x_wconf 86' lang='lat'><strong>:</strong></span> <span class='ocrx_word' id='word_1_263' title='bbox 2435 707 2450 738; x_wconf 80' lang='grc' dir='ltr'><strong>ι</strong></span> <span class='ocrx_word' id='word_1_264' title='bbox 2490 689 2622 742; x_wconf 88' lang='lat' dir='ltr'><strong>Cum</strong></span> <span class='ocrx_word' id='word_1_265' title='bbox 2659 690 2827 746; x_wconf 84' lang='lat' dir='ltr'><strong>Filius</strong></span> <span class='ocrx_word' id='word_1_266' title='bbox 2868 698 3183 752; x_wconf 69' lang='lat' dir='ltr'><strong>naturalium</strong></span> <span class='ocrx_word' id='word_1_267' title='bbox 3217 701 3383 757; x_wconf 88' lang='lat' dir='ltr'><strong>bono-</strong></span> 
     </span>
    </p>
   </div>
   <div class='ocr_carea' id='block_1_35' title="bbox 1842 772 3374 843">
    <p class='ocr_par' dir='ltr' id='par_1_35' title="bbox 1842 772 3374 843">
     <span class='ocr_line' id='line_1_35' title="bbox 1842 772 3374 843; baseline 0.013 -21"><span class='ocrx_word' id='word_1_268' title='bbox 1842 786 1958 822; x_wconf 89' lang='lat' dir='ltr'><strong>rum</strong></span> <span class='ocrx_word' id='word_1_269' title='bbox 1996 772 2084 825; x_wconf 89' lang='lat' dir='ltr'><strong>Dei</strong></span> <span class='ocrx_word' id='word_1_270' title='bbox 2115 781 2169 826; x_wconf 92' lang='lat' dir='ltr'><strong>et</strong></span> <span class='ocrx_word' id='word_1_271' title='bbox 2202 773 2376 828; x_wconf 85' lang='lat' dir='ltr'><strong>Patris</strong></span> <span class='ocrx_word' id='word_1_272' title='bbox 2426 779 2786 833; x_wconf 82' lang='lat' dir='ltr'><strong>essentialiter</strong></span> <span class='ocrx_word' id='word_1_273' title='bbox 2818 782 2888 834; x_wconf 90' lang='lat' dir='ltr'><strong>sit</strong></span> <span class='ocrx_word' id='word_1_274' title='bbox 2915 798 3156 843; x_wconf 81' lang='lat' dir='ltr'><strong>consors.</strong></span> <span class='ocrx_word' id='word_1_275' title='bbox 3189 791 3374 842; x_wconf 78' lang='lat' dir='ltr'><strong>eodem</strong></span> 
     </span>
    </p>
   </div>
   <div class='ocr_carea' id='block_1_36' title="bbox 1837 861 3375 942">
    <p class='ocr_par' dir='ltr' id='par_1_36' title="bbox 1837 861 3375 942">
     <span class='ocr_line' id='line_1_36' title="bbox 1837 861 3375 942; baseline 0.011 -28"><span class='ocrx_word' id='word_1_276' title='bbox 1837 861 1999 914; x_wconf 88' lang='lat' dir='ltr'><strong>modo</strong></span> <span class='ocrx_word' id='word_1_277' title='bbox 2033 861 2196 916; x_wconf 81' lang='lat' dir='ltr'><strong>habet</strong></span> <span class='ocrx_word' id='word_1_278' title='bbox 2246 871 2302 916; x_wconf 89' lang='lat' dir='ltr'><strong>et</strong></span> <span class='ocrx_word' id='word_1_279' title='bbox 2339 863 2621 933; x_wconf 84' lang='lat' dir='ltr'><strong>Spiritum,</strong></span> <span class='ocrx_word' id='word_1_280' title='bbox 2669 884 2776 934; x_wconf 90' lang='lat' dir='ltr'><strong>quo</strong></span> <span class='ocrx_word' id='word_1_281' title='bbox 2825 869 2981 924; x_wconf 87' lang='lat' dir='ltr'><strong>Pater</strong></span> <span class='ocrx_word' id='word_1_282' title='bbox 3038 873 3375 942; x_wconf 80' lang='lat' dir='ltr'><strong>intelligitur,</strong></span> 
     </span>
    </p>
   </div>
   <div class='ocr_carea' id='block_1_37' title="bbox 1839 952 3375 1026">
    <p class='ocr_par' dir='ltr' id='par_1_37' title="bbox 1839 952 3375 1026">
     <span class='ocr_line' id='line_1_37' title="bbox 1839 952 3375 1026; baseline 0.008 -22"><span class='ocrx_word' id='word_1_283' title='bbox 1839 967 1942 1004; x_wconf 89' lang='lat' dir='ltr'><strong>non</strong></span> <span class='ocrx_word' id='word_1_284' title='bbox 1993 952 2371 1017; x_wconf 87' lang='lat' dir='ltr'><strong>adventitium,</strong></span> <span class='ocrx_word' id='word_1_285' title='bbox 2408 970 2581 1024; x_wconf 89' lang='lat' dir='ltr'><strong>neque</strong></span> <span class='ocrx_word' id='word_1_286' title='bbox 2613 966 2761 1012; x_wconf 78' lang='lat' dir='ltr'><strong>extra</strong></span> <span class='ocrx_word' id='word_1_287' title='bbox 2793 962 3055 1026; x_wconf 88' lang='lat' dir='ltr'><strong>(stultum</strong></span> <span class='ocrx_word' id='word_1_288' title='bbox 3076 965 3219 1018; x_wconf 89' lang='lat' dir='ltr'><strong>enim</strong></span> <span class='ocrx_word' id='word_1_289' title='bbox 3256 977 3335 1020; x_wconf 90' lang='lat' dir='ltr'><strong>est</strong></span> <span class='ocrx_word' id='word_1_290' title='bbox 3361 1009 3375 1026; x_wconf 90' lang='lat'><strong>,</strong></span> 
     </span>
    </p>
   </div>
   <div class='ocr_carea' id='block_1_38' title="bbox 1838 1040 3378 1122">
    <p class='ocr_par' dir='ltr' id='par_1_38' title="bbox 1838 1040 3378 1122">
     <span class='ocr_line' id='line_1_38' title="bbox 1838 1040 3378 1122; baseline 0.011 -30"><span class='ocrx_word' id='word_1_291' title='bbox 1838 1040 1944 1094; x_wconf 81' lang='lat' dir='ltr'><strong>into</strong></span> <span class='ocrx_word' id='word_1_292' title='bbox 1995 1041 2280 1096; x_wconf 67' lang='lat' dir='ltr'><strong>dementiae</strong></span> <span class='ocrx_word' id='word_1_293' title='bbox 2318 1044 2531 1112; x_wconf 89' lang='lat' dir='ltr'><strong>plenum</strong></span> <span class='ocrx_word' id='word_1_294' title='bbox 2580 1045 2652 1099; x_wconf 89' lang='lat' dir='ltr'><strong>ita</strong></span> <span class='ocrx_word' id='word_1_295' title='bbox 2690 1048 2937 1119; x_wconf 90' lang='lat' dir='ltr'><strong>sentire),</strong></span> <span class='ocrx_word' id='word_1_296' title='bbox 2986 1052 3078 1106; x_wconf 84' lang='lat' dir='ltr'><strong>sed</strong></span> <span class='ocrx_word' id='word_1_297' title='bbox 3127 1058 3378 1122; x_wconf 82' lang='lat' dir='ltr'><strong>quemad-</strong></span> 
     </span>
    </p>
   </div>
   <div class='ocr_carea' id='block_1_39' title="bbox 1837 1129 3377 1211">
    <p class='ocr_par' dir='ltr' id='par_1_39' title="bbox 1837 1129 3377 1211">
     <span class='ocr_line' id='line_1_39' title="bbox 1837 1129 3377 1211; baseline 0.012 -31"><span class='ocrx_word' id='word_1_298' title='bbox 1837 1129 2051 1181; x_wconf 81' lang='lat' dir='ltr'><strong>modum</strong></span> <span class='ocrx_word' id='word_1_299' title='bbox 2082 1138 2329 1184; x_wconf 90' lang='lat' dir='ltr'><strong>nostrum</strong></span> <span class='ocrx_word' id='word_1_300' title='bbox 2367 1133 2735 1203; x_wconf 81' lang='lat' dir='ltr'><strong>unusquisque</strong></span> <span class='ocrx_word' id='word_1_301' title='bbox 2769 1138 2980 1205; x_wconf 82' lang='lat' dir='ltr'><strong>proprie</strong></span> <span class='ocrx_word' id='word_1_302' title='bbox 3005 1138 3058 1191; x_wconf 92' lang='lat' dir='ltr'><strong>in</strong></span> <span class='ocrx_word' id='word_1_303' title='bbox 3086 1144 3377 1211; x_wconf 86' lang='lat' dir='ltr'><strong>semetipso</strong></span> 
     </span>
    </p>
   </div>
   <div class='ocr_carea' id='block_1_40' title="bbox 1837 1220 3376 1290">
    <p class='ocr_par' dir='ltr' id='par_1_40' title="bbox 1837 1220 3376 1290">
     <span class='ocr_line' id='line_1_40' title="bbox 1837 1220 3376 1290; baseline 0.008 -17"><span class='ocrx_word' id='word_1_304' title='bbox 1837 1220 2076 1274; x_wconf 78' lang='lat' dir='ltr'><strong>centinet</strong></span> <span class='ocrx_word' id='word_1_305' title='bbox 2115 1221 2384 1290; x_wconf 87' lang='lat' dir='ltr'><strong>spiritum,</strong></span> <span class='ocrx_word' id='word_1_306' title='bbox 2431 1233 2484 1277; x_wconf 92' lang='lat' dir='ltr'><strong>et</strong></span> <span class='ocrx_word' id='word_1_307' title='bbox 2535 1239 2597 1278; x_wconf 76' lang='lat' dir='ltr'><strong>ex</strong></span> <span class='ocrx_word' id='word_1_308' title='bbox 2645 1226 2941 1282; x_wconf 89' lang='lat' dir='ltr'><strong>visceribus</strong></span> <span class='ocrx_word' id='word_1_309' title='bbox 2983 1229 3185 1284; x_wconf 87' lang='lat' dir='ltr'><strong>intimis</strong></span> <span class='ocrx_word' id='word_1_310' title='bbox 3226 1242 3376 1286; x_wconf 79' lang='lat' dir='ltr'><strong>extra</strong></span> 
     </span>
    </p>
   </div>
   <div class='ocr_carea' id='block_1_41' title="bbox 1837 1308 3376 1388">
    <p class='ocr_par' dir='ltr' id='par_1_41' title="bbox 1837 1308 3376 1388">
     <span class='ocr_line' id='line_1_41' title="bbox 1837 1308 3376 1388; baseline 0.01 -28"><span class='ocrx_word' id='word_1_311' title='bbox 1837 1308 2132 1376; x_wconf 77' lang='lat' dir='ltr'><strong>profundit.</strong></span> <span class='ocrx_word' id='word_1_312' title='bbox 2171 1310 2376 1365; x_wconf 87' lang='lat' dir='ltr'><strong>ideirco</strong></span> <span class='ocrx_word' id='word_1_313' title='bbox 2403 1316 2544 1367; x_wconf 86' lang='lat' dir='ltr'><strong>enim</strong></span> <span class='ocrx_word' id='word_1_314' title='bbox 2579 1315 2630 1367; x_wconf 91' lang='lat' dir='ltr'><strong>in</strong></span> <span class='ocrx_word' id='word_1_315' title='bbox 2659 1332 2781 1370; x_wconf 77' lang='grc' dir='ltr'>ριιιιι</span> <span class='ocrx_word' id='word_1_316' title='bbox 2811 1320 3160 1388; x_wconf 77' lang='lat' dir='ltr'><strong>corporaliter</strong></span> <span class='ocrx_word' id='word_1_317' title='bbox 3206 1323 3376 1376; x_wconf 80' lang='lat' dir='ltr'><strong>insuf-</strong></span> 
     </span>
    </p>
   </div>
   <div class='ocr_carea' id='block_1_42' title="bbox 1837 1401 3375 1476">
    <p class='ocr_par' dir='ltr' id='par_1_42' title="bbox 1837 1401 3375 1476">
     <span class='ocr_line' id='line_1_42' title="bbox 1837 1401 3375 1476; baseline 0.01 -22"><span class='ocrx_word' id='word_1_318' title='bbox 1837 1401 1984 1455; x_wconf 70' lang='lat' dir='ltr'><strong>ﬂavit</strong></span> <span class='ocrx_word' id='word_1_319' title='bbox 2005 1401 2276 1469; x_wconf 86' lang='lat' dir='ltr'><strong>Christus,</strong></span> <span class='ocrx_word' id='word_1_320' title='bbox 2305 1414 2618 1472; x_wconf 83' lang='lat' dir='ltr'><strong>ostendens,</strong></span> <span class='ocrx_word' id='word_1_321' title='bbox 2650 1409 2792 1476; x_wconf 87' lang='lat' dir='ltr'><strong>quod</strong></span> <span class='ocrx_word' id='word_1_322' title='bbox 2831 1410 2907 1463; x_wconf 91' lang='lat' dir='ltr'><strong>uti</strong></span> <span class='ocrx_word' id='word_1_323' title='bbox 2933 1427 2998 1464; x_wconf 79' lang='lat' dir='ltr'><strong>ex</strong></span> <span class='ocrx_word' id='word_1_324' title='bbox 3028 1411 3259 1467; x_wconf 86' lang='lat' dir='ltr'><strong>hominis</strong></span> <span class='ocrx_word' id='word_1_325' title='bbox 3281 1431 3375 1470; x_wconf 89' lang='lat' dir='ltr'><strong>ore</strong></span> 
     </span>
    </p>
   </div>
   <div class='ocr_carea' id='block_1_43' title="bbox 1838 1493 3374 1566">
    <p class='ocr_par' dir='ltr' id='par_1_43' title="bbox 1838 1493 3374 1566">
     <span class='ocr_line' id='line_1_43' title="bbox 1838 1493 3374 1566; baseline 0.01 -21"><span class='ocrx_word' id='word_1_326' title='bbox 1838 1493 2060 1560; x_wconf 78' lang='lat' dir='ltr'><strong>spiritus</strong></span> <span class='ocrx_word' id='word_1_327' title='bbox 2085 1497 2438 1564; x_wconf 86' lang='lat' dir='ltr'><strong>corporaliter</strong></span> <span class='ocrx_word' id='word_1_328' title='bbox 2469 1499 2730 1566; x_wconf 84' lang='lat' dir='ltr'><strong>procedit,</strong></span> <span class='ocrx_word' id='word_1_329' title='bbox 2759 1499 2827 1554; x_wconf 88' lang='lat' dir='ltr'><strong>ita</strong></span> <span class='ocrx_word' id='word_1_330' title='bbox 2855 1515 2918 1555; x_wconf 79' lang='lat' dir='ltr'><strong>ex</strong></span> <span class='ocrx_word' id='word_1_331' title='bbox 2940 1501 3117 1557; x_wconf 78' lang='lat' dir='ltr'><strong>divina</strong></span> <span class='ocrx_word' id='word_1_332' title='bbox 3140 1507 3374 1560; x_wconf 79' lang='lat' dir='ltr'><strong>essentia</strong></span> 
     </span>
    </p>
   </div>
   <div class='ocr_carea' id='block_1_44' title="bbox 1838 1582 3368 1667">
    <p class='ocr_par' dir='ltr' id='par_1_44' title="bbox 1838 1582 3368 1667">
     <span class='ocr_line' id='line_1_44' title="bbox 1838 1582 3368 1667; baseline 0.01 -33"><span class='ocrx_word' id='word_1_333' title='bbox 1838 1582 1921 1647; x_wconf 89' lang='lat' dir='ltr'><strong>(ut</strong></span> <span class='ocrx_word' id='word_1_334' title='bbox 1963 1583 2073 1638; x_wconf 87' lang='lat' dir='ltr'><strong>Deo</strong></span> <span class='ocrx_word' id='word_1_335' title='bbox 2116 1589 2388 1657; x_wconf 89' lang='lat' dir='ltr'><strong>convenit)</strong></span> <span class='ocrx_word' id='word_1_336' title='bbox 2427 1589 2644 1658; x_wconf 80' lang='lat' dir='ltr'><strong>proﬂuit</strong></span> <span class='ocrx_word' id='word_1_337' title='bbox 2675 1590 2814 1658; x_wconf 90' lang='lat' dir='ltr'><strong>quod</strong></span> <span class='ocrx_word' id='word_1_338' title='bbox 2853 1606 2917 1645; x_wconf 80' lang='lat' dir='ltr'><strong>ex</strong></span> <span class='ocrx_word' id='word_1_339' title='bbox 2948 1606 3008 1646; x_wconf 89' lang='lat' dir='ltr'><strong>ea</strong></span> <span class='ocrx_word' id='word_1_340' title='bbox 3055 1596 3314 1664; x_wconf 86' lang='lat' dir='ltr'><strong>procedit.</strong></span> <span class='ocrx_word' id='word_1_341' title='bbox 3349 1617 3368 1667; x_wconf 68' lang='lat' dir='ltr'><strong>ip</strong></span> 
     </span>
    </p>
   </div>
   <div class='ocr_carea' id='block_1_45' title="bbox 1838 1668 3371 1750">
    <p class='ocr_par' dir='ltr' id='par_1_45' title="bbox 1838 1668 3371 1750">
     <span class='ocr_line' id='line_1_45' title="bbox 1838 1668 3371 1750; baseline 0.011 -29"><span class='ocrx_word' id='word_1_342' title='bbox 1838 1668 1947 1723; x_wconf 90' lang='lat' dir='ltr'><strong>lloe</strong></span> <span class='ocrx_word' id='word_1_343' title='bbox 1973 1672 2089 1726; x_wconf 84' lang='lat' dir='ltr'><strong>loco</strong></span> <span class='ocrx_word' id='word_1_344' title='bbox 2108 1673 2150 1727; x_wconf 89' lang='lat' dir='ltr'><strong>si</strong></span> <span class='ocrx_word' id='word_1_345' title='bbox 2174 1675 2295 1742; x_wconf 89' lang='lat' dir='ltr'><strong>quis</strong></span> <span class='ocrx_word' id='word_1_346' title='bbox 2320 1677 2431 1730; x_wconf 88' lang='lat' dir='ltr'><strong>vult</strong></span> <span class='ocrx_word' id='word_1_347' title='bbox 2456 1692 2576 1731; x_wconf 90' lang='lat' dir='ltr'><strong>cum</strong></span> <span class='ocrx_word' id='word_1_348' title='bbox 2599 1680 2851 1747; x_wconf 77' lang='lat' dir='ltr'><strong>:rquitate</strong></span> <span class='ocrx_word' id='word_1_349' title='bbox 2869 1681 3046 1738; x_wconf 79' lang='lat' dir='ltr'><strong>videre</strong></span> <span class='ocrx_word' id='word_1_350' title='bbox 3069 1693 3121 1737; x_wconf 93' lang='lat' dir='ltr'><strong>et</strong></span> <span class='ocrx_word' id='word_1_351' title='bbox 3144 1683 3371 1750; x_wconf 86' lang='lat' dir='ltr'><strong>discere,</strong></span> 
     </span>
    </p>
   </div>
   <div class='ocr_carea' id='block_1_46' title="bbox 1841 1761 3373 1842">
    <p class='ocr_par' dir='ltr' id='par_1_46' title="bbox 1841 1761 3373 1842">
     <span class='ocr_line' id='line_1_46' title="bbox 1841 1761 3373 1842; baseline 0.012 -30"><span class='ocrx_word' id='word_1_352' title='bbox 1841 1761 2139 1832; x_wconf 76' lang='lat' dir='ltr'><strong>intelligere</strong></span> <span class='ocrx_word' id='word_1_353' title='bbox 2193 1765 2346 1830; x_wconf 81' lang='lat' dir='ltr'><strong>licet,</strong></span> <span class='ocrx_word' id='word_1_354' title='bbox 2378 1769 2667 1836; x_wconf 82' lang='lat' dir='ltr'><strong>statimque</strong></span> <span class='ocrx_word' id='word_1_355' title='bbox 2700 1785 2729 1823; x_wconf 91' lang='lat' dir='ltr'><strong>a</strong></span> <span class='ocrx_word' id='word_1_356' title='bbox 2762 1771 3065 1828; x_wconf 76' lang='lat' dir='ltr'><strong>schismatis</strong></span> <span class='ocrx_word' id='word_1_357' title='bbox 3110 1776 3373 1842; x_wconf 87' lang='lat' dir='ltr'><strong>pravitate</strong></span> 
     </span>
    </p>
   </div>
   <div class='ocr_carea' id='block_1_47' title="bbox 1837 1850 3362 1933">
    <p class='ocr_par' dir='ltr' id='par_1_47' title="bbox 1837 1850 3362 1933">
     <span class='ocr_line' id='line_1_47' title="bbox 1837 1850 3362 1933; baseline 0.009 -28"><span class='ocrx_word' id='word_1_358' title='bbox 1837 1850 2088 1921; x_wconf 76' lang='lat' dir='ltr'><strong>defugere</strong></span> <span class='ocrx_word' id='word_1_359' title='bbox 2121 1865 2173 1911; x_wconf 87' lang='lat' dir='ltr'><strong>et</strong></span> <span class='ocrx_word' id='word_1_360' title='bbox 2195 1858 2398 1926; x_wconf 88' lang='lat' dir='ltr'><strong>synodo</strong></span> <span class='ocrx_word' id='word_1_361' title='bbox 2440 1858 2652 1926; x_wconf 85' lang='lat' dir='ltr'><strong>subjici.</strong></span> <span class='ocrx_word' id='word_1_362' title='bbox 2688 1860 2823 1916; x_wconf 87' lang='lat' dir='ltr'><strong>Cum</strong></span> <span class='ocrx_word' id='word_1_363' title='bbox 2859 1865 2928 1918; x_wconf 87' lang='lat' dir='ltr'><strong>sit</strong></span> <span class='ocrx_word' id='word_1_364' title='bbox 2977 1865 3146 1924; x_wconf 90' lang='lat' dir='ltr'><strong>enim.</strong></span> <span class='ocrx_word' id='word_1_365' title='bbox 3178 1866 3362 1933; x_wconf 85' lang='lat' dir='ltr'><strong>inquit.</strong></span> 
     </span>
    </p>
   </div>
   <div class='ocr_carea' id='block_1_48' title="bbox 1831 1944 3368 2030">
    <p class='ocr_par' dir='ltr' id='par_1_48' title="bbox 1831 1944 3368 2030">
     <span class='ocr_line' id='line_1_48' title="bbox 1831 1944 3368 2030; baseline 0.011 -37"><span class='ocrx_word' id='word_1_366' title='bbox 1831 1944 2174 2002; x_wconf 19' lang='lat' dir='ltr'><strong>naturalium.</strong></span> <span class='ocrx_word' id='word_1_367' title='bbox 2204 1947 2461 2001; x_wconf 85' lang='lat' dir='ltr'><strong>bonorum</strong></span> <span class='ocrx_word' id='word_1_368' title='bbox 2495 1949 2582 2003; x_wconf 89' lang='lat' dir='ltr'><strong>Dei</strong></span> <span class='ocrx_word' id='word_1_369' title='bbox 2629 1960 2696 2005; x_wconf 83' lang='lat' dir='ltr'><strong>et-</strong></span> <span class='ocrx_word' id='word_1_370' title='bbox 2715 1944 2887 2006; x_wconf 88' lang='lat' dir='ltr'><strong>Patris</strong></span> <span class='ocrx_word' id='word_1_371' title='bbox 2920 1968 3140 2011; x_wconf 89' lang='lat' dir='ltr'><strong>consors</strong></span> <span class='ocrx_word' id='word_1_372' title='bbox 3181 1953 3368 2030; x_wconf 64' lang='lat' dir='ltr'><strong>Filius,</strong></span> 
     </span>
    </p>
   </div>
   <div class='ocr_carea' id='block_1_49' title="bbox 1829 2034 3370 2110">
    <p class='ocr_par' dir='ltr' id='par_1_49' title="bbox 1829 2034 3370 2110">
     <span class='ocr_line' id='line_1_49' title="bbox 1829 2034 3370 2110; baseline 0.01 -26"><span class='ocrx_word' id='word_1_373' title='bbox 1829 2046 1935 2085; x_wconf 91' lang='lat' dir='ltr'><strong>non</strong></span> <span class='ocrx_word' id='word_1_374' title='bbox 1971 2034 2266 2089; x_wconf 83' lang='lat' dir='ltr'><strong>adventitie</strong></span> <span class='ocrx_word' id='word_1_375' title='bbox 2295 2052 2468 2105; x_wconf 87' lang='lat' dir='ltr'><strong>neque</strong></span> <span class='ocrx_word' id='word_1_376' title='bbox 2493 2049 2664 2104; x_wconf 81' lang='lat' dir='ltr'><strong>extra,</strong></span> <span class='ocrx_word' id='word_1_377' title='bbox 2699 2056 2869 2108; x_wconf 91' lang='lat' dir='ltr'><strong>neque</strong></span> <span class='ocrx_word' id='word_1_378' title='bbox 2897 2045 3180 2110; x_wconf 80' lang='lat' dir='ltr'><strong>imprOptie</strong></span> <span class='ocrx_word' id='word_1_379' title='bbox 3212 2047 3370 2099; x_wconf 82' lang='lat' dir='ltr'><strong>habet</strong></span> 
     </span>
    </p>
   </div>
   <div class='ocr_carea' id='block_1_50' title="bbox 1826 2122 3369 2204">
    <p class='ocr_par' dir='ltr' id='par_1_50' title="bbox 1826 2122 3369 2204">
     <span class='ocr_line' id='line_1_50' title="bbox 1826 2122 3369 2204; baseline 0.01 -29"><span class='ocrx_word' id='word_1_380' title='bbox 1826 2122 1987 2175; x_wconf 88' lang='lat' dir='ltr'><strong>etiam</strong></span> <span class='ocrx_word' id='word_1_381' title='bbox 2025 2123 2306 2192; x_wconf 80' lang='lat' dir='ltr'><strong>Spiritum,</strong></span> <span class='ocrx_word' id='word_1_382' title='bbox 2344 2127 2435 2180; x_wconf 89' lang='lat' dir='ltr'><strong>sed</strong></span> <span class='ocrx_word' id='word_1_383' title='bbox 2462 2129 2819 2183; x_wconf 85' lang='lat' dir='ltr'><strong>essentialiter</strong></span> <span class='ocrx_word' id='word_1_384' title='bbox 2852 2131 3041 2204; x_wconf 88' lang='lat' dir='ltr'><strong>eodem</strong></span> <span class='ocrx_word' id='word_1_385' title='bbox 3077 2137 3235 2189; x_wconf 87' lang='lat' dir='ltr'><strong>modo</strong></span> <span class='ocrx_word' id='word_1_386' title='bbox 3259 2153 3369 2201; x_wconf 88' lang='lat' dir='ltr'><strong>quo</strong></span> 
     </span>
    </p>
   </div>
   <div class='ocr_carea' id='block_1_51' title="bbox 1826 2214 3368 2293">
    <p class='ocr_par' dir='ltr' id='par_1_51' title="bbox 1826 2214 3368 2293">
     <span class='ocr_line' id='line_1_51' title="bbox 1826 2214 3368 2293; baseline 0.008 -26"><span class='ocrx_word' id='word_1_387' title='bbox 1826 2214 2146 2285; x_wconf 83' lang='lat' dir='ltr'><strong>intelligitur</strong></span> <span class='ocrx_word' id='word_1_388' title='bbox 2174 2227 2228 2293; x_wconf 85' lang='lat' dir='ltr'><strong>et</strong></span> <span class='ocrx_word' id='word_1_389' title='bbox 2261 2218 2439 2274; x_wconf 89' lang='lat' dir='ltr'><strong>Pater.</strong></span> <span class='ocrx_word' id='word_1_390' title='bbox 2474 2220 2528 2275; x_wconf 91' lang='lat' dir='ltr'><strong>Si</strong></span> <span class='ocrx_word' id='word_1_391' title='bbox 2561 2221 2718 2291; x_wconf 77' lang='lat' dir='ltr'><strong>igitur</strong></span> <span class='ocrx_word' id='word_1_392' title='bbox 2749 2225 2994 2285; x_wconf 80' lang='lat' dir='ltr'><strong>naturale</strong></span> <span class='ocrx_word' id='word_1_393' title='bbox 3029 2225 3225 2281; x_wconf 86' lang='lat' dir='ltr'><strong>bonum</strong></span> <span class='ocrx_word' id='word_1_394' title='bbox 3270 2227 3368 2280; x_wconf 85' lang='lat' dir='ltr'><strong>Pa-</strong></span> 
     </span>
    </p>
   </div>
   <div class='ocr_carea' id='block_1_52' title="bbox 1829 2307 3368 2378">
    <p class='ocr_par' dir='ltr' id='par_1_52' title="bbox 1829 2307 3368 2378">
     <span class='ocr_line' id='line_1_52' title="bbox 1829 2307 3368 2378; baseline 0.005 -17"><span class='ocrx_word' id='word_1_395' title='bbox 1829 2307 1926 2361; x_wconf 84' lang='lat' dir='ltr'><strong>tris</strong></span> <span class='ocrx_word' id='word_1_396' title='bbox 1956 2319 2057 2374; x_wconf 90' lang='lat' dir='ltr'><strong>est,</strong></span> <span class='ocrx_word' id='word_1_397' title='bbox 2098 2308 2356 2378; x_wconf 89' lang='lat' dir='ltr'><strong>Spiritum</strong></span> <span class='ocrx_word' id='word_1_398' title='bbox 2403 2323 2647 2367; x_wconf 89' lang='lat' dir='ltr'><strong>sanctum</strong></span> <span class='ocrx_word' id='word_1_399' title='bbox 2692 2315 2939 2370; x_wconf 88' lang='lat' dir='ltr'><strong>emittere</strong></span> <span class='ocrx_word' id='word_1_400' title='bbox 2968 2333 2981 2371; x_wconf 89' lang='lat'><strong><em>:</em></strong></span> <span class='ocrx_word' id='word_1_401' title='bbox 3010 2317 3368 2372; x_wconf 86' lang='lat' dir='ltr'><strong>communicat</strong></span> 
     </span>
    </p>
   </div>
   <div class='ocr_carea' id='block_1_53' title="bbox 1827 2400 3389 2506">
    <p class='ocr_par' dir='ltr' id='par_1_53' title="bbox 1827 2400 3389 2506">
     <span class='ocr_line' id='line_1_53' title="bbox 1827 2400 3389 2506; baseline 0.008 -52"><span class='ocrx_word' id='word_1_402' title='bbox 1827 2416 1955 2454; x_wconf 89' lang='lat' dir='ltr'><strong>vero</strong></span> <span class='ocrx_word' id='word_1_403' title='bbox 1984 2400 2149 2457; x_wconf 86' lang='lat' dir='ltr'><strong>Filius</strong></span> <span class='ocrx_word' id='word_1_404' title='bbox 2175 2405 2512 2460; x_wconf 85' lang='lat' dir='ltr'><strong>naturalibus</strong></span> <span class='ocrx_word' id='word_1_405' title='bbox 2537 2406 2709 2462; x_wconf 86' lang='lat' dir='ltr'><strong>Patris</strong></span> <span class='ocrx_word' id='word_1_406' title='bbox 2731 2409 3022 2464; x_wconf 85' lang='lat' dir='ltr'><strong>bonisnon</strong></span> <span class='ocrx_word' id='word_1_407' title='bbox 3054 2413 3389 2506; x_wconf 38' lang='lat' dir='ltr'><strong>improprie“</strong></span> 
     </span>
    </p>
   </div>
   <div class='ocr_carea' id='block_1_54' title="bbox 1826 2493 3368 2570">
    <p class='ocr_par' dir='ltr' id='par_1_54' title="bbox 1826 2493 3368 2570">
     <span class='ocr_line' id='line_1_54' title="bbox 1826 2493 3368 2570; baseline 0.007 -26"><span class='ocrx_word' id='word_1_408' title='bbox 1826 2494 1921 2545; x_wconf 88' lang='lat' dir='ltr'><strong>sed</strong></span> <span class='ocrx_word' id='word_1_409' title='bbox 1951 2493 2261 2547; x_wconf 83' lang='lat' dir='ltr'><strong>naturaliter</strong></span> <span class='ocrx_word' id='word_1_410' title='bbox 2289 2504 2343 2548; x_wconf 91' lang='lat' dir='ltr'><strong>et</strong></span> <span class='ocrx_word' id='word_1_411' title='bbox 2371 2498 2732 2554; x_wconf 87' lang='lat' dir='ltr'><strong>essentialiter</strong></span> <span class='ocrx_word' id='word_1_412' title='bbox 2750 2537 2764 2562; x_wconf 89' lang='lat'><strong>,</strong></span> <span class='ocrx_word' id='word_1_413' title='bbox 2792 2493 3085 2554; x_wconf 85' lang='lat' dir='ltr'><strong>secundum</strong></span> <span class='ocrx_word' id='word_1_414' title='bbox 3122 2518 3368 2570; x_wconf 83' lang='lat' dir='ltr'><strong>magnum</strong></span> 
     </span>
    </p>
   </div>
   <div class='ocr_carea' id='block_1_55' title="bbox 1825 2579 3400 2656">
    <p class='ocr_par' dir='ltr' id='par_1_55' title="bbox 1825 2579 3400 2656">
     <span class='ocr_line' id='line_1_55' title="bbox 1825 2579 3400 2656; baseline 0.008 -25"><span class='ocrx_word' id='word_1_415' title='bbox 1825 2579 2074 2648; x_wconf 88' lang='lat' dir='ltr'><strong>Cyrillum</strong></span> <span class='ocrx_word' id='word_1_416' title='bbox 2105 2582 2227 2649; x_wconf 88' lang='lat' dir='ltr'><strong>(nec</strong></span> <span class='ocrx_word' id='word_1_417' title='bbox 2257 2581 2478 2650; x_wconf 87' lang='lat' dir='ltr'><strong>potestis</strong></span> <span class='ocrx_word' id='word_1_418' title='bbox 2507 2587 2743 2654; x_wconf 82' lang='lat' dir='ltr'><strong>negare),</strong></span> <span class='ocrx_word' id='word_1_419' title='bbox 2769 2603 2895 2656; x_wconf 82' lang='lat' dir='ltr'><strong>ergo</strong></span> <span class='ocrx_word' id='word_1_420' title='bbox 2916 2588 2994 2642; x_wconf 90' lang='lat' dir='ltr'><strong>id</strong></span> <span class='ocrx_word' id='word_1_421' title='bbox 3019 2589 3176 2642; x_wconf 70' lang='lat' dir='ltr'><strong>habet</strong></span> <span class='ocrx_word' id='word_1_422' title='bbox 3204 2592 3365 2643; x_wconf 89' lang='lat' dir='ltr'><strong>etiam</strong></span> <span class='ocrx_word' id='word_1_423' title='bbox 3397 2631 3400 2634; x_wconf 78' lang='lat'><strong>.</strong></span> 
     </span>
    </p>
   </div>
   <div class='ocr_carea' id='block_1_56' title="bbox 1826 2669 3365 2740">
    <p class='ocr_par' dir='ltr' id='par_1_56' title="bbox 1826 2669 3365 2740">
     <span class='ocr_line' id='line_1_56' title="bbox 1826 2669 3365 2740; baseline 0.006 -18"><span class='ocrx_word' id='word_1_424' title='bbox 1826 2669 2013 2732; x_wconf 84' lang='lat' dir='ltr'><strong>Filius,</strong></span> <span class='ocrx_word' id='word_1_425' title='bbox 2084 2671 2330 2725; x_wconf 83' lang='lat' dir='ltr'><strong>videlicet</strong></span> <span class='ocrx_word' id='word_1_426' title='bbox 2375 2672 2626 2740; x_wconf 82' lang='lat' dir='ltr'><strong>Spiritum</strong></span> <span class='ocrx_word' id='word_1_427' title='bbox 2677 2686 2917 2728; x_wconf 89' lang='lat' dir='ltr'><strong>sanctum</strong></span> <span class='ocrx_word' id='word_1_428' title='bbox 2969 2676 3230 2738; x_wconf 88' lang='lat' dir='ltr'><strong>emittere,</strong></span> <span class='ocrx_word' id='word_1_429' title='bbox 3262 2694 3365 2732; x_wconf 84' lang='lat' dir='ltr'><strong>non</strong></span> 
     </span>
    </p>
   </div>
   <div class='ocr_carea' id='block_1_57' title="bbox 1827 2760 3363 2835">
    <p class='ocr_par' dir='ltr' id='par_1_57' title="bbox 1827 2760 3363 2835">
     <span class='ocr_line' id='line_1_57' title="bbox 1827 2760 3363 2835; baseline 0.004 -21"><span class='ocrx_word' id='word_1_430' title='bbox 1827 2760 2258 2835; x_wconf 83' lang='lat' dir='ltr'><strong>participatione,</strong></span> <span class='ocrx_word' id='word_1_431' title='bbox 2288 2764 2378 2816; x_wconf 90' lang='lat' dir='ltr'><strong>sed</strong></span> <span class='ocrx_word' id='word_1_432' title='bbox 2411 2764 2782 2829; x_wconf 89' lang='lat' dir='ltr'><strong>cssentialiter,</strong></span> <span class='ocrx_word' id='word_1_433' title='bbox 2813 2781 2875 2819; x_wconf 86' lang='lat' dir='ltr'><strong>eo</strong></span> <span class='ocrx_word' id='word_1_434' title='bbox 2898 2765 3051 2818; x_wconf 89' lang='lat' dir='ltr'><strong>modo</strong></span> <span class='ocrx_word' id='word_1_435' title='bbox 3071 2781 3176 2835; x_wconf 92' lang='lat' dir='ltr'><strong>quo</strong></span> <span class='ocrx_word' id='word_1_436' title='bbox 3208 2767 3363 2820; x_wconf 78' lang='lat' dir='ltr'><strong>Patrr</strong></span> 
     </span>
    </p>
   </div>
   <div class='ocr_carea' id='block_1_58' title="bbox 1828 2832 3375 2926">
    <p class='ocr_par' dir='ltr' id='par_1_58' title="bbox 1828 2832 3375 2926">
     <span class='ocr_line' id='line_1_58' title="bbox 1828 2832 3375 2926; baseline 0.008 -25"><span class='ocrx_word' id='word_1_437' title='bbox 1828 2832 1999 2916; x_wconf 84' lang='lat' dir='ltr'><strong>ipsum</strong></span> <span class='ocrx_word' id='word_1_438' title='bbox 2029 2851 2385 2907; x_wconf 85' lang='lat' dir='ltr'><strong>essentialiter</strong></span> <span class='ocrx_word' id='word_1_439' title='bbox 2412 2855 2625 2908; x_wconf 88' lang='lat' dir='ltr'><strong>emittit.</strong></span> <span class='ocrx_word' id='word_1_440' title='bbox 2651 2854 2922 2910; x_wconf 85' lang='lat' dir='ltr'><strong>Attendite</strong></span> <span class='ocrx_word' id='word_1_441' title='bbox 2950 2832 3103 2920; x_wconf 61' lang='lat' dir='ltr'><strong>huic,</strong></span> <span class='ocrx_word' id='word_1_442' title='bbox 3122 2858 3375 2926; x_wconf 70' lang='lat' dir='ltr'><strong>inquam,</strong></span> 
     </span>
    </p>
   </div>
   <div class='ocr_carea' id='block_1_59' title="bbox 1825 2941 3368 3018">
    <p class='ocr_par' dir='ltr' id='par_1_59' title="bbox 1825 2941 3368 3018">
     <span class='ocr_line' id='line_1_59' title="bbox 1825 2941 3368 3018; baseline 0.006 -28"><span class='ocrx_word' id='word_1_443' title='bbox 1825 2941 2105 2995; x_wconf 88' lang='lat' dir='ltr'><strong>attendite.</strong></span> <span class='ocrx_word' id='word_1_444' title='bbox 2147 2941 2378 3012; x_wconf 84' lang='lat' dir='ltr'><strong>Symeon</strong></span> <span class='ocrx_word' id='word_1_445' title='bbox 2417 2943 2805 3013; x_wconf 81' lang='lat' dir='ltr'><strong>Metaphrastes</strong></span> <span class='ocrx_word' id='word_1_446' title='bbox 2846 2946 2899 2999; x_wconf 91' lang='lat' dir='ltr'><strong>in</strong></span> <span class='ocrx_word' id='word_1_447' title='bbox 2935 2948 3102 3000; x_wconf 84' lang='lat' dir='ltr'><strong>sancti</strong></span> <span class='ocrx_word' id='word_1_448' title='bbox 3136 2947 3368 3018; x_wconf 80' lang='lat' dir='ltr'><strong>Dionysii</strong></span> 
     </span>
    </p>
   </div>
   <div class='ocr_carea' id='block_1_60' title="bbox 1827 3030 3373 3103">
    <p class='ocr_par' dir='ltr' id='par_1_60' title="bbox 1827 3030 3373 3103">
     <span class='ocr_line' id='line_1_60' title="bbox 1827 3030 3373 3103; baseline 0.007 -20"><span class='ocrx_word' id='word_1_449' title='bbox 1827 3030 2158 3101; x_wconf 65' lang='lat' dir='ltr'><strong>Areopagitae</strong></span> <span class='ocrx_word' id='word_1_450' title='bbox 2209 3031 2342 3088; x_wconf 70' lang='lat' dir='ltr'><strong>Vita:</strong></span> <span class='ocrx_word' id='word_1_451' title='bbox 2391 3049 2659 3098; x_wconf 89' lang='lat' dir='ltr'><strong>sermone,</strong></span> <span class='ocrx_word' id='word_1_452' title='bbox 2721 3035 2874 3088; x_wconf 88' lang='lat' dir='ltr'><strong>tertia</strong></span> <span class='ocrx_word' id='word_1_453' title='bbox 2936 3034 3202 3103; x_wconf 86' lang='lat' dir='ltr'><strong>Octobris,</strong></span> <span class='ocrx_word' id='word_1_454' title='bbox 3259 3040 3373 3094; x_wconf 69' lang='lat' dir='ltr'><strong>luce</strong></span> 
     </span>
    </p>
   </div>
   <div class='ocr_carea' id='block_1_61' title="bbox 1827 3122 3365 3193">
    <p class='ocr_par' dir='ltr' id='par_1_61' title="bbox 1827 3122 3365 3193">
     <span class='ocr_line' id='line_1_61' title="bbox 1827 3122 3365 3193; baseline 0.003 -18"><span class='ocrx_word' id='word_1_455' title='bbox 1827 3123 2012 3176; x_wconf 86' lang='lat' dir='ltr'><strong>scribit</strong></span> <span class='ocrx_word' id='word_1_456' title='bbox 2042 3139 2055 3174; x_wconf 89' lang='lat'><strong>:</strong></span> <span class='ocrx_word' id='word_1_457' title='bbox 2095 3141 2112 3172; x_wconf 75' lang='grc' dir='ltr'><strong>ι</strong></span> <span class='ocrx_word' id='word_1_458' title='bbox 2149 3122 2277 3188; x_wconf 76' lang='lat' dir='ltr'><strong>Quae</strong></span> <span class='ocrx_word' id='word_1_459' title='bbox 2313 3123 2603 3192; x_wconf 87' lang='lat' dir='ltr'><strong>corporalis</strong></span> <span class='ocrx_word' id='word_1_460' title='bbox 2629 3124 2840 3193; x_wconf 86' lang='lat' dir='ltr'><strong>quidem</strong></span> <span class='ocrx_word' id='word_1_461' title='bbox 2877 3128 3169 3190; x_wconf 64' lang='lat' dir='ltr'><strong>praesentiae</strong></span> <span class='ocrx_word' id='word_1_462' title='bbox 3208 3139 3365 3190; x_wconf 90' lang='lat' dir='ltr'><strong>sunt,</strong></span> 
     </span>
    </p>
   </div>
   <div class='ocr_carea' id='block_1_62' title="bbox 178 3189 1731 3308">
    <p class='ocr_par' dir='ltr' id='par_1_62' title="bbox 178 3189 1722 3274">
     <span class='ocr_line' id='line_1_62' title="bbox 178 3189 1722 3274; baseline 0.008 -30"><span class='ocrx_word' id='word_1_463' title='bbox 178 3189 248 3244; x_wconf 86' lang='lat'><strong>&#39;0</strong></span> <span class='ocrx_word' id='word_1_464' title='bbox 289 3191 348 3244; x_wconf 80' lang='grc' dir='ltr'><strong>δέ</strong></span> <span class='ocrx_word' id='word_1_465' title='bbox 392 3195 611 3263; x_wconf 71' lang='grc' dir='ltr'>Συμεὼν</span> <span class='ocrx_word' id='word_1_466' title='bbox 651 3199 676 3250; x_wconf 86' lang='lat'><strong>6</strong></span> <span class='ocrx_word' id='word_1_467' title='bbox 704 3200 1122 3271; x_wconf 82' lang='grc' dir='ltr'>Μεταφραστὴς,</span> <span class='ocrx_word' id='word_1_468' title='bbox 1155 3205 1210 3256; x_wconf 87' lang='grc' dir='ltr'><strong>ἐν</strong></span> <span class='ocrx_word' id='word_1_469' title='bbox 1255 3203 1436 3272; x_wconf 76' lang='grc' dir='ltr'>τῷείς</span> <span class='ocrx_word' id='word_1_470' title='bbox 1492 3206 1581 3256; x_wconf 82' lang='grc' dir='ltr'>τὸν</span> <span class='ocrx_word' id='word_1_471' title='bbox 1611 3206 1722 3274; x_wconf 83' lang='grc' dir='ltr'>βίον</span> 
     </span>
    </p>
   </div>
   <div class='ocr_carea' id='block_1_63' title="bbox 1832 3189 3370 3308">
    <p class='ocr_par' dir='ltr' id='par_1_63' title="bbox 1833 3189 3370 3282">
     <span class='ocr_line' id='line_1_63' title="bbox 1833 3189 3370 3282; baseline 0.002 -16"><span class='ocrx_word' id='word_1_472' title='bbox 1833 3214 1990 3267; x_wconf 85' lang='lat' dir='ltr'><strong>tinent</strong></span> <span class='ocrx_word' id='word_1_473' title='bbox 2043 3213 2348 3282; x_wconf 86' lang='lat' dir='ltr'><strong>accipiunt;</strong></span> <span class='ocrx_word' id='word_1_474' title='bbox 2382 3189 2499 3281; x_wconf 74' lang='lat' dir='ltr'><strong>quae</strong></span> <span class='ocrx_word' id='word_1_475' title='bbox 2535 3229 2657 3268; x_wconf 87' lang='lat' dir='ltr'><strong>vero</strong></span> <span class='ocrx_word' id='word_1_476' title='bbox 2691 3214 2938 3281; x_wconf 91' lang='lat' dir='ltr'><strong>spiritus,</strong></span> <span class='ocrx_word' id='word_1_477' title='bbox 2976 3215 3239 3281; x_wconf 82' lang='lat' dir='ltr'><strong>incipiunt</strong></span> <span class='ocrx_word' id='word_1_478' title='bbox 3267 3234 3282 3281; x_wconf 92' lang='lat'><strong>;</strong></span> <span class='ocrx_word' id='word_1_479' title='bbox 3315 3227 3370 3271; x_wconf 88' lang='lat' dir='ltr'><strong>et</strong></span> 
     </span>
    </p>
   </div>
   <div class='ocr_carea' id='block_1_64' title="bbox 170 3284 1731 3374">
    <p class='ocr_par' dir='ltr' id='par_1_64' title="bbox 170 3284 1726 3372">
     <span class='ocr_line' id='line_1_64' title="bbox 170 3284 1726 3372; baseline 0.01 -37"><span class='ocrx_word' id='word_1_480' title='bbox 170 3284 266 3335; x_wconf 82' lang='grc' dir='ltr'><strong>τοῦ</strong></span> <span class='ocrx_word' id='word_1_481' title='bbox 295 3284 448 3372; x_wconf 79' lang='grc' dir='ltr'>ἁγίου</span> <span class='ocrx_word' id='word_1_482' title='bbox 470 3288 748 3342; x_wconf 78' lang='grc' dir='ltr'>Διονυσίου</span> <span class='ocrx_word' id='word_1_483' title='bbox 771 3293 861 3344; x_wconf 83' lang='grc' dir='ltr'><strong>τοῦ</strong></span> <span class='ocrx_word' id='word_1_484' title='bbox 892 3295 1274 3362; x_wconf 79' lang='grc' dir='ltr'>Ἀρεοπαγίτου</span> <span class='ocrx_word' id='word_1_485' title='bbox 1298 3296 1459 3365; x_wconf 87' lang='grc' dir='ltr'>λόγῳ,</span> <span class='ocrx_word' id='word_1_486' title='bbox 1484 3300 1548 3367; x_wconf 81' lang='grc' dir='ltr'>τῇ</span> <span class='ocrx_word' id='word_1_487' title='bbox 1569 3299 1726 3368; x_wconf 88' lang='grc' dir='ltr'>τρίτῃ</span> 
     </span>
    </p>
   </div>
   <div class='ocr_carea' id='block_1_65' title="bbox 1832 3284 3360 3374">
    <p class='ocr_par' dir='ltr' id='par_1_65' title="bbox 1832 3305 3360 3374">
     <span class='ocr_line' id='line_1_65' title="bbox 1832 3305 3360 3374; baseline 0.001 -18"><span class='ocrx_word' id='word_1_488' title='bbox 1832 3305 1882 3357; x_wconf 93' lang='lat' dir='ltr'><strong>in</strong></span> <span class='ocrx_word' id='word_1_489' title='bbox 1936 3305 2148 3358; x_wconf 67' lang='lat' dir='ltr'><strong>malum.</strong></span> <span class='ocrx_word' id='word_1_490' title='bbox 2176 3305 2422 3360; x_wconf 88' lang='lat' dir='ltr'><strong>Christus</strong></span> <span class='ocrx_word' id='word_1_491' title='bbox 2469 3320 2619 3359; x_wconf 89' lang='lat' dir='ltr'><strong>meus</strong></span> <span class='ocrx_word' id='word_1_492' title='bbox 2658 3305 2894 3369; x_wconf 83' lang='lat' dir='ltr'><strong>eﬂertur,</strong></span> <span class='ocrx_word' id='word_1_493' title='bbox 2928 3320 2989 3358; x_wconf 88' lang='lat' dir='ltr'><strong>ac</strong></span> <span class='ocrx_word' id='word_1_494' title='bbox 3039 3307 3090 3374; x_wconf 86' lang='lat' dir='ltr'><strong>in</strong></span> <span class='ocrx_word' id='word_1_495' title='bbox 3138 3306 3360 3372; x_wconf 84' lang='lat' dir='ltr'><strong>patriam</strong></span> 
     </span>
    </p>
   </div>
   <div class='ocr_carea' id='block_1_66' title="bbox 171 3366 1731 3462">
    <p class='ocr_par' dir='ltr' id='par_1_66' title="bbox 171 3366 1728 3454">
     <span class='ocr_line' id='line_1_66' title="bbox 171 3366 1728 3454; baseline 0.011 -28"><span class='ocrx_word' id='word_1_496' title='bbox 171 3375 270 3428; x_wconf 87' lang='grc' dir='ltr'><strong>τοῦ</strong></span> <span class='ocrx_word' id='word_1_497' title='bbox 316 3366 644 3448; x_wconf 78' lang='grc' dir='ltr'>Ὄκτωόρίου</span> <span class='ocrx_word' id='word_1_498' title='bbox 671 3388 1061 3454; x_wconf 79' lang='grc' dir='ltr'>γεγραμμένῳ,</span> <span class='ocrx_word' id='word_1_499' title='bbox 1087 3386 1260 3441; x_wconf 81' lang='grc' dir='ltr'>τοιάδε</span> <span class='ocrx_word' id='word_1_500' title='bbox 1292 3388 1486 3453; x_wconf 82' lang='grc' dir='ltr'>φάσκει</span> <span class='ocrx_word' id='word_1_501' title='bbox 1515 3405 1528 3419; x_wconf 78' lang='grc' dir='ltr'>ο</span> <span class='ocrx_word' id='word_1_502' title='bbox 1563 3407 1580 3439; x_wconf 78' lang='grc' dir='ltr'><strong>ι</strong></span> <span class='ocrx_word' id='word_1_503' title='bbox 1608 3366 1728 3453; x_wconf 19' lang='grc' dir='ltr'>ξΠένέ</span> 
     </span>
    </p>
   </div>
   <div class='ocr_carea' id='block_1_67' title="bbox 1832 3366 3365 3462">
    <p class='ocr_par' dir='ltr' id='par_1_67' title="bbox 1833 3392 3365 3462">
     <span class='ocr_line' id='line_1_67' title="bbox 1833 3392 3365 3462; baseline 0.001 -18"><span class='ocrx_word' id='word_1_504' title='bbox 1833 3392 2119 3445; x_wconf 68' lang='lat' dir='ltr'><strong>revertitur</strong></span> <span class='ocrx_word' id='word_1_505' title='bbox 2151 3392 2328 3446; x_wconf 90' lang='lat' dir='ltr'><strong>sedem</strong></span> <span class='ocrx_word' id='word_1_506' title='bbox 2363 3435 2378 3458; x_wconf 89' lang='lat'><strong>,</strong></span> <span class='ocrx_word' id='word_1_507' title='bbox 2409 3401 2461 3445; x_wconf 91' lang='lat' dir='ltr'><strong>et</strong></span> <span class='ocrx_word' id='word_1_508' title='bbox 2490 3394 2866 3460; x_wconf 89' lang='lat' dir='ltr'><strong>procedentem</strong></span> <span class='ocrx_word' id='word_1_509' title='bbox 2899 3393 2964 3447; x_wconf 75' lang='lat' dir='ltr'><strong>ab</strong></span> <span class='ocrx_word' id='word_1_510' title='bbox 3003 3408 3070 3447; x_wconf 90' lang='lat' dir='ltr'><strong>eo</strong></span> <span class='ocrx_word' id='word_1_511' title='bbox 3110 3392 3365 3462; x_wconf 88' lang='lat' dir='ltr'><strong>Spiritum</strong></span> 
     </span>
    </p>
   </div>
   <div class='ocr_carea' id='block_1_68' title="bbox 175 3468 1731 3553">
    <p class='ocr_par' dir='ltr' id='par_1_68' title="bbox 175 3468 1722 3544">
     <span class='ocr_line' id='line_1_68' title="bbox 175 3468 1722 3544; baseline 0.01 -27"><span class='ocrx_word' id='word_1_512' title='bbox 175 3483 277 3532; x_wconf 88' lang='grc' dir='ltr'><strong>ρας</strong></span> <span class='ocrx_word' id='word_1_513' title='bbox 318 3468 383 3519; x_wconf 88' lang='grc' dir='ltr'><strong>τά</strong></span> <span class='ocrx_word' id='word_1_514' title='bbox 411 3469 509 3535; x_wconf 83' lang='grc' dir='ltr'>τῆς</span> <span class='ocrx_word' id='word_1_515' title='bbox 542 3473 857 3544; x_wconf 79' lang='grc' dir='ltr'>σωματικῆς</span> <span class='ocrx_word' id='word_1_516' title='bbox 882 3476 1140 3544; x_wconf 75' lang='grc' dir='ltr'>ἐνδημίας</span> <span class='ocrx_word' id='word_1_517' title='bbox 1167 3477 1380 3543; x_wconf 83' lang='grc' dir='ltr'>δέχεται</span> <span class='ocrx_word' id='word_1_518' title='bbox 1404 3495 1418 3512; x_wconf 77' lang='grc' dir='ltr'><strong>ο</strong></span> <span class='ocrx_word' id='word_1_519' title='bbox 1457 3480 1524 3531; x_wconf 72' lang='grc' dir='ltr'><strong>τὰ</strong></span> <span class='ocrx_word' id='word_1_520' title='bbox 1552 3481 1608 3533; x_wconf 81' lang='grc' dir='ltr'>δὲ</span> <span class='ocrx_word' id='word_1_521' title='bbox 1630 3479 1722 3532; x_wconf 81' lang='grc' dir='ltr'><strong>τοῦ</strong></span> 
     </span>
    </p>
   </div>
   <div class='ocr_carea' id='block_1_69' title="bbox 1832 3468 3359 3553">
    <p class='ocr_par' dir='ltr' id='par_1_69' title="bbox 1832 3481 3359 3553">
     <span class='ocr_line' id='line_1_69' title="bbox 1832 3481 3359 3553; baseline 0.001 -18"><span class='ocrx_word' id='word_1_522' title='bbox 1832 3483 2100 3550; x_wconf 81' lang='lat' dir='ltr'><strong>discipulis</strong></span> <span class='ocrx_word' id='word_1_523' title='bbox 2130 3483 2243 3537; x_wconf 89' lang='lat' dir='ltr'><strong>suis</strong></span> <span class='ocrx_word' id='word_1_524' title='bbox 2273 3482 2433 3536; x_wconf 91' lang='lat' dir='ltr'><strong>mittit</strong></span> <span class='ocrx_word' id='word_1_525' title='bbox 2454 3482 2516 3535; x_wconf 89' lang='lat' dir='ltr'><strong>ad</strong></span> <span class='ocrx_word' id='word_1_526' title='bbox 2543 3481 2832 3537; x_wconf 82' lang='lat' dir='ltr'><strong>inﬁdelium</strong></span> <span class='ocrx_word' id='word_1_527' title='bbox 2864 3484 3104 3553; x_wconf 78' lang='lat' dir='ltr'><strong>gentium</strong></span> <span class='ocrx_word' id='word_1_528' title='bbox 3135 3491 3359 3538; x_wconf 83' lang='lat' dir='ltr'><strong>conver-</strong></span> 
     </span>
    </p>
   </div>
   <div class='ocr_carea' id='block_1_70' title="bbox 175 3556 3182 3639">
    <p class='ocr_par' dir='ltr' id='par_1_70' title="bbox 175 3556 3182 3639">
     <span class='ocr_line' id='line_1_70' title="bbox 175 3556 3182 3639; baseline 0.011 -33"><span class='ocrx_word' id='word_1_529' title='bbox 175 3556 492 3624; x_wconf 81' lang='grc' dir='ltr'>Πνεύματος</span> <span class='ocrx_word' id='word_1_530' title='bbox 522 3562 779 3631; x_wconf 78' lang='grc' dir='ltr'>ἄρχεται·</span> <span class='ocrx_word' id='word_1_531' title='bbox 811 3568 906 3619; x_wconf 79' lang='grc' dir='ltr'>καὶ</span> <span class='ocrx_word' id='word_1_532' title='bbox 950 3568 1026 3629; x_wconf 74' lang='grc' dir='ltr'><strong>είς</strong></span> <span class='ocrx_word' id='word_1_533' title='bbox 1060 3567 1319 3636; x_wconf 72' lang='grc' dir='ltr'>οὐρανοὺς</span> <span class='ocrx_word' id='word_1_534' title='bbox 1356 3571 1383 3622; x_wconf 88' lang='lat'><strong>6</strong></span> <span class='ocrx_word' id='word_1_535' title='bbox 1427 3569 1558 3638; x_wconf 85' lang='grc' dir='ltr'>ἐμὸς</span> <span class='ocrx_word' id='word_1_536' title='bbox 1589 3572 1723 3639; x_wconf 88' lang='grc' dir='ltr'>Χρι-</span> <span class='ocrx_word' id='word_1_537' title='bbox 1823 3575 2055 3628; x_wconf 86' lang='lat' dir='ltr'><strong>sionem.</strong></span> <span class='ocrx_word' id='word_1_538' title='bbox 2096 3591 2114 3623; x_wconf 77' lang='grc' dir='ltr'><strong>ι</strong></span> <span class='ocrx_word' id='word_1_539' title='bbox 3178 3591 3182 3593; x_wconf 80' lang='grc'><em>’</em></span> 
     </span>
    </p>
   </div>
   <div class='ocr_carea' id='block_1_71' title="bbox 173 3651 3370 3740">
    <p class='ocr_par' dir='ltr' id='par_1_71' title="bbox 173 3651 3370 3740">
     <span class='ocr_line' id='line_1_71' title="bbox 173 3651 3370 3740; baseline 0.007 -37"><span class='ocrx_word' id='word_1_540' title='bbox 173 3651 298 3712; x_wconf 69' lang='grc' dir='ltr'>στδς</span> <span class='ocrx_word' id='word_1_541' title='bbox 336 3654 698 3723; x_wconf 83' lang='grc' dir='ltr'>ἀναφέρεται’</span> <span class='ocrx_word' id='word_1_542' title='bbox 730 3660 988 3726; x_wconf 72' lang='grc' dir='ltr'>καὶπρὸς</span> <span class='ocrx_word' id='word_1_543' title='bbox 1027 3662 1120 3713; x_wconf 79' lang='grc' dir='ltr'>τὸν</span> <span class='ocrx_word' id='word_1_544' title='bbox 1170 3663 1435 3732; x_wconf 81' lang='grc' dir='ltr'>πατρικὸν</span> <span class='ocrx_word' id='word_1_545' title='bbox 1477 3663 1723 3716; x_wconf 81' lang='grc' dir='ltr'>ἐπάνεισι</span> <span class='ocrx_word' id='word_1_546' title='bbox 1764 3666 1948 3735; x_wconf 78' lang='grc' dir='ltr'>θρόνον</span> <span class='ocrx_word' id='word_1_547' title='bbox 1975 3683 1986 3694; x_wconf 91' lang='grc'><strong>·</strong></span> <span class='ocrx_word' id='word_1_548' title='bbox 2024 3668 2115 3718; x_wconf 75' lang='grc' dir='ltr'>καὶ</span> <span class='ocrx_word' id='word_1_549' title='bbox 2159 3666 2218 3718; x_wconf 85' lang='grc' dir='ltr'>τὸ</span> <span class='ocrx_word' id='word_1_550' title='bbox 2253 3668 2680 3736; x_wconf 76' lang='grc' dir='ltr'>ἐκπορευόμενον</span> <span class='ocrx_word' id='word_1_551' title='bbox 2723 3667 2884 3721; x_wconf 74' lang='grc' dir='ltr'>αὐτοῦ</span> <span class='ocrx_word' id='word_1_552' title='bbox 2961 3669 3193 3740; x_wconf 82' lang='grc' dir='ltr'>Πνεῦμα,</span> <span class='ocrx_word' id='word_1_553' title='bbox 3277 3672 3370 3727; x_wconf 75' lang='grc' dir='ltr'><strong>ἐπὶ</strong></span> 
     </span>
    </p>
   </div>
   <div class='ocr_carea' id='block_1_72' title="bbox 171 3748 2057 3831">
    <p class='ocr_par' dir='ltr' id='par_1_72' title="bbox 171 3748 2057 3831">
     <span class='ocr_line' id='line_1_72' title="bbox 171 3748 2057 3831; baseline 0.008 -33"><span class='ocrx_word' id='word_1_554' title='bbox 171 3748 275 3814; x_wconf 72' lang='grc' dir='ltr'>τὴν</span> <span class='ocrx_word' id='word_1_555' title='bbox 307 3748 411 3800; x_wconf 87' lang='grc' dir='ltr'><strong>τῶν</strong></span> <span class='ocrx_word' id='word_1_556' title='bbox 443 3750 682 3805; x_wconf 83' lang='grc' dir='ltr'>ἀπίστων</span> <span class='ocrx_word' id='word_1_557' title='bbox 716 3754 884 3809; x_wconf 87' lang='grc' dir='ltr'>ἐθνῶν</span> <span class='ocrx_word' id='word_1_558' title='bbox 913 3758 1264 3827; x_wconf 77' lang='grc' dir='ltr'>καταπέμπει</span> <span class='ocrx_word' id='word_1_559' title='bbox 1311 3762 1424 3822; x_wconf 83' lang='grc' dir='ltr'>τοῖς</span> <span class='ocrx_word' id='word_1_560' title='bbox 1460 3761 1725 3828; x_wconf 85' lang='grc' dir='ltr'>μαθηταῖς</span> <span class='ocrx_word' id='word_1_561' title='bbox 1764 3761 2001 3831; x_wconf 84' lang='grc' dir='ltr'>ὁδηγίαν.</span> <span class='ocrx_word' id='word_1_562' title='bbox 2039 3781 2057 3813; x_wconf 77' lang='grc' dir='ltr'><strong>ι</strong></span> 
     </span>
    </p>
   </div>
   <div class='ocr_carea' id='block_1_73' title="bbox 918 3850 993 3902">
    <p class='ocr_par' dir='ltr' id='par_1_73' title="bbox 918 3850 993 3902">
     <span class='ocr_line' id='line_1_73' title="bbox 918 3850 993 3902; baseline 0.013 -1"><span class='ocrx_word' id='word_1_563' title='bbox 918 3850 993 3902; x_wconf 84' lang='lat' dir='ltr'><strong>E&#39;.</strong></span> 
     </span>
    </p>
   </div>
   <div class='ocr_carea' id='block_1_74' title="bbox 250 3932 1730 4014">
    <p class='ocr_par' dir='ltr' id='par_1_74' title="bbox 250 3932 1730 4014">
     <span class='ocr_line' id='line_1_74' title="bbox 250 3932 1730 4014; baseline 0.012 -33"><span class='ocrx_word' id='word_1_564' title='bbox 250 3932 555 3997; x_wconf 73' lang='lat' dir='ltr'><strong>&#39;onucac.</strong></span> <span class='ocrx_word' id='word_1_565' title='bbox 601 3937 690 3989; x_wconf 75' lang='grc' dir='ltr'>καὶ</span> <span class='ocrx_word' id='word_1_566' title='bbox 725 3937 784 3991; x_wconf 83' lang='grc' dir='ltr'><strong>τό</strong></span> <span class='ocrx_word' id='word_1_567' title='bbox 833 3941 1263 4011; x_wconf 78' lang='grc' dir='ltr'>ἐκπορευόμενον</span> <span class='ocrx_word' id='word_1_568' title='bbox 1308 3943 1468 3996; x_wconf 83' lang='grc' dir='ltr'>αὑτοῦ</span> <span class='ocrx_word' id='word_1_569' title='bbox 1507 3945 1730 4014; x_wconf 79' lang='grc' dir='ltr'>Πνεῦμά</span> 
     </span>
    </p>
   </div>
   <div class='ocr_carea' id='block_1_75' title="bbox 172 4023 1724 4105">
    <p class='ocr_par' dir='ltr' id='par_1_75' title="bbox 172 4023 1724 4105">
     <span class='ocr_line' id='line_1_75' title="bbox 172 4023 1724 4105; baseline 0.011 -31"><span class='ocrx_word' id='word_1_570' title='bbox 172 4039 332 4090; x_wconf 72' lang='grc' dir='ltr'>φησι,</span> <span class='ocrx_word' id='word_1_571' title='bbox 362 4024 519 4078; x_wconf 88' lang='grc' dir='ltr'>τοῦτο</span> <span class='ocrx_word' id='word_1_572' title='bbox 563 4027 621 4080; x_wconf 78' lang='grc' dir='ltr'><strong>δέ</strong></span> <span class='ocrx_word' id='word_1_573' title='bbox 677 4031 818 4096; x_wconf 83' lang='grc' dir='ltr'>ἐστι,</span> <span class='ocrx_word' id='word_1_574' title='bbox 848 4031 908 4082; x_wconf 84' lang='grc' dir='ltr'><strong>τὺ</strong></span> <span class='ocrx_word' id='word_1_575' title='bbox 949 4023 1014 4102; x_wconf 60' lang='grc' dir='ltr'>ἐξ</span> <span class='ocrx_word' id='word_1_576' title='bbox 1057 4033 1219 4085; x_wconf 87' lang='grc' dir='ltr'>αὐτοῦ</span> <span class='ocrx_word' id='word_1_577' title='bbox 1271 4036 1724 4105; x_wconf 89' lang='grc' dir='ltr'>ἐκπορευόμενον.</span> 
     </span>
    </p>
   </div>
   <div class='ocr_carea' id='block_1_76' title="bbox 110 4112 1725 4197">
    <p class='ocr_par' dir='ltr' id='par_1_76' title="bbox 110 4112 1725 4197">
     <span class='ocr_line' id='line_1_76' title="bbox 110 4112 1725 4197; baseline 0.01 -30"><span class='ocrx_word' id='word_1_578' title='bbox 110 4147 116 4152; x_wconf 92' lang='grc'><strong>-</strong></span> <span class='ocrx_word' id='word_1_579' title='bbox 187 4113 331 4168; x_wconf 76' lang='grc' dir='ltr'>Ἀλλ’</span> <span class='ocrx_word' id='word_1_580' title='bbox 361 4117 424 4168; x_wconf 76' lang='grc' dir='ltr'>οὐ</span> <span class='ocrx_word' id='word_1_581' title='bbox 458 4112 655 4182; x_wconf 78' lang='grc' dir='ltr'>κεῖται,</span> <span class='ocrx_word' id='word_1_582' title='bbox 685 4124 838 4188; x_wconf 73' lang='grc' dir='ltr'>φασὶ,</span> <span class='ocrx_word' id='word_1_583' title='bbox 871 4123 1046 4191; x_wconf 83' lang='grc' dir='ltr'>ῥητῶς</span> <span class='ocrx_word' id='word_1_584' title='bbox 1076 4125 1124 4176; x_wconf 79' lang='lat' dir='ltr'><strong>oi</strong></span> <span class='ocrx_word' id='word_1_585' title='bbox 1156 4128 1254 4192; x_wconf 84' lang='grc' dir='ltr'>τῆς</span> <span class='ocrx_word' id='word_1_586' title='bbox 1282 4127 1538 4197; x_wconf 81' lang='grc' dir='ltr'>ἀληθείας</span> <span class='ocrx_word' id='word_1_587' title='bbox 1570 4131 1725 4182; x_wconf 81' lang='grc' dir='ltr'>πολέ-</span> 
     </span>
    </p>
   </div>
   <div class='ocr_carea' id='block_1_77' title="bbox 176 4210 1728 4289">
    <p class='ocr_par' dir='ltr' id='par_1_77' title="bbox 176 4210 1728 4289">
     <span class='ocr_line' id='line_1_77' title="bbox 176 4210 1728 4289; baseline 0.009 -31"><span class='ocrx_word' id='word_1_588' title='bbox 176 4223 312 4274; x_wconf 85' lang='grc' dir='ltr'>μιοι,</span> <span class='ocrx_word' id='word_1_589' title='bbox 347 4210 773 4279; x_wconf 77' lang='grc' dir='ltr'>ἐκπορευόμενον</span> <span class='ocrx_word' id='word_1_590' title='bbox 804 4214 866 4266; x_wconf 81' lang='grc' dir='ltr'><strong>ἐκ</strong></span> <span class='ocrx_word' id='word_1_591' title='bbox 895 4215 986 4266; x_wconf 89' lang='grc' dir='ltr'><strong>τοῦ</strong></span> <span class='ocrx_word' id='word_1_592' title='bbox 1017 4215 1149 4268; x_wconf 82' lang='grc' dir='ltr'>Υίοῦ</span> <span class='ocrx_word' id='word_1_593' title='bbox 1174 4234 1187 4246; x_wconf 75' lang='grc' dir='ltr'><strong>ο</strong></span> <span class='ocrx_word' id='word_1_594' title='bbox 1213 4219 1261 4269; x_wconf 86' lang='grc' dir='ltr'><strong>εί</strong></span> <span class='ocrx_word' id='word_1_595' title='bbox 1288 4219 1344 4270; x_wconf 77' lang='grc' dir='ltr'>δὲ</span> <span class='ocrx_word' id='word_1_596' title='bbox 1383 4220 1474 4270; x_wconf 81' lang='grc' dir='ltr'>καὶ</span> <span class='ocrx_word' id='word_1_597' title='bbox 1505 4219 1728 4289; x_wconf 75' lang='grc' dir='ltr'>εὕρηταί</span> 
     </span>
    </p>
   </div>
   <div class='ocr_carea' id='block_1_78' title="bbox 173 4303 1724 4378">
    <p class='ocr_par' dir='ltr' id='par_1_78' title="bbox 173 4303 1724 4378">
     <span class='ocr_line' id='line_1_78' title="bbox 173 4303 1724 4378; baseline 0.01 -30"><span class='ocrx_word' id='word_1_598' title='bbox 173 4313 304 4359; x_wconf 83' lang='grc' dir='ltr'>που,</span> <span class='ocrx_word' id='word_1_599' title='bbox 340 4304 534 4356; x_wconf 73' lang='grc' dir='ltr'>νοεῖται</span> <span class='ocrx_word' id='word_1_600' title='bbox 572 4303 633 4355; x_wconf 87' lang='grc' dir='ltr'><strong>ἐκ</strong></span> <span class='ocrx_word' id='word_1_601' title='bbox 674 4303 767 4356; x_wconf 86' lang='grc' dir='ltr'><strong>τοῦ</strong></span> <span class='ocrx_word' id='word_1_602' title='bbox 800 4306 1010 4374; x_wconf 87' lang='grc' dir='ltr'>Πατρδς</span> <span class='ocrx_word' id='word_1_603' title='bbox 1052 4309 1499 4378; x_wconf 84' lang='grc' dir='ltr'>ἐκπορευόμενον,</span> <span class='ocrx_word' id='word_1_604' title='bbox 1536 4313 1598 4364; x_wconf 81' lang='grc' dir='ltr'><strong>ἐκ</strong></span> <span class='ocrx_word' id='word_1_605' title='bbox 1632 4311 1724 4364; x_wconf 88' lang='grc' dir='ltr'><strong>τοῦ</strong></span> 
     </span>
    </p>
   </div>
   <div class='ocr_carea' id='block_1_79' title="bbox 2581 3855 2644 3908">
    <p class='ocr_par' dir='ltr' id='par_1_79' title="bbox 2581 3855 2644 3908">
     <span class='ocr_line' id='line_1_79' title="bbox 2581 3855 2644 3908; baseline 0 0"><span class='ocrx_word' id='word_1_606' title='bbox 2581 3855 2644 3908; x_wconf 79' lang='grc' dir='ltr'>ν.</span> 
     </span>
    </p>
   </div>
   <div class='ocr_carea' id='block_1_80' title="bbox 1896 3917 3366 4016">
    <p class='ocr_par' dir='ltr' id='par_1_80' title="bbox 1896 3917 3366 4016">
     <span class='ocr_line' id='line_1_80' title="bbox 1896 3917 3366 4016; baseline -0.001 -17"><span class='ocrx_word' id='word_1_607' title='bbox 1896 3917 2080 4012; x_wconf 66' lang='lat' dir='ltr'><strong>Audis,</strong></span> <span class='ocrx_word' id='word_1_608' title='bbox 2107 3955 2161 4000; x_wconf 88' lang='lat' dir='ltr'><strong>et</strong></span> <span class='ocrx_word' id='word_1_609' title='bbox 2191 3946 2568 4016; x_wconf 77' lang='lat' dir='ltr'><strong>procedentem</strong></span> <span class='ocrx_word' id='word_1_610' title='bbox 2597 3945 2714 4015; x_wconf 88' lang='lat' dir='ltr'><strong>ejus</strong></span> <span class='ocrx_word' id='word_1_611' title='bbox 2739 3945 2994 4012; x_wconf 85' lang='lat' dir='ltr'><strong>Spiritum</strong></span> <span class='ocrx_word' id='word_1_612' title='bbox 3027 3945 3176 4008; x_wconf 82' lang='lat' dir='ltr'><strong>dicit,</strong></span> <span class='ocrx_word' id='word_1_613' title='bbox 3211 3945 3259 3997; x_wconf 87' lang='lat' dir='ltr'><strong>id</strong></span> <span class='ocrx_word' id='word_1_614' title='bbox 3284 3955 3366 3998; x_wconf 91' lang='lat' dir='ltr'><strong>est</strong></span> 
     </span>
    </p>
   </div>
   <div class='ocr_carea' id='block_1_81' title="bbox 1826 4038 3412 4107">
    <p class='ocr_par' dir='ltr' id='par_1_81' title="bbox 1826 4038 3412 4107">
     <span class='ocr_line' id='line_1_81' title="bbox 1826 4038 3412 4107; baseline -0.002 -16"><span class='ocrx_word' id='word_1_615' title='bbox 1826 4039 1917 4106; x_wconf 85' lang='lat' dir='ltr'><strong>qui</strong></span> <span class='ocrx_word' id='word_1_616' title='bbox 1954 4055 2014 4091; x_wconf 83' lang='lat' dir='ltr'><strong>ex</strong></span> <span class='ocrx_word' id='word_1_617' title='bbox 2038 4055 2101 4092; x_wconf 91' lang='lat' dir='ltr'><strong>eo</strong></span> <span class='ocrx_word' id='word_1_618' title='bbox 2131 4039 2487 4107; x_wconf 38' lang='lat' dir='ltr'><strong>procedit.‘At</strong></span> <span class='ocrx_word' id='word_1_619' title='bbox 2515 4055 2618 4092; x_wconf 90' lang='lat' dir='ltr'><strong>non</strong></span> <span class='ocrx_word' id='word_1_620' title='bbox 2652 4039 2864 4107; x_wconf 87' lang='lat' dir='ltr'><strong>ponitur</strong></span> <span class='ocrx_word' id='word_1_621' title='bbox 2893 4054 3132 4106; x_wconf 66' lang='lat' dir='ltr'><strong>praecise,</strong></span> <span class='ocrx_word' id='word_1_622' title='bbox 3154 4038 3368 4091; x_wconf 85' lang='lat' dir='ltr'><strong>..dieunt</strong></span> <span class='ocrx_word' id='word_1_623' title='bbox 3407 4053 3412 4059; x_wconf 77' lang='lat'><strong><em>&#39;</em></strong></span> 
     </span>
    </p>
   </div>
   <div class='ocr_carea' id='block_1_82' title="bbox 1831 4128 3368 4198">
    <p class='ocr_par' dir='ltr' id='par_1_82' title="bbox 1831 4128 3368 4198">
     <span class='ocr_line' id='line_1_82' title="bbox 1831 4128 3368 4198; baseline -0.001 -16"><span class='ocrx_word' id='word_1_624' title='bbox 1831 4131 2010 4184; x_wconf 87' lang='lat' dir='ltr'><strong>hostes</strong></span> <span class='ocrx_word' id='word_1_625' title='bbox 2046 4131 2304 4192; x_wconf 87' lang='lat' dir='ltr'><strong>veritatis,</strong></span> <span class='ocrx_word' id='word_1_626' title='bbox 2356 4131 2732 4198; x_wconf 85' lang='lat' dir='ltr'><strong>procedentem</strong></span> <span class='ocrx_word' id='word_1_627' title='bbox 2776 4147 2837 4183; x_wconf 83' lang='lat' dir='ltr'><strong>ex</strong></span> <span class='ocrx_word' id='word_1_628' title='bbox 2875 4129 3042 4195; x_wconf 88' lang='lat' dir='ltr'><strong>Filio;</strong></span> <span class='ocrx_word' id='word_1_629' title='bbox 3077 4138 3168 4183; x_wconf 85' lang='lat' dir='ltr'><strong>sed</strong></span> <span class='ocrx_word' id='word_1_630' title='bbox 3201 4131 3244 4182; x_wconf 92' lang='lat' dir='ltr'><strong>si</strong></span> <span class='ocrx_word' id='word_1_631' title='bbox 3271 4128 3368 4181; x_wconf 84' lang='lat' dir='ltr'><strong>ali-</strong></span> 
     </span>
    </p>
   </div>
   <div class='ocr_carea' id='block_1_83' title="bbox 1831 4217 3366 4287">
    <p class='ocr_par' dir='ltr' id='par_1_83' title="bbox 1831 4217 3366 4287">
     <span class='ocr_line' id='line_1_83' title="bbox 1831 4217 3366 4287; baseline -0.003 -15"><span class='ocrx_word' id='word_1_632' title='bbox 1831 4219 1952 4272; x_wconf 90' lang='lat' dir='ltr'><strong>cubi</strong></span> <span class='ocrx_word' id='word_1_633' title='bbox 1985 4220 2271 4287; x_wconf 89' lang='lat' dir='ltr'><strong>reperitur,</strong></span> <span class='ocrx_word' id='word_1_634' title='bbox 2301 4235 2365 4272; x_wconf 84' lang='lat' dir='ltr'><strong>ex</strong></span> <span class='ocrx_word' id='word_1_635' title='bbox 2397 4219 2551 4272; x_wconf 84' lang='lat' dir='ltr'><strong>Patre</strong></span> <span class='ocrx_word' id='word_1_636' title='bbox 2602 4219 2894 4287; x_wconf 90' lang='lat' dir='ltr'><strong>procedere</strong></span> <span class='ocrx_word' id='word_1_637' title='bbox 2938 4217 3269 4286; x_wconf 79' lang='lat' dir='ltr'><strong>intelligitur,</strong></span> <span class='ocrx_word' id='word_1_638' title='bbox 3301 4233 3366 4269; x_wconf 73' lang='lat' dir='ltr'><strong>ex</strong></span> 
     </span>
    </p>
   </div>
   <div class='ocr_carea' id='block_1_84' title="bbox 1835 4309 3364 4378">
    <p class='ocr_par' dir='ltr' id='par_1_84' title="bbox 1835 4309 3364 4378">
     <span class='ocr_line' id='line_1_84' title="bbox 1835 4309 3364 4378; baseline -0.002 -16"><span class='ocrx_word' id='word_1_639' title='bbox 1835 4310 1970 4363; x_wconf 84' lang='lat' dir='ltr'><strong>Filio</strong></span> <span class='ocrx_word' id='word_1_640' title='bbox 2001 4325 2127 4363; x_wconf 91' lang='lat' dir='ltr'><strong>vero</strong></span> <span class='ocrx_word' id='word_1_641' title='bbox 2166 4325 2500 4378; x_wconf 86' lang='lat' dir='ltr'><strong>nequaquam</strong></span> <span class='ocrx_word' id='word_1_642' title='bbox 2537 4324 2549 4360; x_wconf 89' lang='lat'><strong>:</strong></span> <span class='ocrx_word' id='word_1_643' title='bbox 2584 4309 2766 4363; x_wconf 92' lang='lat' dir='ltr'><strong>datum</strong></span> <span class='ocrx_word' id='word_1_644' title='bbox 2803 4320 2979 4364; x_wconf 88' lang='lat' dir='ltr'><strong>autem</strong></span> <span class='ocrx_word' id='word_1_645' title='bbox 3041 4318 3094 4361; x_wconf 92' lang='lat' dir='ltr'><strong>et</strong></span> <span class='ocrx_word' id='word_1_646' title='bbox 3147 4310 3364 4360; x_wconf 85' lang='lat' dir='ltr'><strong>missum</strong></span> 
     </span>
    </p>
   </div>
   <div class='ocr_carea' id='block_1_85' title="bbox 173 4370 1731 4470">
    <p class='ocr_par' dir='ltr' id='par_1_85' title="bbox 173 4370 1731 4470">
     <span class='ocr_line' id='line_1_85' title="bbox 173 4370 1731 4470; baseline 0.009 -29"><span class='ocrx_word' id='word_1_647' title='bbox 173 4388 310 4441; x_wconf 82' lang='grc' dir='ltr'>Υίοῦ</span> <span class='ocrx_word' id='word_1_648' title='bbox 340 4389 394 4441; x_wconf 81' lang='grc' dir='ltr'>δὲ</span> <span class='ocrx_word' id='word_1_649' title='bbox 451 4392 701 4460; x_wconf 82' lang='grc' dir='ltr'>οὐδαμῶς</span> <span class='ocrx_word' id='word_1_650' title='bbox 733 4370 1156 4466; x_wconf 70' lang='grc' dir='ltr'>ἐκπορευόμενον</span> <span class='ocrx_word' id='word_1_651' title='bbox 1183 4370 1201 4430; x_wconf 53' lang='grc' dir='ltr'><strong>ί</strong></span> <span class='ocrx_word' id='word_1_652' title='bbox 1233 4370 1501 4470; x_wconf 81' lang='grc' dir='ltr'>διδόμενον</span> <span class='ocrx_word' id='word_1_653' title='bbox 1524 4403 1579 4456; x_wconf 83' lang='grc' dir='ltr'>δὲ</span> <span class='ocrx_word' id='word_1_654' title='bbox 1639 4403 1731 4455; x_wconf 83' lang='grc' dir='ltr'>καὶ</span> 
     </span>
    </p>
   </div>
   <div class='ocr_carea' id='block_1_86' title="bbox 1832 4370 3367 4470">
    <p class='ocr_par' dir='ltr' id='par_1_86' title="bbox 1836 4389 3367 4469">
     <span class='ocr_line' id='line_1_86' title="bbox 1836 4389 3367 4469; baseline -0.006 -15"><span class='ocrx_word' id='word_1_655' title='bbox 1836 4415 1930 4469; x_wconf 88' lang='lat' dir='ltr'><strong>per</strong></span> <span class='ocrx_word' id='word_1_656' title='bbox 1960 4400 2170 4466; x_wconf 87' lang='lat' dir='ltr'><strong>Filium,</strong></span> <span class='ocrx_word' id='word_1_657' title='bbox 2206 4401 2400 4469; x_wconf 80' lang='lat' dir='ltr'><strong>quippe</strong></span> <span class='ocrx_word' id='word_1_658' title='bbox 2431 4416 2552 4453; x_wconf 90' lang='lat' dir='ltr'><strong>eum</strong></span> <span class='ocrx_word' id='word_1_659' title='bbox 2610 4400 2744 4453; x_wconf 91' lang='lat' dir='ltr'><strong>mitti</strong></span> <span class='ocrx_word' id='word_1_660' title='bbox 2797 4414 2903 4451; x_wconf 91' lang='lat' dir='ltr'><strong>non</strong></span> <span class='ocrx_word' id='word_1_661' title='bbox 2936 4389 3148 4451; x_wconf 90' lang='lat' dir='ltr'><strong>denotet</strong></span> <span class='ocrx_word' id='word_1_662' title='bbox 3183 4410 3367 4463; x_wconf 87' lang='lat' dir='ltr'><strong>proce-</strong></span> 
     </span>
    </p>
   </div>
   <div class='ocr_carea' id='block_1_87' title="bbox 181 4481 1728 4559">
    <p class='ocr_par' dir='ltr' id='par_1_87' title="bbox 181 4481 1728 4559">
     <span class='ocr_line' id='line_1_87' title="bbox 181 4481 1728 4559; baseline 0.013 -29"><span class='ocrx_word' id='word_1_663' title='bbox 181 4481 534 4549; x_wconf 77' lang='grc' dir='ltr'>πεμπόμενον</span> <span class='ocrx_word' id='word_1_664' title='bbox 557 4484 642 4536; x_wconf 86' lang='grc' dir='ltr'><strong>διὰ</strong></span> <span class='ocrx_word' id='word_1_665' title='bbox 670 4485 761 4537; x_wconf 84' lang='grc' dir='ltr'><strong>τοῦ</strong></span> <span class='ocrx_word' id='word_1_666' title='bbox 793 4487 922 4539; x_wconf 84' lang='grc' dir='ltr'>Υίοῦ</span> <span class='ocrx_word' id='word_1_667' title='bbox 945 4505 957 4518; x_wconf 95' lang='grc'><strong>·</strong></span> <span class='ocrx_word' id='word_1_668' title='bbox 993 4489 1075 4540; x_wconf 83' lang='grc' dir='ltr'>ὃτι</span> <span class='ocrx_word' id='word_1_669' title='bbox 1105 4491 1164 4541; x_wconf 75' lang='grc' dir='ltr'>τὸ</span> <span class='ocrx_word' id='word_1_670' title='bbox 1199 4490 1531 4559; x_wconf 83' lang='grc' dir='ltr'>πέμπεσθαι,</span> <span class='ocrx_word' id='word_1_671' title='bbox 1565 4494 1625 4546; x_wconf 86' lang='grc' dir='ltr'>οὐ</span> <span class='ocrx_word' id='word_1_672' title='bbox 1648 4491 1728 4550; x_wconf 80' lang='grc' dir='ltr'>δί-</span> 
     </span>
    </p>
   </div>
   <div class='ocr_carea' id='block_1_88' title="bbox 180 4571 1730 4646">
    <p class='ocr_par' dir='ltr' id='par_1_88' title="bbox 180 4571 1730 4646">
     <span class='ocr_line' id='line_1_88' title="bbox 180 4571 1730 4646; baseline 0.008 -24"><span class='ocrx_word' id='word_1_673' title='bbox 180 4571 314 4622; x_wconf 84' lang='grc' dir='ltr'>δωσι</span> <span class='ocrx_word' id='word_1_674' title='bbox 344 4574 483 4624; x_wconf 79' lang='grc' dir='ltr'>νοεῖν</span> <span class='ocrx_word' id='word_1_675' title='bbox 520 4575 666 4642; x_wconf 79' lang='grc' dir='ltr'>ἡμᾶς</span> <span class='ocrx_word' id='word_1_676' title='bbox 704 4574 762 4625; x_wconf 84' lang='grc' dir='ltr'>τὸ</span> <span class='ocrx_word' id='word_1_677' title='bbox 803 4576 1213 4646; x_wconf 80' lang='grc' dir='ltr'>ἐκπορεύεσθαι.</span> <span class='ocrx_word' id='word_1_678' title='bbox 1255 4582 1360 4633; x_wconf 70' lang='grc' dir='ltr'><strong>Καὶ</strong></span> <span class='ocrx_word' id='word_1_679' title='bbox 1397 4581 1578 4640; x_wconf 74' lang='grc' dir='ltr'>λοιπὸν</span> <span class='ocrx_word' id='word_1_680' title='bbox 1604 4585 1730 4637; x_wconf 81' lang='grc' dir='ltr'>ὅταν</span> 
     </span>
    </p>
   </div>
   <div class='ocr_carea' id='block_1_89' title="bbox 174 4657 1725 4736">
    <p class='ocr_par' dir='ltr' id='par_1_89' title="bbox 174 4657 1725 4736">
     <span class='ocr_line' id='line_1_89' title="bbox 174 4657 1725 4736; baseline 0.007 -25"><span class='ocrx_word' id='word_1_681' title='bbox 174 4657 465 4726; x_wconf 80' lang='grc' dir='ltr'>ἀκούωμεν</span> <span class='ocrx_word' id='word_1_682' title='bbox 494 4661 550 4711; x_wconf 78' lang='grc' dir='ltr'><strong>τὸ</strong></span> <span class='ocrx_word' id='word_1_683' title='bbox 601 4661 820 4730; x_wconf 82' lang='grc' dir='ltr'>Πνεῦμα</span> <span class='ocrx_word' id='word_1_684' title='bbox 869 4665 1127 4733; x_wconf 81' lang='grc' dir='ltr'>τδ-ἆγιον</span> <span class='ocrx_word' id='word_1_685' title='bbox 1175 4668 1486 4736; x_wconf 86' lang='grc' dir='ltr'>πέμπεσθαι</span> <span class='ocrx_word' id='word_1_686' title='bbox 1533 4672 1597 4723; x_wconf 85' lang='grc' dir='ltr'><strong>ἐκ</strong></span> <span class='ocrx_word' id='word_1_687' title='bbox 1628 4670 1725 4723; x_wconf 86' lang='grc' dir='ltr'><strong>τοῦ</strong></span> 
     </span>
    </p>
   </div>
   <div class='ocr_carea' id='block_1_90' title="bbox 180 4751 1725 4830">
    <p class='ocr_par' dir='ltr' id='par_1_90' title="bbox 180 4751 1725 4830">
     <span class='ocr_line' id='line_1_90' title="bbox 180 4751 1725 4830; baseline 0.01 -31"><span class='ocrx_word' id='word_1_688' title='bbox 180 4751 414 4817; x_wconf 72' lang='grc' dir='ltr'>Πατρὸς,</span> <span class='ocrx_word' id='word_1_689' title='bbox 445 4751 504 4802; x_wconf 85' lang='grc' dir='ltr'>ού</span> <span class='ocrx_word' id='word_1_690' title='bbox 536 4753 818 4824; x_wconf 82' lang='grc' dir='ltr'>νοήσωμεν</span> <span class='ocrx_word' id='word_1_691' title='bbox 845 4757 1232 4826; x_wconf 82' lang='grc' dir='ltr'>ἐκπορεύεσθαι</span> <span class='ocrx_word' id='word_1_692' title='bbox 1261 4761 1323 4811; x_wconf 85' lang='grc' dir='ltr'><strong>ἐκ</strong></span> <span class='ocrx_word' id='word_1_693' title='bbox 1351 4759 1443 4811; x_wconf 84' lang='grc' dir='ltr'><strong>τοῦ</strong></span> <span class='ocrx_word' id='word_1_694' title='bbox 1477 4761 1686 4830; x_wconf 80' lang='grc' dir='ltr'>Πατρός</span> <span class='ocrx_word' id='word_1_695' title='bbox 1711 4775 1725 4790; x_wconf 79' lang='grc'><strong><em>⁸</em></strong></span> 
     </span>
    </p>
   </div>
   <div class='ocr_carea' id='block_1_91' title="bbox 177 4839 1730 4921">
    <p class='ocr_par' dir='ltr' id='par_1_91' title="bbox 177 4839 1730 4921">
     <span class='ocr_line' id='line_1_91' title="bbox 177 4839 1730 4921; baseline 0.009 -31"><span class='ocrx_word' id='word_1_696' title='bbox 177 4841 210 4890; x_wconf 89' lang='grc' dir='ltr'>ὁ</span> <span class='ocrx_word' id='word_1_697' title='bbox 239 4839 296 4891; x_wconf 81' lang='grc' dir='ltr'>δὲ</span> <span class='ocrx_word' id='word_1_698' title='bbox 356 4843 725 4910; x_wconf 82' lang='grc' dir='ltr'>Παράκλητος,</span> <span class='ocrx_word' id='word_1_699' title='bbox 781 4847 943 4915; x_wconf 75' lang='grc' dir='ltr'>φησὶν</span> <span class='ocrx_word' id='word_1_700' title='bbox 982 4851 1008 4900; x_wconf 88' lang='grc' dir='ltr'>ὁ</span> <span class='ocrx_word' id='word_1_701' title='bbox 1063 4848 1312 4916; x_wconf 83' lang='grc' dir='ltr'>Χριστὸς,</span> <span class='ocrx_word' id='word_1_702' title='bbox 1343 4850 1404 4902; x_wconf 81' lang='grc' dir='ltr'>ὃν</span> <span class='ocrx_word' id='word_1_703' title='bbox 1446 4852 1647 4921; x_wconf 70' lang='grc' dir='ltr'>πέμψει</span> <span class='ocrx_word' id='word_1_704' title='bbox 1703 4855 1730 4904; x_wconf 87' lang='lat'><strong>6</strong></span> 
     </span>
    </p>
   </div>
   <div class='ocr_carea' id='block_1_92' title="bbox 181 4931 1729 5012">
    <p class='ocr_par' dir='ltr' id='par_1_92' title="bbox 181 4931 1729 5012">
     <span class='ocr_line' id='line_1_92' title="bbox 181 4931 1729 5012; baseline 0.009 -31"><span class='ocrx_word' id='word_1_705' title='bbox 181 4931 374 4998; x_wconf 78' lang='grc' dir='ltr'>Πατὴρ</span> <span class='ocrx_word' id='word_1_706' title='bbox 403 4932 460 4983; x_wconf 83' lang='grc' dir='ltr'><strong>ἐν</strong></span> <span class='ocrx_word' id='word_1_707' title='bbox 488 4933 561 5001; x_wconf 82' lang='grc' dir='ltr'>τῷ</span> <span class='ocrx_word' id='word_1_708' title='bbox 589 4935 810 5004; x_wconf 82' lang='grc' dir='ltr'>ὀνόματί</span> <span class='ocrx_word' id='word_1_709' title='bbox 837 4956 959 5006; x_wconf 89' lang='grc' dir='ltr'>μου,</span> <span class='ocrx_word' id='word_1_710' title='bbox 990 4940 1047 4990; x_wconf 84' lang='grc' dir='ltr'><strong>οὐ</strong></span> <span class='ocrx_word' id='word_1_711' title='bbox 1076 4941 1314 5010; x_wconf 84' lang='grc' dir='ltr'>δώσομεν</span> <span class='ocrx_word' id='word_1_712' title='bbox 1340 4944 1729 5012; x_wconf 80' lang='grc' dir='ltr'>ἐκπορεύεσθαι</span> 
     </span>
    </p>
   </div>
   <div class='ocr_carea' id='block_1_93' title="bbox 176 5018 1728 5097">
    <p class='ocr_par' dir='ltr' id='par_1_93' title="bbox 176 5018 1728 5097">
     <span class='ocr_line' id='line_1_93' title="bbox 176 5018 1728 5097; baseline 0.006 -29"><span class='ocrx_word' id='word_1_713' title='bbox 176 5020 248 5069; x_wconf 80' lang='grc' dir='ltr'><strong>ἐκ</strong></span> <span class='ocrx_word' id='word_1_714' title='bbox 279 5018 370 5068; x_wconf 83' lang='grc' dir='ltr'><strong>τοῦ</strong></span> <span class='ocrx_word' id='word_1_715' title='bbox 427 5021 676 5089; x_wconf 86' lang='grc' dir='ltr'>Πατρός;</span> <span class='ocrx_word' id='word_1_716' title='bbox 728 5025 821 5075; x_wconf 78' lang='grc' dir='ltr'><strong>καὶ</strong></span> <span class='ocrx_word' id='word_1_717' title='bbox 858 5027 1022 5091; x_wconf 84' lang='grc' dir='ltr'>μάλα.</span> <span class='ocrx_word' id='word_1_718' title='bbox 1067 5025 1203 5079; x_wconf 81' lang='grc' dir='ltr'>Ἀλλ’</span> <span class='ocrx_word' id='word_1_719' title='bbox 1256 5029 1438 5097; x_wconf 78' lang='grc' dir='ltr'>ἐπειδή</span> <span class='ocrx_word' id='word_1_720' title='bbox 1488 5045 1619 5093; x_wconf 81' lang='grc' dir='ltr'>φατε</span> <span class='ocrx_word' id='word_1_721' title='bbox 1649 5028 1728 5079; x_wconf 80' lang='grc' dir='ltr'>ὅτι</span> 
     </span>
    </p>
   </div>
   <div class='ocr_carea' id='block_1_94' title="bbox 183 5107 1730 5182">
    <p class='ocr_par' dir='ltr' id='par_1_94' title="bbox 183 5107 1730 5182">
     <span class='ocr_line' id='line_1_94' title="bbox 183 5107 1730 5182; baseline 0.006 -22"><span class='ocrx_word' id='word_1_722' title='bbox 183 5109 286 5175; x_wconf 74' lang='grc' dir='ltr'><strong>οὐχ</strong></span> <span class='ocrx_word' id='word_1_723' title='bbox 317 5107 622 5175; x_wconf 77' lang='grc' dir='ltr'>εὑρίσκεται</span> <span class='ocrx_word' id='word_1_724' title='bbox 681 5114 1110 5182; x_wconf 87' lang='grc' dir='ltr'>ἐκπορευόμενον</span> <span class='ocrx_word' id='word_1_725' title='bbox 1161 5120 1250 5169; x_wconf 72' lang='grc' dir='ltr'>καὶ</span> <span class='ocrx_word' id='word_1_726' title='bbox 1282 5118 1343 5167; x_wconf 78' lang='grc' dir='ltr'><strong>ἐκ</strong></span> <span class='ocrx_word' id='word_1_727' title='bbox 1391 5119 1481 5169; x_wconf 85' lang='grc' dir='ltr'><strong>τοῦ</strong></span> <span class='ocrx_word' id='word_1_728' title='bbox 1521 5116 1641 5168; x_wconf 78' lang='grc' dir='ltr'><strong>Υἱοῦ</strong></span> <span class='ocrx_word' id='word_1_729' title='bbox 1674 5119 1730 5170; x_wconf 83' lang='grc' dir='ltr'><strong>ἐν</strong></span> 
     </span>
    </p>
   </div>
   <div class='ocr_carea' id='block_1_95' title="bbox 181 5197 1732 5274">
    <p class='ocr_par' dir='ltr' id='par_1_95' title="bbox 181 5197 1732 5274">
     <span class='ocr_line' id='line_1_95' title="bbox 181 5197 1732 5274; baseline 0.004 -23"><span class='ocrx_word' id='word_1_730' title='bbox 181 5199 254 5267; x_wconf 74' lang='grc' dir='ltr'><strong>τῇ</strong></span> <span class='ocrx_word' id='word_1_731' title='bbox 312 5197 429 5267; x_wconf 80' lang='grc' dir='ltr'>θεία</span> <span class='ocrx_word' id='word_1_732' title='bbox 489 5200 696 5270; x_wconf 75' lang='grc' dir='ltr'>Γραφῇ,</span> <span class='ocrx_word' id='word_1_733' title='bbox 759 5203 1057 5274; x_wconf 82' lang='grc' dir='ltr'>βουλόμεθα</span> <span class='ocrx_word' id='word_1_734' title='bbox 1113 5207 1205 5257; x_wconf 76' lang='grc' dir='ltr'><strong>νῦν</strong></span> <span class='ocrx_word' id='word_1_735' title='bbox 1250 5206 1519 5271; x_wconf 81' lang='grc' dir='ltr'>ἀποδεῖξαι</span> <span class='ocrx_word' id='word_1_736' title='bbox 1576 5207 1732 5259; x_wconf 90' lang='grc' dir='ltr'>τοῦτο</span> 
     </span>
    </p>
   </div>
   <div class='ocr_carea' id='block_1_96' title="bbox 187 5287 1732 5368">
    <p class='ocr_par' dir='ltr' id='par_1_96' title="bbox 187 5287 1732 5368">
     <span class='ocr_line' id='line_1_96' title="bbox 187 5287 1732 5368; baseline 0.006 -27"><span class='ocrx_word' id='word_1_737' title='bbox 187 5287 403 5359; x_wconf 66' lang='grc' dir='ltr'>ςζητῶςί</span> <span class='ocrx_word' id='word_1_738' title='bbox 439 5293 497 5344; x_wconf 88' lang='lat'><strong>&#39;0</strong></span> <span class='ocrx_word' id='word_1_739' title='bbox 540 5295 714 5362; x_wconf 83' lang='grc' dir='ltr'>μέγας</span> <span class='ocrx_word' id='word_1_740' title='bbox 751 5296 1095 5357; x_wconf 78' lang='grc' dir='ltr'>Ἀναστάσιος</span> <span class='ocrx_word' id='word_1_741' title='bbox 1151 5299 1488 5368; x_wconf 80' lang='grc' dir='ltr'>πατριάρχης</span> <span class='ocrx_word' id='word_1_742' title='bbox 1531 5295 1732 5353; x_wconf 76' lang='grc' dir='ltr'>Ἀντιο-</span> 
     </span>
    </p>
   </div>
   <div class='ocr_carea' id='block_1_97' title="bbox 185 5380 1730 5455">
    <p class='ocr_par' dir='ltr' id='par_1_97' title="bbox 185 5380 1730 5455">
     <span class='ocr_line' id='line_1_97' title="bbox 185 5380 1730 5455; baseline 0.006 -25"><span class='ocrx_word' id='word_1_743' title='bbox 185 5382 362 5450; x_wconf 72' lang='grc' dir='ltr'>χείας,</span> <span class='ocrx_word' id='word_1_744' title='bbox 390 5380 448 5443; x_wconf 74' lang='grc' dir='ltr'>ὃς</span> <span class='ocrx_word' id='word_1_745' title='bbox 477 5385 782 5452; x_wconf 83' lang='grc' dir='ltr'>εὑρίσκεται</span> <span class='ocrx_word' id='word_1_746' title='bbox 828 5389 922 5438; x_wconf 64' lang='grc' dir='ltr'>καὶ</span> <span class='ocrx_word' id='word_1_747' title='bbox 952 5386 1104 5453; x_wconf 81' lang='grc' dir='ltr'>ἁγίου</span> <span class='ocrx_word' id='word_1_748' title='bbox 1137 5387 1293 5454; x_wconf 75' lang='grc' dir='ltr'>ὄρους</span> <span class='ocrx_word' id='word_1_749' title='bbox 1324 5388 1454 5439; x_wconf 79' lang='grc' dir='ltr'>Σινᾶ</span> <span class='ocrx_word' id='word_1_750' title='bbox 1499 5389 1730 5455; x_wconf 80' lang='grc' dir='ltr'>λεγόμε-</span> 
     </span>
    </p>
   </div>
   <div class='ocr_carea' id='block_1_98' title="bbox 189 5463 1727 5546">
    <p class='ocr_par' dir='ltr' id='par_1_98' title="bbox 189 5463 1727 5546">
     <span class='ocr_line' id='line_1_98' title="bbox 189 5463 1727 5546; baseline 0.006 -26"><span class='ocrx_word' id='word_1_751' title='bbox 189 5484 300 5530; x_wconf 84' lang='grc' dir='ltr'>νος,</span> <span class='ocrx_word' id='word_1_752' title='bbox 332 5463 482 5532; x_wconf 79' lang='grc' dir='ltr'>οὗτός</span> <span class='ocrx_word' id='word_1_753' title='bbox 509 5475 621 5526; x_wconf 87' lang='grc' dir='ltr'>ἐστι</span> <span class='ocrx_word' id='word_1_754' title='bbox 653 5477 780 5546; x_wconf 77' lang='grc' dir='ltr'>περὶ</span> <span class='ocrx_word' id='word_1_755' title='bbox 817 5473 876 5530; x_wconf 75' lang='lat' dir='ltr'><strong>ob</strong></span> <span class='ocrx_word' id='word_1_756' title='bbox 908 5479 937 5546; x_wconf 79' lang='grc' dir='ltr'>ἡ</span> <span class='ocrx_word' id='word_1_757' title='bbox 972 5476 1096 5543; x_wconf 81' lang='grc' dir='ltr'>ἁγία</span> <span class='ocrx_word' id='word_1_758' title='bbox 1144 5476 1273 5544; x_wconf 71' lang='grc' dir='ltr'>ἕκτη</span> <span class='ocrx_word' id='word_1_759' title='bbox 1305 5476 1516 5537; x_wconf 80' lang='grc' dir='ltr'>σύνοδος</span> <span class='ocrx_word' id='word_1_760' title='bbox 1561 5478 1727 5544; x_wconf 69' lang='grc' dir='ltr'>λέγει·</span> 
     </span>
    </p>
   </div>
   <div class='ocr_carea' id='block_1_99' title="bbox 202 5560 1732 5639">
    <p class='ocr_par' dir='ltr' id='par_1_99' title="bbox 202 5560 1732 5639">
     <span class='ocr_line' id='line_1_99' title="bbox 202 5560 1732 5639; baseline 0.003 -24"><span class='ocrx_word' id='word_1_761' title='bbox 202 5560 599 5628; x_wconf 67' lang='grc' dir='ltr'>Ἀτιοδεχόμεθα</span> <span class='ocrx_word' id='word_1_762' title='bbox 632 5567 718 5617; x_wconf 80' lang='grc' dir='ltr'>τὸν</span> <span class='ocrx_word' id='word_1_763' title='bbox 748 5568 896 5634; x_wconf 78' lang='grc' dir='ltr'>ἅγιον</span> <span class='ocrx_word' id='word_1_764' title='bbox 932 5565 1278 5639; x_wconf 84' lang='grc' dir='ltr'>Ἀναστάσιον</span> <span class='ocrx_word' id='word_1_765' title='bbox 1301 5582 1314 5598; x_wconf 92' lang='grc'><strong>·</strong></span> <span class='ocrx_word' id='word_1_766' title='bbox 1344 5569 1437 5619; x_wconf 80' lang='grc' dir='ltr'>καὶ</span> <span class='ocrx_word' id='word_1_767' title='bbox 1462 5568 1732 5636; x_wconf 85' lang='grc' dir='ltr'>Θεόδωρος</span> 
     </span>
    </p>
   </div>
   <div class='ocr_carea' id='block_1_100' title="bbox 189 5650 1730 5728">
    <p class='ocr_par' dir='ltr' id='par_1_100' title="bbox 189 5650 1730 5728">
     <span class='ocr_line' id='line_1_100' title="bbox 189 5650 1730 5728; baseline 0.006 -24"><span class='ocrx_word' id='word_1_768' title='bbox 189 5650 480 5718; x_wconf 80' lang='grc' dir='ltr'>Μελιτινῆς</span> <span class='ocrx_word' id='word_1_769' title='bbox 515 5653 782 5727; x_wconf 83' lang='grc' dir='ltr'>ἀπεκρίθη</span> <span class='ocrx_word' id='word_1_770' title='bbox 803 5674 816 5688; x_wconf 92' lang='grc'><strong>·</strong></span> <span class='ocrx_word' id='word_1_771' title='bbox 845 5659 1029 5725; x_wconf 77' lang='grc' dir='ltr'>’Ἅγιον</span> <span class='ocrx_word' id='word_1_772' title='bbox 1056 5656 1317 5710; x_wconf 80' lang='grc' dir='ltr'>ἀποκαλεῖ</span> <span class='ocrx_word' id='word_1_773' title='bbox 1344 5659 1491 5712; x_wconf 79' lang='grc' dir='ltr'>πᾶσα</span> <span class='ocrx_word' id='word_1_774' title='bbox 1514 5661 1546 5728; x_wconf 80' lang='grc' dir='ltr'><strong>ἡ</strong></span> <span class='ocrx_word' id='word_1_775' title='bbox 1576 5660 1730 5713; x_wconf 82' lang='grc' dir='ltr'>Ἀνα-</span> 
     </span>
    </p>
   </div>
   <div class='ocr_carea' id='block_1_101' title="bbox 274 5829 758 5898">
    <p class='ocr_par' dir='ltr' id='par_1_101' title="bbox 274 5829 758 5898">
     <span class='ocr_line' id='line_1_101' title="bbox 274 5829 758 5898; baseline 0.004 -15"><span class='ocrx_word' id='word_1_776' title='bbox 274 5831 318 5861; x_wconf 77' lang='grc'><strong><em>²⁹</em></strong></span> <span class='ocrx_word' id='word_1_777' title='bbox 348 5829 501 5884; x_wconf 76' lang='lat' dir='ltr'><strong>Juan.</strong></span> <span class='ocrx_word' id='word_1_778' title='bbox 532 5844 641 5898; x_wconf 72' lang='lat' dir='ltr'><strong>xiv,</strong></span> <span class='ocrx_word' id='word_1_779' title='bbox 676 5831 758 5885; x_wconf 68' lang='grc' dir='ltr'><strong>ιδ.</strong></span> 
     </span>
    </p>
   </div>
   <div class='ocr_carea' id='block_1_102' title="bbox 1831 4485 3362 4556">
    <p class='ocr_par' dir='ltr' id='par_1_102' title="bbox 1831 4485 3362 4556">
     <span class='ocr_line' id='line_1_102' title="bbox 1831 4485 3362 4556; baseline -0.005 -12"><span class='ocrx_word' id='word_1_780' title='bbox 1831 4493 1991 4554; x_wconf 88' lang='lat' dir='ltr'><strong>dere;</strong></span> <span class='ocrx_word' id='word_1_781' title='bbox 2032 4506 2094 4544; x_wconf 90' lang='lat' dir='ltr'><strong>ac</strong></span> <span class='ocrx_word' id='word_1_782' title='bbox 2122 4491 2188 4544; x_wconf 88' lang='lat' dir='ltr'><strong>de</strong></span> <span class='ocrx_word' id='word_1_783' title='bbox 2214 4499 2408 4543; x_wconf 72' lang='lat' dir='ltr'><strong>czetero</strong></span> <span class='ocrx_word' id='word_1_784' title='bbox 2469 4491 2684 4556; x_wconf 89' lang='lat' dir='ltr'><strong>quando</strong></span> <span class='ocrx_word' id='word_1_785' title='bbox 2735 4487 3060 4540; x_wconf 89' lang='lat' dir='ltr'><strong>audierimus</strong></span> <span class='ocrx_word' id='word_1_786' title='bbox 3105 4485 3362 4554; x_wconf 87' lang='lat' dir='ltr'><strong>Spiritttm</strong></span> 
     </span>
    </p>
   </div>
   <div class='ocr_carea' id='block_1_103' title="bbox 1830 4574 3363 4641">
    <p class='ocr_par' dir='ltr' id='par_1_103' title="bbox 1830 4574 3363 4641">
     <span class='ocr_line' id='line_1_103' title="bbox 1830 4574 3363 4641; baseline -0.005 -6"><span class='ocrx_word' id='word_1_787' title='bbox 1830 4590 2066 4634; x_wconf 81' lang='lat' dir='ltr'><strong>sanctum</strong></span> <span class='ocrx_word' id='word_1_788' title='bbox 2101 4595 2166 4632; x_wconf 81' lang='lat' dir='ltr'><strong>ex</strong></span> <span class='ocrx_word' id='word_1_789' title='bbox 2196 4577 2351 4630; x_wconf 85' lang='lat' dir='ltr'><strong>Patre</strong></span> <span class='ocrx_word' id='word_1_790' title='bbox 2387 4577 2546 4639; x_wconf 86' lang='lat' dir='ltr'><strong>mitti,</strong></span> <span class='ocrx_word' id='word_1_791' title='bbox 2578 4590 2682 4629; x_wconf 87' lang='lat' dir='ltr'><strong>non</strong></span> <span class='ocrx_word' id='word_1_792' title='bbox 2731 4576 3088 4641; x_wconf 78' lang='lat' dir='ltr'><strong>intelligamus</strong></span> <span class='ocrx_word' id='word_1_793' title='bbox 3113 4589 3175 4628; x_wconf 80' lang='lat' dir='ltr'><strong>ex</strong></span> <span class='ocrx_word' id='word_1_794' title='bbox 3209 4574 3363 4628; x_wconf 84' lang='lat' dir='ltr'><strong>Patre</strong></span> 
     </span>
    </p>
   </div>
   <div class='ocr_carea' id='block_1_104' title="bbox 1831 4664 3361 4740">
    <p class='ocr_par' dir='ltr' id='par_1_104' title="bbox 1831 4664 3361 4740">
     <span class='ocr_line' id='line_1_104' title="bbox 1831 4664 3361 4740; baseline -0.006 -16"><span class='ocrx_word' id='word_1_795' title='bbox 1831 4671 2141 4740; x_wconf 87' lang='lat' dir='ltr'><strong>procedere.</strong></span> <span class='ocrx_word' id='word_1_796' title='bbox 2193 4687 2210 4719; x_wconf 79' lang='grc' dir='ltr'><strong>ι</strong></span> <span class='ocrx_word' id='word_1_797' title='bbox 2267 4667 2590 4732; x_wconf 84' lang='lat' dir='ltr'><strong>Paraeletus,</strong></span> <span class='ocrx_word' id='word_1_798' title='bbox 2651 4667 2829 4734; x_wconf 82' lang='lat' dir='ltr'><strong>inquit</strong></span> <span class='ocrx_word' id='word_1_799' title='bbox 2865 4664 3146 4732; x_wconf 36' lang='lat' dir='ltr'><strong>‘Cltristus,</strong></span> <span class='ocrx_word' id='word_1_800' title='bbox 3207 4679 3361 4738; x_wconf 89' lang='lat' dir='ltr'><strong>quem</strong></span> 
     </span>
    </p>
   </div>
   <div class='ocr_carea' id='block_1_105' title="bbox 1831 4755 3362 4822">
    <p class='ocr_par' dir='ltr' id='par_1_105' title="bbox 1831 4755 3362 4822">
     <span class='ocr_line' id='line_1_105' title="bbox 1831 4755 3362 4822; baseline -0.005 -8"><span class='ocrx_word' id='word_1_801' title='bbox 1831 4761 2006 4815; x_wconf 89' lang='lat' dir='ltr'><strong>mittet</strong></span> <span class='ocrx_word' id='word_1_802' title='bbox 2034 4761 2191 4814; x_wconf 88' lang='lat' dir='ltr'><strong>Pater</strong></span> <span class='ocrx_word' id='word_1_803' title='bbox 2226 4760 2279 4812; x_wconf 90' lang='lat' dir='ltr'><strong>in</strong></span> <span class='ocrx_word' id='word_1_804' title='bbox 2309 4759 2528 4811; x_wconf 89' lang='lat' dir='ltr'><strong>nomine</strong></span> <span class='ocrx_word' id='word_1_805' title='bbox 2568 4772 2706 4822; x_wconf 90' lang='lat' dir='ltr'><strong>meo,</strong></span> <span class='ocrx_word' id='word_1_806' title='bbox 2750 4776 2766 4806; x_wconf 83' lang='grc' dir='ltr'><strong>ι</strong></span> <span class='ocrx_word' id='word_1_807' title='bbox 2808 4771 2983 4808; x_wconf 88' lang='lat' dir='ltr'><strong>nonne</strong></span> <span class='ocrx_word' id='word_1_808' title='bbox 3013 4755 3362 4809; x_wconf 87' lang='lat' dir='ltr'><strong>concedemus</strong></span> 
     </span>
    </p>
   </div>
   <div class='ocr_carea' id='block_1_106' title="bbox 1832 4844 3363 4916">
    <p class='ocr_par' dir='ltr' id='par_1_106' title="bbox 1832 4844 3363 4916">
     <span class='ocr_line' id='line_1_106' title="bbox 1832 4844 3363 4916; baseline -0.007 -13"><span class='ocrx_word' id='word_1_809' title='bbox 1832 4865 1952 4903; x_wconf 91' lang='lat' dir='ltr'><strong>eum</strong></span> <span class='ocrx_word' id='word_1_810' title='bbox 1994 4867 2060 4904; x_wconf 83' lang='lat' dir='ltr'><strong>cx</strong></span> <span class='ocrx_word' id='word_1_811' title='bbox 2083 4848 2240 4903; x_wconf 90' lang='lat' dir='ltr'><strong>Patre</strong></span> <span class='ocrx_word' id='word_1_812' title='bbox 2265 4847 2592 4916; x_wconf 86' lang='lat' dir='ltr'><strong>procedere?</strong></span> <span class='ocrx_word' id='word_1_813' title='bbox 2620 4846 2867 4898; x_wconf 83' lang='lat' dir='ltr'><strong>Maxime.</strong></span> <span class='ocrx_word' id='word_1_814' title='bbox 2902 4844 3004 4898; x_wconf 89' lang='lat' dir='ltr'><strong>Sed</strong></span> <span class='ocrx_word' id='word_1_815' title='bbox 3033 4845 3157 4913; x_wconf 85' lang='lat' dir='ltr'><strong>quia</strong></span> <span class='ocrx_word' id='word_1_816' title='bbox 3186 4844 3363 4895; x_wconf 89' lang='lat' dir='ltr'><strong>dicitis</strong></span> 
     </span>
    </p>
   </div>
   <div class='ocr_carea' id='block_1_107' title="bbox 1831 4933 3362 5005">
    <p class='ocr_par' dir='ltr' id='par_1_107' title="bbox 1831 4933 3362 5005">
     <span class='ocr_line' id='line_1_107' title="bbox 1831 4933 3362 5005; baseline -0.006 -11"><span class='ocrx_word' id='word_1_817' title='bbox 1831 4943 1886 4994; x_wconf 90' lang='lat' dir='ltr'><strong>in</strong></span> <span class='ocrx_word' id='word_1_818' title='bbox 1934 4941 2109 4994; x_wconf 88' lang='lat' dir='ltr'><strong>divina</strong></span> <span class='ocrx_word' id='word_1_819' title='bbox 2158 4938 2428 5005; x_wconf 90' lang='lat' dir='ltr'><strong>Scriptura</strong></span> <span class='ocrx_word' id='word_1_820' title='bbox 2463 4952 2570 4989; x_wconf 91' lang='lat' dir='ltr'><strong>non</strong></span> <span class='ocrx_word' id='word_1_821' title='bbox 2605 4935 2850 5003; x_wconf 86' lang='lat' dir='ltr'><strong>reperiri,</strong></span> <span class='ocrx_word' id='word_1_822' title='bbox 2883 4946 2936 4989; x_wconf 89' lang='lat' dir='ltr'><strong>et</strong></span> <span class='ocrx_word' id='word_1_823' title='bbox 2984 4951 3047 4988; x_wconf 79' lang='lat' dir='ltr'><strong>ex</strong></span> <span class='ocrx_word' id='word_1_824' title='bbox 3079 4933 3210 4986; x_wconf 82' lang='lat' dir='ltr'><strong>Filio</strong></span> <span class='ocrx_word' id='word_1_825' title='bbox 3240 4948 3362 4987; x_wconf 91' lang='lat' dir='ltr'><strong>eum</strong></span> 
     </span>
    </p>
   </div>
   <div class='ocr_carea' id='block_1_108' title="bbox 1832 5023 3359 5098">
    <p class='ocr_par' dir='ltr' id='par_1_108' title="bbox 1832 5023 3359 5098">
     <span class='ocr_line' id='line_1_108' title="bbox 1832 5023 3359 5098; baseline -0.007 -14"><span class='ocrx_word' id='word_1_826' title='bbox 1832 5030 2140 5098; x_wconf 90' lang='lat' dir='ltr'><strong>procedere,</strong></span> <span class='ocrx_word' id='word_1_827' title='bbox 2189 5026 2438 5079; x_wconf 88' lang='lat' dir='ltr'><strong>volumus</strong></span> <span class='ocrx_word' id='word_1_828' title='bbox 2488 5024 2538 5078; x_wconf 89' lang='lat' dir='ltr'><strong>id</strong></span> <span class='ocrx_word' id='word_1_829' title='bbox 2583 5039 2723 5077; x_wconf 90' lang='lat' dir='ltr'><strong>nunc</strong></span> <span class='ocrx_word' id='word_1_830' title='bbox 2755 5038 3003 5091; x_wconf 81' lang='lat' dir='ltr'><strong>expresse</strong></span> <span class='ocrx_word' id='word_1_831' title='bbox 3055 5023 3359 5075; x_wconf 83' lang='lat' dir='ltr'><strong>ostendere.</strong></span> 
     </span>
    </p>
   </div>
   <div class='ocr_carea' id='block_1_109' title="bbox 1832 5111 3362 5189">
    <p class='ocr_par' dir='ltr' id='par_1_109' title="bbox 1832 5111 3362 5189">
     <span class='ocr_line' id='line_1_109' title="bbox 1832 5111 3362 5189; baseline -0.005 -19"><span class='ocrx_word' id='word_1_832' title='bbox 1832 5118 2050 5189; x_wconf 79' lang='lat' dir='ltr'><strong>Magnus</strong></span> <span class='ocrx_word' id='word_1_833' title='bbox 2075 5116 2410 5175; x_wconf 82' lang='lat' dir='ltr'><strong>Anastasius,</strong></span> <span class='ocrx_word' id='word_1_834' title='bbox 2438 5114 2732 5168; x_wconf 76' lang='lat' dir='ltr'><strong>Antiochiae</strong></span> <span class='ocrx_word' id='word_1_835' title='bbox 2759 5111 3060 5181; x_wconf 85' lang='lat' dir='ltr'><strong>patriarcha</strong></span> <span class='ocrx_word' id='word_1_836' title='bbox 3081 5153 3094 5173; x_wconf 88' lang='lat'><strong>,</strong></span> <span class='ocrx_word' id='word_1_837' title='bbox 3131 5112 3217 5178; x_wconf 90' lang='lat' dir='ltr'><strong>qui</strong></span> <span class='ocrx_word' id='word_1_838' title='bbox 3256 5122 3307 5163; x_wconf 88' lang='lat' dir='ltr'><strong>et</strong></span> <span class='ocrx_word' id='word_1_839' title='bbox 3334 5127 3362 5163; x_wconf 86' lang='lat' dir='ltr'><strong>a</strong></span> 
     </span>
    </p>
   </div>
   <div class='ocr_carea' id='block_1_110' title="bbox 1832 5202 3362 5274">
    <p class='ocr_par' dir='ltr' id='par_1_110' title="bbox 1832 5202 3362 5274">
     <span class='ocr_line' id='line_1_110' title="bbox 1832 5202 3362 5274; baseline -0.007 -12"><span class='ocrx_word' id='word_1_840' title='bbox 1832 5217 2017 5262; x_wconf 83' lang='lat' dir='ltr'><strong>sancto</strong></span> <span class='ocrx_word' id='word_1_841' title='bbox 2046 5217 2225 5261; x_wconf 88' lang='lat' dir='ltr'><strong>monte</strong></span> <span class='ocrx_word' id='word_1_842' title='bbox 2258 5205 2404 5260; x_wconf 91' lang='lat' dir='ltr'><strong>Sinai</strong></span> <span class='ocrx_word' id='word_1_843' title='bbox 2435 5207 2728 5274; x_wconf 67' lang='lat' dir='ltr'><strong>appellatur</strong></span> <span class='ocrx_word' id='word_1_844' title='bbox 2761 5204 2825 5273; x_wconf 86' lang='lat' dir='ltr'><strong>(is</strong></span> <span class='ocrx_word' id='word_1_845' title='bbox 2851 5211 2930 5256; x_wconf 89' lang='lat' dir='ltr'><strong>est</strong></span> <span class='ocrx_word' id='word_1_846' title='bbox 2955 5202 3022 5253; x_wconf 86' lang='lat' dir='ltr'><strong>de</strong></span> <span class='ocrx_word' id='word_1_847' title='bbox 3049 5216 3155 5266; x_wconf 91' lang='lat' dir='ltr'><strong>quo</strong></span> <span class='ocrx_word' id='word_1_848' title='bbox 3177 5211 3362 5271; x_wconf 86' lang='lat' dir='ltr'><strong>saneta</strong></span> 
     </span>
    </p>
   </div>
   <div class='ocr_carea' id='block_1_111' title="bbox 1835 5293 3361 5364">
    <p class='ocr_par' dir='ltr' id='par_1_111' title="bbox 1835 5293 3361 5364">
     <span class='ocr_line' id='line_1_111' title="bbox 1835 5293 3361 5364; baseline -0.003 -15"><span class='ocrx_word' id='word_1_849' title='bbox 1835 5305 1985 5350; x_wconf 74' lang='lat' dir='ltr'><strong>sexta</strong></span> <span class='ocrx_word' id='word_1_850' title='bbox 2018 5296 2468 5364; x_wconf 76' lang='lat' dir='ltr'><strong>synodusseribit</strong></span> <span class='ocrx_word' id='word_1_851' title='bbox 2498 5309 2513 5348; x_wconf 89' lang='lat'><strong>:</strong></span> <span class='ocrx_word' id='word_1_852' title='bbox 2575 5293 2881 5363; x_wconf 78' lang='lat' dir='ltr'><strong>Recipimus</strong></span> <span class='ocrx_word' id='word_1_853' title='bbox 2948 5303 3189 5346; x_wconf 87' lang='lat' dir='ltr'><strong>sanctum</strong></span> <span class='ocrx_word' id='word_1_854' title='bbox 3222 5297 3361 5346; x_wconf 86' lang='lat' dir='ltr'><strong>Ana-</strong></span> 
     </span>
    </p>
   </div>
   <div class='ocr_carea' id='block_1_112' title="bbox 1834 5362 3358 5455">
    <p class='ocr_par' dir='ltr' id='par_1_112' title="bbox 1834 5362 3358 5455">
     <span class='ocr_line' id='line_1_112' title="bbox 1834 5362 3358 5455; baseline -0.003 -14"><span class='ocrx_word' id='word_1_855' title='bbox 1834 5362 2061 5441; x_wconf 84' lang='lat' dir='ltr'><strong>stasium</strong></span> <span class='ocrx_word' id='word_1_856' title='bbox 2090 5404 2104 5439; x_wconf 87' lang='lat'><strong>:</strong></span> <span class='ocrx_word' id='word_1_857' title='bbox 2134 5397 2188 5437; x_wconf 89' lang='lat' dir='ltr'><strong>et</strong></span> <span class='ocrx_word' id='word_1_858' title='bbox 2233 5362 2545 5442; x_wconf 56' lang='lat' dir='ltr'><strong>Theodorus</strong></span> <span class='ocrx_word' id='word_1_859' title='bbox 2580 5362 2846 5441; x_wconf 82' lang='lat' dir='ltr'><strong>Melitines</strong></span> <span class='ocrx_word' id='word_1_860' title='bbox 2879 5386 3156 5455; x_wconf 80' lang='lat' dir='ltr'><strong>respondit</strong></span> <span class='ocrx_word' id='word_1_861' title='bbox 3183 5404 3194 5435; x_wconf 90' lang='lat'>:</span> <span class='ocrx_word' id='word_1_862' title='bbox 3224 5386 3358 5438; x_wconf 82' lang='lat' dir='ltr'><strong>San-</strong></span> 
     </span>
    </p>
   </div>
   <div class='ocr_carea' id='block_1_113' title="bbox 1831 5477 3362 5531">
    <p class='ocr_par' dir='ltr' id='par_1_113' title="bbox 1831 5477 3362 5531">
     <span class='ocr_line' id='line_1_113' title="bbox 1831 5477 3362 5531; baseline 0.001 -4"><span class='ocrx_word' id='word_1_863' title='bbox 1831 5483 1973 5529; x_wconf 90' lang='lat' dir='ltr'><strong>ctum</strong></span> <span class='ocrx_word' id='word_1_864' title='bbox 2021 5485 2175 5528; x_wconf 86' lang='lat' dir='ltr'><strong>vocat</strong></span> <span class='ocrx_word' id='word_1_865' title='bbox 2222 5484 2365 5530; x_wconf 89' lang='lat' dir='ltr'><strong>totus</strong></span> <span class='ocrx_word' id='word_1_866' title='bbox 2407 5477 2599 5531; x_wconf 84' lang='lat' dir='ltr'><strong>Oriens</strong></span> <span class='ocrx_word' id='word_1_867' title='bbox 2649 5477 2794 5530; x_wconf 89' lang='lat' dir='ltr'><strong>hunc</strong></span> <span class='ocrx_word' id='word_1_868' title='bbox 2846 5488 3041 5531; x_wconf 75' lang='lat' dir='ltr'><strong>saneta:</strong></span> <span class='ocrx_word' id='word_1_869' title='bbox 3094 5478 3362 5529; x_wconf 55' lang='lat' dir='ltr'><strong>memoriae</strong></span> 
     </span>
    </p>
   </div>
   <div class='ocr_carea' id='block_1_114' title="bbox 1833 5563 3360 5636">
    <p class='ocr_par' dir='ltr' id='par_1_114' title="bbox 1833 5563 3360 5636">
     <span class='ocr_line' id='line_1_114' title="bbox 1833 5563 3360 5636; baseline 0 -19"><span class='ocrx_word' id='word_1_870' title='bbox 1833 5563 2190 5627; x_wconf 82' lang='lat' dir='ltr'><strong>Anastasium,</strong></span> <span class='ocrx_word' id='word_1_871' title='bbox 2220 5564 2310 5632; x_wconf 91' lang='lat' dir='ltr'><strong>qui</strong></span> <span class='ocrx_word' id='word_1_872' title='bbox 2350 5565 2451 5619; x_wconf 80' lang='lat' dir='ltr'><strong>fuit</strong></span> <span class='ocrx_word' id='word_1_873' title='bbox 2475 5568 2759 5636; x_wconf 80' lang='lat' dir='ltr'><strong>episcopus</strong></span> <span class='ocrx_word' id='word_1_874' title='bbox 2796 5568 3091 5622; x_wconf 54' lang='lat' dir='ltr'><strong>Antiochia!</strong></span> <span class='ocrx_word' id='word_1_875' title='bbox 3133 5588 3144 5620; x_wconf 85' lang='lat'>:</span> <span class='ocrx_word' id='word_1_876' title='bbox 3189 5575 3240 5620; x_wconf 82' lang='lat' dir='ltr'><strong>et</strong></span> <span class='ocrx_word' id='word_1_877' title='bbox 3269 5565 3360 5633; x_wconf 87' lang='lat' dir='ltr'><strong>qui</strong></span> 
     </span>
    </p>
   </div>
   <div class='ocr_carea' id='block_1_115' title="bbox 1834 5655 3364 5722">
    <p class='ocr_par' dir='ltr' id='par_1_115' title="bbox 1834 5655 3364 5722">
     <span class='ocr_line' id='line_1_115' title="bbox 1834 5655 3364 5722; baseline 0 -12"><span class='ocrx_word' id='word_1_878' title='bbox 1834 5668 1953 5710; x_wconf 90' lang='lat' dir='ltr'><strong>eum</strong></span> <span class='ocrx_word' id='word_1_879' title='bbox 1992 5667 2097 5708; x_wconf 88' lang='lat' dir='ltr'><strong>non</strong></span> <span class='ocrx_word' id='word_1_880' title='bbox 2129 5655 2341 5722; x_wconf 81' lang='lat' dir='ltr'><strong>recipit,</strong></span> <span class='ocrx_word' id='word_1_881' title='bbox 2370 5655 2510 5711; x_wconf 87' lang='lat' dir='ltr'><strong>Deus</strong></span> <span class='ocrx_word' id='word_1_882' title='bbox 2543 5658 3013 5712; x_wconf 80' lang='lat' dir='ltr'><strong>anathematizabit</strong></span> <span class='ocrx_word' id='word_1_883' title='bbox 3048 5675 3060 5709; x_wconf 86' lang='lat'><strong>:</strong></span> <span class='ocrx_word' id='word_1_884' title='bbox 3095 5666 3151 5710; x_wconf 90' lang='lat' dir='ltr'><strong>et</strong></span> <span class='ocrx_word' id='word_1_885' title='bbox 3176 5671 3364 5711; x_wconf 81' lang='lat' dir='ltr'><strong>omnes</strong></span> 
     </span>
    </p>
   </div>
  </div>
