4006 6340
123 458 272 522 ’11ῥῖ

736 452 885 514 PRO
924 460 1132 517 CONC.
1171 460 1541 525 FLORENT.
1578 464 1740 526 CAP.
1781 465 1825 526 Ι.
1859 464 2312 526 DE'SPJRITU
2357 464 2663 528 SANCTO.

3181 427 3327 517 '1-1‘53

134 571 349 637 Πατὴρ,
382 570 438 621 ὲν
475 569 572 638 μὲν
601 569 675 636 τῷ
707 570 868 637 ἕκτῳ,
897 568 955 620 τὸ
983 569 1040 632 ἐξ
1067 567 1226 620 αὐτοῦ
1257 585 1315 619 τε
1339 570 1432 620 κα)⁸
1458 570 1513 621 ἐν
1544 568 1676 638 αὑτᾷ¹

1786 582 1946 634 quam
1982 569 2122 633 quod
2169 568 2331 622 Pater
2384 583 2507 620 eum
2558 567 2823 641 producit,
2865 568 3097 621 infundit
3148 577 3328 621 autem

131 661 230 712 aut
254 660 385 712 ίδιον
439 660 600 712 αὑτοῦ
623 677 639 692 ο
677 663 734 712 ἐν
776 660 831 712 δὲ
863 658 941 728 τῷ
974 659 1185 726 ἑϐδόμῳ
1236 660 1333 710 οὐκ
1386 659 1445 709 ὲκ
1480 658 1678 727 μέτρου
1713 725 1722 732 _

130 749 320 800 δίδωσι
371 749 428 800 τὸ
475 747 703 819 Πνεῦμα.
744 747 882 801 κατὰ
928 748 1022 816 τὴν
1063 749 1307 800 Ἰωάννου
1337 747 1539 816 φωνὴν,
1567 747 1681 800 ἀλλ’

131 839 300 900 αὐτὸς
333 838 538 906 ἐνίησιν
569 841 697 891 αὐτὸ
737 839 798 902 ἐξ
830 837 1042 900 ἑαυτοῦ,
1087 838 1329 905 καθάπερ
1371 838 1558 907 ἀμέλει
1591 838 1682 888 καὶ

130 929 159 977 6
199 928 408 996 Πατήρ.
453 929 512 980 Ei
549 924 640 980 οῦν
695 928 940 998 καθάπερ
986 931 1012 980 6
1065 928 1249 996 Πατὴρ
1298 926 1679 995 προῦἀλλειτδ

136 1018 364 1086 Πνεῦμα
406 1018 500 1070 καὶ
526 1017 553 1072 6
590 1017 735 1080 Υίὸς,
762 1018 814 1069 τί
858 1018 936 1071 ἔτι
992 1019 1146 1085 ὑμεῖς
1181 1016 1582 1086 ἀμφιϐάλλετε;
1632 1019 1678 1068 εἰ

134 1111 240 1177 μὲν
267 1112 372 1180 γὰρ
403 1112 536 1164 διότι
570 1115 754 1181 φησὶν,
796 1113 854 1165 '0
889 1114 1039 1179 ᾰγιος
1072 1112 1264 1180 ἐνίησι,
1299 1114 1389 1166 καὶ
1426 1113 1485 1164 ού
1513 1113 1681 1178 λέγει,

131 1202 452 1270 προϐάλλει,
474 1201 505 1269 ἢ
530 1202 793 1270 πρόεισιν,
825 1202 859 1266 ἣ
888 1205 949 1254 ἐκ
962 1201 1192 1271 πορεύει,
1218 1201 1350 1255 ἀλλά
1374 1202 1431 1255 τδ
1457 1185 1679 1271 ἐνίησινο

129 1291 355 1357 ἀδελφοὶ
411 1292 606 1344 ταυτὸν
655 1272 900 1360 βούλετάι
947 1292 1025 1361 τῷ
1085 1291 1454 1362 ἐκπορεύεται,
1493 1294 1681 1362 ἐπειδὴ

125 1385 236 1451 τὴν
266 1382 430 1452 αὐτὴν
458 1383 616 1450 ῥῆσιν
646 1385 738 1436 καὶ
785 1384 877 1436 ἐπὶ
907 1386 996 1436 τοῦ
1034 1383 1239 1452 Πατρδς
1282 1383 1496 1452 τίθησι·
1533 1383 1679 1450 λέγει

103 1474 263 1540 γὰρ,
305 1471 539 1541 Ἐνίησιν
567 1474 693 1525 αὐτὸ
715 1473 957 1542 καθάπερ
982 1473 1072 1523 καὶ
1103 1474 1129 1524 6
1156 1473 1364 1541 Πατήρ.
1396 1473 1554 1524 Ὥστε
1585 1474 1678 1524 καὶ

125 1562 154 1611 6
191 1562 378 1630 Πατὴρ
412 1562 582 1631 ἐνίησι
609 1563 669 1612 τὸ
717 1561 956 1628 Πνεῦμα.
997 1560 1065 1613 El
1111 1554 1203 1611 οὖν
1237 1560 1445 1627 ἐνίησιν
1491 1560 1618 1611 αὐτὸ
1652 1560 1677 1610 6

129 1651 344 1720 Πατὴρ,
373 1652 527 1704 τοῦτο
560 1651 614 1703 δὲ
644 1651 743 1704 οὐκ
772 1651 896 1704 ἀλλο
922 1668 973 1702 τι
1004 1651 1083 1703 δεῖ
1113 1652 1307 1702 ἐννοεῖν
1336 1651 1501 1718 ἡμᾶς,
1529 1650 1561 1719 ἢ
1597 1650 1676 1701 ὅτι

126 1743 418 1809 ὲκπορεύει
449 1743 578 1796 αὐτὸ
605 1746 632 1796 6
661 1743 864 1812 Πατὴρ,
900 1743 1072 1812 ἐνίησι
1104 1741 1159 1794 δὲ
1188 1741 1343 1794 τοῦτο
1373 1745 1464 1794 καὶ
1493 1743 1520 1794 6
1550 1741 1677 1803 Υίδς

127 1835 384 1902 καθάπερ
429 1838 520 1888 καὶ
547 1837 573 1887 6
608 1837 816 1903 Πατὴρ,
856 1834 1141 1903 ἐκπορεύει
1177 1836 1283 1904 ἄρα
1332 1833 1488 1886 τοῦτο
1531 1835 1624 1886 καὶ
1657 1835 1684 1885 6
1718 1833 1868 1899 Υἱὸς,

1781 671 1902 710 cum
1936 666 1988 709 et
2035 655 2204 709 Filius
2237 658 2689 724 quemadmodum
2744 655 2942 711 Pater:
2979 659 3175 711 emittit
3202 673 3329 724 ergo

1781 748 1948 802 Filius
1978 747 2442 816 fqucmadmodum
2482 748 2663 814 utique
2714 755 2768 798 ct
2806 746 2992 809 Pater,
3033 762 3152 799 nam
3201 762 3328 799 cum

1782 835 2093 904 simpliciter
2119 835 2366 888 audimus
2401 853 2418 884 ι
2457 834 2692 904 Spiritus
2723 835 2916 898 Patris,
2964 853 2981 883 ι
3023 834 3153 886 nihil
3185 833 3346 886 aliud.

1781 927 2128 996 intelligimus
2161 927 2260 979 nisi
2295 941 2356 979 ex
2387 927 2540 980 Patre
2572 942 2692 980 eum
2725 927 3035 995 procedere.
3070 925 3326 992 Sequitur

1781 1032 1909 1087 ergo
1947 1018 2106 1071 etiam
2139 1034 2256 1069 rum
2292 1018 2356 1070 de
2383 1015 2524 1081 Filio,
2552 1018 2650 1071 hoc
2689 1016 3037 1077 audierimus,
3089 1034 3102 1064 ι
3145 1014 3318 1082 Spiri-

1786 1119 1894 1162 tum
1920 1110 2059 1172 Filii,
2097 1125 2117 1160 δ
2156 1117 2205 1161 et
2235 1123 2297 1161 ex
2328 1108 2461 1160 Filio
2491 1109 2864 1175 procedentem
2903 1105 3202 1158 necessario
3224 1119 3323 1157 nos

1785 1197 2104 1262 intelligi-re,
2157 1211 2329 1264 eoque
2373 1196 2530 1248 modo
2567 1211 2688 1248 vera
2733 1196 2985 1258 dicimus,
3030 1203 3084 1247 et
3123 1192 3328 1245 sanctis

1788 1288 2178 1350 censentimus,
2237 1286 2464 1339 dicendo
2493 1301 2556 1339 ex
2617 1286 2771 1340 Patre
2824 1297 2874 1339 et
2905 1285 3040 1337 Filio
3081 1293 3326 1338 sanctum

1789 1383 2075 1446 procedere
2107 1377 2388 1445 Spiritum.
2427 1378 2494 1428 At
2541 1377 2590 1429 id
2615 1379 2839 1444 quidem
2888 1374 3118 1428 dilucide
3147 1375 3328 1426 osten-

1782 1484 1900 1522 sum
1939 1473 2043 1532 e‘st,
2075 1469 2359 1538 radiosque
2395 1467 2460 1520 ad
2496 1468 2662 1519 instar
2694 1457 2823 1520 solis
2853 1466 3050 1518 emittit
3080 1464 3193 1518 haec
3231 1477 3327 1516 cx-

1782 1560 1999 1629 positiu,
2030 1560 2283 1612 adversus
2319 1573 2476 1626 quam
2519 1574 2640 1610 cum
2673 1559 2941 1625 respicere
2968 1570 3072 1608 non
3100 1553 3326 1624 possint,

1781 1651 1871 1718 qui
1909 1661 2114 1710 noctuae
2140 1650 2322 1704 oculos
2359 1650 2580 1713 habent,
2616 1663 2826 1701 sursum
2867 1649 3117 1700 deorsum
3161 1644 3330 1699 oll'eu-

1782 1744 1938 1797 dunt.
2769 1776 2774 1783 .

1922 1836 2170 1904 καθάπερ
2221 1833 2520 1903 τοιγαροῦν
2561 1833 2653 1886 καὶ
2713 1835 2738 1884 6
2789 1834 2996 1900 Πατήρ.
3052 1833 3156 1883 Καὶ
3217 1828 3325 1898 γὰδ

127 1929 260 1980 ὅταν
291 1931 605 1999 ἀκούσωμεν
631 1931 812 1992 ἁπλῶς
841 1931 899 1983 τὸ
944 1931 1160 2002 Πνεῦμα
1187 1929 1282 1982 τοῦ
1315 1931 1539 2000 Πατρδς,
1571 1931 1670 1983 οὒκ
1712 1932 1838 1984 ἄλλο
1864 1950 1918 1983 τι
1951 1933 2258 1999 ὲννοουμεν,
2291 1933 2323 1998 ἢ
2354 1933 2412 1982 τδ
2441 1931 2504 1982 ὲκ
2535 1931 2626 1982 τοῦ
2695 1932 2898 1998 Πατρὶς
2968 1930 3328 1998 ὲκπορευόμε-

125 2021 506 2074 νονμἝπεται
531 2021 640 2083 οὖν,
676 2024 765 2074 καὶ
791 2024 916 2074 ὅταν
950 2026 1039 2074 ἐπὶ
1062 2025 1152 2074 τοῦ
1188 2023 1313 2076 Υἱοῦ
1341 2024 1483 2076 τοῦτ’
1514 2025 1852 2092 ἀκούσωμε),
1883 2025 1942 2076 τὸ
1973 2023 2192 2089 Πνεῦμα
2218 2022 2310 2074 τοῦ
2350 2021 2499 2083 Υἱοῦ,
2532 2024 2624 2073 καὶ
2697 2024 2758 2074 ἐκ
2819 2021 2911 2073 τοῦ
2978 2020 3104 2072 Υἱοῦ
3166 2021 3328 2072 ὲκπο·

130 2112 427 2184 ρευδμενον
470 2119 776 2183 ἀναγκαίως
827 2119 964 2169 νοεῖν
1015 2119 1179 2188 ἡμᾶς.
1236 2120 1342 2172 Καὶ
1391 2119 1562 2188 τούτῳ
1593 2119 1668 2186 τῷ
1707 2122 1889 2189 τρόπῳ
1968 2119 2322 2186 ἀληθεύομεν,
2392 2117 2484 2170 καὶ
2528 2119 2637 2179 τοῖς
2687 2117 2863 2184 ἁγίοις
2909 2111 3323 2182 συμφωνοῦμεν,

125 2207 380 2271 λέγοντες
426 2207 504 2258 ὃτι
538 2209 597 2258 ἐκ
649 2209 740 2260 τοῦ
781 2209 986 2275 Πατρὸς
1018 2211 1108 2260 xxi.
1153 2207 1244 2260 τοῦ
1276 2207 1401 2260 Υἱοῦ
1433 2209 1490 2260 τὸ
1520 2212 1673 2276 ἆγιον
1713 2209 2062 2279 ἐκπορεύεται
2098 2208 2314 2276 Πνεῦμα
2338 2222 2356 2240 θ
2391 2207 2523 2259 ἀλλὰ
2568 2206 2720 2258 τοῦτο
2753 2207 2848 2274 μὲν
2914 2203 3178 2273 λαμπρῶς
3238 2202 3352 2254 δέ-’

127 2303 374 2351 δεικται’
421 2303 517 2352 καὶ
545 2299 640 2359 τὰς
692 2303 908 2363 ἀκτῖνας
940 2293 1094 2372 δίκην
1140 2304 1289 2372 ἡλίου
1323 2304 1598 2372 ἐκπέμπει
1638 2307 1670 2373 ἡ
1709 2305 1970 2375 ἐξήγησις
2023 2304 2180 2372 αὕτη.
2219 2304 2306 2366 Εἰς
2341 2303 2514 2372 ἥνπερ
2591 2302 2638 2354 oi
2692 2299 3170 2368 νυκτερᾶφθαλμοί,
3249 2302 3323 2368 μὴ

125 2393 421 2462 δυνάμενοι
473 2393 822 2461 ἀντισλέψαι,
871 2395 982 2448 ἀνω
1039 2397 1132 2446 καὶ
1193 2395 1339 2447 κάτω
1393 2391 1843 2464 προσκόπτουσιν.
3110 2385 3114 2389 ”

877 2487 952 2538 Ζ..
1718 2490 1758 2542 Β
1966 2513 1970 2516 .
2505 2477 2610 2530 vn.

216 2576 373 2642 Ἐμοὶ
418 2574 473 2625 δὲ
502 2575 648 2626 δοκεῖ
689 2576 890 2627 δίκαιον
933 2575 1055 2626 ἐπεὶ
1094 2572 1529 2641 συνεπεράναμεν
1579 2574 1676 2640 τὴν

1850 2570 1953 2624 Sed
1982 2569 2111 2623 mihi
2135 2569 2344 2638 mquum
2368 2583 2488 2623 esse
2511 2566 2749 2626 videtur,
2774 2581 2893 2619 cum
2919 2569 3324 2634 praestiterimus

128 2663 412 2730 ἡμετέραν
445 2663 752 2730 ὑπόσχεσιν,
788 2662 873 2715 διὰ
907 2663 1198 2730 τριάκοντα
1229 2662 1321 2714 καὶ
1353 2663 1515 2731 τριῶν
1543 2678 1676 2728 μαρ-

1776 2661 1916 2726 quod
1952 2658 2171 2726 pulliciti
2207 2673 2414 2722 sumus,
2446 2658 2618 2709 tribus
2651 2664 2704 2707 (ιι
2749 2656 2959 2722 triginta
3001 2657 3321 2713 testimoniis

127 2753 335 2820 τυριῶν
370 2752 697 2803 ἀνατολικῶν
733 2753 902 2817 ἁγίων
933 2753 1338 2814 ἀποδεικνύντες
1367 2755 1424 2802 τδ
1458 2753 1676 2820 Πνεῦμα

1773 2747 2128 2803 Orientalium
2148 2758 2452 2802 sanctorum
2490 2747 2732 2817 prolatis,
2771 2747 2834 2800 ad
2866 2752 3318 2816 camprohaudum

128 2843 194 2894 τὸ
231 2843 383 2908 ἅγιον
416 2843 506 2894 καὶ
541 2844 602 2894 ὲκ
634 2844 723 2894 τοῦ
764 2844 907 2925 Υἱοῦ,
942 2833 1088 2905 ὅπως
1125 2844 1218 2895 καὶ
1250 2844 1474 2895 δυτικῶν
1507 2844 1675 2920 ἀγίων

132 2930 482 3000 μνησθῶμεν,
521 2932 613 2983 καὶ
648 2917 947 3000 μαρτιῖρίας
979 2936 1041 2985 ἐκ
1073 2933 1272 2984 τούτων
1303 2917 1551 2996 ἑκάστου,
1586 2932 1676 2984 δύο

127 3023 162 3089 ῆ
194 3023 342 3090 τρεῖς
401 3025 838 3090 προκομίσωμεν,
887 3023 964 3083 είς
999 3021 1222 3087 ἔνδειξιν
1271 3023 1353 3074 ὅτι
1395 3025 1442 3075 oi
1474 3024 1675 3076 δυτικοὶ

128 3113 229 3165 καὶ
252 3112 555 3164 ἀνατολικοὶ
587 3112 893 3164 διδάσκαλοι
928 3111 1293 3180 συμφωνοῦσι,
1321 3114 1410 3165 καὶ
1444 3115 1673 3180 ἀμφισοο

123 3204 219 3255 lia
248 3205 473 3271 οὐδεμία
497 3206 640 3256 ἐστὶν
669 3207 725 3256 ὲν
760 3206 958 3271 αὐτοῖς.
991 3203 1096 3255 Καὶ
1118 3203 1329 3270 πρῶτος
1360 3190 1386 3254 ὁ
1417 3206 1471 3254 ὲν
1501 3196 1673 3270 ἀγίοις

130 3295 443 3363 περίφημος
476 3295 691 3362 καὶτῆς
736 3295 1057 3360 Ἐκκλησίας
1093 3292 1278 3360 Πατὴρ
1309 3292 1399 3346 καὶ
1428 3292 1676 3345 διδάσκα-

127 3383 242 3446 λος,
276 3383 572 3451 Γρηγόριός
602 3399 740 3450 φημι
771 3384 796 3434 ὁ
824 3382 1092 3448 Διάλογος,
1124 3382 1334 3450 παρίτω
1363 3398 1677 3451 συμμαρτυ-

132 3475 320 3544 ρήσων
380 3476 489 3535 τοῖς
541 3475 870 3536 ἀνατολικοῑς
917 3475 1271 3536 διδασκάλοις.
1331 3473 1526 3526 Τοῦτον
1568 3475 1674 3540 γὰρ

129 3565 227 3616 καὶ
276 3565 309 3632 ἡ
365 3562 656 3632 ἀνατολικὴ
699 3563 990 3631 Ἐκκλησία
1037 3562 1351 3633 διδάσκαλον
1396 3565 1484 3616 καὶ
1523 3563 1672 3630 ἀγιον

126 3655 278 3725 ἔχει’
316 3653 407 3705 καὶ
456 3653 554 3721 τὴν
596 3651 814 3720 μνήμην
855 3650 1037 3716 αὑτοῦ,
1079 3651 1307 3704 ἑκάστου
1357 3652 1505 3712 ἔτους
1558 3651 1673 3719 μετ’

125 3743 404 3811 εὐφημίας
423 3744 542 3807 ἀγει
570 3759 584 3772 ο
613 3743 707 3793 καὶ
732 3743 790 3792 οὑ
821 3742 1089 3808 δυνάμεθα
1115 3743 1248 3809 ἀρνή
1261 3742 1474 3794 σασθλι.
1507 3742 1671 3802 Οὗτος

127 3805 325 3900 γὰρ-έν
359 3830 437 3880 ἑνὶ
470 3805 583 3881 τῶν
614 3828 776 3882 αὐτοῦ
832 3805 1292 3898 συγγραμμάτων,
1337 3830 1472 3896 μετά
1505 3831 1670 3882 πολλά
1693 3805 1741 3858 Β

127 3923 263 3976 ἄλλα
309 3919 502 3988 φησίν·
541 3937 560 3971 ι
597 3918 758 3971 Ὅθεν
805 3919 899 3971 καὶ
947 3919 1082 3987 αὑτὴ
1116 3921 1147 3987 ἡ
1191 3920 1414 3989 ἀλήθεια
1445 3920 1530 3972 ἵνα
1561 3922 1672 3983 τοῖς

130 4015 402 4082 μαθηταῖς
446 4013 625 4063 πίστιν
654 4010 881 4078 προσθῇ,
914 4007 1062 4062 εἶπεν
1092 4027 1104 4039 ³
1150 4009 1414 4080 Ἑὰν⁶γάρ
1449 4010 1556 4078 ἐγὼ
1597 4014 1669 4080 μὴ

128 4105 372 4166 ἀπέλθω,
410 4105 439 4157 6
493 4103 840 4180 Παράκλητος
886 4104 1006 4155 οὑκ·
1034 4103 1307 4156 ἐλεύσεται
1345 4105 1474 4172 πρὸς
1508 4105 1667 4172 ὑμᾶς.

140 4197 297 4250 Ἐπεὶ
324 4196 426 4263 γὰρ
452 4196 660 4262 ἀνάγκη
695 4193 807 4244 ἐστὶ
829 4194 918 4246 τὸν
950 4194 1318 4263 Παρᾶκλητον,
1342 4194 1402 4245 τὸ
1432 4193 1669 4261 Πνεῦμα,

132 4289 194 4338 ὲκ
221 4284 316 4336 τοῦ
349 4282 558 4351 Πατρὸς
584 4282 670 4335 ἀεὶ
700 4283 793 4334 καὶ
820 4281 910 4334 τοῦ
941 4283 1069 4334 Υἱοῦ
1099 4282 1506 4352 ἐκπορεύεσθαι,
1534 4283 1673 4342 τίνος

129 4376 293 4442 χάριν
345 4372 535 4424 ἑαυτὸν
571 4374 598 4423 6
653 4371 778 4432 Υίδς
835 4372 1250 4439 ἀποδημήσοντα
1310 4372 1548 4440 εἴρηκεν,
1607 4369 1674 4422 ἵν’

128 4469 334 4523 ἐκεῖνος
365 4462 512 4530 ἔλθῃ,
542 4464 570 4513 6
599 4462 695 4524 ,τοῦ
741 4461 866 4511 Υίοῦ
902 4461 1164 4528 μηδέποτε
1211 4461 1571 4526 ἀφιστάμενος
1595 4475 1612 4524 ;
1637 4459 1670 4528 ἢ

129 4557 211 4606 δτι
267 4556 318 4603 0i
375 4551 657 4604 ἀπόστολοι
701 4552 756 4601 ὲν
804 4551 963 4618 σαρκὶ
999 4552 1324 4616 σωματικοῖς
1380 4548 1674 4614 ὀφθαλμοῖς

127 4645 364 4713 ὁρῶντες
391 4643 480 4696 τὸν
519 4643 724 4704 Κύριον
750 4641 842 4691 καὶ
866 4661 870 4665 ·
891 4637 1269 4704 πνευματικῶς
1300 4638 1489 4705 ἐδίψων
1517 4639 1668 4708 ὁρᾷ-ι,

129 4735 308 4804 ὀρθῶς
338 4734 519 4792 αὐτοῖς
547 4730 844 4796 διαλέγεται
866 4745 909 4778 ἰ
933 4727 1054 4781 Ἐἀν
1071 4727 1178 4796 γὰρ
1199 4727 1306 4795 ἐγὼ
1338 4731 1409 4798 μὴ
1436 4728 1668 4794 ἀπέλθω,

126 4828 154 4876 6
188 4823 538 4891 Παράιιλητος
570 4822 667 4873 ούκ
687 4820 975 4872 ἐλεύσεταιο
1009 4836 1026 4867 ι
1062 4817 1252 4888 ῶσπερ
1283 4818 1347 4871 ἂν
1372 4821 1420 4872 εί
1451 4820 1673 4890 διαρρή-

127 4919 222 4982 δην
257 4915 436 4976 αὐτοῖς
474 4913 676 4978 ἔλεγεν,
718 4911 840 4962 Ἐὰν
868 4910 942 4976 μὴ
975 4910 1031 4958 τὸ
1072 4908 1226 4976 σῶμα
1257 4910 1559 4978 ἀφέλωμαι,
1586 4910 1667 4973 τίς

133 4981 195 5055 ἂν
228 5004 315 5069 εἴη
347 4991 383 5055 6
418 5001 780 5067 πνευματικὸς
820 5000 955 5066 ἔρως
999 4999 1057 5049 ού
1089 4998 1329 5064 δείκνυμι
1352 5014 1364 5027 ·
1395 4981 1483 5058 καὶ
1515 5000 1562 5050 εί
1600 5000 1672 5067 μὴ

1775 2854 1838 2891 ex
1869 2837 2004 2891 Filio
2033 2840 2192 2892 etiam
2227 2853 2346 2892 esse
2377 2849 2626 2892 sanctum
2670 2837 2948 2906 Spiritum,
3003 2850 3058 2891 ut
3107 2851 3336 2894 sancto--

1777 2942 1893 2979 rum
1924 2917 2730 2982 Occidentaliumlmentionem
2767 2927 3050 2990 faciamus,
3097 2942 3150 2982 et
3199 2931 3322 2984 bina

1776 3019 1859 3071 vel
1891 3028 2040 3070 terna
2081 3019 2382 3071 testimonia
2414 3032 2478 3069 ex
2505 3016 2726 3082 singulis
2752 3017 3061 3079 aﬂ‘eramus,
3086 3021 3148 3072 ad
3179 3036 3322 3073 com-

1777 3110 2110 3176 probandum
2163 3108 2538 3161 Occidentales
2593 3117 2644 3159 et
2707 3108 3007 3162 OtiClllﬂieS
3076 3111 3320 3164 doctores

1774 3201 2252 3264 concordare,.nec
2287 3201 2405 3252 esse
2449 3200 2502 3251 in
2555 3200 2619 3254 iis
2664 3202 2823 3254 ullam
2867 3200 3316 3270 ambiguitatem:

1774 3294 2083 3362 primusque
2157 3294 2298 3346 inter
2334 3303 2566 3347 .sanctos
2622 3295 3006 3348 celeberrimus
3065 3293 3318 3348 Ecciesitn

1774 3381 1930 3435 Pater
1974 3391 2027 3436 et
2069 3383 2273 3446 doctor,
2316 3381 2625 3450 Gregorius,
2682 3386 2920 3452 inquam,
2949 3383 3218 3450 Dialogus,
3253 3383 3318 3434 ad

1776 3472 2172 3526 testiﬁcandum
2199 3489 2300 3525 una
2327 3489 2448 3527 cum
2492 3475 2802 3528 doctoribus
2827 3473 3189 3528 Orientalibus
3226 3487 3318 3525 ae-

1773 3563 1926 3617 cedat
1952 3581 1966 3616 :
1994 3579 2113 3629 nam
2149 3579 2272 3618 eum
2306 3566 2466 3618 etiam
2497 3564 2780 3620 Orientalis
2809 3566 3041 3618 Ecclesia
3074 3580 3167 3632 pro
3199 3579 3320 3616 san-

1772 3663 1860 3706 cto
1905 3653 2082 3718 habet,
2110 3655 2334 3724 ejusque
2361 3654 2924 3708 commemorationem
2962 3653 3182 3718 singulis
3215 3666 3315 3704 au-

1714 3795 1739 3818 ,
1773 3743 1856 3794 nis
1885 3757 2004 3794 curn
2056 3744 2243 3811 plausu
2297 3745 2525 3812 peragit,
2579 3759 2676 3796 nec
2713 3743 2940 3811 potestis
2991 3743 3220 3795 diliiteri.
3269 3743 3318 3796 is

1773 3845 2002 3896 namque
2031 3831 2079 3884 in
2109 3833 2338 3899 quodam
2371 3848 2467 3887 suo
2497 3841 2726 3886 tractatu
2760 3834 2832 3898 (1)
2862 3834 3115 3900 post-alia
3150 3835 3318 3887 multa

1771 3919 1961 3974 scribit
1995 3938 2067 3973 τι
2111 3921 2263 3976 Unde
2318 3927 2430 3992 ipsa
2484 3938 2698 3992 quoque
2747 3923 2995 3986 Veritas,
3047 3931 3102 3976 ut
3155 3922 3315 3976 iidem

1772 4007 2045 4078 discipulis
2090 4017 2307 4082 augeret
2339 4051 2353 4074 ,
2400 4015 2567 4068 dixit:
2639 4033 2657 4065 ι
2692 4012 2744 4067 Si
2796 4028 2892 4081 ego
2943 4029 3048 4065 non
3107 4013 3311 4076 abiero,

1772 4097 2080 4155 Paracletus
2132 4119 2238 4158 non
2271 4106 2448 4159 veniet
2479 4105 2545 4158 ad
2577 4121 2721 4159 vos.»
2757 4105 2884 4160 Cum
2920 4104 3060 4155 enim
3084 4113 3310 4167 constet,

1773 4191 1896 4259 quia
1934 4192 2242 4250 Paracletus
2274 4197 2506 4263 Spiritus
2544 4213 2572 4250 a
2622 4196 2778 4250 Patre
2813 4210 3026 4264 semper
3059 4195 3315 4260 procedat

1773 4294 1825 4339 et
1846 4283 2003 4351 Filio,
2037 4301 2132 4339 cur
2153 4302 2211 4340 se
2247 4287 2422 4340 Filius
2448 4302 2780 4341 recessurum
2809 4287 2955 4346 dicit,
3005 4294 3060 4336 ut
3093 4285 3178 4338 ille
3221 4301 3313 4338 ve-

1772 4375 1906 4434 niat,
1959 4375 2049 4440 qui
2085 4389 2114 4426 a
2151 4373 2288 4426 Filio
2321 4390 2591 4443 nunquam
2645 4374 2885 4429 recedit?
2921 4374 3021 4427 Sed
3058 4376 3181 4440 quia
3231 4376 3313 4429 di-

1771 4463 1958 4530 scipuli
1991 4463 2276 4516 Dominum
2329 4465 2379 4516 in
2436 4479 2594 4518 carne
2625 4475 2925 4519 cernentes.
2963 4464 3314 4532 spiritualiter

1771 4566 1982 4619 quoque
2018 4552 2202 4606 videre
2235 4553 2510 4618 sitiebant,
2537 4564 2682 4609 recte
2713 4555 2789 4609 eis
2825 4555 3036 4621 dicitur,
3075 4573 3093 4605 ι
3131 4555 3184 4607 Si
3214 4567 3314 4624 ego

1774 4654 1878 4694 non
1916 4641 2115 4703 abiero,
2149 4642 2459 4698 Paracletus
2499 4659 2602 4699 non
2648 4648 2846 4710 veniet,
2881 4664 2899 4698 ι
2952 4660 3014 4700 ac
3049 4646 3092 4699 si
3126 4655 3312 4713 aperte

1770 4727 2047 4783 diceretur
2077 4748 2090 4782 :
2132 4729 2186 4784 Si
2215 4747 2411 4800 corpus
2443 4748 2547 4786 non
2591 4733 2871 4797 subtraho,
2906 4736 3024 4802 quis
3065 4734 3135 4785 sit
3164 4747 3312 4786 amor

1774 4815 2004 4883 Spiritus
2037 4833 2143 4870 non
2179 4822 2404 4873 ostendo
2437 4837 2451 4872 :
2481 4829 2534 4872 et
2569 4820 2670 4874 nisi
2711 4836 2792 4875 me
2820 4822 3088 4874 desieritis
3123 4836 3310 4874 carna-

1773 4907 1892 4958 liter
1944 4921 2199 4968 ceruere,
2256 4923 2524 4976 nunquam
2579 4923 2661 4961 me
2715 4910 2896 4962 scietis
2959 4910 3309 4979 spiritualiter

1774 5011 1974 5048 amare.
2012 5015 2030 5047 ι
2075 4997 2213 5048 idem
2272 4998 2520 5066 magister
2571 4999 2660 5052 lib.
2699 5015 2712 5051 ι
2750 5000 3047 5061 Moralium,
3089 5016 3206 5067 cap.
3253 5002 3307 5061 8,
3350 4983 3352 4986 6

134 5092 457 5158 σωματικῶς
490 5107 554 5157 με
583 5088 848 5140 παύσεσθε
877 5088 1176 5154 βλέποντες.
1225 5088 1474 5140 οὐδέποτε
1513 5105 1672 5140 πνευ-

1777 5088 1856 5158 sic:
1877 5086 2106 5153 explicat
2139 5104 2150 5138 :
2179 5106 2195 5136 ι
2224 5087 2278 5139 lu
2307 5089 2489 5142 orbem
2514 5089 2625 5142 dies
2647 5091 2872 5143 convivii
2897 5100 3168 5142 transeunt
3189 5103 3338 5146 cuni.

134 5179 377 5244 ματικῶς
415 5172 632 5244 ἀγαπᾷν
661 5174 888 5226 εἴσεσθε.
931 5193 948 5223 ι
994 5173 1053 5226 Ὀ
1083 5175 1241 5236 αὐτὸς
1269 5175 1583 5238 διδάσκαλος
1613 5179 1670 5229 ἑν

129 5269 202 5334 τῷ
231 5264 429 5335 πρώτῳ
462 5263 645 5334 βιϐλίῳ
673 5264 780 5314 τῶν
822 5260 1060 5316 Ἠθικῶν
1095 5263 1279 5326 αὑτοῦ,
1305 5265 1362 5315 ὲν
1394 5264 1669 5334 κεφαλαίῳ

129 5358 353 5422 δεκάτῳ,
383 5353 524 5406 οὕτω
553 5352 801 5418 διέξεισιν
822 5368 834 5381 ·
867 5370 885 5402 ι
941 5351 1026 5402 Ἐν
1053 5352 1118 5419 τῇ
1141 5351 1426 5422 οἰκουμένῃ
1453 5355 1508 5405 αί
1534 5356 1668 5422 ἠμί·

136 5465 220 5514 ραι
253 5446 362 5497 τῶν
393 5445 705 5515 συμποσίων
750 5427 1131 5512 παρέρχονται,
1168 5442 1381 5494 ἐπειδὰν
1427 5444 1534 5496 τῶν
1568 5459 1664 5513 κηο

135 5536 421 5604 ρυγμάτων
472 5535 817 5588 διατελῶνται
862 5536 928 5584 τὰ
968 5531 1260 5598 μυστήρια.
1306 5523 1666 5587 Τελεσθέντων

130 5627 183 5678 δὲ
212 5626 318 5679 τῶν
379 5625 710 5701 συμποσίων,
757 5617 1172 5690 ὁλοκαυτώματα
1213 5622 1239 5673 6
1287 5623 1402 5676 ’1ὼὸ
1437 5626 1665 5694 ἀνήνεγ-

199 5799 274 5871 (ι)
287 5799 506 5869 κῡίσιος.
527 5797 584 5865 2,
622 5799 681 5873 in
700 5798 804 5852 line

1779 5176 2179 5243 pratdicationis
2240 5181 2491 5247 mysteria
2555 5190 2897 5250 peraguntur.
2971 5178 3310 5247 Peractisque

1727 5335 1730 5338 γ
1770 5266 2025 5319 conviviis
2056 5267 2420 5323 holocaustum
2463 5271 2562 5324 Job
2597 5287 2692 5339 pro
2739 5270 2860 5323 ﬁliis
2908 5268 3102 5320 obtulit
3131 5271 3306 5339 :‘quia

1769 5370 1865 5423 pro
1885 5356 2138 5423 apestolis
2181 5357 2246 5411 de
2286 5361 2666 5426 praedicatione
2697 5359 3063 5420 redeuntibus,
3095 5357 3304 5414 Patrem
3379 5428 3387 5435 _

1769 5443 2013 5498 Christus
2041 5445 2346 5515 redemptor
2371 5452 2634 5505 exoravit.
2665 5450 2804 5502 Bene
2831 5457 3008 5502 autem
3043 5447 3307 5502 mittendo

1751 5522 2104 5620 isanctiﬁcare
2147 5540 2364 5610 dicitur,
2417 5548 2540 5614 quia
2580 5546 2703 5598 dum
2731 5543 2988 5609 Spiritum
3037 5549 3303 5605 sanctum,

1769 5630 1856 5698 qui
1902 5645 1929 5683 a
1969 5636 2026 5685 se
2079 5633 2340 5699 procedit,
2397 5636 2774 5705 discipulorum
2819 5633 3064 5691 cordibus
3097 5633 3304 5697 tribuit,
