4006 6340
31 414 189 478 1165

693 411 843 473 PRO
875 409 1088 472 conc.
1131 409 1504 470 FLOBENT.
1547 408 1702 470 CAP.
1743 407 1792 469 ι.
1834 407 1928 467 DE
1970 363 2283 487 smmru
2323 403 2630 466 simc'ro.

3128 402 3262 468 1166

29 531 267 596 Πέτρον
327 525 462 592 Περὶ
512 524 794 590 πίστεως,
829 527 886 578 ὲν
934 525 1211 596 κεφαλαίῳ
1253 524 1441 594 ὀγδόῳ.
1473 523 1596 577 οῦτιι

1721 538 1839 593 cap.
1880 523 1967 586 11,
1996 517 2103 576 ait:
2143 521 2504 577 «Firmissime
2529 531 2668 586 tene,
2707 530 2760 575 et
2791 521 3096 575 nullatenus
3114 522 3272 577 ἀιιΙιῐ-

26 618 228 687 φησί·
284 633 305 667 ι
369 616 693 670 Βεϐαιότατα
747 615 989 678 πίστευε.
1038 617 1132 669 καὶ
1196 615 1336 668 κατᾶ
1409 614 1616 684 μηδένα

23 718 257 782 τρόπον
290 709 619 780 ἀμφίϐαλλε,
657 708 786 762 αὐτὸ
814 709 875 762 τὸ
919 709 1139 778 Πνεῦμα
1172 707 1232 760 τὸ
1275 706 1427 774 ἀγιον
1448 708 1476 760 6
1507 710 1616 761 Πα-

24 803 174 869 τρός
211 805 337 855 ἐστι
371 800 592 870 Πνεῦμα
622 802 717 856 καί
751 801 903 868 Υίού,
937 802 999 854 ὲκ
1029 799 1120 854 τοῦ
1153 800 1363 870 Πατρός
1395 802 1490 853 καὶ
1523 799 1615 851 τοῦ

25 891 176 944 Υἱοῦ
195 891 634 967 ἐκπορεύεσθαι.
664 893 824 961 Λέγει
854 893 962 964 γὰρ
988 894 1014 947 6
1048 892 1174 956 Υίός
1199 909 1211 921 ο
1258 911 1276 944 t
1300 892 1467 946 Ὅταν
1487 891 1616 963 ἕλοη

27 987 59 1037 6
95 984 477 1054 Παράκλητος
501 983 561 1036 τδ
592 984 811 1055 Πνεῦμα
837 985 935 1054 τῆς
964 984 1238 1054 ἀληθείας,
1284 984 1312 1038 6
1342 985 1491 1055 παρά
1521 984 1610 1038 τοῦ

25 1075 270 1146 Πατρὺς
335 1076 772 1148 ὲκπορεύεται”›
818 1077 949 1130 ὅπου
987 1077 1208 1148 Πνεῦμα
1238 1079 1428 1132 ἑαυτοῦ
1479 1073 1612 1130 εἶναι

25 1167 295 1232 ιδίδαξεν
320 1184 334 1200 ³
367 1169 486 1221 ἐπεὶ
515 1169 673 1231 αὑτός
697 1168 845 1222 ἐστιν
878 1170 910 1238 ἡ
952 1170 1198 1239 ἀλήθεια.
1240 1171 1334 1223 Ἐκ
1359 1169 1449 1224 τοῦ
1483 1169 1612 1223 Υἱοῦ

24 1279 91 1313 τε
128 1260 546 1331 ἐκπορεύεσθαι
576 1262 638 1315 τὸ
661 1261 896 1332 Πνεῦμα
926 1263 985 1314 τὸ
1011 1263 1186 1331 ἅγιον,
1211 1263 1304 1315 καὶ
1336 1263 1368 1332 ἠ
1398 1279 1612 1333 προφη-

25 1351 170 1420 τικὴ
202 1353 305 1405 καὶ
335 1353 669 1424 ἀποστολικὴ
695 1353 1014 1408 διδασκαλία
1044 1356 1174 1424 ἡμῖν
1204 1355 1568 1425 παραδίδωσιν
1593 1371 1608 1387 ο

42 1443 298 1505 Ἡσαΐας
325 1444 424 1512 μὲν
453 1445 559 1514 γάρ
589 1462 722 1514 φησι
743 1447 868 1515 περὶ
899 1445 991 1500 τοῦ
1021 1445 1152 1499 Υίοῦ
1177 1462 1222 1500 ἰ
1261 1446 1610 1520 Πατάξειτὴν

27 1535 148 1603 γῆν
186 1537 264 1605 τῇ
319 1535 498 1606 ῥάϐδῳ
530 1535 623 1590 τοῦ
680 1522 943 1606 στόματος
974 1537 1158 1603 αὐτοῦ,
1197 1540 1288 1593 καὶ
1318 1540 1415 1612 ἷτῷ
1448 1541 1610 1594 πνεύ-

29 1643 178 1691 ματι
216 1624 581 1695 τῶν’χειλέων
608 1626 770 1680 αὑτοῦ
796 1628 975 1680 ἀνελεῖ
997 1629 1087 1682 τὸν
1117 1629 1286 1698 ἀσεϐῆ
1305 1670 1318 1682 .
1341 1648 1359 1682 ι
1397 1633 1528 1700 Περὶ
1551 1625 1610 1686 οὗ

27 1734 181 1785 φησι
223 1717 322 1770 καὶ
348 1719 376 1769 6
407 1716 753 1793 q'AWSﬂOIOﬁ
803 1702 937 1773 «eoi
960 1721 988 1772 6
1021 1719 1220 1790 Κύριος
1257 1720 1461 1790 Ἰησοῦς
1487 1728 1611 1777 ἀνε-

25 1807 123 1859 λεῖ
157 1806 241 1876 τῷ
271 1805 536 1876 πνεύματι
576 1807 670 1861 τοῦ
699 1809 962 1877 στόματος
990 1809 1214 1863 αὐτοῦ.»
1280 1811 1337 1865 '0
1367 1812 1523 1873 αὐτὸς
1553 1814 1610 1866 ἐν

27 1897 116 1964 τῷ
151 1900 392 1968 εἰκοστῷ
422 1898 818 1970 κεφαλαίῳτοῦ
846 1902 1104 1970 τετάρτου
1135 1901 1339 1972 βιϐλίου
1366 1903 1457 1954 τοῦ
1482 1905 1609 1974 περὶ

27 1988 309 2055 Τριὰδος,
332 1988 390 2041 οῦ
423 1990 454 2057 ἡ
485 1989 624 2059 ἀρχή
644 2003 658 2018 °
695 2007 714 2040 ι
740 1989 806 2042 Εί
826 1990 881 2042 δὲ
909 1991 1004 2042 καὶ
1027 1992 1166 2044 κατὰ
1192 1993 1251 2045 τὺ
1283 1993 1610 2047 ἀποστέλλε·

32 2079 171 2130 σθαι
213 2081 372 2149 παρά
397 2077 491 2131 τοῦ
524 2080 738 2146 Πατρδς
769 2080 798 2131 6
827 2080 952 2142 Υίδς
972 2080 1210 2148 λέγεται,
1235 2101 1255 2134 ι
1286 2084 1422 2154 μετά
1441 2084 1610 2140 πολλά

27 2170 182 2222 ἄλλα
244 2169 415 2238 φησί’
452 2188 470 2221 ι
503 2170 612 2224 Καὶ
641 2169 830 2242 ὥσπερ
869 2171 947 2242 τῷ
977 2172 1248 2245 Πνεύματι
1278 2175 1355 2244 τῷ
1389 2169 1526 2245 ἁγίῳ
1551 2175 1610 2229 τὸ

25 2261 182 2314 Θεοῦ
227 2261 402 2330 δῶρον
453 2253 616 2323 εἶναι,
649 2261 709 2315 τὸ
741 2264 804 2315 ὲκ
831 2261 925 2314 τοῦ
968 2263 1181 2334 Πατρὸς
1219 2265 1608 2334 ἐκπορεύεσθαι

25 2356 218 2417 ἐστιν,
250 2353 394 2407 οὕτω
438 2355 616 2408 καὶτὸ
646 2353 980 2424 πέμπεσθαι,
1011 2356 1070 2408 τὸ
1108 2356 1488 2426 γινώσκεσθαι,
1522 2361 1604 2414 ὅτι

25 2449 95 2510 ἐξ
127 2447 345 2500 ἐκείνου
390 2446 750 2518 ὲκπορεύεταί
792 2448 959 2502 ἔστιν.
993 2449 1066 2502 Οὐ
1103 2450 1286 2518 μέντοι
1333 2451 1606 2518 δυνάμεθα

25 2539 228 2605 λέγειν
253 2540 335 2592 ὅτι
359 2539 420 2592 τδ
450 2539 670 2608 Πνεῦμα
701 2538 759 2592 τὸ
785 2539 940 2608 ἅγιον
994 2541 1113 2610 οὐχὶ
1144 2544 1234 2594 καὶ
1259 2543 1320 2594 ἐκ
1348 2542 1440 2596 τοῦ
1477 2544 1604 2598 Υίοῦ

25 2629 428 2699 ἐκπορεύεται,
455 2629 576 2682 οὐδὲ
608 2630 717 2701 γὰρ
763 2631 938 2700 μάτην
975 2632 1034 2684 τὸ
1061 2633 1192 2686 αὐτὸ
1233 2633 1475 2703 Πνεῦμα,
1512 2639 1605 2690 καὶ

30 2723 260 2792 Πατρὸς
289 2720 383 2774 καὶ
403 2720 534 2774 Υίοῦ
558 2721 778 2793 Πνεῦμα
807 2723 1053 2790 λέγεταιο
1083 2723 1207 2777 οῦτε
1242 2725 1348 2794 μὴν
1376 2728 1601 2797 συνορῶ,

25 2815 88 2866 τί
127 2831 264 2866 ποτε
296 2814 483 2884 ἕτερον
519 2816 755 2884 σημᾶναι
781 2814 1054 2884 ἠϐούλετο,
1081 2817 1244 2889 ἡνίκα
1281 2819 1602 2889 ὲμφυσήσας

27 2908 118 2968 είς
151 2908 212 2959 τὸ
233 2908 521 2977 πρόσωπον
545 2906 651 2960 τῶν
676 2905 949 2976 μαθητῶν,
980 2903 1122 2977 εἷπε,
1143 2907 1349 2962 Λάϐετε
1380 2909 1602 2980 Πνεῦμα

28 2999 220 3066 ἅγιον.
269 2996 406 3052 Οὐδὲ
453 2997 562 3067 γὰρ
601 2998 662 3050 τὸ
710 2997 1015 3067 σωματικὸν
1056 2999 1231 3054 ἐκεῖνο
1279 3001 1597 3074 ἐμφύσημα,

33 3091 138 3143 σὺν
171 3089 424 3158 αἰσθήσει
473 3089 565 3143 τοῦ
615 3089 940 3157 σωματικῶς
987 3091 1266 3160 θιγγάνειν
1311 3097 1502 3164 προϊὸν
1538 3099 1600 3149 ὲκ

1722 628 1824 681 tes,
1859 618 2106 673 eumdem
2139 617 2394 687 Spiritum
2425 615 2812 684 sant-tuin.‘qui
2858 614 3034 670 Patris
3063 627 3113 669 et
3145 615 3264 668 Filii

1681 725 1861 765 unus
1892 719 1974 764 est
2022 708 2272 777 Spiritus,
2326 709 2392 763 de
2436 702 2594 762 Patre
2639 715 2695 762 et
2742 705 2879 761 Filio
2923 707 3216 786 procedere
3253 722 3268 760 :

1720 801 1849 855 dicit
1878 800 2022 853 enim
2047 798 2236 863 Filius,
2283 816 2302 850 ι
2331 799 2462 853 Cum
2494 798 2700 852 venerit
2739 795 2972 866 Spiritus
3002 797 3267 856 veritatis.

1718 893 1808 960 qui
1861 906 1891 945 a
1938 891 2090 946 Patre
2145 891 2403 961 procedit,
2436 908 2456 942 ι
2501 890 2590 944 ubi
2646 886 2906 958 Spiritum
2943 900 3099 941 suum
3145 902 3268 942 esse

1718 981 1922 1044 docuit,
1950 983 2075 1051 quia
2109 981 2220 1051 ipse
2246 990 2329 1035 est
2362 985 2582 1035 veritas.
2619 979 2693 1033 De
2727 976 2861 1033 Filio
2891 993 3106 1047 quoque
3141 993 3265 1048 pro-

1719 1073 1912 1128 cedere
1947 1072 2204 1140 Spiritum
2236 1080 2481 1127 sanctum
2519 1069 2830 1139 prophetica
2868 1079 3025 1139 atque
3052 1079 3267 1140 aposto-

1715 1159 1813 1215 lica
1842 1161 2083 1215 doctrina
2129 1162 2287 1217 nobis
2339 1161 2703 1235 commendat.
2754 1159 2917 1214 Isaias
2960 1161 3101 1213 enim
3138 1158 3269 1214 dicit

1716 1253 1782 1308 de
1813 1251 1946 1307 Filio
1970 1269 1986 1308 :
2017 1251 2533 1308 «Percutietterram
2559 1253 2703 1322 virga
2728 1266 2764 1306 'o
2797 1252 2841 1306 is
2866 1253 2973 1316 sui,
2993 1260 3048 1305 et
3076 1252 3271 1321 spiritu

1715 1335 1978 1402 labiorum
2012 1359 2244 1400 suorum
2285 1345 2570 1400 interﬂciet
2620 1346 2842 1414 impium
2870 1345 2992 1410 ης»
3035 1345 3102 1398 de
3157 1357 3267 1412 quo

1713 1447 1768 1493 et
1824 1438 2160 1508 Apostolus:
2198 1429 2406 1504 «Quem
2471 1438 2726 1492 interﬁcit
2781 1439 3040 1492 Dominus
3100 1437 3260 1492 Jesus

1713 1533 1906 1603 spiritu
1937 1533 2048 1586 oris
2078 1531 2120 1564 ³¹
2151 1532 2255 1586 sui.
2285 1548 2304 1583 ι
2357 1530 2500 1587 ldem
2533 1545 2652 1602 cap.
2700 1530 2769 1584 20
2812 1530 2930 1583 libri
2965 1529 3144 1599 quarti
3187 1529 3264 1584 De

1713 1622 1998 1689 Trinitale,
2044 1623 2134 1693 qui
2171 1623 2360 1692 incipit
2398 1641 2410 1676 :
2476 1642 2494 1674 ι
2523 1621 2577 1677 Si
2614 1635 2792 1676 autem
2825 1620 3125 1676 secundum
3163 1620 3266 1674 hoc

1713 1717 1908 1772 missus
1931 1732 1960 1772 a
1992 1717 2174 1784 Patre,
2207 1736 2224 1768 ι
2259 1726 2380 1787 post
2399 1717 2568 1774 multa
2614 1717 2715 1770 alia
2747 1716 2877 1770 dicit
2910 1734 2925 1769 :
2989 1734 3007 1767 ι
3035 1716 3098 1770 Ει
3126 1716 3268 1769 sicut

1713 1807 1934 1871 Spiritui
1966 1819 2154 1864 saneto
2179 1810 2380 1864 donum
2417 1808 2510 1864 Dci
2540 1823 2684 1873 esse,
2715 1819 2797 1862 est
2829 1823 2859 1861 a
2888 1807 3046 1863 Patre
3078 1793 3267 1877 proce-

1644 1873 1683 1929 Β
1710 1895 1858 1964 dere,
1907 1898 1979 1951 ita
2003 1896 2144 1952 mitti
2175 1905 2258 1951 est
2285 1900 2553 1966 cognosci,
2581 1899 2718 1966 quod
2749 1897 2816 1952 ab
2848 1896 2940 1951 illo
2973 1873 3261 1966 procedat:

1710 2000 1814 2040 nec
1846 2001 2130 2054 possumus
2163 1986 2343 2044 dicere
2371 1987 2512 2056 quod
2547 1987 2779 2057 Spiritus
2808 1995 3025 2041 sanctus
3057 1998 3164 2063 non
3202 1995 3260 2039 et

1709 2091 1736 2130 ιι
1781 2075 1916 2132 Filio
1951 2079 2247 2147 procedat:
2279 2094 2454 2150 neque
2498 2063 2697 2134 frustra
2731 2078 2874 2133 idem
2924 2077 3157 2148 Spiritus
3208 2086 3263 2130 et

1710 2169 1884 2225 Patris
1909 2181 1964 2226 et
1996 2168 2114 2226 Filii
2141 2172 2372 2243 Spiritus
2387 2173 2602 2234 dicitur,
2645 2187 2745 2227 nec
2769 2171 2926 2226 video
2955 2170 3082 2241 quid
3116 2158 3259 2223 aliud

1708 2245 2011 2332 signiﬁcare
2047 2262 2298 2329 voluerit,
2326 2277 2447 2316 cum
2502 2257 2728 2317 suiﬂans
2762 2262 2814 2315 in
2847 2261 3042 2317 faciem
3098 2258 3263 2314 disci-

1691 2353 1981 2422 pulorum,
2057 2354 2135 2409 ait
2185 2368 2203 2407 :
2240 2372 2290 2421 ,ι
2318 2353 2559 2424 Accipite
2618 2353 2879 2423 Spiritum
2921 2362 3180 2422 sanctum
3207 2368 3256 2414 :-

1708 2461 1895 2515 neque
1915 2445 2062 2501 enim
2095 2445 2250 2500 ﬂatus
2289 2445 2376 2502 ille
2402 2459 2692 2514 corporeus
2715 2460 2837 2498 eum
2868 2458 3032 2498 sensu
3061 2457 3258 2512 corpo-

1705 2540 1890 2593 raliter
1944 2539 2196 2610 tangendi
2249 2538 2550 2607 procedens
2601 2551 2666 2592 ει
2729 2537 3258 2604 corpore,‘substan-

1705 2633 1776 2687 tia
1834 2631 2068 2702 Spiritus
2133 2631 2303 2686 sancti
2361 2631 2484 2695 fuit,
2549 2631 2640 2686 sed
2716 2629 3106 2685 demonstratio
3159 2643 3256 2698 per

1705 2739 1995 2794 congruam
2055 2724 2527 2793 significationem,
2593 2737 2702 2778 non
2754 2732 3016 2778 tantuma
3071 2722 3252 2780 Patre.

1701 2817 1896 2889 sedet
1926 2830 1957 2870 a
2007 2815 2144 2869 Filio
2169 2816 2464 2885 procedere
2504 2815 2762 2884 Spiritut‘n
2798 2825 3065 2870 sanctum.
3119 2814 3253 2879 Quis

1701 2909 1844 2965 enim
1870 2909 2334 2976 dementissimus,
2367 2910 2564 2965 dixerit
2583 2910 2750 2964 alium
2778 2911 2944 2965 fuisse
2969 2909 3249 2977 Spiritum,

1676 3016 1859 3081 quem
1887 3001 2104 3058 suillans
2133 3002 2298 3065 dedit,
2351 3012 2406 3056 et
2435 3002 2598 3056 alium
2631 3017 2792 3071 quem
2829 3011 2948 3071 post
2975 3002 3251 3058 ascensio-

1699 3109 1821 3148 nem
1877 3093 2059 3148 misit?
2097 3115 2115 3147 ι
2177 3094 2320 3148 Idem
2355 3110 2405 3151 c.
2470 3095 2536 3148 17
2582 3095 2676 3150 lib.
2721 3110 2791 3150 xv
2832 3095 2907 3150 De
2959 3095 3247 3164 Trinitate,

26 3182 132 3233 τοῦ
179 3181 461 3266 σεόματοςι
488 3184 518 3250 ἡ
542 3180 701 3235 ούσία
721 3183 813 3235 τοῦ
846 3183 999 3248 ἁγίου
1024 3180 1338 3254 Πνεύματος
1367 3183 1455 3257 ἦν,
1481 3187 1595 3241 ἀλλ’

1699 3187 1787 3256 qui
1819 3186 2005 3256 incipit
2039 3203 2052 3257 ς
2112 3204 2131 3238 ι
2163 3187 2303 3241 Satis
2323 3186 2390 3241 de
2431 3186 2589 3243 Patre
2619 3199 2672 3243 et
2701 3185 3069 3258 Filio,r'juxla
3103 3191 3250 3260 prin-

28 3271 264 3338 ἔνδειξις
290 3271 377 3325 διὰ
409 3263 737 3342 καταλλήλου
767 3272 1067 3340 δηλώσεως,
1104 3275 1176 3344 μὴ
1215 3277 1374 3344 μόνον
1405 3277 1467 3329 ἐκ
1498 3279 1591 3331 τοῦ

29 3361 280 3429 Πατρδς,
331 3363 465 3415 ἀλλὰ
517 3367 610 3415 καὶ
668 3364 731 3416 ὲκ
773 3363 868 3416 τοῦ
920 3362 1050 3417 Υίοῦ
1108 3366 1504 3436 ἐκπορεύεσθαι
1533 3370 1593 3422 τὸ

29 3455 265 3523 Πνεῦμα
295 3454 356 3506 τὸ
392 3451 564 3520 ειγιον.
600 3453 695 3518 Τίς
726 3455 834 3525 γὰρ
860 3454 925 3510 ἂν
972 3456 1314 3521 ἀτοπώτατος
1348 3458 1590 3530 φήσειεν,

28 3550 230 3616 ιτερον
261 3547 360 3615 μὲν
397 3540 536 3599 εἶναι
583 3547 720 3617 ὅπερ
751 3549 1072 3618 ὲμφυσήσας
1108 3549 1356 3615 δέδωκεν,
1408 3553 1593 3624 ἕτερον

25 3641 86 3692 δὲ
125 3639 153 3690 6
191 3637 328 3707 μετὰ
356 3637 454 3705 τὴν
483 3638 748 3706 ἀνάληψιν
777 3637 938 3691 αὐτοῦ
980 3639 1296 3709 πέπομφεν;
1341 3659 1360 3692 ι
1414 3642 1472 3695 Ὀ
1498 3644 1590 3694 αύ-

27 3733 128 3792 τδς
166 3731 225 3780 ιν
255 3729 331 3796 τῷ
352 3729 792 3798 ἑπτακαιδεκάτῳ
820 3733 1092 3796 κεφαλαίῳ
1118 3731 1209 3784 τοῦ
1247 3737 1590 3786 πεντεκαιδε-

29 3825 209 3877 κάτου
239 3820 461 3888 βιϐλίου,
491 3822 583 3873 τοῦ
615 3825 740 3891 περὶ
768 3823 1013 3892 Τριάδος,
1043 3815 1103 3875 οὗ
1134 3825 1166 3893 ἡ
1200 3825 1362 3894 ἀρχὴ,
1391 3843 1410 3874 ι
1439 3826 1588 3890 Ἅλις

30 3918 138 3984 μὲν
187 3911 283 3966 οῦν
332 3913 459 3983 περὶ
505 3912 716 3981 Πατρ’ς
749 3915 841 3966 καὶ
871 3914 1017 3979 Υίοῦ,
1051 3932 1069 3965 ι
1103 3914 1326 3982 ἔγγιστά
1353 3933 1454 3969 που
1489 3917 1588 3986 τῆς

27 4007 234 4076 ἀρχῆς,
265 4004 406 4058 οὕτω
438 4009 600 4076 φησίν
620 4021 634 4036 '
671 4022 691 4057 ι
741 4007 912 4070 Ὠς-τὸ
937 4005 1153 4076 Πνεῦμα
1185 4007 1245 4060 τὸ
1270 4007 1425 4075 ἅγιον
1453 4011 1588 4063 κατὰ

26 4102 131 4159 τὰς
187 4100 337 4167 ἱερὰς
393 4092 788 4169 Γραφά;,κοῦτε
819 4098 913 4150 τοῦ
970 4099 1176 4169 Πατρός
1227 4103 1342 4152 ἐστι
1398 4101 1582 4168 μόνου,

26 4188 158 4242 οὔτε
192 4186 285 4240 τοῦ
320 4186 448 4240 Υίοῦ
477 4189 659 4255 μόνου,
692 4189 809 4242 ἀλλ’
839 4192 1060 4258 ἀμφοῖν,
1097 4207 1117 4240 ι
1154 4191 1244 4242 καὶ
1278 4193 1414 4258 μετά
1443 4209 1583 4257 τινα,

34 4302 53 4332 ι
98 4276 262 4336 Οῦτω
297 4278 404 4347 γὰρ
441 4280 534 4332 καὶ
556 4283 584 4333 6
617 4280 821 4351 Πατὴρ,
865 4282 995 4344 Θεός
1017 4298 1030 4314 °
1065 4284 1162 4336 καὶ
1185 4287 1211 4336 6
1244 4284 1387 4353 Υἱὸς,
1421 4285 1548 4343 Θεὸς
1569 4303 1581 4315 ·

29 4375 129 4426 καὶ
159 4372 221 4423 τὸ
270 4370 489 4438 Πνεῦμα
523 4371 582 4423 τὸ
627 4373 800 4439 ἅγιον,
853 4373 981 4436 Θεός
1005 4389 1020 4405 ο
1053 4375 1146 4427 καὶ
1197 4375 1327 4444 ὁμοῦ
1365 4376 1584 4438 πάντες,

29 4462 112 4526 εἷς
152 4462 308 4515 Θεόε.
341 4462 447 4513 Καὶ
485 4463 669 4531 μέντοι
699 4463 761 4514 οὐ
799 4465 974 4533 μάτην
1007 4465 1063 4516 ἐν
1107 4465 1234 4534 τῇδε
1271 4467 1334 4533 τῇ
1367 4466 1578 4535 Τριὰδι,

1698 3279 1897 3347 cipium
1935 3281 2014 3333 sic
2046 3279 2158 3333 ait:
2211 3299 2229 3332 ι
2257 3278 2410 3346 Quod
2445 3278 2678 3350 Spiritus
2706 3291 2925 3337 sanctus
2947 3286 3243 3339 secundum

1696 3369 2002 3441 Seripturas
2036 3385 2253 3428 sanctas
2306 3389 2403 3428 nec
2435 3374 2608 3430 Patris
2639 3372 2809 3434 solius
2835 3385 2938 3441 est,
2990 3391 3089 3431 nec
3123 3376 3240 3431 Filii

1696 3463 1882 3527 solius,
1939 3464 2032 3518 sed
2086 3467 2403 3531 amborum;
2447 3484 2466 3517 ι
2501 3474 2555 3520 et
2603 3475 2725 3538 post
2759 3467 3006 3534 qua-dam
3045 3486 3058 3521 :
3099 3487 3116 3518 ι
3154 3467 3265 3523 δίο

1679 3549 1840 3625 enim
1888 3560 1937 3606 et
1973 3549 2133 3607 Pater
2165 3551 2324 3619 Deus,
2356 3563 2410 3608 et
2438 3554 2628 3619 Filius,
2656 3564 2713 3611 et
2755 3555 2987 3626 Spiritus
3024 3567 3244 3612 sanctus

1696 3636 1857 3704 Deus,
1916 3649 1972 3694 et
2021 3643 2180 3696 simul
2235 3658 2422 3698 omnes
2453 3661 2593 3702 unus
2631 3647 2789 3701 Deus.
2835 3646 2899 3701 Et
2927 3657 3102 3701 tamen
3135 3665 3242 3702 non

1691 3728 1894 3784 frustra
1943 3733 1994 3784 in
2030 3732 2132 3786 hac
2179 3733 2445 3788 Trinitate
2495 3751 2600 3788 non
2646 3736 3106 3800 dicituerrbum
3148 3737 3243 3793 Dei

1692 3819 1795 3872 nisi
1837 3817 2030 3884 Filius,
2070 3833 2169 3875 nec
2206 3822 2405 3876 donum
2445 3822 2562 3888 Dei,
2598 3824 2696 3878 nisi
2730 3824 2966 3895 Spiritus
3001 3829 3242 3891 sanctus,

1694 3925 1790 3965 nec
1821 3911 1889 3965 de
1907 3926 2014 3980 quo
2041 3912 2283 3982 genitum
2313 3925 2394 3968 est
2419 3915 2670 3980 Verbum,
2691 3917 2827 3971 etde
2855 3933 2962 3987 quo
2993 3922 3240 3990 procedit

1687 4002 2061 4072 principaliter
2116 4003 2348 4073 Spiritus
2398 4017 2634 4071 sanctus,
2696 4011 2798 4064 nisi
2863 4010 3003 4064 Deus
3056 3997 3233 4064 Pater.

1690 4093 1816 4149 Ideo
1841 4104 2021 4150 autem
2059 4097 2239 4151 addidi
2286 4113 2304 4146 t
2333 4090 2737 4168 principaliter:
2770 4102 2892 4170 quia
2922 4113 2978 4156 et
3003 4101 3068 4154 dc
3103 4102 3236 4154 Filio

1689 4189 1926 4261 Spiritus
1980 4201 2200 4250 sanctus
2254 4194 2553 4262 procedere
2613 4195 2902 4262 reperitur.
2967 4194 3074 4248 Sed
3136 4197 3236 4249 hoc

1687 4282 1987 4351 quoqueilli
2019 4281 2172 4337 Pater
2193 4284 2342 4339 dedit
2361 4299 2468 4337 non
2489 4285 2597 4353 jam
2622 4285 2902 4338 exsistenti
2925 4287 3235 4341 etnundum

1687 4371 1942 4437 habenti;
2003 4373 2097 4426 sed
2132 4373 2388 4441 quidquid
2422 4375 2700 4442 unigenito
2730 4373 2900 4430 Verbo
2942 4374 3112 4440 dedit,
3159 4381 3237 4448 gi-

1686 4464 1901 4531 gnendo
1946 4463 2116 4520 dedit.
2176 4464 2267 4518 Sic
2310 4480 2440 4534 ergo
2473 4481 2596 4537 eum
2625 4467 2831 4535 genuit,
2869 4478 2926 4522 ut
2971 4470 3132 4524 etiam
3167 4475 3234 4524 de

28 4559 92 4609 οὐ
123 4556 339 4621 λέγεται
385 4528 551 4619 Λόγος
602 4552 760 4617 Θεοῦ,
803 4528 867 4606 τεί
903 4528 977 4623 μὴ
1007 4556 1034 4606 6
1249 4528 1366 4608 οὐδὲ
1411 4528 1581 4626 δῶρον

1696 4553 1777 4607 illo
1806 4554 2005 4607 denunt
2037 4569 2326 4610 commune
2385 4532 2809 4644 procederctfet
2841 4558 3230 4630 Spiritus'san-

28 4645 198 4708 Θεοῦ,
228 4642 273 4695 εί
303 4643 376 4712 μὴ
410 4643 468 4696 τδ
505 4642 725 4713 Πνεῦμα
765 4645 825 4696 τὸ
865 4645 1050 4712 ἅγιονο
1078 4646 1200 4700 οὐδὲ
1236 4646 1293 4711 ἐξ
1322 4646 1380 4699 οὗ
1428 4649 1581 4715 ἐγεν-

28 4739 177 4810 νήθη
206 4736 234 4789 6
261 4735 446 4803 Λόγος,
483 4735 576 4789 καὶ
618 4737 676 4802 ἐξ
708 4730 767 4790 οὒ
813 4739 1167 4808 ἐκπορεύεται
1196 4741 1488 4812 ἀρχοειδῶς
1521 4742 1581 4794 τὸ

32 4831 267 4899 Πνεῦμα
317 4828 374 4881 τὸ
425 4827 598 4896 ἀγιον,
645 4830 693 4881 εί
735 4828 809 4900 μὴ
854 4831 881 4882 6
910 4830 1042 4893 Θεὸς
1091 4832 1182 4885 καὶ
1223 4833 1429 4904 Πατήρ.
1484 4833 1584 4886 Διά

31 4923 196 4977 τοῦτο
230 4918 286 4972 δὲ
317 4919 675 4986 προστέθεικα
704 4920 1017 4988 ἀρχοειδῶς,
1050 4921 1238 4996 ἑπειδὴ
1275 4926 1369 4976 καὶ
1399 4925 1462 4977 ἐκ
1489 4923 1582 4976 τοῦ

33 5011 171 5067 Υίοῦ
200 5008 290 5060 τοῦ
318 5006 473 5075 Θεοῦ,
504 5007 564 5063 τὸ
608 5007 828 5077 Πνεῦμα
861 5010 918 5060 τὸ
948 5011 1101 5077 ἇγιον
1148 5013 1459 5082 εὑρίσκεται
1491 5017 1582 5066 tx-

36 5101 427 5173 πορευόμενον.
475 5101 616 5152 Ἀλλ’
647 5101 833 5173 ἐπειδὴ
867 5107 960 5153 καὶ
986 5103 1143 5156 τοῦτο
1170 5106 1318 5174 αὐτῷ
1342 5108 1369 5159 6
1398 5108 1584 5177 Πατὴρ

36 5198 262 5256 ἔδωκεν,
295 5192 390 5244 οὐκ
419 5191 519 5262 ἥδη
550 5192 876 5262 ὑφεστηκότι
921 5199 1012 5250 καὶ
1047 5195 1213 5269 μήπω
1241 5196 1438 5271 ἔχοντι,
1468 5199 1584 5250 ἀλλ’

36 5290 63 5341 ὅ
89 5304 143 5340 τι
173 5282 300 5337 ποτὲ
324 5283 399 5350 τῷ
434 5284 711 5350 μονογενεῖ
739 5284 895 5352 Λόγῳ
920 5286 1170 5352 δέδωκεν,
1201 5291 1259 5342 ἐν
1282 5292 1357 5360 τῷ
1387 5291 1580 5361 γεννᾷν

36 5381 287 5434 δέδωκεν.
324 5374 504 5451 Οὕτως
533 5376 640 5443 ἄρα
674 5376 834 5453 αὐτον
868 5376 1171 5448 ἐγέννησεν,
1219 5382 1293 5444 ώς
1329 5385 1384 5448 ἑξ
1411 5385 1573 5437 αὑτοῦ

40 5470 100 5521 τὸ
125 5466 294 5534 δῶρον
319 5465 490 5520 κοινὸν
518 5466 903 5536 προέρχεσθαι,
937 5469 1030 5525 tui.
1055 5470 1275 5538 Πνεῦμα
1302 5474 1522 5543 ἀμφοῖν,
1551 5495 1569 5527 ι

53 5561 110 5612 ὐ
139 5557 296 5616 αὐτὸς
324 5557 380 5607 ὲν
421 5556 500 5627 τῷ
529 5558 753 5625 εἰκοστῷ
785 5557 927 5626 ἕκτῳ
976 5560 1256 5630 κεφαλαίῳ
1288 5564 1382 5616 τοῦ
1410 5567 1574 5619 αὐτοῦ

47 5649 268 5722 βιϐλίου,
293 5643 350 5701 οῦ
379 5648 410 5716 ή
438 5647 576 5716 ἀρχή
604 5660 618 5675 ⁸
656 5666 674 5699 ι
703 5650 928 5702 Ἔπειτα
951 5650 1007 5702 δὲ
1032 5653 1088 5702 ἐν
1109 5655 1170 5722 τῇ
1191 5653 1337 5726 ἄκρᾳ
1360 5655 1572 5725 Τριάδι,

123 5827 168 5857 ³⁰
198 5824 294 5882 lsa.
326 5839 398 5891 ιι,
429 5823 479 5879 4.
577 5821 677 5878 “ll
703 5821 893 5877 Thess.
931 5837 991 5889 ιι,
1021 5824 1071 5879 8.

1683 4656 1799 4701 ctus
1851 4645 2077 4715 Spiritus
2127 4655 2271 4700 esset
2332 4649 2633 4703 amborum.
2671 4668 2690 4702 ι
2755 4651 2900 4704 Idem
2946 4653 3118 4720 capite
3159 4653 3228 4704 26

1683 4740 1920 4810 ejusdem
1947 4738 2089 4802 libri,
2117 4741 2254 4808 quod
2285 4741 2471 4806 incipit
2501 4759 2514 4794 :
2547 4761 2564 4791 ι
2593 4743 2793 4796 Deinde
2822 4742 2874 4798 in
2907 4743 2997 4805 illa
3019 4762 3226 4800 summa

1683 4831 1964 4906 Trinitate,
1994 4850 2012 4883 ι
2053 4831 2129 4885 sic
2163 4834 2238 4885 ait
2271 4849 2285 4885 :
2324 4852 2340 4882 ι
2365 4833 2704 4902 Quapropter
2732 4836 2822 4902 qui
2861 4846 3038 4903 potest
3070 4841 3229 4893 intel-

1684 4925 1848 4995 ligere
1891 4923 2009 4978 sine
2060 4932 2300 4991 tempore
2339 4924 2739 4989 generationem
2771 4924 2892 4979 Filii
2946 4929 3013 4981 de
3042 4930 3224 4992 Patre,

1681 5014 1942 5083 intelligat
2007 5012 2125 5066 sine
2193 5023 2435 5080 tempore
2511 5015 2906 5082 processioncm
2991 5020 3225 5088 Spiritus

1681 5105 1850 5160 sancti
1921 5105 1988 5158 de
2016 5112 2266 5172 utroque.
2301 5105 2363 5157 Et
2392 5107 2480 5175 qui
2516 5115 2688 5175 potest
2723 5107 3020 5179 intelligere
3049 5112 3102 5166 in
3134 5131 3222 5175 eo,

1679 5197 1822 5264 quod
1854 5195 1930 5248 ait
1957 5194 2144 5259 Filius,
2164 5193 2352 5261 tSicut
2377 5194 2534 5250 Pater
2565 5195 2725 5249 habet
2746 5197 2904 5251 vitam
2936 5199 2988 5252 itt
3024 5214 3224 5254 st'mct-

1680 5288 1814 5356 ipso,
1865 5288 1943 5340 sic
1975 5287 2120 5341 dedit
2150 5286 2284 5342 Filio
2317 5289 2477 5342 vitam
2515 5289 2711 5342 habere
2744 5289 2798 5343 in
2849 5293 3166 5360 semetipso,
3199 5313 3215 5343 ι

1681 5394 1788 5436 non
1849 5379 1965 5432 sine
2019 5380 2127 5433 vita
2182 5381 2461 5434 exsistcnti
2492 5379 2597 5449 jam
2628 5377 2785 5447 Filio,
2816 5382 2976 5436 vitam
3007 5381 3218 5436 P'alrem

1681 5475 1893 5543 dedisse
1925 5491 1940 5528 :
1999 5470 2092 5528 sed
2152 5473 2221 5528 ita
2253 5489 2376 5528 eum
2428 5474 2544 5529 sine
2576 5484 2811 5545 tempore
2855 5473 3124 5544 genuisse,
3161 5489 3219 5528 nt

1685 5567 1811 5630 vita,
1845 5579 2002 5632 quam
2058 5564 2216 5619 Pater
2251 5565 2386 5621 Filio
2429 5565 2694 5636 gignendo
2741 5564 2906 5627 dedit,
2951 5570 3212 5616 comtt-rna

1683 5657 1752 5711 sit
1783 5655 1900 5710 vita:
1935 5653 2110 5711 Patris
2140 5657 2229 5726 qui
2273 5659 2437 5724 dedit,
2475 5658 2758 5726 intelligat;
2793 5666 2844 5708 et
2887 5653 3029 5708 sicut
3056 5653 3214 5708 Pater
