4006 6340
759 541 892 613 1171

1937 545 2022 606 IO
2038 546 2255 605 SEPHI
2306 545 2356 604 Μ
2368 547 2855 608 Ε’ῙΊ-ΙΟΝΕΝΒΙΞ

3815 544 3936 607 1172

755 659 960 715 scilicet
990 672 1057 712 ex
1100 654 1254 710 Patre
1279 666 1332 710 et
1382 655 1540 711 Filio.
1597 655 1665 710 Et
1693 662 1749 709 ut
1781 654 1834 708 id
1869 657 2092 710 testibus
2117 665 2293 710 osten-

2405 656 2615 727 Πατρὸς
2643 656 2773 710 Υἱοῦ
2819 674 2875 708 τε
2929 653 3373 724 ἐκπορευόμενον.
3412 671 3432 706 ι
3463 624 3540 706 ’Ὀ
3587 652 3752 716 αὐτὸς
3804 655 3858 707 ἐν
3881 659 3946 726 τῷ

753 754 899 815 dam,
926 751 1208 804 Dominum
1239 760 1482 804 nostrum
1523 749 1708 805 Jesum
1737 749 2007 805 Christum
2053 750 2292 818 discipu-

2409 748 2555 817 αὐτῷ
2576 747 2871 817 κεφαλαίῳ*
2904 746 3068 800 «Οὐδέ
3087 748 3193 816 γὰρ
3225 745 3282 796 ἐν
3311 744 3495 817 ἐκείνῃ
3615 744 3812 812 Τριάδι
3837 747 3950 798 ἴδιον

755 845 835 896 los
862 857 987 896 suos
1019 843 1295 897 docentem
1337 844 1463 897 audi
1496 860 1509 896 :
1550 861 1567 894 ι
1592 842 1814 908 Quando
1839 842 2066 901 venerit.
2105 842 2297 910 inquit,

755 933 1081 998 Paracletus,
1106 949 1264 1003 quem
1298 950 1398 1004 ego
1433 935 1640 988 mittam
1678 935 1832 988 vobis
1859 949 1887 987 a
1922 933 2103 997 Patre,
2129 934 2301 1001 Spiri-

756 1033 867 1074 tum
901 1023 1160 1086 veritatis,
1197 1024 1287 1092 qui
1322 1038 1349 1076 a
1382 1021 1540 1076 Patre
1569 1021 1827 1090 procedit,
1863 1022 1952 1077 ille
1987 1023 2300 1077 testiﬁcabi-

757 1127 844 1165 tur
893 1113 958 1166 de
1000 1129 1103 1168 me.
1133 1133 1151 1165 ι
1230 1114 1296 1168 Ει
1344 1129 1532 1167 rursus
1597 1113 1739 1166 idem
1808 1113 2066 1169 Dominus
2117 1123 2301 1168 noster

754 1197 909 1258 Jesus
939 1205 1185 1258 Christus
1213 1213 1330 1272 post
1361 1215 1808 1258 resurrectionem
1829 1218 1998 1266 suam,
2031 1216 2088 1257 ut
2122 1215 2299 1274 osten-

753 1293 906 1346 deret
936 1309 1000 1348 ex
1033 1292 1108 1349 eo
1130 1296 1421 1363 procedere
1455 1296 1715 1364 Spiritum
1750 1304 2020 1359 sanctum,
2070 1295 2209 1350 sicut
2234 1311 2298 1349 ex

754 1385 930 1448 Patre,
961 1385 1251 1439 insuﬂlavit
1283 1387 1336 1438 in
1370 1387 1663 1455 discipulos
1683 1400 1829 1452 suos,
1855 1396 1911 1442 et
1935 1386 2110 1442 dixit:
2154 1406 2172 1438 ι
2197 1387 2300 1441 Ac-

751 1473 913 1540 cipite
954 1474 1218 1542 Spiritum
1246 1484 1551 1529 sanctum.»
1602 1475 1755 1530 Unus
1788 1490 1916 1546 ergo
1958 1474 2192 1545 Spiritus
2217 1485 2300 1530 est

755 1563 926 1617 Patris
966 1573 1019 1618 et
1070 1565 1210 1628 Filii,
1239 1581 1374 1619 unus
1411 1565 1639 1633 Spiritus
1663 1566 1964 1636 utriusque.
1995 1584 2015 1618 ι
2062 1566 2207 1621 Idem
2243 1568 2297 1619 in

753 1654 889 1710 libro
924 1659 1179 1711 adversus
1226 1656 1512 1712 Maximum
1568 1658 1661 1718 lib.
1708 1659 1873 1729 "1(1)
1907 1678 1919 1712 :
1973 1678 1991 1711 ί
2020 1659 2228 1725 Ουωτὶε
2269 1676 2298 1714 a

754 1761 837 1801 me
865 1747 911 1802 si
949 1753 1012 1802 de
1035 1749 1330 1804 substantia
1369 1750 1541 1804 Patris
1577 1761 1660 1804 est
1692 1749 1878 1828 Filius,
1899 1751 1966 1805 de
1999 1752 2299 1806 substantia

752 1837 929 1894 Patris
955 1852 1039 1894 est
1075 1843 1235 1898 etiam
1270 1841 1502 1911 Spiritus
1543 1852 1782 1908 sanctus,
1817 1859 1914 1897 cur
1946 1859 2085 1898 unus
2131 1844 2298 1900 Filius

756 1933 844 1992 sit,
878 1945 930 1985 et
964 1933 1098 2017 alius
1124 1949 1230 1986 non
1271 1944 1351 1988 est
1386 1934 1590 1988 Filius?
1620 1937 1757 1991 Ecce
1812 1936 2135 2004 respondeo.
2184 1937 2299 1992 sive

757 2022 956 2088 rapias,
997 2023 1108 2077 sive
1163 2040 1266 2077 non
1318 2026 1515 2094 capias.
1551 2026 1616 2080 de
1650 2020 1806 2080 Patre
1857 2036 1941 2080 est
1989 2026 2178 2093 Filius,
2231 2027 2297 2081 de

752 2113 910 2168 Patre
940 2123 1022 2168 est
1079 2114 1311 2184 Spiritus
1356 2126 1576 2171 sanctus
1610 2136 1623 2170 :
1679 2118 1772 2172 sed
1806 2118 1894 2172 ille
1928 2119 2162 2187 genitus,
2197 2120 2296 2172 iste

753 2206 1086 2272 procedens;
1130 2209 1248 2261 ideo
1285 2209 1373 2262 ille
1409 2207 1576 2262 Filius
1603 2220 1687 2264 est
1708 2199 1880 2264 Patris
1919 2209 1984 2264 de
2013 2226 2119 2279 quo
2148 2211 2298 2280 geni-

753 2304 873 2360 tus,
912 2298 1011 2352 iste
1061 2308 1240 2352 autem
1303 2297 1533 2366 Spiritus
1582 2302 1882 2368 utriusque,
1931 2303 2184 2368 quoniam
2231 2303 2297 2357 de

754 2398 981 2456 utroque
1003 2389 1267 2457 procedit.
1297 2388 1398 2442 Sed
1429 2389 1548 2442 ideo
1573 2405 1692 2444 cum
1711 2390 1778 2443 de
1807 2390 1898 2443 illo
1924 2389 2088 2444 Filius
2115 2391 2298 2457 loque-

751 2480 1036 2542 rc-tur,ait,
1061 2479 1128 2533 de
1156 2478 1311 2536 Patre
1333 2481 1588 2548 procedit,
1616 2482 1864 2550 quoniam
1898 2481 2054 2558 Pater
2085 2498 2300 2550 proces-

752 2573 920 2629 sionis
957 2572 1073 2638 ejus
1100 2583 1184 2627 est
1213 2583 1417 2636 auctor,
1452 2574 1540 2641 qui
1588 2574 1744 2627 talem
1778 2573 1971 2628 Filium
2001 2575 2206 2645 genuit,
2241 2585 2298 2628 et

751 2662 1022 2732 εἱειιιιιιιΙο
1077 2664 1126 2717 ei
1190 2665 1336 2719 dedit
1395 2665 1656 2718 utetiam
1716 2665 1946 2740 de_ipso
1982 2667 2296 2735 procederet

751 2753 986 2822 Spiritus
1011 2765 1230 2810 sanctus
1256 2773 1268 2808 :
1316 2772 1437 2809 nam
1485 2757 1589 2816 nisi
1631 2757 1943 2831 procederet
1971 2766 2026 2813 et
2057 2759 2124 2812 de
2155 2758 2294 2827 ipso,

749 2861 857 2900 non
912 2847 1116 2902 diceret
1172 2847 1450 2915 diScipulis
1483 2864 1497 2904 :
1569 2868 1585 2900 ι
1613 2850 1852 2919 Accipite
1885 2849 2143 2920 Spiritum
2172 2865 2296 2904 san-

746 2951 946 3002 etum,»
979 2953 1212 3006 cumque
1245 2939 1566 2993 insudlando
1597 2940 1769 3003 daret,
1811 2952 1868 2995 ut
1919 2957 1948 2994 a
1996 2956 2294 3009 sc-quoque

748 3029 1044 3096 procedere
1100 3027 1432 3096 significans,
1491 3038 1674 3096 aperte
1731 3031 2034 3088 ostenderet
2095 3031 2291 3096 ﬂando,

747 3119 889 3190 quod
919 3120 1181 3189 spirando
1205 3119 1367 3175 dabat
1395 3122 1624 3176 occulte.
1654 3121 1786 3188 Quia
1812 3139 1940 3189 ergo
1967 3124 2008 3178 si
2041 3138 2294 3178 nascere-

2403 839 2470 894 ἀν
2493 840 2576 904 εἴη
2604 839 2698 892 τοῦ
2727 838 2933 907 Πατρὸς
2975 839 3158 906 μόνου,
3195 837 3276 889 ὅτι
3307 835 3466 898 αὐτὸς
3495 837 3559 889 οὐ
3597 840 3910 904 γεγέννηται
3937 855 3949 867 ·

2402 931 2620 985 ἀλλ’ὅτι
2674 930 2769 984 ἐνὶ
2817 933 2944 984 Υἱὶν
2988 929 3308 999 ἐγέννησεν·
3341 927 3465 981 οὐτε
3516 929 3651 982 [διον
3684 929 3779 982 τοῦ
3832 930 3950 982 Υἰοῦ

2404 1025 2585 1090 μόνου,
2615 1023 2694 1075 ὅτι
2741 1021 2902 1084 αὐτὸς
2929 1021 3030 1074 οὐκ
3093 1020 3402 1090 ἐγέννησεν,
3451 1019 3569 1072 ἀλλ’
3614 1022 3684 1072 ἐκ
3724 1022 3824 1089 τῆς
3866 1022 3950 1073 τοῦ

2402 1115 2610 1177 Πιτρδς
2660 1113 2846 1176 οὐσίας
2901 1114 3258 1180 γεγέννηται·
3306 1111 3424 1165 οὐτε
3479 1111 3609 1165 ἴδιον
3657 1113 3752 1164 τοῦ
3804 1114 3950 1180 ἁγίου

2405 1205 2738 1271 Πνεύματος,
2769 1205 2851 1256 ὅτι
2877 1203 2997 1255 οὐτε
3023 1202 3284 1272 ἐγεννήθη
3314 1203 3464 1266 αὐτὸ,
3493 1201 3616 1254 οὗτε
3649 1205 3950 1272 ἐγέψδησεν·

2401 1294 2535 1347 ἀλλὰ
2566 1295 2625 1346 τὸ
2659 1295 2817 1359 μόνον
2848 1296 2910 1346 ἐκ
2950 1293 3161 1360 Πατρὸς
3199 1293 3327 1346 Υἱοῦ
3369 1305 3436 1346 τε
3475 1294 3894 1362 ἐκπορεύεσθαι.
3931 1312 3948 1343 ι

2411 1387 2470 1439 ’0
2500 1387 2657 1448 αὐτὸς
2684 1386 2818 1453 πρὸς
2858 1384 3114 1456 Ὀρώσιον
3136 1402 3151 1416 ’
3176 1402 3196 1438 ε
3226 1386 3296 1437 Τὸ
3326 1385 3547 1454 Πνεῦμα
3567 1385 3625 1436 τὸ
3652 1386 3811 1450 ἀγισν
3839 1383 3948 1435 εὐτε

2400 1477 2690 1547 ἀγέννητον
2719 1475 2841 1529 οὔτε
2865 1475 3122 1546 γεννητὸν
3149 1476 3183 1546 ἡ
3210 1474 3614 1545 ὁμολογουμένη
3636 1475 3822 1535 πίστις
3846 1474 3953 1525 6.:-

2401 1571 2600 1634 σαῳεῖο
2629 1569 2720 1620 καὶ
2773 1570 2879 1636 γὰρ
2923 1569 2988 1620 ἂν
3018 1569 3256 1636 εἴπωμεν
3301 1567 3615 1635 ἀγέννητον,
3655 1566 3748 1619 δύο
3793 1565 3950 1617 Πατέ-

2402 1675 2502 1728 ρας
2550 1656 2974 1727 διισχυρίζεσθαι
3027 1657 3291 1726 δόξομεν·
3341 1657 3390 1710 εἰ
3424 1657 3480 1711 δὲ
3531 1649 3819 1725 γεννητὸν,
3866 1659 3951 1709 6.3:

2398 1754 2561 1815 Ἠοῦς
2590 1753 2864 1806 πιστεύειν
2900 1753 3047 1823 ἡμᾶς
3077 1753 3435 1807 αἰτιάσονται.
3486 1753 3624 1806 Ἀλλ’
3656 1754 3734 1816 ὡς
3766 1755 3801 1823 ὴ
3831 1755 3951 1820 δμο-

2409 1845 2708 1915 λογουμένη
2736 1846 2918 1908 πίστις
2947 1845 3182 1915 κατέχει,
3213 1843 3335 1896 οὐτε
3362 1845 3659 1914 ἀγέννητον
3685 1842 3810 1896 οὐτε
3840 1861 3950 1912 γεν-

2399 1937 2556 2006 νητόν
2604 1937 2770 2000 ἐστιν,
2828 1934 2939 1987 ἀλλ’
2988 1936 3046 1998 ἐξ
3092 1935 3417 2004 ἀμφοτέρων
3469 1936 3904 2004 ἐκπορευόμενον
3935 1952 3946 1963 ·

2397 2028 2672 2080 τουτέστιν
2705 2027 2766 2078 ἐκ
2788 2024 2882 2078 τοῦ
2906 2026 3111 2092 Πατρδς
3137 2024 3345 2078 καὶτοῦ
3371 2023 3524 2080 Υἰοῦ.
3555 2025 3660 2077 Καὶ
3690 2025 3779 2078 ἵνα
3805 2023 3949 2076 τοῦτῆ

2400 2119 2485 2172 διὰ
2524 2119 2836 2187 μαρτυριῶν
2891 2115 3155 2183 ἀποδείξω
3211 2117 3375 2170 αὐτοῦ
3405 2115 3761 2185 τοῦ-Κυρίου
3800 2107 3949 2183 ἡμῶν

2412 2212 2584 2282 Ἰησοῦ
2631 2209 2888 2280 Χριστοῦ.
2919 2210 3041 2269 τοὺς
3080 2207 3324 2277 μαθητὰς
3370 2206 3532 2260 αὐτοῦ
3585 2208 3947 2266 διδάσκοντος.

2398 2298 2628 2351 ἄκουσον
2654 2314 2666 2328 ·
2718 2299 2921 2350 «Ὅταν
2950 2297 3005 2348 δέ
3040 2296 3186 2366 ἔλθῃ,
3212 2298 3394 2364 φησιν,
3428 2297 3455 2348 6
3487 2297 3847 2366 Παρακλητος
3902 2299 3951 2348 ἓν

2399 2388 2507 2455 ἐγὼ
2541 2388 2738 2456 πέμψω
2781 2389 2903 2455 ὑμῖν
2929 2389 3079 2455 παρὰ
3109 2386 3202 2440 τοῦ
3247 2389 3478 2466 Πρτρδς,
3511 2388 3572 2439 τὸ
3605 2388 3832 2456 Πνεῦμα
3864 2389 3951 2452 τῆς

2398 2479 2676 2550 ἀληθείας,
2707 2479 2734 2529 ὃ
2769 2479 2917 2549 παρὰ
2950 2479 3040 2530 τοῦ
3074 2475 3280 2547 Πατρὺς
3322 2479 3704 2548 ἐκπορεύεται,
3753 2482 3950 2539 ἐκεῖ-ος

2401 2573 2737 2639 μαρτυρήσει
2771 2573 2890 2638 περὶ
2924 2567 3120 2638 ἐμοῦ.»
3171 2570 3278 2624 Καὶ
3315 2566 3465 2631 αὖθις
3507 2573 3670 2634 αὐτὸς
3702 2573 3729 2624 ό
3758 2571 3950 2639 Κύριος

2397 2663 2552 2733 ἡμῶν
2593 2659 2803 2729 Ἰησοῦς
2843 2661 3073 2730 Χριστὸς
3116 2662 3252 2730 μετὰ
3285 2663 3382 2730 τὴν
3423 2662 3725 2716 ἀνάστασιν
3768 2662 3948 2724 αὐτοῦ,

2398 2755 2484 2809 ἵνα
2513 2755 2662 2826 δείξῃ
2681 2755 2741 2818 ἐξ
2762 2739 2923 2807 αὐτοῦ
2952 2754 3341 2824 ἐκπορεύεσθαι
3362 2755 3420 2807 τὺ
3443 2753 3668 2814 Πνεῦμα
3691 2744 3940 2819 rbitror.

2395 2845 2644 2915 καθάπερ
2661 2847 2720 2897 ἐκ
2740 2843 2829 2896 τοῦ
2850 2840 3082 2914 Πατρδς,
3099 2844 3427 2911 ἐνεφύσησεν
3447 2845 3524 2905 εἰς
3551 2845 3679 2906 τοὺς
3702 2846 3948 2914 μαθητὰς

2395 2935 2581 2998 αὐτοῦ,
2611 2938 2706 2987 καὶ
2727 2932 2846 2989 εἷπε
2868 2949 2890 2966 ε
2933 2953 2952 2986 ι
2972 2935 3180 2988 Λάϐετε
3206 2935 3428 3013 Πνεῦμα
3453 2935 3631 3002 ἀγιον.
3665 2955 3684 2987 ι
3731 2935 3832 2987 Ἐν
3858 2937 3952 3002 ἄρα

2395 3027 2621 3096 Πνεῦμά
2642 3028 2756 3080 ἐστι
2783 3025 2992 3096 Πατρὸς
3026 3026 3120 3080 καὶ
3147 3026 3298 3091 Υἱοῦ,
3330 3027 3387 3078 ἐν
3421 3025 3644 3096 Πνεῦμα
3666 3029 3895 3095 ἀμφοῖν.
3933 3046 3945 3072 ι

2408 3118 2465 3171 Ὀ
2485 3117 2640 3179 αὐτὸς
2669 3119 2724 3169 ἐν
2751 3117 2826 3185 τῷ
2849 3118 2989 3171 κατά
3011 3118 3260 3186 Μαξίμου
3284 3116 3523 3187 δευτέρῳ
3557 3117 3749 3186 βιϐλίῳ
3771 3133 3784 3146 ·
3825 3136 3842 3166 ι
3863 3119 3951 3180 2r,-

751 3225 837 3264 lttl‘
871 3228 976 3266 non
1009 3223 1214 3266 tantum
1250 3213 1315 3266 de
1347 3214 1521 3278 Patre,
1544 3229 1645 3268 nec
1686 3223 1890 3268 tantum
1921 3216 1986 3268 de
2017 3215 2171 3277 Filio,
2198 3215 2291 3268 sed

2397 3212 2502 3271 τεῖς
2538 3210 2669 3278 παρ’
2703 3209 2857 3279 ἐμοῦ,
2892 3212 2944 3263 εἰ
2976 3211 3037 3262 ἐκ
3067 3211 3163 3280 τῆς
3197 3210 3381 3270 οὐσίας
3417 3208 3510 3261 τοῦ
3560 3209 3781 3278 Πατρός
3817 3214 3950 3259 ἐστιν

747 3305 813 3357 de
866 3304 1128 3357 ambobus
1177 3303 1360 3371 utique
1399 3313 1731 3365 nasceretur,
1765 3307 1884 3359 sine
1942 3306 2108 3358 dubio
2145 3306 2287 3359 lilius

2397 3301 2596 3366 όΥῐὸς,
2639 3303 2700 3352 ἐκ
2742 3302 2838 3368 τῆς
2878 3302 3065 3364 οὐσίας
3102 3299 3196 3353 τοῦ
3238 3293 3449 3367 Πατρός
3496 3299 3589 3350 καὶ
3628 3298 3692 3350 τὸ
3734 3299 3949 3365 Πνεῦμι

749 3395 1020 3448 diceretur
1057 3393 1360 3457 amborum,
1407 3409 1468 3447 ac
1505 3409 1600 3462 per
1633 3394 1739 3448 hoc
1772 3394 1895 3461 quia
1929 3394 2067 3448 [ilius
2105 3394 2292 3449 ambo-

751 3500 869 3538 rum
920 3483 1068 3537 nullo
1103 3482 1263 3537 modo
1289 3493 1392 3546 est,
1430 3493 1535 3536 non
1568 3483 1805 3552 oportuit
1853 3481 2002 3537 nasci
2045 3497 2169 3536 eum
2222 3482 2291 3536 de

747 3576 1064 3630 ambobus.»
1102 3574 1247 3628 idem
1280 3573 1333 3626 in
1368 3574 1556 3627 eodem
1584 3590 1595 3625 :
1636 3591 1651 3623 ι
1685 3573 1826 3628 Satis
1857 3575 1927 3628 sit
1958 3588 2086 3642 ergo
2113 3571 2288 3636 nobis,

746 3667 876 3734 quia
918 3681 1028 3718 non
1078 3673 1160 3717 est
1203 3681 1231 3717 a
1265 3665 1442 3731 seipso
1472 3663 1657 3727 Filius,
1711 3665 1800 3717 sed
1840 3664 1907 3718 ab
1955 3665 2044 3717 illo
2074 3664 2141 3718 de
2184 3679 2291 3732 quo
2326 3683 2328 3686 '

746 3766 904 3808 natus
925 3765 1042 3820 est;
1079 3769 1185 3807 non
1216 3769 1245 3807 a
1276 3756 1453 3824 scipso
1484 3756 1736 3822 Spiritus,
1756 3755 1848 3809 sed
1877 3755 1944 3807 ab
1973 3755 2063 3809 illo
2089 3757 2152 3808 de
2184 3770 2291 3824 quo

747 3847 1024 3916 procedit;
1085 3857 1139 3901 et
1162 3847 1284 3917 quia
1336 3847 1402 3900 de
1455 3858 1681 3916 utroque
1711 3849 1973 3916 procedit,
2016 3849 2287 3918 sicutjam

745 3937 1118 3998 ostendimus;
1166 3937 1309 3989 unde
1334 3949 1388 3991 et
1418 3937 1652 4007 Spiritus
1684 3937 1856 3991 Patris
1881 3945 1934 3991 et
1958 3935 2078 3991 Filii
2113 3939 2291 3993 dictus

743 4039 877 4091 τεῳ
918 4037 973 4080 et
1029 4027 1251 4095 reliqua.
1285 4029 1422 4082 Idem
1458 4029 1509 4084 in
1548 4030 1734 4083 eodem
1766 4030 1900 4084 libro
1941 4047 1954 4084 :
2001 4049 2023 4081 ι
2049 4029 2200 4096 Quod
2220 4031 2292 4085 sit

746 4119 979 4186 Spiritus
1008 4121 1175 4172 sancti
1209 4121 1328 4174 l'ons
1361 4121 1554 4183 Filius,
1577 4141 1594 4171 ι
1661 4137 1788 4191 ergo
1843 4133 2104 4191 quantum
2137 4125 2290 4178 boni-

747 4202 936 4264 nitatis
984 4211 1097 4279 ipSe
1144 4212 1323 4275 habet,
1377 4222 1582 4266 tantum
1640 4213 1776 4266 Filio
1826 4213 1992 4268 dedit.
2049 4213 2113 4268 Et
2168 4214 2288 4283 quia

747 4315 938 4358 natura
964 4313 1045 4358 cst
1066 4320 1166 4357 non
1196 4307 1364 4374 gratia
1395 4303 1580 4368 Filius,
1609 4306 1850 4359 nascenti
1878 4293 2291 4374 nori-indigcnti

745 4395 914 4461 dedit,
971 4405 1025 4450 et
1073 4395 1262 4463 plenus
1324 4397 1564 4464 plenum,
1616 4397 1738 4451 fons
1781 4396 2035 4452 bonitatis
2087 4395 2287 4451 fontem

746 4485 932 4552 genuit
977 4483 1269 4548 bonitatis;
1327 4499 1389 4537 ac
1422 4499 1517 4552 per
1553 4485 1654 4538 hoc
1692 4501 1790 4539 nec
1813 4486 1993 4540 hausit
2023 4486 2077 4538 in
2108 4501 2166 4540 se
2201 4487 2289 4540 hic

743 4577 885 4643 quod
928 4577 1141 4643 accipit,
1205 4591 1303 4630 nec
1362 4576 1559 4629 minuit
1603 4578 1653 4630 in
1703 4593 1759 4630 sc
1805 4578 1890 4631 ille
1947 4579 2086 4647 quod
2115 4579 2285 4641 dedit,

745 4667 874 4737 quia
907 4683 1013 4720 non
1043 4667 1204 4724 habet
1258 4669 1664 4732 immutabilitas
1714 4669 1855 4724 unde
1891 4669 2126 4733 deﬁciat,
2177 4685 2285 4724 non

744 4765 904 4820 habet
934 4762 1215 4833 plenitudo
1248 4779 1355 4830 quo
1381 4773 1605 4819 crescat.
1661 4763 1796 4829 Quid
1829 4773 1912 4817 est
1941 4773 2119 4819 autem
2173 4765 2286 4830 ipsa

717 4836 982 4926 Ibonitas,
1026 4852 1126 4906 nisi
1183 4851 1287 4905 vita
1337 4852 1654 4906 viviticans?
1713 4854 1944 4909 Proinde
1991 4855 2116 4921 quia
2165 4855 2286 4907 fons

741 4946 944 5000 fontem
997 4944 1201 5014 genuit,
1255 4943 1395 4997 sicut
1453 4941 1610 4997 Pater
1660 4944 1887 4999 suscitat
1944 4954 2186 4998 mortuos
2229 4953 2285 4996 et

744 5036 1004 5098 viviticat,
1049 5035 1128 5089 sic
1192 5044 1245 5088 et
1291 5033 1458 5089 Filius
1513 5051 1652 5106 quos
1726 5036 1842 5090 vult
1885 5035 2136 5091 viviﬁcat.
2173 5033 2286 5090 Hoc

743 5126 859 5196 ipse
889 5125 1053 5183 Filius
1075 5126 1233 5190 dixit,
1270 5143 1377 5180 non
1419 5143 1536 5196 ego.
1586 5127 1737 5184 Unde
1768 5129 1959 5182 merito
1992 5129 2100 5183 Deo
2144 5126 2284 5180 Patri

744 5215 938 5270 dicitur
966 5234 979 5270 :
1036 5236 1053 5269 ι
1083 5216 1344 5283 Quoniam
1376 5218 1515 5285 apud
1550 5229 1600 5272 te
1647 5229 1730 5272 cst
1764 5218 1885 5273 fons
1915 5214 2061 5272 vitm.
2092 5236 2110 5268 ι
2155 5217 2288 5281 Quis

742 5317 826 5362 est
853 5319 1041 5368 autem
1076 5310 1175 5365 iste
1220 5311 1338 5364 fons
1369 5311 1488 5364 vitae
1521 5311 1660 5376 apud
1703 5310 1865 5364 Deum
1901 5310 2136 5374 Patrem,
2182 5309 2285 5363 nisi

741 5400 809 5454 de
859 5415 966 5468 quo
1021 5402 1265 5455 dicitur:
1309 5420 1326 5452 ι
1364 5402 1418 5456 1η
1473 5401 1739 5471 principio
1777 5411 1888 5455 erat
1937 5401 2198 5460 Verbum.
2233 5410 2288 5456 ct

741 5490 974 5544 Verbum
1003 5504 1116 5545 erat
1144 5495 1571 5561 apud.Dcum.ct
1593 5491 1730 5546 Deus
1760 5502 1873 5545 erat
1902 5490 2156 5549 Verbum,
2189 5490 2290 5543 hoc

740 5592 857 5635 i-rat
887 5584 938 5636 in
974 5583 1237 5650 principio
1269 5586 1405 5651 apud
1434 5586 1668 5638 Deum?»
1701 5585 1767 5638 dc
1801 5600 1906 5651 quo
1931 5583 2095 5637 etiam
2131 5582 2290 5652 paulo

743 5683 862 5740 post
901 5674 1097 5727 dictum
1128 5673 1206 5726 σει
1237 5665 1325 5726 ε’(
1354 5673 1416 5726 Et
1451 5677 1549 5727 vita
1601 5689 1715 5730 erat
1765 5677 1849 5730 lux
1899 5677 2219 5730 hominum:
2264 5693 2280 5724 ι

749 5765 861 5815 lucc
890 5764 997 5816 vita
1050 5764 1170 5818 fons
1217 5763 1340 5817 vita:
1367 5774 1468 5827 est,
1496 5776 1542 5817 et
1600 5767 1683 5818 lux
1720 5767 1840 5828 ista,
1895 5766 1981 5819 lux
2013 5765 2148 5819 lucis
2185 5773 2282 5818 cst.

752 5851 899 5906 Unde
949 5871 1070 5908 cum
1121 5855 1322 5927 dictum
1372 5865 1532 5919 CEStl,
1569 5856 1718 5926 Apud
1773 5869 1820 5912 te
1854 5867 1934 5911 est
1973 5855 2090 5910 fons
2144 5857 2285 5921 vitai,

813 5967 885 6044 (Ι)
912 5969 1036 6048 Cap.
1075 5970 1155 6027 14.

2325 4723 2365 4775 D

2398 3393 2455 3445 τὸ
2490 3392 2645 3460 ἅγιον
2669 3407 2683 3422 ·
2718 3392 2803 3444 διὰ
2831 3391 2884 3443 τί
2910 3409 2924 3457 ;
2953 3395 2979 3443 6
3003 3392 3098 3459 μὲν
3124 3389 3200 3453 εἷς
3232 3393 3377 3444 ἐστιν
3410 3391 3557 3452 Υἱὸς,
3595 3391 3652 3442 τὸ
3679 3391 3740 3443 δὲ
3778 3392 3950 3459 ἕτερον

2384 3486 2496 3537 οὐκ
2525 3485 2669 3539 ἐστιν
2701 3484 2845 3548 Υἱός.
2889 3483 3017 3537 Ἰδοὺ
3047 3483 3414 3553 ἀποκρίνομαι
3441 3484 3542 3537 κᾶν
3567 3501 3627 3536 τε
3656 3484 3835 3554 λάϐῃς
3860 3484 3950 3534 κάν

2396 3592 2455 3627 τε
2495 3573 2568 3644 μὴ
2600 3575 2788 3645 λάϐῃς.
2828 3573 2921 3626 Ἐκ
2954 3573 3044 3627 τοῦ
3081 3575 3290 3644 Πατρός
3323 3578 3470 3627 ἐστιν
3513 3577 3540 3627 ό
3568 3575 3700 3638 Υἱός
3722 3592 3734 3604 ·
3772 3579 3836 3627 ἐκ
3865 3573 3948 3626 τοῦ

2398 3667 2608 3734 Πατρός
2639 3667 2750 3719 ἐστι
2771 3667 2828 3720 τὸ
2853 3667 3072 3737 Πνεῦμα
3096 3669 3156 3720 τὸ
3178 3671 3352 3737 ἆγιρν.
3385 3668 3528 3720 Ἀλλ’
3547 3670 3757 3730 ἐκεῖνος
3773 3686 3949 3735 γενττο

2397 3757 2484 3817 τός
2506 3774 2520 3788 ο
2554 3756 2710 3809 τοῦτο
2730 3759 3184 3827 ἐκπορευόμενον.
3211 3760 3299 3810 Διὸ
3325 3759 3526 3821 ἐκεῖνος
3554 3760 3652 3821 μὲν
3688 3761 3819 3820 Υἱός
3845 3763 3943 3810 ἐστι

2398 3848 2487 3900 τοῦ
2511 3849 2745 3918 Πατρὸς,
2765 3848 2857 3918 ἀφ’
2882 3849 2941 3901 οὗ
2966 3850 3221 3919 ἐγεννήθη
3245 3868 3257 3879 ο
3287 3850 3441 3902 τοῦτο
3462 3851 3536 3909 δὲ.
3555 3851 3795 3913 Πνεῦμα
3824 3854 3943 3904 ἐκσ-

2396 3939 2575 4009 τέρου,
2593 3940 2675 4009 ὅτι
2694 3941 2751 4006 ἐξ
2769 3929 3090 4010 ἀμφοτέροιν
3108 3942 3482 4010 ἐκπορεύεται.
3515 3941 3675 3994 ’Λλλά
3695 3943 3782 3995 διὰ
3803 3943 3942 3996 τοῦτο

2394 4033 2523 4097 περὶ
2553 4032 2758 4085 ἐκείνου
2786 4033 2945 4098 λέγω,
2982 4034 3008 4085 ὦ
3031 4034 3151 4096 Υἱὸς
3177 4034 3275 4100 ἔφυ
3307 4036 3367 4087 ἐκ
3387 4035 3482 4086 τοῦ
3517 4036 3731 4104 Πατρός
3751 4051 3766 4067 ·
3820 4036 3874 4086 τὸ
3897 4036 3940 4084 δὲ

2405 4122 2632 4192 Πιεῦμα
2659 4107 3033 4189 ἐκπορεύεται,
3059 4126 3139 4176 ὅτι
3170 4125 3198 4176 6
3229 4125 3413 4193 Πατὴρ
3443 4128 3539 4194 τῆς
3573 4126 3939 4193 ἐκπορεύσεως

2394 4213 2555 4267 αὐτοῦ
2582 4215 2726 4266 ἐστιν
2757 4214 2994 4284 ἀρχηγός
3015 4230 3027 4243 ⁸
3055 4213 3111 4275 ὃς
3127 4213 3361 4266 τοιοῦτον
3386 4215 3515 4266 Υἱόν
3546 4216 3834 4281 ἐγέννησεο
3856 4215 3935 4263 in".

2395 4307 2453 4357 ἐν
2475 4305 2549 4374 τῷ
2573 4307 2766 4376 γεννᾷν
2790 4307 3016 4360 δέδωκεν
3039 4305 3204 4377 αὐτῷ,
3221 4307 3304 4359 ἵνα
3329 4307 3420 4358 καὶ
3441 4307 3495 4371 ἐξ
3514 4305 3678 4357 αὐτοῦ
3702 4307 3764 4357 τὸ
3785 4306 3936 4356 11νεί-

2397 4412 2472 4465 μα
2500 4396 2560 4447 τὸ
2590 4395 2742 4462 ἀγιον
2767 4394 3146 4466 ἐκπορεύηται.
3167 4395 3276 4447 Καὶ
3298 4395 3405 4462 γὰρ
3429 4397 3474 4446 εἰ
3498 4393 3572 4464 μὴ
3599 4393 3936 4460 ἐξεπορεύετο

2394 4487 2452 4538 τὸ
2479 4485 2699 4556 Πνεῦμα
2735 4485 2792 4538 τὸ
2824 4487 2976 4552 ἂγιοδ
3005 4488 3100 4540 καὶ
3133 4485 3188 4551 ἐξ
3219 4485 3401 4552 αὐτοῦ,
3433 4487 3534 4539 οὐκ
3564 4487 3629 4540 ἂν
3658 4483 3783 4537 εἷπε
3841 4485 3935 4535 τοῖς

2395 4577 2688 4644 μαθηταῖς,
2721 4568 2922 4628 Λάϐετε
2951 4574 3173 4645 Πνεῦμα
3204 4576 3358 4643 ἆγιον
3381 4591 3395 4606 ·
3433 4578 3526 4628 καὶ⁵
3558 4577 3719 4629 τοῦτο
3778 4560 3930 4628 ἐδὶδου

2402 4666 2681 4734 ἐμφυσῶν,
2725 4667 2810 4718 ἵνα
2843 4667 2935 4720 καὶ
2962 4665 3092 4736 παρ’
3110 4665 3304 4720 ἑαυτοῦ
3340 4666 3738 4736 ἐκπορεύεσθαι
3771 4681 3933 4730 παρα-

2396 4760 2590 4828 δηλῶν,
2625 4759 3154 4828 ὰποκεκαλυμμὲνως
3185 4760 3378 4812 ἐδίδου.
3425 4756 3643 4826 Ἐπειδὴ
3671 4759 3764 4811 οὖν
3794 4762 3930 4821 εἰπερ

2399 4853 2674 4917 ἐγεννᾶτο,
2711 4851 2770 4902 οὐ
2804 4852 2960 4924 μόνον
2994 4853 3056 4901 ἐκ
3083 4850 3175 4903 τοῦ
3211 4850 3442 4920 Πατρδς,
3471 4849 3532 4901 οὐ
3567 4849 3730 4918 μόνον
3764 4851 3827 4900 ἐκ
3853 4848 3928 4898 τοῦ

2395 4943 2548 5006 Υἱοῦ,
2579 4941 2688 4993 ἀλλ’
2716 4942 2773 5006 ἐξ
2823 4943 3022 5010 ἀμφοῖν
3059 4941 3321 5010 δήπουθεν
3361 4940 3427 4994 ἂν
3466 4941 3740 5007 ἐγεννᾶτο,
3788 4942 3928 4991 ἀναν-

2392 5035 2661 5103 τιρῤήτως
2707 5034 2832 5096 Υἱὸς
2865 5035 3066 5102 ἀμφοῖν
3104 5025 3186 5086 ἀν’
3217 5033 3454 5098 ἐλέγετο.
3494 5032 3600 5083 Καὶ
3647 5032 3734 5084 διὰ
3765 5033 3923 5088 τοῦτο,

2392 5127 2518 5188 Υἱὸς
2545 5127 2650 5194 γὰρ
2685 5127 2885 5193 ἀμφοῖν
2931 5123 3178 5193 οὐδαμῶς
3234 5120 3370 5176 εἶναι
3398 5123 3644 5194 δύναται⁹
3690 5127 3790 5178 οὐκ
3835 5125 3922 5177 ἔδει

2392 5219 2715 5287 γεννηθῆναι
2743 5216 2871 5269 αὐτὸ
2903 5215 2961 5279 ἐξ
2991 5217 3211 5284 ἀμφοῖν.
3245 5235 3263 5266 ι
3302 5217 3359 5271 Ὀ
3390 5215 3547 5274 αὐτὸς
3578 5217 3634 5268 ἐν
3658 5217 3736 5286 τῷ
3770 5217 3919 5284 αὐτῷ·

2395 5329 2413 5360 ι
2460 5311 2720 5379 Ἀρκεὶτω
2773 5311 2951 5361 τοίνυν
2996 5309 3143 5382 ἡμῖν,
3191 5311 3271 5363 ὅτι
3314 5313 3342 5364 ό
3374 5310 3501 5372 Υἱὸς
3542 5311 3644 5363 οὐκ
3680 5310 3827 5363 ἐστιν
3874 5309 3920 5370 ἐξ

2392 5403 2604 5465 ἐαυτοῦ,
2639 5404 2750 5455 ἀλλ’
2796 5402 2854 5464 ἐξ
2881 5397 2940 5456 οὗ
2989 5403 3270 5470 ἐγεννήθη.
3313 5402 3425 5456 Οὐκ
3471 5401 3619 5455 ἐστιν
3653 5403 3708 5468 ἐξ
3744 5400 3919 5454 ἐαυτοῦ

2387 5495 2446 5546 τὸ
2483 5497 2702 5563 Πνεῦμα
2745 5495 2804 5545 τὸ
2837 5494 3011 5561 ἅγιον,
3057 5493 3171 5546 ἀλλ’
3201 5496 3258 5559 ἐξ
3303 5487 3364 5548 οὗ
3409 5494 3791 5565 ἐκπορεύεται.
3833 5495 3919 5548 Kal

2387 5586 2508 5636 ἐπεὶ
2542 5585 2669 5654 παρ’
2703 5587 3024 5652 ἀμφοτέρων
3070 5585 3442 5655 ἐκπορεύεται,
3475 5585 3550 5646 ὡς
3585 5586 3684 5656 ἤδη
3729 5587 3918 5641 ἀπεδεξ-

2386 5677 2576 5743 ξαμεν,
2601 5678 2722 5729 ὅθεν
2753 5675 2973 5744 Πνεῦμα
3002 5677 3212 5746 Πατρός
3237 5680 3326 5731 καὶ
3353 5677 3482 5731 Υἰοῦ
3513 5678 3726 5747 εἴρηται
3750 5695 3764 5707 ·
3798 5697 3814 5730 ι
3844 5676 3915 5727 κσὶ

2385 5767 2448 5816 τὰ
2482 5764 2662 5818 λοιπά.
2705 5765 2761 5817 '0
2799 5765 2956 5826 αὐτὸς
2987 5766 3044 5816 ἐν
3079 5764 3154 5834 τῷ
3193 5765 3337 5834 αὐτῷ
3383 5766 3592 5836 βιὸλίῳ,
3626 5766 3699 5828 ὼς
3732 5767 3816 5833 εἴη
3840 5761 3915 5814 τεῦ

2384 5853 2698 5926 ΙΙνεύμσιτος
2732 5856 2822 5910 τοῦ
2867 5857 3019 5927 ἁγίου
3072 5854 3219 5918 πηγὴ
3265 5861 3293 5912 6
3331 5859 3458 5916 Υἱός
3484 5851 3513 5892 ·’
3539 5877 3556 5910 ι
3591 5857 3778 5914 Τοίνυν
3811 5857 3912 5907 ὅσον
