4006 6340
166 491 308 559 119⁷1

654 498 801 559 PRO
829 497 1038 563 CONC.
1074 500 1448 564 FLORENT.
1487 498 1648 561 CAP.
1692 500 1768 560 II.
1812 497 1909 561 DE
1954 499 2205 573 ΑΖΫΜΟ
2238 499 2331 560 ΕΤ
2372 486 2901 559 FERMENTATU.

3224 496 3358 561 1l98

153 607 483 677 διαφάγεσθε
514 610 638 663 αὑτό
663 628 676 641 ·
708 611 762 664 al
809 611 1008 680 ὀσφύες
1041 614 1194 684 ὑμῶν
1240 614 1671 685 περιεζωσμέναι
1698 628 1707 644 ε

1823 611 2140 669 festinantes
2167 630 2182 666 :
2211 620 2295 666 est
2310 611 2462 665 enim
2482 610 2689 666 Pascha
2710 608 2979 663 Domini.»
2997 606 3041 640 “
3061 606 3208 663 Nosti
3227 624 3355 680 ergo

154 703 251 754 καὶ
280 703 349 755 τὰ
390 701 708 785 ὑποδήματα
762 703 914 773 ὑμῶν
959 706 1016 757 ὲν
1064 707 1175 767 τοῖς
1210 707 1365 758 ποσὶν
1400 704 1584 771 ὑμῶν’
1615 702 1710 755 καὶ

154 793 212 845 αἱ
242 793 533 862 βακτηρίαι
562 792 713 860 ὑμῶν
740 796 796 847 ὲν
825 798 945 856 ταῖς
969 796 1157 865 χερσὶν
1184 795 1336 863 ὑμῶν
1363 809 1378 825 ⁸
1409 795 1502 861 καὶ
1530 793 1711 847 ἔδεσθε

151 886 297 937 ἀὐτὰ
356 885 490 953 μετὰ
539 885 798 954 σπουδῆς.
842 886 1029 957 Πάσχα
1078 887 1195 939 ἐστὶ
1232 886 1460 955 Κυρίου.
1501 903 1519 937 ι
1554 880 1753 949 Οἷδας’

154 974 267 1045 ἄρα
294 974 346 1027 τί
369 976 429 1027 τὸ
455 975 641 1044 Πάσχα
667 977 781 1029 ἐστί
804 991 818 1006 °
848 975 1033 1032 λαϐεῖν
1058 977 1228 1046 ἀμνὸν
1257 977 1508 1048 ἄμωμον,
1537 978 1713 1030 ἐνιαῠ-

156 1083 296 1129 σιον,
332 1064 438 1118 ἀπὸ
467 1064 570 1134 τῆς
602 1064 829 1135 δεκάτης
854 1066 948 1119 τοῦ
979 1068 1164 1138 μηνὸς,
1194 1068 1291 1120 καὶ
1320 1068 1593 1137 διατηρεῖν
1621 1070 1714 1119 καὶ

154 1154 453 1225 φυλάττειν’
501 1156 662 1209 αὐτὸν
714 1157 874 1226 μέχρι
912 1158 1003 1210 καὶ
1051 1158 1148 1227 τῆς
1196 1156 1715 1229 τεσσαρεσκαιδεκά-

150 1266 291 1319 της’
325 1250 418 1302 καὶ
465 1251 529 1319 τῇ
572 1250 1146 1320 τεσσαρεσκαιδεκάτῃ
1198 1249 1288 1302 τοῦ
1359 1250 1522 1320 μηνὸς
1579 1250 1715 1319 πρὸς

153 1340 414 1410 ἑσπέραν,
470 1340 630 1393 θῦσαι
669 1341 838 1392 αὑτό·
880 1342 975 1395 καὶ
1018 1340 1085 1394 τά
1137 1342 1298 1397 λοιπά
1322 1336 1343 1373 ’ν
1384 1342 1476 1395 καὶ
1521 1344 1715 1409 φαγεῖν

150 1432 297 1485 ὀπτὰ
329 1432 494 1503 πυρί·
521 1432 613 1487 καὶ
660 1433 847 1501 ἄζυμα
883 1433 976 1487 ἐπὶ
1007 1433 1269 1504 πικρίδων
1315 1432 1495 1486 ἔδεσθε
1534 1432 1673 1486 αὑτά
1695 1447 1713 1465 ⁶

150 1524 449 1578 καὶταῦτα
485 1525 621 1593 μετὰ
670 1525 933 1595 σπουδῆς·
966 1526 1047 1579 ὅτι
1078 1527 1268 1594 Πάσχα
1318 1526 1435 1580 ἐστὶ
1483 1526 1712 1593 Κυρίου.

150 1614 324 1668 Τοῦτό
357 1618 503 1685 ἐστιν
527 1620 703 1670 ἐκεῖνο
741 1618 800 1670 τὸ
827 1616 1046 1687 νομικὸν
1075 1615 1266 1687 Πάσχα
1287 1632 1301 1647 ⁶
1329 1617 1464 1686 ὅπερ
1495 1620 1522 1669 6
1554 1610 1715 1685 νόμος

153 1707 492 1777 προσέταττε
526 1710 699 1761 ποιεῖν
730 1707 858 1771 τοὺς
885 1709 1034 1770 υἱοὺς
1073 1708 1317 1779 Ἰσραήλ.
1349 1709 1411 1761 Ei
1441 1703 1533 1761 οὖν
1561 1706 1726 1770 ταῦθ’,

149 1797 328 1860 οὕτως
354 1798 485 1869 ἔχει,
531 1802 624 1856 καὶ
657 1802 704 1853 οἱ
749 1801 846 1871 μὲν
879 1800 1100 1867 λέγουσι
1150 1799 1405 1870 περὶτοῦ
1438 1800 1647 1868 Πάσχα.
1688 1800 1716 1851 6

149 1890 213 1943 δὲ
246 1889 521 1961 ἐξηγεῖται
552 1893 677 1961 περὶ
707 1891 798 1945 τοῦ
829 1894 1041 1962 Πάσχα,
1072 1894 1219 1945 ποῖον
1245 1891 1351 1959 ἄρα
1378 1892 1567 1959 Πάσχα
1594 1890 1717 1960 ἐξή-

148 1992 279 2036 τουν
309 1985 356 2037 οἱ
391 1982 635 2054 μαθηταὶ
668 1983 951 2051 ἑτοιμάσαι
979 2000 993 2049 ;
1024 1983 1082 2034 τὸ
1109 1982 1326 2050 νομικὸν
1363 1984 1458 2034 καὶ
1488 1983 1716 2053 σύνηθες

149 2074 358 2138 αὐτῶν,
393 2074 578 2144 ἧᾶλλο
615 2091 667 2127 τι
714 2075 920 2127 καινόν.
956 2075 1063 2126 Καὶ
1106 2074 1219 2146 γὰρ
1258 2074 1497 2127 Ἰουδαῖοι
1540 2076 1715 2140 ὄντες,

146 2162 212 2218 τί)
250 2165 385 2217 αὐτὸ
414 2165 601 2234 Πάσχα
622 2165 757 2232 ὅπερ
782 2163 970 2233 ἐδήλου
1002 2164 1099 2232 τὴν
1130 2163 1377 2216 διάϐασιν
1417 2164 1513 2233 τῆς
1558 2165 1712 2235 Ἐρυ-

149 2256 291 2325 θρᾶς
311 2255 582 2324 θαλάσσης
606 2269 620 2284 ·
659 2256 844 2323 Πάσχα
880 2255 988 2324 γὰρ
1014 2256 1289 2320 διάϐασις
1331 2255 1735 2339 ἑρμηνεύεται.-

149 2349 246 2400 Διὸ
277 2350 372 2402 καὶ
420 2348 448 2402 δ
501 2349 642 2402 κατά
685 2343 968 2421 συνήθειαν
1017 2346 1161 2421 εἴχον
1211 2351 1502 2410 ἐπιτελεῖν.
1557 2346 1714 2403 τοῦτο

149 2442 249 2493 καὶ
278 2440 565 2508 ἑτοιμάσαι
595 2442 823 2511 ἠρώτων
850 2447 865 2462 ⁵
894 2443 987 2495 καὶ
1014 2444 1041 2496 6
1079 2443 1312 2512 Χριστὸς
1360 2445 1715 2513 μαρτυρεῖται

151 2532 311 2601 παρὰ
342 2534 408 2602 τῇ
439 2531 652 2603 Γραφῇ,
685 2532 912 2603 ποιητὴς
955 2533 1048 2585 τοῦ
1078 2535 1241 2601 νόμου
1277 2534 1369 2585 καὶ
1398 2536 1711 2603 πληρωτὴς.

154 2622 318 2678 Οὕτω
343 2627 451 2693 γάρ
512 2641 676 2694 φησιν
712 2625 873 2686 αὐτὸς
911 2625 1071 2694 ὑπὲρ·
1096 2622 1288 2677 ἑαυτοῦ
1314 2640 1327 2654 ο
1365 2643 1384 2675 ι
1437 2623 1572 2692 Ἐγὼ
1616 2624 1713 2677 οὐκ

146 2708 318 2782 ἦλθον
347 2712 645 2765 καταλῦσαι
676 2713 765 2766 τὸν
798 2714 980 2783 νόμον,
1012 2712 1150 2777 ἀλλὰ
1201 2713 1522 2783 πληρῶσαι·
1564 2733 1581 2764 ι
1618 2718 1709 2766 καὶ

147 2799 248 2866 αὖ,
280 2821 301 2855 ι
334 2802 723 2874 Εὐκοπώτερον
746 2804 836 2857 τὸν
866 2806 1092 2873 οὐρανὸν
1125 2806 1218 2858 καὶ
1240 2804 1336 2873 τὴν
1378 2807 1481 2873 γῆν
1510 2805 1711 2874 παρελ-

148 2897 290 2965 θεῖν,
320 2897 351 2964 ἢ
384 2896 513 2948 ίῶτα
544 2886 627 2946 ἕν’
660 2895 691 2965 ἢ
730 2897 854 2964 μίαν
895 2895 1119 2964 κεραίαν
1163 2896 1453 2965 παρελθεῖν
1483 2899 1586 2949 ἀπδ
1614 2896 1708 2950 τοῦ

146 2988 344 3055 νόμου.
386 3006 405 3039 ι
454 2988 574 3057 liti);
598 2983 690 3039 οὖν
722 2987 824 3039 ἔδει
852 2986 1011 3038 αὐτὸν
1040 2988 1241 3055 πρᾶξαι
1271 2986 1423 3053 ἄλλα,
1460 2987 1492 3057 ἢ
1524 2989 1589 3040 τά
1618 2989 1710 3040 τοῦ

146 3077 320 3145 νόμου
348 3094 365 3144 ;
399 3077 591 3131 οὐκοῦν
621 3077 908 3148 πληρωτὴς
935 3076 1010 3129 ὢν
1046 3078 1139 3129 τοῦ
1167 3079 1352 3146 νόμου,
1380 3079 1441 3130 τὸ
1470 3078 1571 3130 ὑπὸ
1602 3075 1705 3132 ’τοῦ

147 3168 321 3237 νόμου
358 3168 457 3237 μὲν
486 3169 973 3237 προσταττόμενον,
1012 3169 1139 3237 παρ’
1168 3168 1331 3220 αὐτοῦ
1360 3168 1710 3241 δὲητπρίτερον

145 3262 210 3313 ἐν
227 3260 304 3327 τῷ
327 3260 460 3329 ὄρει,
488 3261 567 3329 τῷ
600 3261 795 3330 θεὸπτῃ
824 3260 1013 3314 Μωσεῖ
1035 3259 1465 3330 παραδεδομένον
1497 3262 1703 3329 Πάσχα,

143 3352 226 3413 ὡς
255 3353 285 3403 6
332 3351 872 3420 νόμοςδιεκελεύετο
916 3352 1231 3403 ἀπετέλεσε.
1277 3351 1385 3401 Καὶ
1421 3351 1512 3419 ἐὰν
1552 3351 1706 3404 τοῦτο

143 3442 294 3493 εῐποι
319 3457 421 3503 τις,
457 3442 554 3492 οὐκ
584 3441 647 3493 ἂν
676 3442 915 3510 ἁμάρτῃ,
937 3442 1015 3493 ὅτι
1037 3442 1086 3492 οἱ
1118 3440 1516 3505 ἀπόστολοι,“ὼς
1548 3442 1706 3510 προέ-

146 3549 354 3602 φημεν,
397 3532 633 3585 Ἰουδαῖοι
656 3532 1008 3601 ὑπάρχοντες,
1044 3533 1133 3583 καὶ
1156 3532 1246 3582 τὸν
1270 3531 1430 3600 νόμον
1459 3532 1532 3595 ὡς
1559 3532 1705 3595 είκὸς

138 3618 216 3691 ἦν
254 3623 574 3690 τηροῦντες,
638 3625 701 3674 εἰ,
729 3622 947 3691 ᾔδεισαν
987 3623 1145 3674 αὑτὸν
1179 3623 1378 3690 ἑτέρως
1411 3623 1581 3690 {smpti
1613 3624 1704 3675 τὶν

140 3714 317 3780 νόμον
351 3713 624 3776 ποιοῦντα,
675 3712 773 3764 οὐκ
817 3711 882 3763 ἂν
917 3712 1063 3780 αὐτῷ
1101 3711 1427 3778 ἠκολούθουν
1472 3713 1561 3763 καὶ
1607 3714 1703 3762 σὺν

138 3801 299 3871 αὑτῷ
334 3803 518 3872 ἢσθιον
560 3801 618 3852 τὸ
666 3802 855 3868 Πάσχα
881 3818 893 3833 ο
923 3803 1038 3854 ἀλλ’
1081 3803 1299 3871 ᾔδεισαν
1346 3802 1586 3871 ἁκριὸὦς
1622 3804 1701 3854 ὅτι

135 3892 236 3945 τὸν
263 3892 431 3959 νόμον
467 3891 650 3960 ἐτήρει
690 3892 851 3960 μέχρι
886 3890 1083 3952 παντός
1109 3908 1122 3920 ·
1156 3891 1243 3942 διὰ
1274 3890 1429 3942 τοῦτο
1466 3880 1553 3943 καὶ
1593 3892 1700 3943 ἐδί-

137 3988 261 4053 ψων
306 3981 617 4035 ἀκολουθεῖν
661 3981 826 4052 αὐτῷ.
863 3983 982 4035 Ὅτι
1033 3981 1087 4034 δὲ
1142 3982 1232 4035 τὸν
1279 3982 1440 4052 νόμον
1492 3983 1697 4052 ἐτήρει,

137 4077 377 4131 ἄκουσον
422 4073 516 4127 τοῦ
572 4075 1016 4148 χρυσορῤήμονος
1082 4074 1349 4139 Ἰωάννου,
1398 4074 1457 4126 ἂν
1513 4073 1699 4143 ὁμιλία

133 4166 473 4239 ὀγδοηκοστῇ
511 4166 702 4236 πρώτῃ
726 4165 819 4219 τοῦ
853 4166 1237 4234 εὐαγγελιστοῦ
1281 4164 1579 4230 Ματθαίου,
1610 4164 1697 4215 λέ-

133 4273 428 4325 γοντος-ι
480 4258 634 4321 Τίνος
662 4258 717 4311 δδ
746 4258 930 4312 ἕνεκεν
966 4257 1027 4311 τὸ
1074 4256 1262 4326 Πάσχα
1300 4255 1573 4321 Enati-9m;
1611 4256 1696 4308 διὰ

137 4348 365 4403 πάντων
390 4347 603 4411 δεικνὺς
635 4347 807 4421 μέχρι
826 4350 925 4419 τῆς
959 4340 1191 4418 ἐσχάτης
1220 4349 1449 4419 ἡμέρας,
1484 4349 1563 4401 ὅτι
1596 4348 1695 4400 οὐκ

1812 705 1940 774 quid
1958 704 2159 767 Pascha
2194 704 2264 756 sit
2292 716 2307 755 :
2348 717 2559 759 sumere
2582 718 2777 772 agnum
2808 700 3236 764 immaculatum.
3262 717 3361 757 an-

1815 790 2053 852 niculum
2085 813 2114 851 a
2164 797 2368 851 decima
2400 796 2488 852 die
2521 795 2741 859 mensis,
2778 804 2833 850 et
2863 809 3079 850 servare
3102 803 3155 849 et
3179 788 3363 850 custo-

1816 890 1930 943 dire
1960 905 2084 943 eum
2134 904 2302 958 usque
2333 889 2398 943 ad
2447 892 2695 958 quartum
2739 888 3042 954 decimum;
3083 897 3137 942 et
3174 899 3359 957 quarta

1815 980 2019 1035 decima
2044 982 2249 1035 mensis
2273 994 2517 1050 vespere,
2545 980 2847 1037 sacriﬁcare
2872 981 3040 1043 illum,
3060 990 3114 1036 et
3136 981 3359 1050 reliqua,

1816 1083 1869 1127 et
1895 1071 2179 1126 comedere
2207 1086 2326 1126 assa
2356 1072 2489 1143 igni,
2524 1082 2577 1126 et
2608 1087 2790 1143 azyma
2827 1060 3259 1143 comedere‘ipsa
3307 1078 3362 1128 ln

1814 1163 2040 1217 lactucis
2091 1162 2415 1233 agrestibus,
2464 1172 2519 1216 et
2556 1172 2838 1231 praeterea—
2865 1160 3194 1227 festinantes,
3239 1162 3363 1229 quia

1813 1252 2017 1308 Pascha
2045 1244 2126 1308 est
2149 1253 2378 1307 Domini.
2399 1251 2514 1307 Ποο
2535 1262 2616 1307 est
2636 1252 2763 1305 illud
2781 1252 2948 1322 legale
2971 1250 3194 1317 Pascha,
3221 1252 3364 1316 quod

1813 1345 1896 1398 lex
1926 1346 2087 1413 iussit
2129 1344 2306 1399 facere
2330 1344 2454 1399 filiis
2493 1344 2677 1400 lsrael.
2699 1346 2764 1403 ,Si
2803 1345 2917 1415 hate
2941 1360 3067 1415 ergo
3092 1345 3161 1400 ita
3190 1360 3248 1400 se
3270 1344 3365 1399 ha-

1814 1436 1963 1502 bcnt,
2017 1446 2073 1490 et
2110 1436 2161 1490 hi
2197 1436 2411 1504 quidem
2462 1436 2529 1490 de
2561 1436 2822 1490 Paschate
2870 1434 3087 1499 dicunt,
3120 1436 3207 1490 ille
3235 1450 3365 1492 vero
3386 1478 3393 1485 -η

1813 1528 2035 1596 exponit
2063 1527 2128 1583 de
2161 1528 2421 1595 Paschate
2451 1570 2465 1593 ,
2509 1512 2794 1595 qualenam
2822 1528 3027 1583 Pascha
3058 1528 3365 1597 quaerebant

1814 1615 2065 1685 discipuli
2123 1618 2366 1685 parare?
2416 1618 2623 1688 Legale‘
2662 1608 3082 1673 et'consuetum
3116 1619 3241 1683 illis,
3291 1635 3359 1674 an

1814 1721 2015 1761 novum
2037 1708 2181 1762 aliud
2207 1707 2381 1777 {Nam
2406 1725 2526 1763 cum
2544 1707 2710 1765 Judaei
2738 1719 2941 1780 essent,
2965 1710 3101 1765 idem
3133 1711 3359 1778 Pascha,

1814 1798 1957 1865 quod
2007 1798 2287 1852 transitum
2356 1800 2525 1854 Rubri
2562 1800 2726 1854 maris
2771 1800 3126 1871 significabat,
3181 1804 3364 1858 co-leb-

1814 1887 2044 1956 rabant;
2112 1887 2318 1944 Pascha
2375 1892 2518 1945 enim
2583 1894 2835 1962 transitus
2890 1894 3195 1961 exponitur,
3248 1895 3365 1951 ideo

1748 1961 1788 2015 Β
1817 1980 1957 2049 quod
1986 1980 2053 2034 de
2085 1996 2232 2034 more
2260 1982 2565 2036 sacriﬁcare
2588 1961 2882 2048 debebant,
2907 1986 2959 2039 id
2994 2001 3183 2055 parare
3218 2003 3382 2056 quae»

1820 2072 2026 2124 rebant.
2056 2069 2426 2140 Et‘Scriptura
2476 2082 2725 2137 testatur,
2768 2074 3039 2129 Christum
3087 2087 3361 2131 auctorem

1817 2176 1936 2216 esse
1966 2162 2131 2231 legem
2164 2163 2411 2216 servandi
2452 2173 2506 2216 et
2544 2164 2901 2233 adimplendi;
2953 2168 3026 2221 ita
3063 2169 3206 2221 enim
3248 2170 3364 2239 ipse

1815 2253 1880 2308 de
1912 2256 2091 2323 seipso
2120 2255 2270 2323 dicit,
2308 2275 2325 2307 ι
2356 2255 2467 2326 Ego
2506 2271 2610 2311 non
2649 2257 2771 2311 veni
2797 2257 3004 2311 solvere
3039 2259 3233 2329 legem,
3266 2248 3361 2314 Sed

1816 2344 2108 2413 adimplere
2140 2345 2225 2411 ";
2287 2355 2336 2398 et
2390 2345 2585 2399 iterum
2618 2363 2632 2401 :
2674 2344 2934 2401 «Facilius
2967 2356 3050 2401 est
3083 2348 3272 2402 caelum
3310 2359 3365 2403 et

1818 2444 2015 2489 terram
2072 2436 2365 2505 praeterire,
2425 2453 2583 2511 quam
2649 2421 2864 2505 de'lege
2911 2438 3015 2490 iota
3068 2453 3233 2492 unum
3279 2434 3362 2494 vel

1815 2541 1981 2579 unum
2020 2524 2224 2593 apicem
2256 2526 2448 2597 cadere
2474 2522 2547 2580 “.
2576 2546 2594 2580 ι
2649 2527 2929 2593 Quomodo
2965 2543 3093 2598 ergo
3144 2539 3361 2598 oporte-

1815 2617 1907 2671 bat
1928 2630 2047 2669 eum
2069 2615 2168 2669 alia
2189 2630 2346 2684 agere
2365 2632 2525 2684 quam
2542 2633 2662 2693 quae
2694 2617 2759 2671 ad
2786 2615 2956 2693 legem
2984 2618 3362 2689 pertinebant?

1815 2706 1952 2776 Ergo
1979 2722 2102 2761 cum
2143 2717 2332 2761 auctor
2358 2718 2501 2762 esset
2533 2708 2662 2774 legis
2699 2709 3070 2781 adimplenulte,
3102 2711 3361 2780 adimp'e-

1813 2800 1910 2862 vit,
1938 2799 2077 2867 quod
2107 2814 2135 2853 a
2166 2800 2279 2869 lege
2327 2801 2595 2855 sancitum
2631 2811 2746 2854 erat
2784 2803 2987 2857 Pascha
3009 2845 3023 2867 ,
3060 2806 3126 2857 ab
3153 2818 3218 2857 eo
3236 2820 3362 2859 vero

1813 2887 1964 2955 prius
2002 2884 2271 2943 in‘monte
2300 2887 2489 2958 Moysi.
2526 2890 2616 2958 qui
2646 2891 2736 2944 Dei
2790 2891 2981 2945 faciem
3011 2893 3160 2957 vidit,
3188 2894 3359 2948 tradi-

1815 2983 1949 3041 tum,
1987 2988 2043 3030 ut
2069 2978 2151 3031 lex
2182 2966 2420 3047 iubebat.
2447 2979 2597 3046 Quod
2620 2981 2662 3034 si
2694 2982 2815 3051 quis
2832 2981 3044 3046 dixerit,
3077 2985 3214 3053 quod
3239 3001 3357 3038 cum

1812 3070 2036 3141 apostoli
2072 3070 2241 3125 Judaei
2271 3081 2474 3133 essent,
2508 3083 2567 3126 ut
2596 3081 2722 3127 ante
2748 3075 3115 3143 exposuimus,
3177 3085 3231 3130 et
3282 3076 3361 3131 le-

1812 3178 1954 3234 gem,
1980 3174 2032 3217 ut
2065 3172 2328 3232 parerat,
2358 3175 2659 3230 servarent,
2692 3166 2735 3218 si
2766 3168 3040 3235 novissent
3069 3182 3189 3220 eum
3215 3169 3359 3223 aliud

1812 3252 1971 3323 qu’atn
2004 3254 2146 3323 quod
2179 3254 2262 3307 lex
2291 3253 2515 3322 jubebat
2554 3272 2733 3326 agere,
2778 3271 2884 3312 non
2913 3271 3035 3315 eam
3064 3248 3363 3315 somnies-

1814 3354 1955 3409 sent,
1976 3360 2072 3400 nec
2091 3360 2209 3399 eum
2237 3359 2301 3398 eo
2326 3344 2528 3400 Pascha
2557 3348 3054 3415 comedissent,uon
3085 3352 3357 3411 aherrabit

1807 3452 1837 3489 a
1879 3451 2049 3507 vero:
2092 3438 2185 3491 sed
2218 3438 2458 3491 sciebant
2507 3436 2628 3493 eum
2654 3450 2838 3495 exacte
2890 3442 3100 3511 semper
3135 3461 3353 3502 servare

1808 3527 2005 3594 legem;
2032 3528 2237 3583 idcirco
2264 3530 2439 3599 ipsum
2476 3530 2626 3599 sequi
2656 3511 2973 3600 gestiebant.
3000 3533 3153 3599 Quod
3177 3548 3354 3591 autem

1806 3619 1977 3687 legem
2031 3608 2321 3687 servaret,
2394 3623 2516 3675 audi
2570 3638 2733 3677 aurea
2782 3624 3143 3679 effundentem
3194 3630 3354 3683 verba

1803 3708 2064 3763 Joannem
2100 3713 2152 3762 in
2214 3711 2433 3766 homilia
2474 3715 2838 3783 ocmagesima
2894 3716 3067 3785 prima
3119 3717 3181 3770 in
3224 3717 3358 3771 Mat-

1805 3798 1999 3848 thaeuru
2036 3793 2325 3863 dicentem,
2388 3818 2406 3849 ι
2446 3799 2560 3863 Qua
2598 3802 2665 3855 de
2692 3816 2853 3856 causa
2894 3802 3097 3859 Pascha
3133 3820 3357 3875 perage-

1799 3886 1915 3952 bat,
1952 3905 1969 3937 ι
2007 3887 2061 3939 in
2084 3888 2336 3943 omnibus
2361 3905 2528 3959 usque
2558 3892 2625 3945 ad
2662 3903 2962 3948 extremum
2997 3895 3137 3948 diem
3168 3906 3357 3951 osten-

1800 3978 1956 4043 dens,
1986 3978 2089 4048 legi
2125 3993 2182 4034 se
2208 3988 2317 4034 n0n
2354 3996 2478 4049 esse
2524 3984 2851 4038 contrarium
2886 4005 2900 4039 :
2932 3999 3001 4040 ne
3046 3996 3224 4042 autem
3250 3988 3355 4058 legi

1799 4071 2108 4126 contrarius
2153 4082 2322 4139 esset,
2369 4073 2540 4146 legem
2596 4076 2905 4145 peragebat.
2957 4076 3153 4135 Exacte
3189 4081 3354 4151 igitur

1798 4178 1953 4235 exeo
1976 4170 2256 4217 ostensum
2278 4172 2381 4229 est,
2426 4165 2568 4232 quod
2591 4166 2764 4236 legale
2781 4165 2982 4221 Pascha
3002 4181 3279 4238 pararunt,
3294 4182 3355 4226 nt

1796 4255 1933 4309 alter
1977 4253 2430 4325 evangelistarum
2489 4247 2740 4323 testatur,
2795 4276 2813 4309 ι
2855 4258 2985 4314 Erat
3036 4270 3212 4315 autem
3251 4261 3352 4315 Pa-

1796 4348 1923 4402 scha
1943 4353 1998 4401 et
2020 4345 2238 4417 Azyma.
2268 4360 2309 4399 1
3330 4350 3333 4353 ‘

132 4444 293 4497 εστιν
325 4442 564 4505 ἐναντίος
589 4444 666 4513 τῷ
692 4444 840 4513 νόμῳ
862 4459 878 4474 θ
911 4444 996 4497 ῖνα
1024 4444 1081 4498 δὲ
1110 4445 1188 4513 μὴ
1214 4443 1453 4504 ἐναντίος
1480 4442 1702 4510 γένηται
1730 4442 1807 4510 τῷ
1840 4440 2007 4512 νόμῳ,
2039 4443 2099 4497 τὸ
2126 4443 2317 4513 Πάσχα
2342 4443 2600 4505 ἐπετέλει.
2638 4460 2663 4493 ιν
2706 4439 3099 4495 Ἀποδέδιικται
3127 4458 3349 4515 τοιγαρ-

127 4534 232 4589 οὖν
281 4536 349 4588 ἐκ
390 4533 578 4586 τούτου
642 4534 907 4605 άκρισῶς,
956 4536 1038 4587 ὃτι
1093 4534 1153 4587 τὸ
1226 4533 1446 4603 νομικὸν
1504 4533 1692 4603 Πάσχα
1732 4534 2057 4603 ἡτοίμασαν,
2092 4534 2167 4598 ὥς
2208 4551 2370 4604 φησιν
2398 4533 2582 4603 ἔτερος
2608 4534 2716 4587 τῶν
2745 4533 3167 4602 εὐαγγελιστῶν.
3208 4531 3348 4590 «Ἦν

128 4629 193 4684 δὶ
222 4626 286 4681 τὸ
320 4614 510 4695 Πάσχα
536 4629 627 4681 καὶ
660 4628 727 4680 τὰ
764 4627 1037 4699 Ἀζυμα.ι

128 4720 133 4723 ⁷
216 4720 287 4773 Τί
308 4706 423 4772 οὖν
449 4720 565 4772 ὲστι
595 4720 654 4772 τὸ
695 4719 1065 4790 ζητούμενον;
1107 4716 1157 4769 τί
1208 4718 1271 4769 ὲκ
1299 4715 1485 4796 τούτου
1519 4714 1704 4785 βουλό-

132 4811 285 4882 μεθα
312 4800 628 4876 άποδεῖξαι,
657 4810 896 4863 τοσαῦτα
936 4806 1411 4870 καταναλώσαντες
1440 4823 1457 4872 ;
1513 4806 1697 4877 Πάσης

132 4900 413 4978 πονηρίας
442 4900 784 4971 ἀπηλλάχθαι
827 4900 908 4953 δεῖ
934 4898 1023 4952 τὸν
1062 4896 1282 4950 πιστόν⁶
1337 4897 1515 4949 πᾶσαν
1550 4897 1700 4966 φιλο-

130 4992 356 5046 νεικίαν
384 4991 479 5043 καὶ
504 4990 662 5059 ἐριδα-
681 4992 773 5044 καὶ.
803 4989 1041 5060 ματαίαν
1073 4986 1343 5057 πρόληψιν
1363 4986 1698 5052 ἀποσοϐῆσαι

125 5083 305 5135 δεῖηὲκ
327 5078 575 5149 καρδίας,
610 5078 699 5132 τὸν
730 5078 828 5147 τὴν
854 5078 1126 5147 σωτηρίαν
1158 5075 1320 5129 αὑτοῦ
1353 5073 1695 5143 βουλόμενον.

128 5172 324 5227 Ὀτιιό
362 5168 552 5244 Σωτὴρ
580 5171 607 5220 6
636 5169 910 5240 ἡμέτερος
940 5171 995 5221 ἑν
1040 5168 1115 5237 τῷ
1144 5166 1458 5235 τεταγμένῳ
1485 5164 1577 5216 τοῦ
1615 5166 1698 5217 νό-

129 5282 241 5337 μου
271 5260 474 5332 καιρῷ,
505 5259 565 5312 τὸ
604 5259 790 5328 Πάσχα
817 5258 1065 5337 ἑτέλεσεέ
1099 5258 1192 5310 καὶ
1242 5257 1363 5329 οὔτε
1412 5254 1698 5338 προλαϐὼν

116 5357 420 5426 ἐποίησεν,
470 5350 546 5414 ὥς
588 5366 732 5413 τινες
768 5349 1067 5420 βούλονται,
1099 5346 1219 5400 οὔτε
1280 5346 1539 5415 μετασὰς,
1581 5348 1695 5403 ἀλλ’

128 5453 190 5502 ὲν
217 5446 302 5516 τῷ
335 5445 452 5513 ἰδίῳ
492 5441 692 5513 καιρῷ,
734 5443 828 5496 καὶ
874 5444 929 5494 ὲν
963 5444 1028 5510 τῇ
1078 5432 1384 5506 τεταγμένῃ
1425 5436 1574 5507 ὧρᾳο
1604 5442 1700 5493 καὶ

124 5536 332 5593 τούτου
354 5536 566 5607 μάρτυς
592 5536 619 5585 6
646 5532 1033 5601 εὐαγγελιστὴς
1058 5530 1287 5592 Λουκᾶς,
1316 5528 1508 5594 λέγων’
1540 5548 1558 5579 ι
1590 5531 1697 5583 Καὶ

124 5629 237 5681 ὅτει
257 5622 477 5689 ἐγένετο
509 5622 542 5691 ἠ
582 5620 721 5692 ὥρα,
750 5623 979 5676 ἀνέπεσε
1019 5618 1276 5690 μετὰτῶν
1304 5616 1528 5671 δώδεκα.
1560 5637 1580 5670 ›
1616 5619 1688 5672 06

127 5721 244 5791 γὰρ
300 5709 474 5787 εἶπεν,
504 5712 591 5766 ὅτε
620 5715 834 5783 ἐγένετο
863 5718 896 5786 ἡ
928 5716 1112 5786 ἡμέρα
1135 5730 1149 5747 ο
1179 5709 1272 5766 καὶ
1322 5709 1426 5779 γὰρ
1447 5711 1512 5763 οὐ
1543 5726 1687 5781 παρ-

198 5900 248 5934 ¹⁵¹
277 5894 451 5956 Exod.
475 5906 572 5956 xu.
604 5893 756 5949 1-11.
858 5896 903 5929 ’δ’
931 5895 1114 5951 Matth.
1168 5912 1219 5962 ν,
1260 5896 1346 5949 i7.

1874 4716 2139 4784 Quidnam
2196 4723 2279 4770 est
2311 4712 2471 4785 igitur
2494 4714 2635 4783 quod
2668 4713 2928 4784 quaeritur
2949 4715 2974 4769 2
2996 4715 3124 4785 quid
3148 4731 3213 4773 ex
3244 4717 3346 4773 hoc

1806 4816 1915 4862 tam
1953 4806 2138 4860 multis
2169 4804 2352 4860 verbis
2378 4804 2609 4873 probare
2653 4805 3067 4860 contendimus?
3091 4807 3173 4861 Ab
3196 4809 3344 4864 omni

1795 4899 2059 4967 pravitate
2086 4894 2296 4949 fidelem
2324 4901 2536 4962 oportet
2594 4893 2884 4959 vindicare,
2924 4908 3084 4947 omne
3124 4909 3344 4951 concor.

1796 4988 1942 5043 tandi
1990 4986 2249 5053 studium,
2292 4985 2439 5064 litem
2492 4994 2548 5039 et
2593 4986 2811 5039 stultam
2862 4983 3338 5052 praesumptionem

1793 5079 1859 5133 de
1889 5077 2057 5133 corde‘
2102 5091 2237 5145 opus
2262 5084 2346 5131 est
2369 5090 2492 5129 eum
2528 5074 2870 5145 prOpulsare,
2890 5073 2982 5141 qui
3012 5087 3123 5127 sua:
3148 5075 3340 5130 salutis

1793 5169 2023 5241 cupidus
2043 5176 2165 5225 est:
2201 5165 2327 5237 quia
2363 5165 2817 5239 Salvatorxnoster
2852 5171 3094 5235 tempore
3134 5176 3337 5220 sanctae

1766 5261 1930 5330 ’legia
1986 5257 2191 5329 peregit
2220 5255 2445 5322 Pascha,
2476 5243 2655 5332 neque
2677 5263 2836 5307 antea
2866 5253 3106 5322 peregit,
3136 5261 3196 5308 ut
3219 5255 3363 5324 qui-s

1794 5354 1917 5422 dam
1949 5350 2156 5415 volunt,
2184 5362 2362 5417 neque
2390 5358 2530 5419 post,
2560 5347 2653 5402 sed
2681 5361 2782 5401 suo
2813 5352 3052 5416 tempere
3097 5356 3151 5401 et
3170 5347 3326 5411 hora,

1781 5430 1853 5496 ἰιι
1873 5442 2081 5511 jussum
2113 5424 2277 5503 erat;
2312 5436 2474 5507 hujus
2501 5437 2580 5491 rei
2625 5438 2779 5492 testis
2804 5444 2885 5493 est
2950 5434 3120 5490 L’ucas
3172 5451 3338 5491 evan-

1790 5533 1984 5603 gelista
2007 5544 2129 5584 cum
2152 5528 2309 5582 dicit:
2383 5548 2401 5579 ι
2440 5529 2507 5584 Ει
2534 5544 2658 5585 cum
2684 5528 2823 5584 facta
2854 5540 3011 5584 esset.
3050 5529 3200 5593 horaI
3229 5527 3338 5582 dia-

1795 5616 1989 5678 cubuit
2016 5635 2138 5675 cum
2175 5618 2482 5673 duodecim.
2531 5637 2551 5671 ι
2616 5619 2735 5676 Non
2758 5620 2901 5674 enim
2930 5619 3088 5682 dixit,
3110 5615 3338 5690 Quando

1794 5712 1936 5768 facta
1964 5708 2198 5776 estdies,
2218 5722 2344 5777 nam
2373 5708 2479 5766 alia
2510 5709 2629 5766 dies
2658 5710 3117 5777 nonpraeterierat
3147 5715 3338 5779 praeter

1461 5891 1508 5922 "
1537 5870 1670 5949 iam.
1708 5906 1814 5958 τινι,
1854 5892 1967 5946 l7.‘
