4006 6340
619 441 777 510 ’1203

1781 453 2094 515 JOSEPHI
2143 457 2685 522 METHONENSIS

2469 221 2488 252 Α

3704 465 3817 533 1204

636 561 1020 631 dumteterem
1039 559 1257 632 ﬁguram
1276 563 1373 619 fuit
1393 575 1657 633 paratum,
1674 567 1896 632 scilicet,
1918 583 1977 625 ut
2015 571 2174 625 hahe-

2292 573 2369 624 eat
2417 573 2544 628 ἄλλο
2593 574 2656 626 τδ
2703 575 2941 640 νομικόν.
2980 575 3040 629 Et
3078 575 3133 629 δὲ
3170 576 3315 643 λέγει
3365 583 3474 641 τις
3509 578 3616 642 ὅτι,
3660 579 3706 632 εί
3740 583 3818 634 καὶ

637 663 720 707 ret
751 668 952 733 azyma,
985 670 1172 725 agnos,
1194 657 1452 714 lactucam
1481 670 1762 731 agrestem,
1794 673 1845 717 et
1871 663 1970 716 alia
2030 663 2173 728 (nam

640 763 702 802 ea
739 761 951 804 cessare
981 753 1302 819 oportebat),
1333 754 1507 808 sciant
1543 755 1773 822 primum
1833 756 1972 825 quod
2022 755 2179 810 Chri-

560 854 565 859 ·
637 847 778 891 stum
831 840 903 892 nil
963 841 1106 894 aliud
1164 842 1339 898 facere
1397 847 1629 911 oportuit
1685 861 1843 915 quam
1904 847 2046 914 quod
2097 845 2177 898 lex

633 935 876 1003 iubebat,
901 953 969 992 ne
999 937 1507 1010 legistransgressor
1533 942 1882 1010 judicaretur.
1923 961 1942 992 ι
1978 939 2178 994 Deinde

636 1028 724 1091 qui
772 1026 995 1094 'parahat
1047 1033 1117 1088 td.
1181 1031 1471 1085 Zehedmus
1497 1042 1651 1085 erat:
1681 1034 1917 1099 quicum
1956 1031 2176 1085 Judaeus

638 1126 799 1176 esset,
836 1120 908 1170 nil
935 1110 1074 1175 aliud
1102 1121 1315 1176 fecisset
1347 1139 1504 1189 quam
1539 1125 1676 1189 quod
1702 1125 1781 1176 lex
1815 1125 2077 1194 iubebat.
2121 1123 2176 1177 Si

642 1218 763 1258 vero
820 1208 1072 1274 dixerint,
1114 1211 1163 1261 in
1231 1211 1332 1261 hoc
1389 1211 1644 1265 Pam-hate
1709 1217 2015 1282 mysterium
2070 1225 2179 1268 tra~

640 1300 808 1358 ditutn
859 1318 961 1355 non
1022 1320 1163 1362 esse,
1223 1314 1273 1357 et
1333 1315 1610 1374 prepterna
1646 1307 2022 1361 fermentatum
2059 1322 2178 1361 esse

639 1395 897 1458 potuisse.
941 1391 1044 1447 non
1087 1399 1338 1462 permittit
1373 1399 1439 1450 iis
1461 1415 1621 1452 auma
1658 1401 1881 1468 lingua;
1942 1416 2064 1454 nam
2128 1401 2179 1453 itt

636 1485 807 1552 prima
842 1485 1053 1537 hotnilia
1076 1487 1126 1538 in
1159 1487 1272 1539 Matt
1288 1490 1455 1542 lucum
1480 1491 1702 1543 scribit:
1735 1509 1753 1541 ι
1784 1490 1898 1555 Qua
1933 1493 1999 1544 de
2021 1507 2180 1544 causa
2212 1520 2222 1528 α

635 1574 918 1630 Paschalis
948 1587 1206 1644 tempore,
1242 1594 1346 1630 non
1377 1581 1480 1631 alio
1513 1580 1618 1641 die,
1655 1590 1869 1648 sumpto
1900 1596 2034 1648 pane
2060 1583 2175 1636 l're-

641 1668 713 1738 git
741 1677 792 1722 et
829 1669 1083 1737 mysteria
1112 1671 1310 1737 peregit
1337 1670 1361 1722 ?
1390 1671 1459 1725 Ut
1482 1673 1838 1740 undequaque
1868 1674 2176 1727 'noscamus

641 1775 762 1812 eum
793 1775 910 1814 esse
941 1762 1172 1829 antiqua:
1200 1760 1330 1827 legis
1359 1763 1599 1826 latorem,
1628 1773 1681 1818 et
1711 1781 1830 1833 quae
1881 1765 1934 1818 in
1963 1780 2024 1819 ea
2054 1781 2185 1821 con-

645 1851 981 1916 tinebantur,
1016 1864 1230 1923 promer-
1260 1855 1372 1909 htec
1427 1857 1577 1923 prius
1621 1857 1930 1911 adumbrata
1981 1857 2179 1925 fuisse;

645 1944 849 1999 idcirco
899 1946 989 1999 ubi
1050 1957 1132 2001 est
1190 1947 1377 2016 ﬁgura,
1406 1949 1684 2001 veritatem
1730 1949 1991 2016 adjungit.
2031 1967 2048 1999 ι
2084 1948 2179 2002 Sin

647 2046 824 2090 autem
856 2038 1112 2103 dixerint,
1166 2039 1445 2091 Dominum
1479 2054 1543 2092 eo
1579 2055 1717 2093 anno
1751 2040 1918 2110 legale
1975 2040 2181 2095 Pascha

644 2143 751 2181 non
785 2131 1101 2194 comedisse,
1139 2132 1262 2200 quia
1291 2132 1445 2197 dixit,
1505 2151 1522 2182 ‹
1559 2133 1830 2188 Desiderio
1875 2133 2183 2189 desideravi

643 2223 746 2274 hoc
775 2223 976 2275 Pascha
994 2225 1320 2278 manducare
1338 2226 1615 2278 vobiscum
1637 2235 1922 2290 antequam
1947 2225 2139 2292 patiar,
2160 2243 2178 2276 ι

645 2330 763 2368 cum
830 2316 1194 2368 exsultatione
1252 2318 1596 2380 adducentes,
1630 2332 1734 2368 non
1762 2317 1926 2369 fuisse
1952 2317 1998 2369 ei
2032 2325 2187 2384 opta-

642 2407 746 2459 bile
785 2407 927 2473 quod
980 2407 1114 2460 alias
1145 2407 1509 2462 comedisset:
1544 2410 1634 2460 sed
1662 2409 1805 2460 aliud
1841 2409 2041 2475 aliquid
2060 2409 2180 2461 novi

641 2496 782 2564 quod
815 2496 1048 2563 optabat,
1070 2497 1478 2567 Chrysostontus
1501 2500 1610 2568 ipse
1643 2504 1708 2552 de
1745 2501 1862 2564 hoc,
1888 2517 1991 2553 ιιι-ιη
2027 2501 2184 2564 alius,

641 2587 1047 2655 reSponsionetn
1074 2588 1264 2643 atIeret
1289 2607 1304 2657 ;
1331 2607 1449 2644 nam
1482 2593 1532 2644 in
1573 2592 1788 2645 homilia
1805 2593 1989 2646 eadem
2016 2593 2180 2646 dicit:

649 2697 668 2729 σ
705 2677 832 2732 Post
886 2683 1036 2732 csum
1074 2680 1255 2748 legalis
1311 2679 1527 2734 Pascha:
1560 2669 1865 2750 mysterium
1896 2681 2054 2733 tradit
2105 2681 2186 2735 di-

640 2782 806 2824 cens:
856 2768 1118 2840 Accipite,
1152 2770 1437 2829 comedite.
1467 2779 1521 2822 et
1553 2766 1774 2837 reliqua,
1808 2771 2062 2838 quoniam
2129 2771 2180 2822 in

642 2872 918 2926 p05terum
978 2875 1191 2914 cessare
1245 2860 1432 2930 legalia
1486 2866 1784 2928 oportebat,
1829 2861 1891 2914 'et
1938 2861 2184 2928 legalium

643 2951 994 3005 festivitatum
1026 2961 1224 3019 caput;
1258 2961 1311 3006 et
1345 2952 1406 3004 ad
1443 2953 1662 3006 alteram
1712 2953 1902 3007 transit
1941 2968 2181 3007 mensam

643 3041 1191 3095 formidabilissimam
1229 3057 1374 3095 nova:
1404 3041 1551 3109 legis.
1595 3060 1613 3092 ι
1651 3040 1838 3106 Audis,
1874 3041 2012 3110 quod
2062 3049 2185 3107 post

643 3148 796 3187 esum
826 3133 1010 3204 legalis
1065 3132 1340 3187 Paschalis
1404 3133 1711 3202 mysterium
1762 3133 1941 3196 tradit,
2001 3132 2054 3185 id
2086 3141 2186 3194 est,

2279 665 2598 734 ἡτοίμασται
2622 665 2683 716 τὸ
2717 666 2926 733 Πάσχα.
2959 667 3074 718 ἀλλ’
3099 668 3158 719 οὑ
3191 668 3331 721 κατὰ
3358 669 3464 722 τὸν·
3484 669 3714 721 παλαιδν
3743 670 3817 722 τύ-

2279 775 2377 811 πον
2409 759 2756 828 ἡτοίμασται,
2779 757 2974 827 δηλαδὴ
2995 758 3130 811 ὥστε
3153 758 3296 828 ἔχειν
3316 759 3499 828 ἄζυμα
3518 763 3614 815 καὶ
3637 761 3820 829 sum:

2277 851 2372 903 καὶ
2401 850 2650 916 πικρίδας
2681 851 2776 902 καὶ
2823 850 2988 903 τᾶλλα
3011 866 3027 881 θ
3057 852 3137 904 ὅτι
3171 851 3481 904 παύσασθαι
3511 851 3618 904 ἔδει
3658 852 3818 906 αὑτά·

2281 941 2535 1005 ίστωσαν,
2595 941 2811 1009 πρῶτον
2847 942 2961 1010 μὲν,
3005 943 3086 995 ὅτι
3118 942 3145 994 6
3196 942 3426 1012 Χριστὸς
3477 943 3580 995 οὐκ
3613 942 3822 1007 ὤφειλεν

2279 1036 2428 1099 ἄλλο,
2467 1037 2498 1104 ἦ
2531 1037 2590 1088 τδ
2641 1037 2732 1087 τοῦ
2769 1035 2933 1103 νόμου
2985 1035 3227 1102 ποιῆσαι,
3263 1036 3348 1087 ἵνα
3402 1033 3475 1103 μὴ
3518 1037 3821 1103 παράνομος

2279 1125 2423 1197 δέξῃ.
2474 1121 2602 1177 Εἶτα
2643 1125 2670 1174 6
2700 1126 2987 1192 ἑτοιμάσας
3017 1124 3166 1189 αὐτὸ,
3216 1125 3242 1176 6
3277 1122 3560 1184 Ζεϐεδαῖος
3605 1117 3672 1192 ἦν
3695 1139 3709 1152 °
3741 1125 3823 1175 καὶ

2282 1220 2441 1278 αὐτὸς
2489 1219 2736 1278 Ἰουδαῖος
2779 1217 3057 1286 ὑπάρχων,
3092 1217 3186 1268 οὐκ
3218 1217 3282 1268 ἂν
3312 1216 3455 1279 ἄλλο,
3489 1215 3520 1283 ἢ
3555 1215 3584 1266 6
3626 1217 3653 1268 6
3677 1215 3822 1278 νόμος

2283 1309 2641 1375 προσέταττεν
2663 1296 2913 1375 ἐποίησεν
2941 1308 3021 1360 ἄν.
3059 1308 3117 1359 Et
3141 1308 3196 1360 δὲ
3227 1308 3474 1375 λέγουσιν
3505 1308 3586 1360 ὅτι
3612 1305 3666 1359 οὗ
3697 1307 3824 1358 κατὰ

2281 1399 2368 1451 τὸν
2397 1400 2583 1468 καιρὸν
2621 1401 2710 1453 τοῦ
2743 1399 2946 1466 Πάσχα
2978 1401 3253 1466 παρέδωκε
3302 1399 3360 1450 τὸ
3404 1401 3720 1467 μυστήριον,
3753 1398 3820 1450 διδ

2281 1491 2373 1544 καὶ
2411 1491 2637 1559 ἠδύνατο
2681 1488 2819 1543 εἶναι
2865 1489 3112 1562 ἐνςυμον,
3154 1490 3254 1541 οὐκ
3302 1490 3525 1557 ἀφίησιν
3573 1489 3822 1554 αὐτοὺςὴ

2281 1582 2455 1653 χρυσῆ
2500 1581 2738 1650 γλῶττα.
2770 1583 2938 1643 Αὐτὸς
2971 1581 3078 1652 γὰρ
3105 1582 3254 1648 λέγει
3288 1584 3344 1634 ὲν
3389 1583 3453 1649 τῇ
3490 1579 3624 1648 αὐτῇ
3650 1579 3824 1648 ὁμιλίᾳ

2281 1675 2372 1727 τοῦ
2404 1675 2544 1728 κατὰ
2576 1677 2848 1729 Ματθαῖον
2869 1693 2882 1705 ο
2922 1694 2939 1726 ι
2977 1677 3130 1735 Τίνος
3158 1674 3342 1727 ἕνεκεν
3372 1672 3514 1726 κατὰ
3533 1673 3622 1724 τὸν
3647 1673 3825 1739 καιρὸν

2281 1769 2373 1820 τοῦ
2407 1769 2613 1837 Πάσχα,
2650 1768 2740 1820 καὶ
2771 1769 2954 1824 οὖκέν
2984 1768 3117 1838 ἄλλῃ
3147 1767 3324 1836 ἡμέρα
3353 1765 3531 1817 λαϐὼν
3557 1766 3648 1816 τὸν
3674 1763 3826 1830 ἄρτον

2285 1858 2496 1920 ἕκλασε,
2533 1860 2625 1911 καὶ
2649 1860 2716 1911 τὰ
2748 1862 3018 1930 μυστήρια
3042 1859 3398 1923 ἀπετέλεσεν;
3426 1857 3542 1909 Ἶνα
3578 1856 3826 1923 μάθωμεν

2289 1950 2547 2006 πάντοθεν
2588 1953 2680 2004 καὶ
2726 1950 2823 2018 τῆς
2859 1951 3096 2012 Παλαιᾶς
3133 1950 3291 2003 αὐτὸν
3338 1949 3463 2001 ὄντα
3506 1943 3828 2015 νομοθέτηνῖ

2289 2042 2378 2092 καὶ
2394 2041 2484 2094 κτὰ
2517 2041 2573 2091 ὲν
2603 2041 2781 2110 ἐκείνῃ
2825 2039 2917 2093 ’διὰ
2952 2039 3122 2091 ταῦτα
3173 2038 3686 2108 προσκιαγραφέντα
3707 2055 3720 2069 ο
3749 2039 3826 2090 διὰ

2286 2131 2458 2194 τοῦτο,
2521 2131 2644 2184 ἔνθα
2696 2135 2724 2184 6
2770 2131 2934 2192 τύπος
2985 2130 3080 2198 τὴν
3119 2129 3374 2198 ἀλήθειαν
3420 2128 3744 2194 ἐπιτίθησιν.
3803 2147 3820 2180 ι

2288 2226 2349 2278 Εἰ
2388 2225 2442 2277 δὲ
2473 2225 2700 2292 λέγωσιν
2731 2226 2810 2276 ὅτι
2850 2223 2909 2274 οὒ
2943 2223 3001 2274 τὸ
3049 2221 3269 2288 νομικὸν
3317 2220 3482 2286 ἔφαγε
3519 2222 3706 2288 Πάσχα
3744 2219 3826 2270 τὸν

2286 2317 2528 2368 ἐνιαυτὸν
2557 2316 2759 2366 ἐκεῖνον
2796 2317 2822 2365 ὁ
2856 2313 3074 2382 Κύριος,
3117 2312 3200 2364 διὰ
3234 2312 3501 2378 τὸλέγειν.
3543 2329 3560 2362 ι
3618 2311 3827 2362 Ἐπιθυ-

2290 2407 2387 2474 μίᾳ
2422 2404 2741 2472 ἐπεθύμησα
2770 2403 2925 2455 τοῦτο
2971 2403 3027 2454 τὺ
3063 2402 3249 2472 Πάσχα
3283 2404 3473 2468 φαγεῖν
3509 2401 3631 2469 μεθ’
3662 2400 3825 2468 ὑμῶν,

2290 2499 2393 2565 πρὸ
2416 2498 2508 2550 τοῦ
2545 2515 2611 2565 με
2641 2496 2827 2548 παθεῖν
2862 2513 2878 2528 ο

2289 2591 2523 2660 θυμητδν
2561 2585 2626 2660 ἦν
2673 2589 2817 2656 αὖτῴ
2868 2590 3006 2658 ὅπερ
3048 2588 3231 2651 ἄλλοτε
3283 2577 3529 2654 ἔφαγεν”
3563 2584 3677 2636 ἀλλ’
3709 2586 3828 2638 ἄλλο

2940 2515 2957 2546 ι
2998 2493 3416 2562 ὲναὸρυνῆμενοι
3479 2494 3560 2546 ὅτι
3591 2496 3688 2545 οῖδκ
3717 2497 3828 2543 ἐπι-

2271 2691 2338 2733 ’τι
2369 2681 2552 2734 καινὸν
2573 2678 2663 2750 ἦν,
2695 2681 2828 2748 ὅπερ
2859 2679 3117 2745 ἐπεθύμει
3148 2691 3163 2705 ⁸
3215 2679 3241 2729 6
3269 2678 3427 2737 αὐτὸς
3452 2675 3827 2744 Χρυσὸστοαος

2287 2775 2378 2828 καὶ
2429 2774 2557 2842 περὶ
2605 2775 2815 2835 τούτου,
2869 2771 2959 2824 καὶ
3000 2772 3096 2822 οὐκ
3131 2771 3283 2832 ἄλλος
3316 2770 3602 2832 ἀπόκρισιν
3646 2768 3828 2821 δώσει.

2299 2866 2387 2918 Ἐν
2415 2850 2521 2934 γὰρ
2552 2868 2618 2936 τῇ
2657 2865 2790 2933 αὐτῇ
2832 2862 3014 2932 ὁμιλίᾳ
3041 2863 3204 2932 φησί·
3240 2881 3258 2912 ι
3299 2863 3449 2914 Μετᾶ
3476 2861 3532 2913 δὲ
3560 2861 3619 2913 τὸ
3648 2863 3832 2926 φαγεῖν

2288 2957 2347 3009 τὸ
2388 2957 2606 3022 νομικὸν
2661 2955 2870 3020 Πάσχα,
2921 2954 3247 3022 παραδίδωσι
3284 2953 3344 3004 τὸ
3393 2955 3709 3020 μυστήριον,
3751 2952 3829 3002 λέ-

2288 3065 2398 3115 γων
2419 3066 2432 3079 ·
2463 3050 2688 3113 Λάϐετε,
2714 3050 2935 3126 φάγετρ
2977 3048 3068 3099 καὶ
3112 3048 3176 3100 τὰ
3231 3047 3354 3114 ἑξῆς
3376 3061 3392 3077 ο
3425 3046 3608 3112 ἐπειδὴ
3659 3045 3833 3096 λοιπὸν

2293 3139 2603 3194 παύσασθαι
2654 3138 2758 3206 ἔδει
2805 3137 2871 3190 τὰ
2921 3140 3136 3206 νομικὰ,
3171 3140 3264 3190 καὶ
3307 3138 3364 3188 τὺ
3411 3137 3700 3201 κεφάλαιον
3731 3137 3833 3186 τῶν

645 3222 814 3293 legale
839 3224 1074 3277 comedit
1121 3221 1346 3284 Pascha.
1378 3231 1431 3276 et
1476 3231 1596 3290 post
1633 3238 1840 3276 cumam
1877 3224 2185 3293 mysterium

2292 3233 2525 3302 νομικῶν
2566 3232 2784 3302 ἑορτῶν,
2819 3234 2914 3284 καὶ
2960 3231 3043 3300 ἐφ’
3080 3231 3268 3297 ἑτέραν
3305 3227 3614 3297 μεταϐαίνει
3641 3228 3833 3294 τράπε-

643 3317 901 3371 tradidlt?
932 3316 1211 3382 Quomodo
1239 3317 1398 3383 igitur
1413 3315 1789 3372 fermentatum
1815 3317 1983 3383 potuit
2013 3317 2189 3370 adhuc

643 3409 894 3472 retinere,
934 3423 1053 3460 cum
1085 3409 1275 3479 Azyma
1299 3408 1658 3476 inccpissent?
1688 3407 1816 3460 Illud
1843 3423 1989 3474 vero,
2035 3428 2054 3460 ‹
2085 3409 2188 3464 De-

643 3499 842 3554 siderio
860 3500 1156 3555 desideravi
1181 3500 1282 3552 hoc
1303 3499 1505 3552 Pascha
1527 3499 1845 3553 manducare
1861 3501 2153 3562 vobiscum,
2171 3519 2186 3548 ι

645 3591 792 3645 hunc
823 3591 985 3644 habet
1025 3606 1264 3652 sensum,
1288 3591 1429 3656 quod
1463 3604 1604 3642 anno
1628 3590 1748 3652 hoc,
1776 3605 1881 3658 quo
1921 3602 2074 3643 terra:
2110 3606 2193 3643 sa-

643 3684 732 3736 lus
761 3683 940 3735 futura
973 3690 1104 3744 erat,
1147 3689 1202 3734 et
1235 3680 1488 3749 mysteria
1545 3679 1700 3746 tradi,
1731 3695 1796 3734 ac
1857 3688 2045 3733 ca'tera
2097 3697 2192 3749 per

645 3783 872 3832 mortem
905 3773 1124 3830 dissolvi
1149 3774 1451 3844 oportebat,
1484 3789 1548 3827 eo
1587 3784 1740 3840 pacto
1767 3789 1979 3828 crucem
2009 3773 2191 3828 animo

646 3869 914 3933 volvebat,
950 3877 1006 3923 ut
1035 3868 1169 3921 nihil
1203 3868 1346 3921 aliud
1376 3882 1526 3935 aeque
1555 3867 1613 3919 in
1651 3877 1828 3920 mente
1881 3867 2105 3921 haberet
2127 3882 2189 3921 ae

648 3961 781 4013 mori
814 3975 911 4029 pro
950 3962 1226 4014 communi
1285 3960 1474 4014 salute.

2288 3324 2385 3387 ζαν
2418 3323 2856 3392 φρικωδεστάτην
2895 3320 2961 3372 τὰ
3001 3322 3095 3388 τῆς
3145 3319 3366 3385 Καινῆς.
3408 3335 3424 3366 ι
3471 3315 3709 3377 Ἀκούεις
3735 3317 3831 3376 ὅτι,

2292 3414 2427 3485 μετὰ
2457 3413 2515 3465 τὸ
2546 3415 2735 3481 φαγεῖν
2767 3412 2828 3464 τὸ
2855 3411 3072 3478 νομικὶν
3101 3410 3307 3478 Πάσχα,
3343 3407 3624 3474 παρέδωκε
3657 3405 3714 3457 τὺ
3739 3423 3834 3472 μυο

2290 3490 2528 3574 στήριον,
2564 3504 2800 3573 δηλονότι
2829 3503 2922 3554 καὶ
2950 3502 3008 3553 τὸ
3052 3501 3268 3569 νομικὸν
3299 3498 3463 3567 ἔφαγε
3497 3497 3713 3565 Πάσχα·
3744 3495 3835 3546 καὶ

2295 3597 2437 3667 μετὰ·
2457 3597 2516 3648 τὸ
2547 3596 2830 3664 δειπνῆσαι
2859 3595 3137 3660 παρέδωκε
3164 3592 3221 3643 τὸ
3251 3593 3544 3658 μυστήριον
3565 3604 3578 3616 ·
3613 3589 3720 3646 πῶς
3749 3583 3836 3636 οὖν

2297 3687 2523 3754 ὠφειλεν
2542 3686 2766 3751 ενζυμον
2784 3686 2861 3737 ἐτι
2883 3687 3148 3752 κατέχειν,
3169 3684 3268 3751 ἢδη
3297 3681 3399 3732 τῶν
3434 3679 3680 3744 Ἀζύμων
3706 3678 3836 3745 i391-

2300 3783 2472 3849 μένων
2501 3777 2697 3845 ;Τὸδὲ,
2727 3774 3022 3844 Ἐπιθυμίᾳ
3061 3769 3566 3841 ἐπεθύμησα-τοῦτο
3582 3769 3834 3834 τδΠᾶσχα

2297 3873 2487 3940 φαγεῖν
2520 3870 2638 3939 μεθ’
2673 3868 2845 3936 ὑμῶν,
2897 3860 3132 3918 τοιοῦτον
3179 3864 3290 3933 ἔχει
3311 3863 3400 3915 τδν
3425 3861 3548 3914 νοῦν
3567 3882 3580 3893 ·
3609 3863 3688 3913 ὅτι
3707 3862 3836 3910 κατὰ

2295 3969 2387 4016 τὸν
2424 3961 2661 4014 ἐνιαυτὸν
2715 3959 2924 4022 τοῦτον,
2977 3958 3064 4009 ὅτε
3118 3956 3339 4022 ἔμελλεν
3392 3956 3426 4022 ἡ
3473 3952 3709 4020 σωτηρία
3743 3952 3836 4016 τῆς

647 4056 972 4128 οἰκουμένης
1016 4057 1281 4124 γίνεσθαι,
1328 4059 1419 4108 καὶ
1471 4058 1538 4108 τὰ.
1590 4058 1868 4125 μυστήρια
1927 4056 2325 4124 παραδίδοσθαι,
2362 4058 2453 4108 καὶ
2514 4056 2579 4109 τὰ
2609 4056 2766 4108 λοιπὰ
2814 4052 3035 4106 λύεσθαι
3090 4050 3172 4103 διὰ
3247 4049 3337 4102 τοῦ
3389 4047 3639 4114 θανάτου,
3705 4045 3837 4099 οὕτω

651 4154 790 4206 κατὰ
817 4153 1042 4224 γνώμην
1077 4150 1222 4222 αὐτῷ
1250 4151 1279 4202 6
1325 4149 1557 4220 σταυρὸς
1599 4145 1688 4222 ἦν,
1726 4149 1865 4202 ὥστε
1896 4148 2045 4202 οὐδὲν
2085 4148 2210 4202 ἄλλο
2247 4148 2331 4202 διὰ
2362 4149 2448 4202 νοῦ
2487 4151 2612 4211 isto;
2642 4143 2803 4217 εἶχεν,
2836 4148 2882 4199 εί
2915 4146 2988 4216 μὴ
3024 4146 3201 4199 θανεῖν
3269 4142 3407 4212 ὑπερ
3447 4141 3542 4209 τῆς
3593 4130 3838 4194 ἁπάντωΰ

652 4254 945 4317 σωτηρίας.

725 4345 780 4398 Si
808 4360 941 4398 vero
969 4345 1168 4398 dixerit
1197 4346 1338 4413 quis,
1369 4346 1583 4413 quando
1604 4343 1734 4397 dicit
1755 4341 2189 4411 Chrysostomus.

2373 4343 2431 4394 Εί
2462 4341 2514 4392 δὲ
2540 4339 2687 4406 λέγοι
2739 4355 2840 4402 τις,
2873 4339 2954 4389 ὅτι
2999 4334 3059 4387 τὸ
3087 4333 3269 4400 λέγειν
3301 4330 3390 4383 τὸν
3443 4327 3587 4394 ίερδν
3633 4327 3838 4394 Χρυσό-

659 4438 767 4491 «Ad
803 4437 959 4492 aliam
987 4435 1178 4489 transit
1205 4449 1441 4488 mensam
1469 4429 2072 4496 iormidabilissimam,»
2109 4446 2189 4495 pet

2304 4450 2520 4499 στομον,
2545 4449 2562 4480 ι
2586 4429 2698 4494 Ἐφ’
2731 4429 2918 4494 ἑτέραν
2945 4423 3253 4492 μεταϐαίνει
3281 4421 3556 4489 τράπεζαν
3587 4421 3840 4506 φρικωδε-

653 4533 705 4586 id
733 4532 1104 4585 fermentatum
1128 4527 1439 4596 signiﬁcari,
1471 4535 1529 4579 ut
1557 4525 1836 4593 abrogaret
1861 4539 1978 4590 quae
2008 4536 2189 4575 secun-

2307 4522 2557 4585 στάτην,»
2587 4517 2741 4568 τοῦτο
2771 4516 2916 4582 δηλοῖ
2947 4513 3003 4564 τὸ
3027 4508 3164 4564 εἶναι
3193 4510 3439 4578 ἐνζυμον,
3469 4510 3553 4562 ῐνα
3573 4510 3748 4576 παύσῃ
3774 4509 3838 4558 τὰ

654 4621 781 4676 dum
833 4621 1001 4688 legem
1071 4617 1457 4681 atIerebantur,
1513 4617 1686 4670 sciant
1730 4613 1872 4683 quod
1914 4613 1980 4666 ad
2042 4612 2196 4664 aliam

657 4726 896 4766 mensam
930 4710 1179 4780 transire,
1217 4723 1324 4762 non
1361 4716 1582 4776 propter
1609 4707 1803 4775 Azyma
1837 4705 2049 4764 dicitur.
2076 4701 2199 4771 quia

658 4805 857 4872 Azynta
893 4814 1066 4867 neque
1097 4797 1420 4851 sacriﬁcium
1443 4804 1579 4860 erat,
1626 4810 1801 4864 neque
1853 4803 1909 4848 ut
1941 4795 2203 4848 sacriﬁcio

659 4895 726 4947 iis
750 4891 1036 4946 utebantur
1105 4887 1294 4952 Judaei,
1344 4902 1408 4941 ac
1463 4900 1688 4940 necesse
1744 4892 1861 4940 erat
1887 4899 1947 4938 ea
1991 4897 2204 4938 cessare

661 4987 1114 5053 (percuncteutur
1142 4980 1256 5033 haec
1286 4995 1315 5033 a
1336 4978 1743 5048 Judaeis,'atque
1771 4977 2057 5045 ediscant),
2112 4977 2203 5029 sed

660 5075 804 5145 quod
835 5090 942 5128 non
969 5074 1197 5143 amplius
1219 5075 1411 5126 carnea
1447 5086 1625 5126 mensa
1678 5085 1897 5124 carnem
1954 5079 2010 5123 et
2081 5082 2203 5121 san-

663 5165 879 5234 guinem
910 5149 1258 5219 sacriiicaturi
1285 5168 1457 5216 erant.
1497 5177 1515 5210 ι
1555 5160 1778 5224 Quoties
1809 5160 1974 5223 enim,
2010 5158 2202 5225 inquit,

668 5272 857 5324 panem
881 5258 1019 5308 hunc
1049 5253 1411 5316 comederitis,
1444 5261 1496 5305 et
1519 5252 1738 5305 calicem
1768 5253 1910 5304 hunc
1942 5247 2204 5311 biberitis,

669 5355 894 5397 mortem
959 5358 1132 5400 meam
1198 5343 1468 5406 nuntiate,
1529 5339 1976 5397 resurrectionem
2034 5353 2205 5392 meam

666 5435 1021 5494 confitemini.
1058 5456 1074 5488 ι
1108 5437 1398 5505 Propterea
1431 5436 1597 5488 altera
1655 5447 1840 5490 mensa
1899 5428 2209 5500 formidabi-

669 5527 870 5581 lissima
900 5529 1115 5590 dicitur,
1143 5529 1268 5594 quia
1315 5525 1671 5578 formidabilia
1730 5523 1981 5592 mysteria
2041 5521 2091 5571 in
2146 5534 2206 5571 ea

668 5627 1023 5686 peraguntur:
1075 5617 1293 5685 sanguis
1321 5616 1575 5668 videlicet
1629 5624 1682 5692 et
1735 5629 1926 5682 corpus
1974 5608 2211 5664 Domini—

671 5725 814 5774 cum,
852 5724 959 5763 non
986 5700 1250 5762 Sacriﬁcia
1289 5708 1607 5768 vitulorum.
1637 5706 1717 5758 vel
1779 5716 2075 5768 taurorum,
2127 5702 2206 5754 vel

673 5797 945 5851 hircorum
992 5798 1244 5866 sanguis:
1282 5813 1398 5850 nam
1433 5797 1520 5849 illa
1552 5809 1734 5848 mensa
1759 5809 1855 5863 per
1882 5793 2001 5862 agni
2035 5801 2088 5843 et
2133 5790 2208 5843 vi-

673 5887 770 5944 tuli
806 5889 1146 5955 sacrificium,
1198 5888 1559 5945 maris’ltubri
1595 5885 1875 5942 transi'um
1910 5885 1963 5940 in
1997 5897 2200 5938 memo-

2302 4612 2440 4666 κατὰ
2480 4612 2639 4679 νόμον
2671 4596 3082 4677 προσῖφερόμενᾶ
3109 4617 3122 4632 °
3155 4602 3462 4664 νοείτωσαν,
3494 4603 3579 4653 ὅτι
3600 4601 3700 4682 αδ,
3738 4600 3841 4652 Ms-

2303 4703 2540 4757 ταϐαίνει
2588 4699 2671 4765 ἐφ’
2726 4697 2916 4763 ἑτέραν
2944 4693 3235 4763 τράπεζαν,
3283 4687 3344 4745 οὐ
3392 4692 3478 4744 διὰ
3523 4693 3592 4743 τά
3629 4692 3839 4757 Ἀζυμα

2301 4793 2549 4858 λέγεται’
2579 4789 2658 4840 ὅτι
2705 4771 2773 4839 τά
2813 4785 3046 4851 Ἀζυμα,
3073 4780 3194 4834 οὔτε
3227 4779 3383 4832 θυσία
3419 4780 3680 4848 ὑπῆρχον,
3722 4779 3838 4828 οὔτε

2304 4885 2375 4945 ὡς
2408 4881 2592 4933 θυσίαν
2624 4877 2760 4930 αὐτὰ
2787 4874 3001 4926 ἐποίουν
3035 4875 3081 4925 οἱ
3118 4871 3360 4925 Ἰουδαῖοι
3387 4887 3400 4903 ’
3429 4871 3523 4922 καὶ
3554 4871 3838 4933 ἀναγκαῖον

2302 4969 2368 5041 ἦν
2403 4970 2630 5024 παύσειν
2663 4966 2800 5020 αὐτά
2821 4983 2832 4994 ·
2867 4957 3222 5034 ἐρωτάτωσαν
3249 4960 3356 5029 γὰρ
3400 4960 3524 5022 τοὺς
3565 4958 3840 5019 Ἰουδαίους

2305 5064 2398 5116 καὶ
2434 5059 2844 5130 μανθανέτωσαν
2870 5071 2883 5084 ’
2941 5053 3055 5107 ἀλλ’
3102 5054 3183 5105 ὃτι
3240 5051 3421 5103 οὐκέτι
3439 5051 3682 5119 τραπέζῃ
3709 5065 3837 5140 σαρο

2305 5152 2592 5223 κίνῃχρέα
2626 5150 2715 5203 καὶ
2746 5144 2882 5217 αἷμα
2922 5148 3018 5213 τὴν
3045 5143 3230 5196 θυσίαν
3277 5142 3551 5214 ποιήσετε.
3587 5160 3605 5197 t
3626 5141 3840 5203 Ὁσάκις

2306 5244 2412 5313 γὰρ
2449 5244 2532 5308 ἂν,
2566 5243 2716 5309 φησὶ,
2749 5239 2837 5290 τὸν
2864 5238 3022 5304 ἄρτον
3061 5236 3248 5289 τοῦτον
3286 5234 3518 5305 ἐσθίητε,
3546 5235 3636 5287 καὶ
3663 5234 3719 5284 τὸ
3749 5248 3842 5282 πο·

2306 5341 2488 5404 τήριον
2516 5334 2670 5386 τοῦτο
2724 5331 2929 5399 πίνητε,
2972 5326 3061 5379 τὸν
3095 5327 3226 5397 ὲμδν
3270 5327 3495 5380 θάνατον
3549 5323 3843 5388 καταγγέλ-

2305 5430 2442 5490 λετε,
2468 5427 2562 5495 τὴν
2588 5425 2721 5493 ἐμὴν
2745 5425 3034 5482 ἀνάστασιν
3050 5423 3355 5490 ὁμολογεῖτε
3373 5434 3386 5447 ·
3404 5437 3423 5470 ι
3451 5414 3715 5469 διὰ·τοιῖ’το
3737 5416 3841 5478 γὰρ

2308 5517 2518 5582 λέγεται
2565 5516 2725 5585 ἑτέρα
2759 5515 2999 5585 τράπεζα
3043 5510 3446 5582 φρικωδεστάτη
3472 5521 3487 5536 ο
3540 5508 3619 5558 ὅτι
3647 5504 3842 5573 φρικτά

2314 5614 2582 5680 μυστήρια
2617 5613 2670 5661 ἐν
2699 5610 2831 5676 αὑτῇ
2864 5603 3283 5672 ίερουργοῦνται,
3319 5601 3376 5651 τὸ
3413 5599 3570 5667 σῶμα
3595 5599 3682 5650 καὶ
3711 5592 3843 5662 αἷμα

2310 5702 2368 5753 τὸ
2394 5699 2704 5753 δεσποτικὸν
2723 5697 2940 5768 δηλαδὴ,
2965 5697 3058 5746 καὶ
3085 5694 3202 5761 οὐχὶ
3229 5690 3572 5760 μοσχοθυσίαι
3597 5691 3682 5740 καὶ
3713 5686 3842 5754 αἷμα

2310 5793 2519 5860 ταύρων
2551 5791 2642 5842 καὶ
2689 5790 2922 5858 τράγων.
2975 5783 3182 5851 Ἐκείνη
3229 5781 3325 5851 μὲν
3354 5782 3460 5848 γάρ
3501 5781 3534 5846 ή
3584 5779 3840 5847 τράπεζα,

2314 5884 2400 5937 διὰ
2453 5881 2543 5935 τοῦ
2580 5878 2750 5950 ἀμνοῦ
2804 5880 2895 5935 καὶ
2935 5874 3029 5945 τῆς
3069 5872 3447 5945 μοσχοθυσίας,
3486 5872 3704 5942 μνήμην
3747 5865 3842 5939 ἦτε
