4006 6340
612 406 742 474 1211

1744 406 2052 468 JOSEPHI
2096 392 2639 467 METHONENSIS

3675 404 3801 469 1212

607 530 752 578 etum
783 526 862 574 est
891 526 1069 583 antea,
1104 517 1396 572 secundum
1424 518 1593 587 legem
1621 519 1822 586 peregit
1851 519 2051 581 omnia,
2084 525 2153 571 ac’

2269 517 2341 570 ιαὶ
2371 519 2599 587 ποιητὴς
2622 517 2696 579 ὡς
2727 513 3070 587 προείρηται,
3105 514 3243 569 κατὰ
3265 513 3360 568 τὸν
3378 513 3547 584 νόμον
3568 515 3801 569 ἐτέλεσεν

605 627 671 666 ex
693 611 1013 683 necessitate
1044 608 1258 664 fuerunt
1291 609 1515 680 Azyma,
1547 618 1599 664 et
1631 625 1875 679 azymum
1904 610 2149 678 praebuit.

605 703 744 771 Quid
775 704 937 772 igitur
964 702 1173 772 petitis?
1211 704 1614 772 lnterrogamus
1646 720 1659 756 :
1691 718 2007 772 azymumne
2040 712 2155 757 erat

606 796 747 865 quod
770 794 1013 849 Christus
1043 794 1293 861 praebuit,
1321 810 1389 847 an
1424 793 1777 848 fermentum?
1798 794 1851 847 Si
1883 809 2154 864 azymum,

612 901 709 955 pro
742 886 896 953 nobis
934 884 987 939 id
1020 895 1140 951 est;
1178 886 1222 940 si
1264 885 1632 950 fermentum,
1686 870 1961 941 Christum
2024 886 2154 955 legis

607 988 1062 1047 transgressorcm
1112 993 1233 1034 esse
1282 980 1365 1032 vel
1398 980 1551 1033 inviti
1596 979 1900 1043 ostenditis,
1942 995 2064 1034 cum
2101 981 2153 1033 in

606 1073 926 1142 Azymorum
954 1071 1040 1125 die
1069 1071 1445 1126 fermentatum
1480 1084 1671 1139 panem
1700 1081 1993 1131 servasset.

1341 1238 1427 1292 Vl.
1580 1274 1587 1289 ι
1794 1292 1808 1305 ,

680 1331 786 1387 Sed
817 1332 944 1401 quid
973 1332 1102 1387 dicit
1140 1332 1521 1401 Xanthopulus
1550 1332 1670 1402 (l)?
1699 1331 2025 1386 Praecedeuti
2072 1329 2159 1384 die

607 1419 662 1476 id
691 1419 837 1477 fecit.
864 1420 971 1476 Huc
1002 1422 1138 1489 apud
1175 1438 1268 1477 eos
1314 1423 1405 1499 qui
1432 1422 1643 1476 mentis
1688 1423 1972 1491 cempotcs
2028 1433 2155 1476 sunt

608 1514 831 1569 stultum
866 1519 917 1569 et
947 1517 1062 1570 sine
1094 1530 1257 1569 sensu
1287 1514 1719 1583 existimabitur;
1770 1530 1891 1581 nam
1937 1517 1979 1569 si
2020 1530 2158 1584 pra:-

607 1606 815 1687 cedenti
867 1606 954 1661 die
1003 1606 1240 1671 fecisset,
1295 1608 1350 1660 in
1402 1616 1641 1675 tempore
1671 1622 1776 1661 non
1819 1607 2074 1672 fecisset;
2113 1606 2156 1659 si

609 1712 737 1754 vero
779 1714 881 1753 non
935 1699 988 1752 in
1047 1709 1328 1765 tempore,
1379 1712 1481 1750 nec
1531 1697 1619 1749 illa
1675 1697 1807 1751 hora
1848 1696 2153 1760 effecisset,

621 1797 987 1859 transgressor
1018 1788 1153 1857 legis
1183 1803 1244 1840 ex
1268 1788 1590 1842 necessitate
1613 1787 1860 1841 Christus
1886 1786 2159 1842 convinci-

614 1891 721 1941 tur.
753 1881 878 1949 quia
903 1882 985 1932 lex
1019 1880 1426 1949 quartadecima
1482 1879 1568 1932 die
1604 1879 1805 1933 mensis
1832 1878 2159 1947 vespereju-

613 1970 704 2026 bet
727 1971 934 2025 Pascha
955 1970 1255 2025 immolari.
1288 1969 1439 2035 Quod
1488 1970 1535 2024 si
1593 1968 1679 2023 die
1718 1969 2065 2038 prazcedenti,
2095 1976 2153 2022 ut

615 2077 715 2118 vos
742 2061 939 2125 dicitis,
971 2061 1168 2124 effecit,
1203 2063 1565 2116 tertiadecima
1619 2062 1708 2115 die
1760 2069 1987 2128 apparet
2035 2059 2162 2113 elle-

614 2146 781 2210 cisse.
823 2154 878 2207 Si
911 2169 1034 2208 vero
1064 2154 1453 2219 tertiadecima,
1495 2154 1749 2207 adversus
1783 2153 1914 2220 legis
1942 2152 2162 2205 manda-

615 2244 689 2299 tis
738 2244 1059 2309 ostenditur,
1095 2242 1224 2312 ‘qua:
1271 2245 1423 2308 jubet
1474 2243 1878 2319 quartadecima
1929 2241 2067 2295 fieri.
2103 2240 2158 2294 Si

626 2336 920 2398 adversus,
975 2348 1104 2404 ergo
1153 2344 1205 2388 et
1258 2335 1391 2402 legis
1438 2343 1824 2400 transgressor.
1879 2330 2161 2399 Reliquum

618 2428 784 2497 igitur
810 2436 893 2481 est
937 2436 992 2481 ut
1023 2428 1258 2481 credatis
1298 2442 1418 2480 eum
1455 2442 1559 2479 non
1606 2425 1948 2492 anticipasse,
1983 2422 2076 2477 sed
2110 2424 2161 2476 in

617 2526 853 2581 tempore
880 2516 1092 2573 fecisse.
1127 2519 1387 2572 Praeterea
1418 2518 1461 2571 si
1493 2518 1617 2572 dicit
1645 2519 1753 2581 lex,
1787 2531 2010 2585 vespere
2066 2516 2164 2570 Pa-

617 2611 746 2666 scha
765 2610 1026 2665 celebrari
1050 2618 1315 2680 eportcre,
1340 2620 1391 2661 et
1413 2599 1661 2673 Christus
1692 2623 1912 2675 vespere
1936 2608 2164 2676 peregit,

619 2716 727 2755 non
763 2712 1126 2770 transgressus
1170 2704 1250 2754 est
1303 2701 1597 2754 secundum
1645 2698 2028 2768 evangelistam
2064 2697 2171 2751 Lu-

618 2808 758 2857 cam,
783 2794 871 2861 qui
900 2780 1063 2857 dicit,
1083 2810 1101 2844 t
1130 2792 1194 2845 Et
1227 2792 1441 2861 quando
1465 2794 1610 2845 venit
1641 2790 2077 2863 hora,discubuit
2110 2806 2159 2854 ς»

620 2899 744 2938 nam
785 2885 830 2938 si
858 2884 1032 2951 media
1071 2883 1157 2937 die
1193 2882 1550 2948 fecisset,dici
1582 2890 1934 2951 poterateum
1976 2881 2168 2935 antici-

620 2990 781 3046 passe
811 2977 889 3028 vel
923 2984 1153 3042 tempus,
1186 2976 1263 3027 vel
1310 2976 1519 3046 horpm,
1546 2984 1598 3027 et
1641 2974 1760 3026 ideo
1786 2973 2165 3027 fermentatum

621 3066 811 3122 fuisse.
845 3066 915 3120 At
944 3080 1048 3121 non
1084 3066 1155 3118 ita
1192 3066 1388 3120 factum
1424 3074 1524 3118 est.
1551 3062 1808 3130 Discipuli
1858 3073 2119 3132 praetcrea
2148 3097 2162 3121 ,

625 3169 685 3215 ut
712 3173 850 3228 saepe
876 3159 1077 3214 dictum
1105 3166 1208 3222 est,
1237 3172 1357 3210 cum
1384 3155 1555 3209 Judaei
1587 3164 1787 3217 essent,
1818 3153 1974 3205 aliter
1999 3166 2158 3219 quam
2188 3170 2231 3228 ς

622 3252 919 3320 praestituto
960 3261 1199 3319 tempore
1233 3265 1390 3317 agere
1429 3262 1537 3301 non
1588 3246 1909 3301 debuerunt.
1944 3245 2161 3299 Praesti-

621 3350 735 3396 tuta
767 3340 923 3406 igitur
946 3357 974 3394 a
1004 3342 1115 3408 lege
1142 3340 1229 3394 die
1254 3327 1400 3412 fecit,
1434 3347 1487 3393 et
1509 3338 1727 3407 quando
1764 3339 1963 3409 Azyma
1990 3346 2161 3401 erant,

624 3442 682 3488 ut
706 3433 918 3487 divinus
946 3434 1077 3488 dixit
1108 3433 1301 3498 Lucas,
1331 3434 1380 3487 id
1414 3443 1491 3488 est
1511 3435 1679 3501 prima
1704 3432 1792 3487 die
1818 3433 2161 3501 Azymorum,

625 3538 736 3593 quo
774 3525 976 3578 Pascha
1023 3513 1617 3592 immolariopm-tebat.
1666 3522 1950 3587 Quomodo
2003 3524 2165 3589 igitur

624 3616 972 3684 anticipavit,
1022 3615 1066 3669 si
1103 3615 1271 3683 prima
1303 3615 1387 3668 die
1420 3616 1743 3684 Azymorum
1778 3613 2030 3682 discipuli
2078 3630 2167 3668 ac-

624 3714 931 3771 cesserunt,
959 3716 1197 3775 petentes
1220 3707 1305 3761 ubi
1327 3708 1481 3761 vellet
1513 3707 1689 3777 parari
1717 3706 1947 3763 Pascha?
1976 3707 2167 3763 Osten-

625 3815 744 3853 snm
776 3800 918 3853 enim
954 3807 1035 3854 est
1067 3798 1207 3869 quod
1249 3800 1416 3869 legale
1447 3812 1557 3854 tum
1609 3800 1812 3854 Pascha
1862 3802 2122 3868 parabant
2152 3839 2168 3861 ,

626 3896 682 3941 et
710 3889 794 3942 die
819 3891 1120 3957 praestituta
1152 3901 1509 3961 peregerunt;
1548 3908 1668 3944 nam
1717 3892 1808 3960 qui
1868 3892 1949 3945 vel
2017 3892 2169 3958 prius

630 3981 709 4032 vel
728 3991 859 4049 post
883 3981 1080 4048 effecit,
1118 3984 1525 4052 transgreditur.
1562 3968 1942 4049 Quamobrem,
1970 3985 2045 4037 uti
2075 3999 2170 4039 vos

626 4071 972 4136 existimatis,
1038 4082 1092 4126 et
1142 4072 1389 4129 Christus
1438 4074 1854 4143 transgreditur,
1917 4078 2168 4144 quoniam

627 4172 836 4235 tempus
875 4163 1206 4230 anticipavit.
1262 4163 1365 4218 Sed
1417 4182 1571 4219 nemo
1621 4168 1813 4221 mentis
1851 4181 2069 4234 compos
2122 4168 2173 4221 id

628 4269 864 4324 unquam
893 4253 1174 4323 percipiet,
1214 4254 1294 4309 vel
1326 4254 1521 4310 dixerit
1566 4272 1799 4326 unquam
1830 4274 1845 4322 ;
1878 4258 1970 4311 scd
2001 4274 2175 4312 unus-

630 4342 859 4409 quisque
906 4341 1076 4411 magis
1104 4341 1156 4395 in
1189 4351 1430 4411 tempore
1458 4356 1512 4399 et
1554 4347 1849 4401 secundum
1891 4346 2059 4415 legem
2100 4347 2177 4402 fe-

633 4431 773 4487 cisse
796 4433 956 4487 dicet.
992 4433 1369 4511 ld.testabitur
1397 4452 1558 4490 aurea
1590 4437 1798 4504 lingua.
1842 4437 1944 4491 Sed
1992 4439 2171 4491 omnia

632 4522 889 4577 audentes
914 4523 1108 4597 Judaei,
1140 4536 1351 4594 tempus
1386 4536 1774 4595 praeverterunt
1801 4543 1814 4590 ;
1867 4527 1996 4581 dicit
2031 4529 2172 4581 enim

635 4615 724 4670 hic
765 4628 991 4683 magnus
1035 4613 1192 4673 Pater
1224 4616 1290 4669 86
1323 4618 1541 4670 ltomilia
1583 4620 1635 4671 in
1676 4618 1903 4673 Joannis
1935 4618 2176 4689 Evange-

635 4703 763 4759 lium
792 4716 953 4770 super
986 4716 1047 4754 ea
1074 4704 1234 4757 verba
1268 4721 1288 4756 τε
1316 4722 1334 4755 ι
1372 4704 1657 4757 Adducunt
1686 4705 1879 4761 Jesum
1908 4723 1935 4761 a
1965 4709 2167 4777 Caipha

636 4793 691 4845 in
750 4782 1068 4861 ‘pratorium
1110 4808 1124 4843 :
1165 4809 1185 4842 ι
1247 4791 1357 4845 Cur
1429 4806 1494 4847 eo
1568 4794 1740 4861 ipsum
1801 4796 2175 4860 abduxerunt,

600 4912 609 4943 -_
636 4883 728 4937 ubi
781 4878 966 4937 omnes
1011 4891 1164 4937 erant
1220 4884 1565 4954 congregati?
1618 4883 1684 4939 Ut
1735 4902 1798 4939 ex
1863 4889 2175 4955 pontificum

639 4976 901 5035 sententia
925 4985 1117 5031 cuncta
1146 4989 1455 5047 peragerent
1480 4994 1495 5043 ;
1535 4994 1655 5032 nam
1680 4979 1723 5034 is
1753 4990 1879 5034 tunc
1911 4989 2025 5036 erat
2054 4997 2187 5051 pon-

640 5061 790 5126 tifex,
815 5074 867 5118 et
895 5080 1081 5119 omnes
1109 5056 1230 5120 eum
1267 5070 1677 5139 exspectabant.
1724 5072 1797 5125 Ita
1829 5073 1897 5127 ob
1930 5072 2031 5126 hoc
2068 5089 2186 5140 per-

640 5154 927 5207 noctabant
954 5163 1005 5207 et
1033 5156 1346 5223 vigilabant,
1372 5162 1497 5229 quia
1525 5172 1635 5215 tum
1661 5164 1862 5217 Pascha
1900 5178 2004 5216 non
2036 5165 2185 5216 com—

642 5246 883 5307 oderant,
949 5246 1139 5313 inquit,
1192 5252 1283 5304 sed
1332 5263 1609 5320 propterea
1645 5254 1952 5323 vigilabant.
1989 5254 2185 5308 Dici-ns

642 5334 785 5388 enim
824 5334 989 5403 «quod
1025 5350 1179 5389 mane
1209 5350 1371 5401 erat,»
1406 5342 1642 5396 Joannes
1674 5344 1973 5410 subjuuxit,
2008 5363 2025 5395 ι
2062 5344 2179 5397 Non

644 5436 769 5480 sunt
811 5426 1037 5494 ingressi
1074 5434 1378 5494 prmtorium
1414 5444 1471 5486 ut
1516 5449 1621 5487 non
1656 5434 2181 5499 contaminarentur,

646 5513 737 5567 sed
776 5523 833 5569 ut
862 5514 1061 5593 Pascha
1095 5517 1528 5574 manducarent.)
1559 5525 1698 5589 Quid
1728 5526 1890 5593 igitur
1922 5526 2186 5579 dicemus?

648 5606 789 5677 quod
828 5588 994 5663 altera
1024 5608 1110 5665 die
1140 5610 1511 5675 comederunt,
1535 5588 1591 5668 et
1621 5588 1790 5686 legem
1823 5616 2182 5682 violaverunt,

2255 609 2468 663 ἅπαντα
2490 625 2507 640 ο
2540 607 2633 660 καὶ
2678 607 2859 676 ἄζυμα
2897 603 3038 677 ἦσαν
3087 606 3422 675 ἀναγκαίως,
3472 606 3567 659 καὶ
3602 607 3801 675 ἄζυμον

2254 701 2587 770 παρέδωκεν.
2638 698 2703 752 Τί
2759 698 2851 752 οὖν
2902 699 3060 768 ὑμεῖς
3130 698 3427 768 βούλεσθες
3490 698 3799 768 ἐρωτῶμεν.

2258 796 2497 863 ’Δζυμον
2531 789 2599 863 ἦν
2626 793 2654 845 ὃ
2683 793 2996 861 παρέδωκεν
3027 792 3056 844 6
3088 793 3341 862 Χριστὸς,
3374 791 3409 859 ἢ
3446 788 3719 859 ἐνζυμον;
3754 791 3801 843 ει

2257 888 2355 959 μὲν
2387 888 2614 955 ἄζυμον,
2646 884 2781 953 πρὸς
2815 884 2967 952 ὑμῶν
2997 886 3025 937 6
3057 886 3244 953 λόγος·
3272 885 3319 936 εί
3340 883 3386 936 δ’
3424 880 3677 951 ἐνζυμον,
3706 899 3802 934 πα-

2258 978 2499 1047 ραϐάτην
2542 976 2636 1028 τοῦ
2689 976 2852 1043 νόμου
2882 977 2970 1027 τὸν
3017 976 3250 1045 Χριστὸν
3286 972 3673 1041 ἀποφαίνεσθε,
3706 973 3803 1025 κᾶν

2258 1062 2332 1132 μὴ
2367 1063 2628 1133 βούλησθε
2654 1081 2670 1097 ο
2703 1064 2785 1116 ὅτι
2816 1066 2882 1133 τῇ
2914 1064 3019 1116 τῶν
3060 1062 3314 1131 Ἀζύμων
3342 1064 3527 1134 ἡμέρᾳ
3579 1063 3803 1133 ἐφύλατ.

2256 1171 2345 1207 τεν
2379 1152 2471 1219 {vc
2476 1172 2503 1205 υ
2511 1170 2608 1223 μον
2643 1153 2829 1222 ἄρτον.
2846 1214 2849 1219 _

2327 1335 2392 1388 Τί
2426 1336 2482 1390 δέ
2527 1354 2691 1405 φησιν
2731 1338 2761 1390 6
2810 1335 3183 1398 Ξανθόπουλος
3208 1352 3223 1402 ;
3273 1336 3593 1405 Προλαϐὼν,
3645 1337 3807 1405 ἤγουν

2258 1427 2361 1496 προ
2396 1429 2523 1497 μιᾶς
2554 1428 2763 1497 ἡμέρας
2814 1426 3059 1494 ἐποίησε.
3094 1427 3264 1479 Τοῦτο
3311 1426 3405 1479 οὖν
3449 1429 3562 1489 τοῖς
3590 1422 3648 1480 εὖ
3684 1444 3809 1493 φρο-

2258 1512 2429 1577 νοῦσι,
2472 1514 2695 1583 μάταιον
2751 1514 2845 1566 καὶ
2892 1515 3243 1582 ἀδιανόητον·
3289 1517 3337 1569 εί
3382 1517 3492 1585 γὰρ
3546 1518 3650 1585 προ
3686 1519 3809 1584 μιᾶς

2258 1605 2469 1672 ἡμέρας
2495 1604 2770 1672 ἐποίησεν,
2802 1606 2903 1659 οὐκ
2935 1608 2989 1659 ἐν
3019 1606 3094 1675 τῷ
3130 1607 3303 1677 καιρῷ
3350 1610 3607 1678 ἐποίησεν
3628 1626 3641 1639 ·
3680 1612 3727 1660 εί
3757 1608 3810 1660 δέ

2259 1696 2356 1746 οὐκ
2390 1696 2447 1747 ἐν
2474 1696 2549 1763 τῷ
2597 1696 2770 1765 καιρῷ
2804 1698 2897 1750 καὶ
2930 1700 2994 1767 τῇ
3036 1697 3155 1770 ὥρᾳ
3218 1701 3463 1769 ἐποίησε,
3498 1702 3811 1768 παράνομος

2261 1787 2318 1852 ἐξ
2364 1788 2607 1855 ἀνάγκης
2650 1788 2921 1841 δείκνυται
2951 1790 2979 1841 6
3020 1792 3276 1860 Χριστός.
3316 1794 3375 1855 Ὅ
3408 1795 3517 1862 γὰρ
3554 1794 3719 1861 νόμος
3746 1795 3809 1865 Si

2256 1880 2817 1951 τεσσαρεσκαιδεκάτῃ
2846 1881 2937 1933 τοῦ
2969 1884 3133 1951 μηνὸς
3163 1885 3295 1953 πρὸς
3326 1884 3569 1952 ἐσπέραν
3601 1862 3811 1942 κελεύει

2258 1969 2316 2023 τδ
2367 1971 2554 2040 Πάσχα
2611 1970 2851 2028 θύεσθαι.
2886 1974 2951 2026 Ei
2998 1974 3054 2027 δὲ
3106 1973 3210 2041 πρὸ
3244 1974 3372 2044 μιᾶς
3423 1974 3639 2044 ἡμέρας
3696 1975 3812 2028 καθ’

2259 2060 2400 2126 ὑμᾶς
2430 2061 2673 2129 ἐποίησε,
2712 2065 2776 2132 τῇ
2803 2064 3229 2135 τρισκαιδεκάτῃ
3264 2066 3515 2132 φαίνεται
3560 2068 3810 2133 ποιήσας.

2262 2154 2320 2205 Ei
2347 2153 2404 2206 δέ
2441 2157 2505 2223 τῇ
2540 2156 2987 2225 τρισκαιδεκάτῃ,
3025 2156 3279 2219 ἐναντίως
3312 2157 3587 2210 δείκνυται
3615 2158 3691 2225 τῷ
3720 2158 3811 2211 τοῦ

2260 2242 2422 2310 νόμου
2455 2243 2854 2311 προστάγματι,
2882 2246 3307 2312 προστάττοντος
3334 2248 3399 2316 τῇ
3424 2262 3815 2313 τεσσαρεσκαι-

2261 2332 2461 2403 δεκάτῃ
2493 2336 2686 2387 ποιεῖν.
2747 2332 2809 2385 El
2861 2334 2915 2387 δὲ
2956 2336 3216 2400 ἐναντίος,
3254 2338 3345 2389 καὶ
3397 2338 3712 2406 παράνομος
3758 2338 3817 2401 ἐξ

2262 2424 2522 2491 ἀνάγκης.
2555 2424 2751 2476 Λοιπὸν
2774 2425 2854 2477 δεῖ
2884 2426 3156 2479 πιστεύειν
3182 2428 3325 2496 ὑμᾶς
3388 2428 3468 2480 δτι
3498 2429 3559 2481 ού
3594 2429 3819 2495 προέλα-

2263 2515 2376 2579 ϐεν,
2405 2515 2537 2567 ἀλλὰ
2571 2516 2707 2583 κατὰ
2733 2515 2821 2569 τὸν
2853 2516 3039 2584 καιρὸν
3071 2519 3346 2586 ἐποίησεν.
3380 2518 3499 2571 Ἔτι
3524 2520 3574 2571 εί
3605 2521 3633 2571 6
3654 2520 3817 2588 νόμος

2263 2607 2395 2673 φησὶ
2433 2605 2564 2673 πρδλς
2597 2607 2833 2673 ἑσπέραν
2878 2606 2935 2658 τὸ
2969 2607 3158 2675 Πάσχα
3189 2598 3453 2673 γίνεσθαι,
3486 2608 3583 2662 καὶ
3623 2609 3652 2661 6
3681 2609 3816 2676 Χρι-

2264 2699 2385 2755 στὸς
2419 2698 2651 2767 ἑσπέρας
2683 2700 2980 2768 γενομένης
3016 2697 3281 2760 ἐτέλεσεν,
3311 2698 3369 2750 οὗ
3404 2698 3643 2767 παρέϐη,
3676 2699 3818 2752 κατὰ

2262 2790 2352 2842 τὸν
2385 2790 2770 2858 εύαγγελιστήν
2804 2792 3041 2851 Λουκᾶν.
3068 2792 3333 2858 λέγοντας
3370 2813 3389 2843 ι
3426 2785 3545 2844 Kal?
3571 2791 3660 2843 ὅτε
3702 2791 3821 2857 ἐγι-

2263 2897 2400 2941 νετο,
2422 2879 2584 2948 ήῶρα
2603 2880 2911 2935 ἀνέπεσεν.»
2939 2883 3000 2935 El
3017 2882 3127 2951 γὰρ
3156 2881 3357 2950 ἔπραξε
3388 2884 3558 2951 μέσης
3583 2882 3817 2951 ἡμέρας,

2266 2970 2388 3039 ἐξῆν
2414 2970 2480 3022 ἂν
2516 2973 2794 3027 εἰπεῖν’ὅτι
2831 2972 3127 3041 προέλαϐεν
3156 2974 3186 3043 ἦ
3226 2974 3416 3040 καιρὸν
3444 2973 3473 3041 ἢ
3505 2973 3657 3041 ὥραν
3684 2986 3698 3001 ’
3725 2974 3819 3026 καὶ

2264 3062 2351 3114 διὰ
2399 3061 2557 3115 τοῦτο
2603 3063 2695 3116 καὶ
2724 3063 2975 3132 ἐνζυμον.
3033 3064 3172 3117 Ἀλλ’
3220 3067 3317 3133 οὐχ
3358 3064 3531 3125 οὕτως
3582 3066 3817 3131 ἐγένετο.

2266 3148 2395 3206 Εῐτα
2424 3155 2516 3206 καὶ
2548 3158 2595 3208 oi
2632 3154 2985 3223 μαθηταὲ,ὠς
3022 3154 3279 3216 πολλάκις
3306 3153 3544 3223 εἴρηται,
3586 3155 3817 3209 Ἰουδαῖοι

2264 3244 2435 3307 ὅντες,
2466 3247 2561 3301 οὐκ
2609 3247 2837 3314 ὤφειλον
2880 3246 3074 3313 ἄλλως,
3104 3247 3227 3316 ή’ἐν
3270 3247 3345 3316 τῷ
3387 3247 3820 3317 ἀποδεδειγμένῳ

2265 3337 2462 3404 καιρῷ,
2516 3337 2756 3405 ποιῆσαι.
2805 3338 3108 3405 Ἐνδέχεται
3163 3338 3255 3391 οὖν
3287 3340 3341 3391 ἐν
3370 3339 3446 3409 τῷ
3497 3343 3817 3410 τεταγμένῳ

2265 3427 2356 3507 τοῦ
2387 3427 2547 3495 νόμου
2580 3428 2753 3497 καιρῷ
2775 3429 2868 3481 καὶ
2900 3431 2964 3498 τῇ
2989 3429 3105 3501 ὥρᾳ
3132 3430 3357 3499 ἔπραξε,
3390 3432 3483 3482 καὶ
3506 3432 3574 3483 τὰ
3600 3431 3818 3507 Ἀζυμα

2265 3501 2423 3588 ἦσαν,
2459 3518 2531 3579 ὡς
2559 3521 2586 3571 6
2607 3518 2863 3588 θεηγόρος
2887 3520 2988 3588 ἔφη
3018 3522 3251 3596 Λουκᾶς,
3282 3522 3363 3573 ὅτι
3391 3523 3458 3591 τῇ
3491 3522 3682 3593 πρώτῃ
3710 3501 3819 3574 τῶύ

2279 3609 2548 3678 Ἀζύμων,
2602 3613 2659 3661 ἐν
2702 3607 2894 3681 fidet
2929 3612 3147 3665 θύεσθαι
3201 3614 3264 3665 τὸ
3312 3614 3521 3683 Πάσχα.
3578 3616 3697 3677 Πῶς
3724 3610 3819 3669 οὖν

2272 3701 2553 3770 προλαϐὼν
2610 3704 2889 3774 ἐποίησεν,
2934 3706 2982 3757 εί
3035 3708 3099 3774 τῇ
3152 3703 3344 3777 πρώτῃ
3395 3705 3504 3758 τῶν
3568 3707 3817 3777 ’Δζύμων

2270 3795 2568 3865 προσῆλθον
2595 3798 2638 3846 οξ
2672 3798 2907 3864 μαθηταὶ
2933 3795 3228 3863 αἰτοῦντες,
3250 3797 3332 3865 Πῆ
3359 3794 3611 3863 βούλειτδ
3630 3798 3814 3865 Πάσχα

2271 3889 2414 3956 ἡμᾶς
2446 3890 2727 3956 ἑτοιμάσαι
2758 3904 2770 3950 ;
2802 3890 3078 3942 Δέδεικται
3105 3889 3215 3959 γὰρ
3250 3891 3334 3943 ὅτι
3369 3888 3465 3941 καὶ
3504 3890 3564 3942 τὺ
3602 3891 3821 3959 νομικὸν

2272 3981 2572 4047 ἡτοίμασαν
2592 3979 2709 4031 τότε
2740 3981 2946 4049 Πάσχα,
2979 3981 3157 4035 καὶέν
3181 3980 3260 4051 τῷ
3289 3968 3608 4057 τεταγμένῳ
3647 3984 3823 4052 καιρῷ

2273 4068 2523 4121 ἐτέλεσαν
2543 4086 2559 4102 ο
2589 4072 2682 4123 καὶ
2708 4072 2818 4139 γὰρ
2839 4072 2928 4123 καὶ
2959 4074 2985 4124 6
3020 4071 3326 4141 προλαϐὼν,
3361 4073 3455 4125 καὶ
3496 4072 3526 4123 6
3559 4073 3820 4140 μεταϐὰς,

2274 4160 2605 4228 παράνομος.
2643 4161 2801 4215 Ὥστε
2838 4161 2960 4214 καθ’
2994 4163 3135 4230 ὑμᾶς
3176 4163 3267 4216 καὶ
3295 4164 3323 4216 6
3350 4163 3588 4229 Χριστὸς
3634 4166 3819 4233 παρά-

2275 4269 2456 4320 νομος,
2492 4254 2612 4304 ἐπεὶ
2644 4253 2912 4321 προέλαϐε
2970 4253 3062 4307 τδν
3088 4255 3302 4323 καιρόν.
3351 4254 3511 4307 Ἀλλὰ
3550 4254 3704 4309 τοῦτο
3730 4255 3825 4307 οὗ·

2275 4343 2382 4405 δεὶς
2416 4344 2521 4395 τῶν
2567 4341 2623 4396 εὖ
2662 4344 2999 4413 φρονούντων
3050 4347 3255 4415 νοήσει,
3289 4345 3321 4415 ή
3368 4345 3511 4400 εῐποι
3557 4347 3652 4401 ἄν·
3692 4347 3827 4399 ἀλλὰ

2285 4436 2499 4503 μᾶλλον,
2538 4436 2595 4486 ἐν
2626 4433 2700 4503 τῷ
2741 4434 2915 4503 καιρῷ
2945 4435 3038 4488 καὶ
3080 4437 3222 4489 κατὰ
3258 4437 3350 4489 τὸν
3389 4438 3552 4506 νόμον
3580 4439 3822 4505 ἐποίησε,

2279 4530 2384 4589 πᾶς
2412 4545 2494 4589 τις
2524 4527 2587 4580 ἂν
2621 4526 2771 4597 εἴπῃ.
2808 4529 2915 4583 Καὶ
2946 4526 3102 4580 τοῦτο
3151 4532 3490 4598 μαρτυρήσει
3522 4532 3550 4583 6
3593 4528 3827 4599 χρυσοῦς

2275 4620 2371 4689 τὴν
2403 4604 2665 4685 γλῶτταν.
2712 4619 2775 4671 Οἱ
2809 4618 2865 4670 δὲ
2922 4619 2989 4670 τὰ
3028 4618 3203 4671 πάντα
3243 4619 3549 4689 τολμῶντες
3589 4620 3829 4672 Ἰουδαῖοι

2277 4711 2591 4780 παρέϐησαν
2624 4710 2714 4763 τὸν
2739 4711 2946 4779 καιρόν.
2975 4713 3109 4779 Φησὶ
3134 4713 3240 4780 γὰρ
3271 4714 3300 4763 6
3338 4714 3509 4779 μέγας
3541 4702 3691 4772 οὗτος
3722 4712 3830 4762 Πα-

2278 4801 2380 4868 τὴρ
2440 4802 2495 4851 ἐν
2540 4802 2605 4867 τῇ
2652 4800 2980 4869 ὀγδοηκοστῇ
3024 4806 3271 4869 ⁵τετάρτῃ
3304 4800 3490 4871 ὁμιλίᾳ
3544 4800 3640 4855 τοῦ
3690 4805 3830 4863 κατὰ

2292 4891 2543 4956 Ἰωάννην
2574 4891 2930 4959 Εὐαγγελίου,
2960 4894 3037 4953 είς
3060 4894 3138 4953 τὸ,
3178 4911 3196 4943 t
3240 4892 3467 4957 ’Δγουσι
3492 4893 3583 4944 τὸν
3626 4895 3829 4961 Ἰησοῦν

2282 4981 2388 5034 ἀπὸ
2413 4980 2508 5034 τοῦ
2542 4982 2762 5047 Καῖάφα
2791 4983 2866 5043 εἰς
2898 4982 2957 5033 τὸ
2990 4983 3338 5051 πραιτώριονσ
3400 5002 3419 5034 ι
3479 4984 3578 5037 Διὰ
3637 4986 3689 5037 τί
3714 4988 3832 5037 ἐκεῖ

2283 5073 2564 5142 ἀπήγαγον
2612 5072 2792 5138 αὑτὸν,
2830 5073 2957 5125 ἔνθα
3007 5070 3241 5137 ἅπαντες
3281 5070 3418 5145 ἦσαν
3467 5079 3832 5144 συνηγμένοι;

2284 5165 2399 5218 ’ῐνα
2430 5165 2566 5233 μετὰ
2600 5164 2820 5233 γνώμης
2854 5164 3028 5217 πάντα
3067 5167 3331 5233 ποιήσωσι
3359 5167 3467 5220 τῶν
3501 5168 3830 5237 ἀρχιερέωνο

2284 5255 2486 5316 ἐκεῖνος
2533 5254 2638 5323 γὰρ
2667 5249 2734 5324 ἦν
2784 5256 2903 5307 τότε
2951 5256 3262 5326 ἀρχιερεὺς,
3316 5258 3408 5309 καὶ
3457 5258 3657 5319 πάντες
3694 5252 3835 5325 ἦσαν

2294 5345 2453 5397 αὐτὸν
2491 5346 2876 5411 ἀναμένοντεςο
2902 5348 2907 5352 ’
2930 5346 3070 5399 οὕτω
3113 5346 3517 5414 διενυκτέρευον
3552 5348 3644 5397 καὶ
3670 5345 3836 5415 ἠγρύ-

2292 5452 2453 5487 πνουν
2497 5435 2588 5487 ἐπὶ
2633 5438 2842 5506 τούτῳ⁶
2873 5438 2932 5489 οὐ
2985 5436 3089 5501 γὰρ
3119 5435 3316 5501 ἔφαγον
3349 5431 3467 5487 τότε
3510 5436 3571 5487 τὸ
3627 5436 3835 5503 Πάσχα,

2293 5529 2473 5596 φησὶν,
2502 5527 2635 5579 ἀλλὰ
2662 5528 2747 5580 διὰ
2776 5527 2929 5579 τοῦτο
2958 5525 3288 5595 ὴγρὺπνουν.
3364 5524 3552 5579 Εἰπὼν
3617 5527 3725 5594 γὰρ
3754 5527 3833 5578 ὅτι

2296 5635 2313 5667 ι
2354 5616 2530 5687 πρωῖα
2552 5616 2745 5679 iniu,»
2772 5620 2799 5672 ὁ
2838 5617 3083 5687 Ἰωάννης
3101 5616 3391 5686 ἐπήγαγεν,
3417 5634 3437 5672 ι
3468 5615 3586 5671 Οὐκ
3600 5616 3836 5687 εἰσῆλθον

721 5782 797 5852 (ι)
827 5764 1157 5857 Nicephorus
1176 5784 1569 5859 Xautbopulus,
1601 5803 1788 5848 auctor
1818 5792 2071 5850 Historia:
2098 5780 2484 5853 ecclesiastica.
