4006 6340
208 447 341 512 1921

703 446 851 507 eno
887 444 1092 531 conc.
1131 442 1499 506 FLORENT.
1532 402 1695 504 an.
1740 443 1819 502 11.
1860 440 1957 500 DE
1997 434 2247 497 ΑιγΜο
2271 435 2365 496 ET
2406 431 2935 495 FERMENTATO.
2994 448 2999 453 ο

3256 434 3279 497 1
3293 428 3393 493 ἱῗὶ

199 557 424 620 θήσεται
443 553 629 625 ἡψυχὴ
654 549 834 624 ἐκείνη
853 557 915 607 ἐκ
948 553 1263 621 συναγωγῆς
1281 552 1412 604 υίῶν
1452 552 1692 619 Ἰσραήλ.
1724 568 1744 603 ι

1860 545 2089 600 mensis?
2118 545 2299 610 Itaque
2328 553 2446 597 erat
2479 558 2721 614 azymus.
2753 542 2811 598 Si
2837 541 2980 596 enim
3019 540 3392 605 fermentatus.

198 646 268 699 El
302 641 393 699 οῦν
438 643 589 699 ταῦτ’
637 641 834 714 ἀληθῆ,
871 645 985 706 πῶς
1036 643 1264 711 ὤφειλεν
1296 644 1410 694 ἐκεῖ
1460 640 1745 709 εὑρεθῆναι
1786 688 1787 691 η

198 736 457 804 ἐνζυμον,
493 733 584 787 τοῦ
616 736 779 804 νόμου
815 733 1143 795 κελεύοντος,
1173 734 1293 803 μηδ’
1323 733 1461 800 ὅλως
1494 734 1743 803 εὑρίσκε-

199 823 327 875 σθαι
367 822 473 875 ἀπὸ
503 823 604 890 τῆς
629 824 1248 897 τεσσαρεσκαιδεκάτης,
1276 824 1378 897 ἕως
1409 822 1509 889 τῆς
1533 824 1746 885 εἰκάδος

199 912 300 964 καὶ.
332 916 477 979 μιᾶς.
506 912 597 964 τοῦ
636 914 801 982 μηνός
829 930 844 981 ;
884 914 1042 966 Ὥστε
1069 913 1273 982 ἄζυμος
1312 910 1400 983 ἦν.
1435 915 1492 966 El
1521 914 1620 981 μὲν
1652 915 1755 982 γὰρ

200 1002 454 1071 ἑνζυμος,
491 998 732 1055 κὰκέῖνοι
765 1004 1095 1072 παρανόμως
1124 994 1384 1074 ἐποίησαν
1418 984 1752 1073 προσφέρον-

201 1109 296 1152 τες
319 1093 547 1161 ἐνςυμον
581 1097 647 1163 τῇ
678 1095 787 1146 τῶν
834 1095 1082 1161 Ἀξύμων
1105 1095 1285 1163 ἡμέρᾳ
1305 1110 1320 1123 ο
1348 1094 1439 1145 καὶ
1468 1092 1753 1163 δ-Χριστὸς

204 1182 533 1253 παραϐάτης
572 1184 865 1246 ἐδείκνυτο,
902 1184 1107 1245 κλάσας
1134 1184 1384 1254 ἐνζυμον,
1425 1184 1512 1237 καὶ
1540 1184 1753 1245 ἐπιδοὺς
1780 1176 1795 1177 ἄν

202 1272 419 1336 αὐτοῖς’
442 1276 490 1327 εί
518 1275 561 1328 δ’
583 1273 809 1345 ἄζυμος,
827 1275 1014 1345 ὥσπερ
1047 1277 1139 1328 καὶ
1164 1273 1251 1345 ἦν,
1283 1277 1456 1345 μάτην
1476 1276 1753 1342 ἐγκαλεῖτε

205 1363 342 1431 ἡμῖν
374 1363 555 1418 λοιπόν
580 1382 595 1396 ⁸
625 1367 720 1419 καὶ
742 1365 849 1434 γάρ
879 1365 1167 1434 πληρωτὴς
1192 1367 1284 1421 τοῦ
1310 1366 1472 1434 νόμου
1500 1367 1756 1435 ὑπάρχων

201 1452 234 1503 ό
267 1453 516 1549 ξριστδς,
547 1455 646 1506 οὐκ
681 1457 746 1508 ἂν
784 1455 1010 1507 ἔκλασεν
1041 1456 1225 1517 αὑτὸν,
1254 1459 1302 1508 εἰ
1334 1456 1454 1526 ᾔδεί
1489 1457 1569 1508 ὅτι
1602 1455 1756 1519 ἐνζυ-

208 1539 313 1612 μος
340 1539 440 1614 ἦν’
474 1547 596 1598 ἐπεὶ
622 1547 680 1597 ἐν
706 1548 825 1607 ταῖς
852 1547 1330 1615 ἀπηγορευμέναις
1356 1548 1585 1617 ἡμέραις
1610 1546 1757 1615 παρὰ

204 1633 306 1687 τοῦ
334 1623 500 1703 νόμου
544 1636 720 1688 ἐποίει
765 1634 942 1689 τοῦτο.
987 1637 1246 1689 Κάκεῖνοι
1304 1637 1359 1689 δὲ
1382 1641 1451 1692 τὰ
1497 1636 1758 1691 Ἰουδαϊκὰ

1850 636 1886 689 ii
1919 631 2084 704 legem
2120 634 2406 688 violassent
2438 628 2826 686 fermentatum
2851 632 2903 685 in
2951 631 3038 685 die
3072 632 3389 702 Azymorum

1795 767 1807 772 -
1850 725 2144 789 offerendo,
2191 734 2243 779 et
2289 725 2542 779 Christus
2585 733 2958 792 transgressor
3007 724 3298 799 evaderet,
3348 724 3396 780 si

1856 818 2238 871 fermentatum
2288 815 2532 884 fregisset
2573 828 2639 868 ac
2686 814 3019 877 tradidisset.
3072 812 3128 867 Si
3173 828 3397 882 azymus

1858 912 1940 976 (ut
1973 908 2132 976 erat),
2176 916 2376 961 temere
2408 911 2619 958 tandem
2656 920 2753 957 nos
2781 903 3044 957 incnsatis
3076 918 3096 956 :
3125 918 3247 957 nam
3274 917 3396 957 eum

1856 1009 2044 1054 auctor
2080 998 2214 1066 legis
2245 996 2600 1065 adimplenda;
2627 994 2887 1049 Christus
2916 1004 3086 1065 esset,
3117 1008 3255 1049 eum
3290 1010 3397 1048 non

1857 1091 2120 1160 fregisset,
2142 1090 2186 1142 si
2205 1088 2582 1142 fermentatum
2605 1102 2724 1141 esse
2746 1086 2956 1149 scisset,
2984 1100 3107 1139 nam
3134 1086 3188 1138 in
3208 1084 3400 1139 diebus

1858 1197 1886 1234 a
1918 1182 2031 1250 lege
2059 1180 2234 1233 vetitis
2264 1179 2315 1232 id
2347 1178 2653 1247 eﬂ'ccisset;
2686 1180 2721 1234 ii
2750 1193 2875 1233 vero
2907 1178 3047 1232 sicut
3068 1175 3239 1231 ,ιιιάσή
3272 1192 3395 1232 sen-

1857 1272 2081 1336 tiebant,
2113 1278 2166 1325 et
2191 1270 2385 1339 legem,
2421 1279 2479 1323 nt
2518 1270 2819 1338 oportebat,
2862 1268 3167 1334 servabant,
3199 1282 3305 1323 non
3336 1282 3402 1322 eo

1859 1377 2096 1433 tempore
2120 1372 2348 1427 tantum,
2381 1362 2473 1416 sed
2496 1372 2548 1414 et
2579 1371 2701 1432 post
2727 1361 3191 1417 resurrectionem
3216 1369 3267 1415 et
3302 1359 3405 1414 Do-

1858 1456 1988 1511 mini
2012 1454 2461 1522 assumplionem.
2482 1450 2627 1521 Ergo
2651 1467 2713 1506 ex
2744 1452 2826 1505 his
2850 1452 3101 1508 omnibus
3129 1451 3399 1521 sequitur,

1859 1535 2120 1616 azymum‘
2139 1543 2435 1607 exstitisse,
2469 1542 2625 1612 quia
2659 1538 2788 1595 Jesu
2822 1540 3024 1595 fractus
3043 1541 3254 1609 duobus
3313 1537 3399 1593 dl-

1869 1634 2090 1703 scipulis
2127 1636 2356 1689 traditus
2387 1619 2487 1687 est.

207 1727 294 1782 ἔτι
343 1694 620 1821 ἐφ’ρόνουυν,
656 1729 884 1803 καὶςτδν
914 1728 1100 1797 νόμον,
1133 1730 1208 1793 ὡς
1260 1730 1365 1821 ἔδει
1420 1732 1667 1801 ἐτήρουν,
1700 1732 1759 1784 οὐ
1789 1694 2113 1801 μόνον-τότε,
2146 1731 2278 1783 ἀλλὰ
2323 1730 2418 1783 καὶ
2451 1729 2589 1799 μετὰ
2620 1729 2720 1799 τὴν
2767 1703 3115 1794 ἀνάστασινῖ
3149 1727 3248 1781 καὶ
3304 1727 3408 1797 τὴν

206 1822 305 1877 τοῦ
352 1811 875 1893 Κυρίοόάνάληῲιν.
917 1824 1126 1877 Οὐκοῦν
1176 1811 1368 1878 ἕπεται
1414 1828 1500 1882 διὰ
1552 1827 1756 1881 τούτων
1788 1826 2040 1881 ἁπάντων
2086 1825 2293 1897 ἄζυμον
2325 1823 2465 1881 εῖναι
2540 1825 2637 1879 τὸν,
2673 1825 2824 1897 παρὰ
2888 1824 2981 1878 τοῦ
3057 1824 3232 1897 Ἰησοῦ
3266 1826 3406 1887 ,κλα-

211 1904 410 1971 σθέντα
434 1917 525 1971 καὶ⁸
547 1916 764 1969 δοθέντα
801 1918 913 1980 τοῖς
950 1918 1072 1970 δυσὶ
1107 1918 1400 1989 μαθηταῖς.

926 2055 936 2066 .
946 2016 1029 2070 Η’.

288 2106 349 2159 Ei
378 2104 433 2158 δέ
458 2122 541 2169 τις
588 2105 829 2174 ἀνοήτως
867 2104 1144 2159 καὶτοῦτο
1188 2107 1340 2177 εἴπῃ,
1392 2108 1474 2159 ὅτι
1521 2106 1623 2173 ἔξω
1658 2107 1757 2175 τῆς

218 2193 583 2265 Ἰερουσαλὴμ
636 2190 795 2262 ἦσαν,
851 2193 944 2246 καὶ
1007 2192 1269 2263 ἠδύναντο
1302 2195 1531 2265 ἐνζυμον
1569 2198 1760 2263 φαγεῖν

213 2288 404 2357 ἄρτον,
439 2284 795 2358 ἐνθυμηθήτω
822 2284 904 2338 δτι
929 2285 956 2337 ό
984 2288 1142 2353 νόμος
1172 2286 1359 2354 φησιν,
1393 2302 1414 2337 t
1434 2285 1525 2339 ’Ev
1562 2286 1762 2348 πάσαις

213 2380 340 2439 ταῖς
368 2375 628 2446 γειώραις
658 2377 750 2429 καὶ
785 2374 1069 2444 αὐτόχθοσι
1095 2374 1191 2442 τῆς
1222 2376 1319 2443 γῆς
1345 2390 1360 2407 ο
1395 2375 1488 2428 καὶ
1515 2375 1571 2425 ἐν
1601 2374 1762 2428 παντὶ

214 2460 625 2537 θιατοικητηρίῳ
654 2466 829 2534 ὑμῶν,
859 2458 1037 2518 ἔδεσθε
1068 2466 1251 2533 ἄζυμα
1280 2467 1373 2539 καὶ
1396 2466 1454 2518 οὐ
1481 2465 1757 2531 ζυμωτόνο

210 2563 277 2624 ὃς
292 2560 415 2613 δ’ἆν
439 2561 611 2631 φάγῃ,
638 2557 1146 2627 ἐξολοθρευθήσεται
1166 2555 1225 2620 ἐξ
1259 2542 1474 2626 Ἰσραήλ
1500 2573 1546 2606 Ὶ
1577 2555 1763 2624 ὥσπερ
1804 2568 1813 2579 π

214 2652 327 2721 γὰρ
356 2652 415 2704 ἐν
444 2649 520 2719 τῷ
544 2650 742 2718 δείπνῳ
768 2651 825 2700 ἐν
853 2650 918 2719 τῇ
946 2634 1153 2719 ἑσπέρα
1191 2647 1282 2701 τοῦ
1314 2645 1633 2717 μυστηρίου,
1668 2645 1764 2698 λα-

215 2742 331 2796 ϐὼν
358 2742 447 2795 τὸν
480 2741 685 2809 ἄζυμον
713 2741 916 2794 ἐκεῖνον
945 2740 1126 2808 ἄρτον,
1157 2741 1250 2793 καὶ
1291 2739 1496 2800 κλάσας
1523 2738 1761 2791 ἐπεδίδου

216 2832 339 2894 τοῖς
387 2816 672 2900 μαθηταῖς,
726 2826 917 2892 εἰπὼν,
958 2845 977 2879 ι
1029 2827 1256 2889 Λάὸετε,
1304 2828 1525 2894 φάγετε,
1570 2842 1589 2875 ι
1624 2823 1765 2876 οὕτω

214 2922 500 2978 κάνταῦθα
553 2922 774 2992 ἔπραξε.
810 2919 911 2973 Διὰ
958 2918 1121 2972 τοῦτο
1167 2919 1261 2971 καὶ
1297 2916 1536 2984 ἔγνωσαν
1580 2915 1763 2978 αὐτὸν,

217 3014 563 3085 μεμνημένοι
598 3014 689 3066 τοῦ
723 3011 842 3065 τότε
874 3012 1204 3081 πραχθέντος
1228 3026 1243 3039 ο
1274 3009 1473 3061 ὡσανεὶ
1503 3007 1769 3077 μελετῶν-

213 3122 315 3168 τας
351 3105 557 3176 ἠρέμα,
602 3102 660 3155 '0
692 3101 1006 3164 διδάσκαλός
1057 3102 1223 3172 ἐστιν,
1261 3101 1288 3151 ό
1338 3099 1431 3152 καὶ
1459 3102 1523 3168 τῇ
1566 3099 1768 3166 προλα-

215 3192 397 3262 σούοῃ
425 3193 514 3245 τὸν
531 3191 695 3260 ἄρτον
715 3190 915 3252 κλάσας
937 3188 1380 3257 τοιουτοτρόπως,
1409 3188 1503 3243 καὶ
1525 3186 1769 3250 δεδωκὼς

214 3287 335 3347 τοῖς
360 3284 625 3350 ἀδελφοῖς.
660 3276 1063 3347 Βυυλόμενοιδὲ
1102 3279 1338 3349 ἅψασθαι
1371 3280 1554 3347 αὑτοῦ,
1604 3280 1771 3346 ἄφαν-

2512 2014 2650 2070 VIII.

1931 2107 1986 2161 Si
2019 2121 2142 2161 vero
2171 2105 2361 2160 stolide
2384 2104 2506 2173 quis
2534 2103 2773 2167 'dixerit,
2808 2117 2901 2159 eos
2927 2112 3078 2169 extra
3103 2086 3399 2159 Jerusalem

1869 2199 2059 2264 fuisse,
2100 2204 2152 2251 et
2188 2198 2260 2250 ita
2311 2196 2690 2251 fermentatum
2726 2196 3006 2249 comedere
3061 2210 3250 2264 panem
3306 2204 3407 2265 po-

1870 2290 2061 2352 tuisse,
2086 2295 2298 2356 reputet
2329 2286 2469 2356 quod
2499 2287 2582 2340 lex
2619 2285 2747 2339 dicit
2779 2301 2790 2336 :
2829 2302 2849 2337 ι
2885 2284 2941 2339 In
2968 2284 3221 2340 omnibus
3245 2286 3405 2339 adve-

1825 2396 1834 2409 δ
1864 2382 1950 2436 nis
1975 2390 2027 2436 et
2047 2379 2315 2450 indigenis
2347 2390 2522 2439 terrae.
2548 2387 2602 2432 et
2635 2378 2687 2432 in
2720 2377 2867 2431 omni
2887 2377 3196 2432 habitacula
3228 2385 3406 2433 vestro

1863 2474 2153 2529 comedetis
2210 2485 2419 2540 azyma,
2460 2504 2466 2523 η,
2495 2474 2601 2523 non
2654 2469 3053 2523 fermentatum.
3099 2468 3414 2536 Quicunque

1864 2547 2183 2626 comederit,
2217 2562 2413 2631 peribit
2442 2560 2714 2615 exlsrael.
2762 2578 2779 2610 ι
2817 2559 2949 2614 Nam
2976 2561 3139 2614 veluti
3172 2561 3223 2613 in
3254 2575 3409 2614 cwna

1863 2654 2071 2721 vesperi
2111 2651 2353 2720 mysterii
2413 2660 2652 2719 tempore
2712 2664 2900 2719 azymo
2933 2660 3147 2718 sumpto
3180 2664 3314 2717 pane
3360 2660 3412 2704 et

1866 2748 2035 2799 fracto
2068 2742 2366 2806 discubuit,
2395 2741 2676 2810 discipulis
2704 2740 2910 2803 dicens,
2950 2759 2968 2792 ι
3013 2740 3270 2809 Accipite,
3316 2755 3408 2794 co-

1865 2837 2082 2911 medite,
2115 2853 2134 2885 ι
2167 2836 2247 2888 sic
2295 2844 2346 2888 et
2389 2834 2495 2887 hoc
2546 2832 2665 2886 loco
2705 2832 2850 2885 fecit.
2883 2831 3087 2885 Idcirco
3137 2844 3407 2900 cognove-

1864 2937 2156 2991 runteum,
2182 2926 2234 2978 in
2278 2925 2587 2979 metnoriam
2625 2926 2925 2978 revocando
2957 2938 3071 2991 qua:
3124 2934 3233 2975 tum
3265 2933 3414 2991 gesta

1831 3086 1844 3097 _
1870 3027 2014 3083 sunt,
2048 3017 2202 3085 quasi
2233 3017 2392 3069 Incite
2439 3029 2621 3068 secum
2657 3000 2997 3077 meditantes,
3032 3013 3127 3067 llic
3160 3014 3414 3080 magister

1869 3119 1951 3163 est
1975 3109 2067 3178 qui
2092 3108 2177 3159 die
2208 3106 2475 3175 superiori
2509 3121 2698 3173 panem
2732 3106 2911 3174 fregit,
2943 3105 3131 3158 eodem
3169 3105 3327 3157 modo
3357 3112 3411 3157 et

1873 3198 2129 3252 fratribus
2160 3194 2396 3273 tradidit,
2436 3204 2488 3248 et
2542 3209 2661 3247 cum
2694 3195 2994 3249 voluissent
3026 3211 3149 3248 eum
3199 3206 3416 3262 tangere

1872 3289 2107 3344 evanuit.
2171 3286 2272 3339 Sed
2325 3282 3020 3355 quomodoqintelligamus
3073 3284 3138 3338 de
3174 3287 3417 3352 panibus

214 3390 313 3435 τος
351 3370 444 3425 ἄπ’
486 3369 664 3423 αὐτῶν
716 3370 948 3436 ἐγένετο.
986 3369 1054 3419 Ἣ
1104 3369 1224 3430 πῶς
1265 3370 1605 3436 ἐννοήσωμεν
1646 3370 1768 3430 τοὺς

1874 3380 2282 3448 propositionis,
2320 3380 2383 3429 de
2410 3377 2607 3444 quibus
2660 3374 2791 3430 dicit
2850 3362 3100 3431 Christus
3130 3377 3303 3446 capite
3329 3393 3419 3430 sec

215 3462 423 3530 ἄρτους
446 3459 543 3528 τῆς
571 3457 900 3527 προθέσεως.
929 3458 1056 3524 περὶ
1088 3452 1161 3509 ὧν
1189 3458 1215 3508 ὁ
1249 3457 1482 3526 Χριστὸς
1514 3457 1681 3523 λέγει,
1712 3457 1768 3506 ἐν

218 3552 505 3621 κεφαλαίῳ
532 3548 762 3619 εἰκοστῷ
788 3547 1035 3616 τετάρτῳ
1062 3549 1157 3600 τοῦ
1188 3546 1586 3615 εὐαγγελιστοῦ
1618 3548 1772 3614 Μάρ-

217 3658 359 3709 κου;
382 3642 519 3709 Φησὶ
539 3641 646 3711 γὰρ
672 3643 806 3710 πρὸς
828 3630 950 3705 τοῦς
968 3640 1267 3707 Ἰουδαίους,
1284 3632 1631 3701 ὀνειδίζοντας
1647 3638 1772 3697 τοὺς

227 3733 570 3795 ἀποστόλους
588 3724 865 3793 τίλλοντάς
886 3732 1012 3792 τοὺς
1045 3732 1302 3798 στάχυας,
1331 3731 1474 3781 «Οὐκ
1505 3731 1769 3793 ἀνέγνωτε

215 3825 278 3877 τί
304 3823 522 3891 ἐποίησε
540 3821 722 3885 Δαόὶδ,
742 3821 828 3872 ὅτε
846 3820 1047 3889 ,χρείαν
1077 3818 1196 3888 έσχε
1221 3836 1234 3851 ·
1267 3824 1357 3871 καὶ
1379 3818 1658 3882 ἐπείνασεν
1678 3818 1771 3867 αὑ-

215 3914 317 3976 τὸς
345 3913 434 3965 καὶ
462 3913 509 3963 oi
554 3914 668 3979 μετ’
697 3909 862 3962 αὐτοῦ
886 3926 902 3975 ;
940 3908 1062 3971 Πῶς
1092 3908 1336 3975 εἰσῆλθεν
1379 3908 1457 3969 είς
1504 3908 1593 3957 τὸν
1624 3902 1769 3957 οἶκον

213 4001 321 4055 τοῦ
350 3998 484 4052 Θεοῦ
514 4000 614 4073 ἐπὶ.
644 3996 910 4067 ’Δσιάθαρ
941 3997 1260 4066 ἀρχιερέως,
1297 3996 1390 4049 καλ⁸
1418 3998 1538 4058 τοὺς
1577 3994 1771 4064 ἄρτους

213 4093 327 4163 τῆς
366 4091 673 4162 προθέσεως
696 4089 919 4160 ἔφαγεν,
945 4086 1036 4152 οὓς
1072 4087 1168 4140 οὐκ
1197 4087 1370 4151 ἔξεστι
1400 4089 1592 4155 φαγεῖν
1622 4088 1669 4138 εί
1699 4086 1772 4155 μὴ

214 4187 335 4247 τοῖς
366 4182 568 4255 ἱερεῦσι
620 4183 824 4250 μόνοις,
858 4182 953 4234 καὶ
994 4181 1172 4235 ἔδωκε
1201 4180 1293 4232 καὶ
1343 4181 1453 4241 τοῖς
1483 4181 1580 4231 σὺν
1624 4178 1771 4245 αὐτῷ

217 4272 418 4339 οὖσιν;
461 4293 481 4328 ι
531 4275 853 4345 Ἐωτῶμεν
890 4272 983 4325 οὖν
1028 4273 1170 4341 ὑμᾶς
1198 4288 1209 4301 ·
1246 4272 1295 4324 οί
1342 4271 1496 4339 ἄρτοι
1543 4270 1688 4323 οῦτοι
1723 4274 1771 4323 οἱ
1817 4282 1833 4298 ⁸

215 4368 324 4438 τῆς
355 4367 686 4437 προθέσεως,
713 4366 937 4434 ένζυμοι
970 4367 1229 4433 ὑπῆρχον,
1258 4363 1289 4431 ἢ
1318 4362 1513 4431 ἄζυμοι
1539 4378 1553 4425 ;
1584 4362 1643 4413 Ei
1677 4362 1772 4429 μὲν

218 4459 467 4527 ενζυμοι,
506 4457 842 4525 ίουδαῖζομεν
866 4456 961 4508 καὶ
986 4456 1141 4522 ἡμεῖς
1175 4454 1291 4504 καθ’
1318 4452 1456 4518 ὑμᾶς
1487 4449 1757 4519 ἐνζύμους

216 4554 422 4618 ἄρτους
458 4540 648 4623 θυσίαν
693 4544 1005 4603 ποιοῦντεςο
1047 4544 1095 4594 εί
1147 4542 1192 4593 δ’
1229 4540 1427 4610 ἄζυμοι
1467 4536 1625 4610 ἦσαν,
1665 4542 1772 4609 ἄρα

1871 3471 2046 3524 eundo
2078 3471 2216 3537 apud
2241 3468 2480 3523 Marcum
2516 3464 2936 3537 evangelistam;
2969 3470 3100 3522 dicit
3152 3469 3294 3523 enim
3342 3468 3409 3519 atl

1826 3576 1829 3577 '
1872 3560 2086 3614 Judzeos
2118 3560 2467 3628 obiurgantes
2502 3559 2777 3627 apostolos
2817 3559 2958 3628 quod
3015 3559 3193 3626 spiras
3254 3557 3411 3611 Velle-

1870 3652 2000 3705 bant
2035 3668 2051 3703 :
2092 3649 2373 3716 Nunquam
2407 3650 2615 3715 legistis
2646 3650 2772 3718 quid
2808 3650 2992 3704 fecerit
3026 3648 3412 3717 Ilavidquando

1872 3742 2245 3800 necessitatem
2285 3740 2493 3799 habuit,
2518 3749 2569 3791 et
2597 3739 2787 3791 esuriit
2819 3739 2951 3807 ipse,
2986 3747 3039 3808 et
3063 3737 3149 3805 qui
3187 3752 3411 3810 cumﬂeo

1870 3826 2357 3893 eranthptomodo
2381 3826 2625 3879 introivit
2652 3826 2705 3878 in
2744 3826 2960 3878 domum
2998 3825 3087 3877 Dei
3125 3824 3415 3877 sub‘Abia-

1879 3920 2000 3972 thar
2030 3916 2269 3984 principe
2322 3916 2682 3979 sacerdotum,
2731 3906 2783 3966 et
2818 3928 2985 3982 panes
3032 3913 3413 3981 propositionis

1876 4006 2243 4068 manducavit,
2278 4020 2415 4073 quos
2444 4020 2547 4057 non
2586 4003 2705 4056 licet
2744 4002 2847 4055 nisi
2874 4002 3413 4055 sacerdotibnsman-

1874 4101 2093 4164 dncare,
2121 4109 2173 4152 et
2213 4096 2359 4149 dedit
2389 4093 2467 4149 eis
2499 4078 2738 4161 quicum
2777 4090 2846 4147 'eo
2881 4094 3072 4146 erant?
3122 4094 3412 4145 Perconta-

1875 4208 1996 4245 mur
2032 4188 2361 4263 igituruvos,
2408 4201 2571 4255 panes
2619 4185 3001 4255 propositionis
3042 4185 3413 4261 fermernatine

1876 4292 2028 4339 erant
2059 4298 2123 4334 an
2161 4278 2375 4349 azymi?
2404 4277 2456 4331 Si
2492 4274 2818 4336 fermentati,
2852 4290 2947 4327 nos
2977 4275 3138 4326 etiam
3164 4273 3409 4341 jutlaiza-

1874 4389 2015 4435 mus,
2049 4382 2107 4424 ut
2158 4385 2254 4423 vos
2304 4357 2648 4426 exiStimatis,
2690 4365 2742 4415 in
2795 4363 3133 4417 fermentatis
3178 4364 3411 4432 panibus

1873 4463 2269 4517 sacrificantes.
2293 4459 2347 4512 Si
2384 4472 2511 4510 vero
2549 4455 2742 4527 azymi,
2778 4469 2904 4523 ergo
2956 4464 3008 4508 et
3052 4455 3221 4524 azymi
3249 4470 3413 4523 panes
3506 4504 3507 4507 η

1875 4550 2446 4605 vocantur..Praeterea
2475 4547 2520 4601 si
2558 4545 2857 4619 fermentati
2910 4554 3065 4598 erant
3126 4559 3291 4614 panes
3336 4546 3408 4599 illi

215 4639 322 4694 καὶ
360 4638 409 4690 οί
457 4635 674 4705 ἄζυμοι,
706 4633 860 4704 ἄρτοι
904 4630 1215 4691 καλοῦνται.
1260 4632 1379 4683 Ἔτι
1414 4630 1460 4681 εί
1495 4630 1593 4699 μὲν
1622 4629 1768 4694 ἐνζυ-

1875 4639 2275 4713 propositionis,
2310 4637 2628 4715 sacrificium
2664 4636 2733 4690 in
2789 4635 3107 4691 fermentata
3138 4632 3407 4693 Christum

217 4744 321 4799 μοι
354 4722 494 4797 ἦσαν
525 4726 573 4777 οῖ
603 4724 758 4796 ἄρτοι
791 4724 986 4777 ἐκεῖνοι
1024 4722 1122 4790 τῆς
1163 4720 1493 4790 προθέσεως,
1534 4722 1644 4776 ἔδει
1682 4723 1769 4775 τδν

212 4817 459 4890 Χριστὸν
499 4815 705 4871 παῦσαι
736 4814 848 4885 τὴν
903 4813 1092 4866 θυσίαν
1145 4799 1242 4883 τὴν
1297 4811 1365 4865 δι’
1393 4812 1662 4880 ἐνζύμων,
1697 4812 1773 4874 ὡς

215 4910 461 4963 παλαιάν
488 4923 547 4967 τε
580 4909 672 4962 καὶ
704 4906 959 4974 νόμιμον,
986 4904 1070 4956 ἵνα
1098 4902 1171 4973 μὴ
1202 4903 1268 4955 τὰ
1298 4903 1459 4972 ὅμοια
1492 4905 1603 4965 τοῖς
1644 4903 1772 4955 Ἰου-

215 5000 398 5062 δαίοις
448 4999 709 5066 ποιῶμεν,
761 4997 856 5048 καὶ
901 4994 1104 5063 ταύτην
1159 4994 1366 5060 διδάξαι
1426 4992 1669 5061 γίνεσθαι
1704 4990 1770 5044 δι’

213 5087 486 5155 ἀζύμων
528 5088 575 5137 εί
618 5085 662 5136 δ’
694 5085 889 5152 ἄζυμοι
931 5079 1095 5152 ἦσαν,
1152 5086 1243 5136 καὶ
1273 5084 1301 5136 ὁ
1347 5082 1574 5150 ἄζυμος,
1609 5081 1769 5151 ἄρτος

217 5177 497 5234 καλεῖται.
536 5175 777 5244 Ἐδείχθη
792 5170 885 5227 οῦν
912 5174 1133 5238 ἱκανῶς,
1162 5175 1330 5241 ἀγαθέ
1358 5173 1664 5241 Νικηφὸρε,
1689 5171 1770 5223 δτι

217 5270 325 5325 καὶ
354 5268 382 5319 ὸ
411 5267 616 5336 ἄζυμος
678 5266 839 5339 ἄρτος
870 5264 1108 5330 λέγεται,
1139 5265 1235 5316 καὶ
1261 5264 1398 5330 ἐστι,
1428 5264 1520 5316 καὶ
1549 5264 1765 5323 νοεῖται,

217 5363 400 5433 χωρὶς
426 5360 517 5413 τοῦ
548 5359 816 5413 ἐπιθέτου.
844 5357 1005 5411 Ὥστε
1045 5355 1215 5419 οὐδεὶς
1250 5345 1313 5410 ἄν
1357 5351 1414 5408 εὖ
1451 5352 1659 5423 φρονῶν
1692 5350 1769 5402 ετ-

218 5468 344 5516 ﬁat,
380 5450 454 5514 ὠς
505 5451 566 5528 οὐ
589 5449 871 5516 δυνάμεθα
916 5447 1161 5515 ἐννοῆσαι
1220 5446 1424 5515 ἄζυμον
1463 5443 1529 5495 δι’
1576 5436 1635 5496 οὗ
1671 5444 1768 5511 τὴν

221 5542 423 5597 θυσίαν
448 5541 701 5612 ἐποίησεν
725 5544 754 5594 δ
785 5540 1039 5609 Χριστὸς,
1073 5538 1156 5591 διὰ
1181 5538 1240 5589 τὸ
1263 5538 1353 5591 τὸν
1382 5536 1767 5604 εὐαγγελιστὴν
1790 5558 1794 5562 -

220 5632 408 5688 εἰπεῖν
438 5634 605 5703 χωρὶς
651 5631 745 5685 τοῦ
798 5628 1071 5692 ἐπιθέτου,
1113 5629 1276 5696 ἄρτον
1308 5627 1487 5681 λαϐεῖν
1516 5628 1604 5691 τὸν
1640 5624 1769 5695 Χρι-

220 5723 357 5777 στὸν
390 5725 459 5799 τῇ
503 5718 612 5774 τῶν
654 5719 900 5788 Ἂζύμων
944 5719 1126 5787 ἡμέρα
1163 5720 1255 5770 καὶ
1302 5723 1365 5789 τῇ
1395 5718 1509 5789 ὥρῃ
1536 5718 1626 5770 τοῦ
1656 5717 1766 5769 Πά-

223 5832 356 5887 σχα.
390 5813 630 5885 ’Λζυμος
654 5809 722 5884 ἦν
747 5811 853 5882 ἄρα
878 5810 952 5893 ὡς
982 5808 1215 5890 ἐδείχθη,
1246 5814 1351 5882 ’καὶ
1386 5810 1588 5879 ἄζυμον
1614 5809 1760 5862 ἐννο-

1874 4735 2066 4790 tollere
2095 4733 2395 4804 Oportebat,
2426 4740 2687 4800 tanquam
2723 4738 2954 4783 veterem
2984 4738 3036 4780 et
3071 4726 3311 4795 legalem,
3343 4739 3409 4779 ne

1870 4826 2083 4881 Judaeos
2121 4824 2480 4886 imitaremur,
2504 4828 2569 4896 et
2594 4823 2644 4875 in
2689 4835 2876 4890 azymo
2909 4806 3232 4873 sacrificium
3256 4817 3409 4896 insti-

1871 4926 2020 4969 tuere
2052 4924 2107 4969 et
2156 4915 2465 4983 praecipere.
2504 4894 2581 4963 ‘Si
2638 4910 2811 4979 szymi
2868 4914 3043 4970 erant,
3088 4920 3216 4977 ergo
3256 4894 3409 4977 panis

1868 5010 2026 5059 etiam
2043 5017 2261 5072 azymus
2273 5002 2585 5071 appellatur.
2603 4998 2937 5053 Snflicienter
2955 4996 3117 5063 igitur
3130 5004 3405 5052 ostensum

1869 5102 1970 5156 est,
2005 5108 2037 5145 ο
2064 5093 2200 5145 bone
2229 5089 2550 5157 Nieephore,
2585 5086 2726 5157 quod
2778 5092 2830 5137 et
2880 5083 3033 5152 panis
3059 5083 3259 5137 dicitur
3284 5098 3406 5151 azy-

1872 5186 2018 5242 mus.
2047 5191 2098 5235 et
2126 5189 2230 5247 est,
2266 5180 2583 5249 intelligitur
2611 5177 2726 5232 sine
2749 5174 3033 5243 adjectivo.
3051 5172 3401 5241 Quamobrem

1869 5258 2027 5318 nemo
2062 5258 2324 5332 prudens
2363 5277 2596 5332 unquam
2655 5258 2878 5314 dixerit,
2923 5272 3023 5312 nos
3069 5270 3403 5325 nequaquam

1870 5365 2028 5419 posse
2058 5350 2357 5424 intelligere
2381 5364 2649 5421 azymum,
2690 5348 2743 5403 in
2789 5362 2894 5418 quo
2935 5346 3252 5402 sacrificium
3281 5344 3406 5398 fecit

1868 5440 2156 5505 Christus;
2191 5442 2405 5509 etquod
2438 5441 2553 5495 sine
2596 5438 2859 5508 adjectivo
2899 5437 3032 5493 dixit
3060 5435 3401 5504 evangelista,

1828 5576 1841 5583 -
1871 5547 2062 5603 partem
2090 5532 2358 5598 accepisse
2405 5532 2676 5586 Christutn
2721 5534 2775 5586 in
2826 5533 2913 5586 die
2956 5532 3298 5600 Azymorum,
3351 5534 3405 5580 et

1870 5622 2148 5679 Paschatis
2181 5630 2445 5688 tempore.
2490 5624 2727 5691 Azymus
2752 5638 2876 5691 ergo
2907 5632 3046 5683 erat,
3081 5628 3132 5674 et
3160 5630 3405 5686 azymum

1832 5714 2240 5784 rintelligimus,
2268 5722 2324 5768 ut
2380 5715 2489 5782 jam
2530 5721 2806 5769 ostensum
2853 5722 2953 5767 est.
3003 5708 3096 5765 His
3124 5708 3283 5777 igitur
3331 5707 3406 5763 ita

1818 5816 1822 5820 “
1872 5803 2152 5877 expositis,
2181 5805 2742 5885 argumentatiuncula
2765 5814 2865 5859 ate
2885 5800 3288 5871 adducta,quod
3309 5814 3404 5855 oa-
