4006 6340
149 414 300 478 1237

821 416 968 480 PRO
1004 420 1208 483 CONC.
1255 408 1621 480 F-LORENT.
1665 410 1824 480 CAP.
1864 417 1974 478 Ill.
2012 418 2111 478 DE
2148 417 2654 480 PURGATORIO.

3222 415 3356 482 1238
3410 364 3417 376 ⁸

145 528 186 580 ἃ
214 527 292 589 ὡς
346 527 524 595 σάρκα
557 526 820 596 φοροῦσαι
855 528 1302 600 ἐπλημμέλησαν,
1333 531 1408 592 ὡς
1443 530 1523 584 δεί
1550 546 1705 599 ποιη-

1813 538 2022 591 verunt.
2069 526 2293 584 fecerint
2347 539 2403 583 ut
2459 537 2693 597 oportet,
2729 542 2901 593 neque
2955 527 3115 596 hujus
3172 531 3350 585 εσθαιιί

146 617 409 686 σάμεναι,
461 618 553 669 καὶ
603 618 723 685 μηδ’
779 618 913 674 ὅλως
955 635 1008 671 τι
1061 619 1154 672 τοῦ
1192 620 1450 685 παρόντος
1509 619 1701 681 αἰῶνος

144 705 538 773 φροντίζουσαι
593 706 624 776 ἢ
673 700 988 776 φρονοῦσαι,
1043 709 1157 761 ἀλλ’
1209 710 1540 775 ἁπαξαπλῶς
1569 710 1702 771 ὅλως

141 794 273 846 ὅλον
303 793 392 846 τὸν
415 793 536 848 νοῦν
555 795 772 864 ἔχουσαι
802 797 934 865 πρὸς
954 797 1011 848 ὃν
1026 797 1343 864 πορεύονται
1364 797 1546 860 τόπον,
1571 795 1709 848 σκύ-

137 877 285 936 ϐαλα
304 886 371 938 τὰ
390 887 630 954 παρόντα
671 888 846 940 πάντα
895 880 1261 958 ἡγησάμεναι,
1283 888 1368 940 ἵνα
1396 887 1553 954 μόνον
1577 903 1706 954 κερ-

143 976 392 1046 δήσωσιν
422 978 481 1029 ὅν
512 977 768 1031 ποθοῦσιν
788 980 1015 1046 νυμφίον
1032 981 1120 1032 διὰ
1151 979 1246 1048 τῆς
1279 977 1581 1045 μετανοίας,
1610 981 1706 1034 καὶ

143 1068 508 1135 ἀπαντήσωσι
551 1067 626 1134 τῷ
671 1068 888 1137 φοϐερῷ
935 1072 1094 1136 κριτῇ
1140 1072 1202 1122 ἐν
1244 1070 1513 1137 νεφέλαις,
1547 1064 1704 1123 αὗται

149 1158 399 1230 μεγάλην
424 1157 688 1224 ὠφέλειαν
717 1158 896 1228 ἔχουσι
949 1159 1086 1225 μετά
1121 1160 1364 1213 Θάνατον.
1413 1161 1500 1212 Ἐν
1536 1177 1703 1230 μετα-

149 1250 278 1316 νοίᾳ.
327 1249 433 1317 γὰρ
488 1248 812 1317 εὑρέθησαν.
845 1250 938 1304 καὶ
983 1250 1040 1301 ἐν
1088 1251 1342 1322 μετανοίᾳ
1388 1251 1703 1322 κρίνονται·

148 1338 345 1406 ὥσπερ
374 1341 575 1392 ἐκεῖναι
619 1342 675 1392 αἱ
716 1342 1022 1410 εὑρεθεῖσαι
1064 1344 1120 1393 ὲν
1171 1342 1498 1410 ἀπογνώσει,
1537 1359 1706 1395 κατα-

150 1431 451 1496 κρίνονται.
489 1433 597 1485 Καὶ
627 1432 784 1484 τοῦτό
811 1435 957 1485 ἐστιν
995 1434 1129 1502 ὅπερ
1153 1433 1423 1503 ἀκούομεν
1457 1433 1708 1486 ἀπειλού-

155 1537 319 1584 μενον
349 1522 496 1588 παρὰ
528 1521 617 1574 τοῦ
649 1523 835 1591 κριτοῦ
863 1537 877 1554 ο
915 1541 933 1573 ι
983 1525 1072 1577 Ἑν
1115 1518 1157 1591 ᾧ
1188 1524 1332 1592 εῦρω
1363 1542 1442 1589 σε,
1469 1525 1583 1578 ἐκεῖ
1615 1525 1708 1578 καὶ
1743 1582 1752 1588 κ

151 1613 328 1682 κρινῶ
361 1629 416 1665 σε
429 1655 440 1666 .
477 1631 492 1663 ι

903 1706 972 1758 Γ’.

228 1795 433 1861 Καιρδς
463 1795 517 1846 δὲ
562 1795 748 1848 λοιπον
783 1799 875 1850 καὶ
909 1798 1014 1849 τῶν
1043 1799 1360 1864 μαρτυριῶν
1402 1798 1706 1852 ἐπακοῦσαι

149 1883 218 1946 εις
247 1885 622 1956 ὑπσχέθημεν
656 1888 885 1940 ἀκοῦσαι
918 1862 1081 1955 ὑμᾶς,
1123 1862 1387 1943 -ἐκοεῖναμ
1423 1891 1524 1943 Καὶ
1557 1891 1704 1959 πρῶ·
1741 1862 1778 1933 Β

151 1992 248 2036 τος
280 1974 380 2042 μὶν
411 1978 620 2042 παρίτω
651 1979 676 2028 6
712 1979 1216 2047 προμνημονευθεὶς
1258 1981 1401 2042 οεῖος
1432 1982 1520 2035 καὶ
1567 1983 1706 2052 ίερδς

165 2066 438 2133 Ἰωάννης,
477 2069 503 2117 6
535 2068 708 2135 μέγας
734 2070 1006 2138 ὀφθαλμὸς
1031 2071 1126 2141 τῆς
1163 2071 1352 2141 Ἐᾡας,
1379 2076 1406 2125 6
1437 2075 1496 2124 ἐκ
1521 2077 1706 2143 Δαμαο

153 2158 290 2208 σκοῦ
342 2159 880 2227 ἀναλάμψας-οὖτος
938 2165 1044 2231 γὰρ
1096 2164 1153 2215 ἐν
1206 2165 1282 2234 τῷ
1318 2167 1445 2234 περὶ
1490 2167 1597 2218 τῶν
1651 2168 1705 2218 ὲν

153 2249 344 2300 πίστει
391 2252 802 2320 κεκοιμημένων
837 2256 1210 2326 συντακτηρίῳ
1243 2257 1405 2310 αὐτοῦ
1441 2259 1600 2326 λόγῳ,
1630 2257 1707 2326 τῷ

150 2342 466 2412 ἐπιγραφὴν
489 2343 684 2412 ἔχοντι·
723 2344 946 2408 ι”Οπως
967 2348 1018 2398 αἱ
1050 2348 1187 2418 ὑπὲρ
1219 2349 1397 2402 αὐτῶν
1429 2353 1704 2418 γινόμεναι

152 2434 482 2502 λειτουργίαι
510 2437 601 2486 καὶ
623 2435 854 2488 εῦποιῖαι
872 2436 1092 2498 τούτους
1113 2439 1402 2505 ὀνίνησιν,›
1438 2441 1465 2508 ἡ
1493 2440 1547 2492 δὲ
1566 2441 1706 2510 ἀρχὴ

153 2526 251 2577 τοῦ
287 2525 464 2589 λόγου,
494 2544 511 2576 ι
567 2529 643 2578 Τὰ
669 2525 775 2578 τῶν
799 2527 1097 2596 βρωμάτων
1124 2529 1253 2598 ήδὲα
1277 2546 1291 2558 ’
1324 2547 1340 2579 ι
1375 2531 1509 2598 μετὰ
1538 2532 1705 2584 πολλά

153 2617 249 2668 καὶ
294 2615 450 2676 ἄλλα,
472 2615 549 2668 ἔτι
573 2615 725 2669 τοῦτό
755 2634 938 2686 φησιν,
973 2619 1122 2671 «Ὅτι
1151 2621 1293 2674 οίτοῦ
1321 2621 1480 2691 λόγου
1511 2625 1706 2691 μύσται

153 2720 215 2788 τε
248 2703 344 2771 καὶ,
385 2703 668 2768 αὐτόπται,
698 2705 746 2756 οἱ
782 2705 872 2757 τὸν
925 2706 1018 2759 τοῦ
1051 2708 1252 2774 κόσμου
1299 2710 1464 2779 γῦρον
1495 2713 1708 2780 ζωγρή-

158 2811 356 2856 σαντες
406 2796 644 2862 μαθηταὶ
673 2797 764 2849 τοῦ
796 2798 1066 2869 Σωτῆρος,
1114 2801 1206 2852 καὶ
1235 2801 1366 2853 θεῖοι
1397 2803 1702 2864 ἀπόστολοι,

157 2889 256 2942 ἐπὶ
296 2887 402 2938 τῶν
436 2888 678 2955 φρικτῶν
708 2889 800 2942 καὶ
847 2891 1129 2960 ἀχράντων
1159 2893 1249 2946 καὶ
1301 2893 1577 2956 ζωοποιῶν
1610 2915 1705 2964 μυ-

160 2983 422 3050 στηρίων,
471 2985 686 3052 μνήμην
722 2983 990 3035 ποιεῖσθαι
1023 2984 1127 3035 τῶν
1175 2987 1377 3046 πιστῶς
1416 2986 1704 3054 κοιμηθέν-

158 3092 272 3126 των
320 3074 611 3127 ὲοέσπισαν
641 3091 654 3106 ·
694 3074 721 3126 δ
767 3075 859 3128 καὶ
913 3078 1129 3144 κατέχει
1185 3075 1414 3143 βεϐαίως
1446 3079 1540 3130 καὶ
1588 3080 1706 3131 λίαν

157 3166 568 3240 ἀναντιρρήτως
598 3167 629 3236 ἡ
655 3165 748 3218 τοῦ
780 3165 1013 3234 Χριστοῦ
1040 3167 1132 3219 καὶ
1158 3167 1292 3220 Θεοῦ
1315 3168 1421 3220 ἀπὸ
1457 3170 1708 3238 περάτων

160 3345 387 3411 πλησία,
416 3347 475 3396 ὲκ
506 3347 624 3398 τότε
663 3348 820 3415 μέχρι
852 3347 945 3398 τοῦ
979 3347 1092 3408 νῦν,
1127 3350 1220 3401 καὶ
1253 3349 1351 3416 τῆς
1380 3350 1472 3401 τοῦ
1506 3353 1710 3420 κόσμον

160 3439 370 3505 λήξεως
397 3438 542 3506 ἄχρι,
579 3438 678 3490 οῦκ
707 3439 1005 3505 ἀλογίστως
1029 3438 1265 3503 πάντως,
1296 3441 1412 3494 οὐδὲ
1443 3443 1706 3509 ματαίως,

160 3527 286 3578 οῦδὲ
321 3525 460 3592 six?"
516 3529 607 3576 καὶ
639 3526 711 3586 ὡς
746 3527 898 3591 ἔτυχε
948 3527 1104 3578 τοῦτο
1148 3527 1516 3592 θεσπίσαντες.
1549 3533 1714 3584 Οὐδὲν

164 3617 280 3682 γὰρ
305 3614 558 3681 ἀνόνητόν
589 3616 620 3679 ἡ
664 3614 771 3666 τῶν
801 3614 1143 3682 Χριστιανῶν
1172 3616 1416 3685 ἀπλανὴς
1455 3618 1714 3687 θρησκεία

164 3705 494 3774 παρείληφε,
527 3706 620 3757 καὶ
650 3707 726 3767 είς
753 3705 921 3757 αίῶνα
946 3708 1208 3776 κατέσχεν
1234 3710 1676 3777 ἀπαρασέιλευτον
1695 3725 1710 3740 ·

165 3797 307 3852 ἀλλά
332 3797 505 3849 πάντα
534 3795 784 3866 ἐπωφελῆ
818 3798 906 3849 καὶ
940 3797 1224 3866 Οεάρεστα,
1260 3801 1352 3850 καὶ
1385 3799 1505 3851 λίαν
1538 3801 1716 3871 ὀνησι-

165 3888 338 3955 φόρα,
373 3887 466 3939 καὶ
514 3887 780 3957 σωτηρίας
829 3889 1089 3957 μεγίστης
1131 3888 1384 3959 πρόξενα.
1413 3908 1430 3941 ι
1476 3890 1716 3954 Ἀκούεις

163 3980 253 4030 ὅτι
295 3977 352 4028 ού
391 3977 691 4043 παρέλαϐεν
739 3979 768 4046 ἡ
800 3976 892 4029 τοῦ
923 3977 1056 4030 Θεοῦ
1107 3979 1399 4048 Ἐκκλησία
1432 3997 1483 4033 τι
1513 3982 1718 4047 πλάνης

164 4069 454 4135 ἐχόμενον,
492 4067 523 4135 ἢ
575 4067 871 4138 ἀνόνητονο
919 4069 1051 4122 ἀλλά
1106 4069 1280 4121 πάντα
1318 4071 1580 4140 θεὰρεστα
1625 4073 1718 4124 καὶ

165 4159 467 4226 ὀνησιφόρα
511 4157 649 4220 λίαν,
687 4159 779 4211 καὶ
828 4158 1063 4228 πρόξενα
1116 4162 1388 4229 σωτηρίας
1430 4163 1716 4232 μεγίστης.

169 4249 312 4304 Μετ’
339 4249 497 4301 αὑτὸν
527 4249 581 4301 δὲ
611 4250 638 4301 ὁ
672 4250 840 4312 πολὺς
871 4251 940 4302 τά
966 4250 1080 4303 Οεῖα
1109 4251 1202 4304 καὶ
1230 4250 1396 4318 βαθὺς
1426 4251 1718 4319 Διονύσιος,

168 4345 270 4394 καὶ
298 4341 458 4403 αὐτὸς
482 4342 537 4392 ἐν
564 4343 630 4410 τῇ
661 4342 770 4394 τῶν
792 4341 1207 4410 κεκοιμημένων
1233 4346 1466 4411 μυστικῇ
1492 4343 1715 4412 θεωρίᾳ,

167 4430 399 4485 τοιαῦτα
451 4432 649 4498 φάσκει
675 4449 689 4464 ο
728 4450 746 4482 ι
799 4432 873 4484 Οὐ
905 4433 1009 4500 γὰρ
1039 4432 1106 4485 ἂν
1142 4435 1168 4486 6
1212 4433 1352 4495 θεῖος
1383 4435 1659 4504 ίεράρχης,
1691 4436 1719 4487 6

1809 622 2101 688 quidquam
2149 621 2369 674 omnino
2407 621 2487 674 vel
2519 620 2826 673 curaverint
2859 620 2937 673 vel
2966 620 3339 687 cogitaverim.

1809 710 1902 764 sed
1938 713 1988 763 ln
2035 709 2344 764 universum
2386 725 2450 764 eo
2486 719 2691 764 tantum
2746 710 2924 770 modo,
2959 723 3068 777 quo
3123 709 3347 765 abituras

1809 812 1957 862 sunt,
1989 807 2155 854 totam
2203 810 2454 853 mentem
2488 798 2804 859 dircxerint,
2839 797 3117 866 pra-scotia
3168 799 3348 850 omnia

1807 891 2116 946 retrimenta
2145 896 2416 958 putantes,
2436 896 2495 942 ut
2521 889 2694 941 solum
2726 904 2846 943 cum
2874 903 3031 956 quem
3049 887 3352 941 desiderant

1809 998 2066 1052 sponsum
2101 983 2378 1037 lucrentur
2413 980 2935 1050 per‘pcenitcutiam,
2967 980 3350 1047 tremendoqne

1805 1076 1975 1146 iudici
2030 1073 2090 1129 in
2154 1073 2386 1128 nubibus
2415 1081 2725 1136 occurrant,
2764 1071 2842 1124 ba:
2893 1071 3201 1124 maxinuuu
3231 1080 3354 1139 post

1809 1177 2038 1220 mortem
2098 1164 2470 1234 juvamentum
2517 1163 2841 1231 percipiunt.
2892 1161 3024 1215 Cum
3089 1161 3233 1215 enim
3291 1155 3352 1220 in

1808 1258 2120 1328 paenitentia
2151 1262 2374 1324 reperta:
2407 1254 2623 1318 fuerint,
2679 1253 2731 1306 in
2776 1252 3091 1322 poenitentia
3134 1267 3350 1321 quoque

1805 1335 2139 1418 iudicantur,
2165 1344 2613 1414 quemadmodum
2640 1357 2715 1396 cae
2743 1358 2861 1412 qua:
2891 1343 2942 1395 in
2978 1342 3354 1409 desperatione

1809 1448 2032 1507 repertae
2059 1437 2281 1499 fuerint,
2336 1435 2788 1489 oondemnanlur.
2848 1431 2912 1486 Et
2949 1433 3029 1484 lue
3059 1431 3353 1484 commina-

1812 1530 1982 1583 tiones
2018 1538 2144 1582 sunt
2168 1542 2302 1596 quas
2326 1526 2557 1591 ajudiee
2586 1525 2832 1581 audimus
2859 1540 2874 1582 :
2921 1542 2939 1574 ι
2968 1522 3065 1577 Ubi
3097 1523 3350 1578 invenero

1811 1631 1879 1686 te,
1918 1621 1988 1675 ibi
2015 1631 2065 1675 et
2090 1618 2342 1688 indicabo
2375 1629 2476 1674 te.»

2537 1709 2626 1765 lli.

1880 1807 2160 1875 Reliquum
2194 1815 2276 1860 est
2297 1806 2346 1858 in
2378 1803 2660 1874 praasentia
2701 1801 2996 1855 testimonia
3032 1816 3127 1854 vos
3153 1803 3341 1856 audire

1811 1915 1929 1967 quze
1961 1908 2115 1951 antea
2145 1895 2369 1966 polliciti
2410 1909 2620 1948 sumus.
2655 1882 3222 1958 Primusque'prodeat
3253 1905 3347 1943 an-

1813 1992 2040 2044 tedictos
2076 1988 2296 2042 divinus
2325 1995 2378 2040 et
2401 1999 2556 2040 sacer
2579 1981 2833 2047 Joannes,
2868 1996 3094 2050 magnus
3114 1981 3350 2035 Orientis

1812 2083 2020 2144 oculus,
2054 2082 2144 2150 qui
2187 2095 2216 2133 a
2251 2079 2506 2131 Damasco
2537 2076 2729 2129 illuxit.
2792 2073 2841 2126 Is
2879 2077 3019 2128 enim
3059 2073 3110 2127 in
3141 2089 3200 2127 ea
3232 2089 3352 2128 ora-

1812 2177 1956 2229 tione
1982 2188 2143 2242 quam
2191 2166 2514 2236 conscripsit
2563 2165 2630 2220 de
2668 2164 2870 2232 liis-qui
2905 2165 2958 2216 in
3004 2165 3104 2219 ﬁde
3150 2163 3350 2218 obdor-

1812 2251 2071 2327 mieruut,
2098 2261 2253 2329 cuius
2277 2258 2465 2313 titulus
2501 2265 2580 2311 est
2610 2263 2625 2312 ί
2661 2274 2679 2307 ι
2713 2254 2827 2321 Qua
2850 2254 3056 2309 ratione
3090 2255 3348 2310 sacriﬁcia

1810 2367 1865 2414 ct
1898 2355 2033 2408 bona
2071 2367 2254 2422 opera,
2286 2364 2405 2418 quae
2461 2364 2558 2418 pro
2605 2347 2669 2401 iis
2725 2355 2972 2424 suscepta
3024 2357 3173 2411 sunt,
3206 2347 3353 2414 ipsis

1810 2445 2162 2518 opitulantur,
2198 2461 2215 2492 ι
2252 2440 2404 2510 cujus
2441 2437 2704 2492 orationis
2735 2437 2946 2489 initium
2976 2443 3057 2491 est
3090 2455 3104 2488 :
3157 2453 3175 2485 ι
3206 2436 3352 2490 Esca:

1809 2551 2022 2600 suaves,
2049 2553 2066 2583 ι
2113 2526 2233 2602 post
2260 2532 2362 2585 alia
2394 2529 2558 2598 multa
2589 2531 2701 2582 ltrec
2725 2526 2886 2582 etiam
2921 2525 3054 2582 dicit
3081 2544 3095 2580 :
3152 2546 3169 2576 ι
3194 2525 3347 2591 Quod

1813 2627 2107 2683 Salvatoris
2131 2621 2377 2692 discipuli
2399 2630 2451 2675 et
2473 2619 2640 2675 divini
2671 2618 2917 2688 apostoli,
2946 2618 3035 2686 qui
3067 2617 3350 2687 mysterio-

1813 2736 1932 2775 rum
1972 2717 2132 2773 Verbi
2154 2713 2442 2784 participes
2471 2722 2630 2780 atque
2655 2710 2852 2764 oculati
2881 2718 3044 2764 testes
3069 2708 3236 2773 fuere,
3256 2711 3350 2776 qui

1811 2798 2214 2867 mundi-orbem
2247 2808 2374 2860 dum
2407 2807 2646 2858 viverent
2697 2810 3076 2872 peragrarunt,
3134 2799 3188 2853 in
3238 2809 3353 2852 tre-

1813 2900 2057 2962 mendis,
2118 2896 2450 2952 intemeratis
2514 2903 2567 2948 et
2619 2892 3021 2947 vivificantibns
3082 2890 3352 2960 mysteriis

1811 2988 2372 3046 commemorationem
2426 2985 2535 3040 ﬂeri
2571 2985 2632 3038 de
2662 2984 2747 3038 liis
2789 2983 2880 3052 qui
2915 2983 3099 3036 ﬁdeles
3157 2981 3350 3035 obdor-

1813 3086 2000 3148 miere,
2049 3087 2381 3144 sanxerunt;
2435 3076 2577 3146 quod
2607 3075 2768 3130 etiam
2822 3073 3047 3126 ﬁrmiter
3072 3082 3124 3127 et
3151 3071 3352 3140 absque

1734 3196 1778 3258 (Ξ
1813 3176 1919 3231 nlla
1970 3171 2340 3226 controversia
2384 3177 2530 3224 tenet
2581 3183 2610 3220 a
2661 3165 2855 3219 linibus
2888 3178 3059 3233 usque
3115 3165 3182 3216 ad
3218 3163 3351 3216 ﬂues

160 3256 260 3307 καὶ
294 3256 448 3324 μέχρι
480 3258 749 3325 περάτων,
784 3257 1113 3325 ἀποστολικὴ
1159 3259 1253 3312 καὶ
1289 3260 1544 3328 καθολικὴ
1587 3260 1710 3313 Ἐκ-

1809 3262 2009 3316 Christi
2045 3260 2135 3316 Dei
2188 3259 2485 3328 apostolica
2539 3267 2592 3309 et
2617 3256 2884 3310 catholica
2911 3253 3150 3308 Ecclesia
3186 3255 3252 3306 ab
3284 3268 3350 3328 eo

1813 3362 2052 3418 tempore
2079 3352 2130 3406 in
2175 3365 2410 3420 prtesens
2439 3359 2494 3403 et
2531 3364 2700 3418 usque
2733 3348 2786 3400 in
2823 3347 2977 3400 linem
3012 3346 3195 3399 mundi
3247 3359 3351 3396 non

1813 3447 1929 3497 sine
1985 3445 2214 3505 ratione,
2241 3457 2412 3510 neque
2463 3442 2642 3506 Stulte,
2694 3454 2867 3508 neque
2919 3447 3142 3502 temere,
3175 3453 3348 3507 neque.

1814 3537 1948 3590 forte
1979 3535 2191 3588 fortuna
2222 3535 2274 3588 id
2303 3518 2677 3586 decernentes.
2716 3530 2844 3584 Nam
2880 3531 3012 3583 nihil
3044 3533 3186 3599 quod
3217 3531 3353 3598 stul—

1814 3628 1984 3681 titiam
2040 3635 2274 3693 saperet,
2329 3623 2546 3678 admisit
2599 3623 3032 3676 Christianorum
3101 3623 3348 3676 inerrans

1815 3715 2020 3782 religio.
2050 3723 2103 3765 et
2131 3716 2180 3766 in
2208 3713 2462 3766 saeculum
2494 3712 2811 3764 inconcusse
2846 3710 3017 3763 tenuit
3045 3726 3058 3761 :
3087 3709 3192 3761 imo
3225 3725 3352 3763 vero

1815 3812 2002 3860 cuncta
2038 3803 2184 3857 utilia
2240 3803 2451 3872 Deoque
2497 3809 2646 3871 grata
2685 3811 2740 3855 et
2789 3800 2941 3872 valde
2996 3799 3350 3855 conducibilia

1814 3895 1880 3949 ad
1920 3893 2171 3948 salutem.
2204 3910 2221 3942 ι
2285 3871 2412 3946 Post
2462 3892 2604 3945 hunc
2672 3871 2897 3955 magnus
2949 3889 3000 3944 in
3060 3889 3254 3945 divinis
3302 3900 3355 3944 et

1816 3984 2062 4040 sublimis
2090 3982 2373 4053 Dionysius
2422 3992 2475 4035 et
2507 3982 2621 4049 ipse
2653 3982 2704 4036 in
2764 3984 2987 4051 mystica
3032 3982 3098 4036 de
3127 3984 3354 4036 mortuis

1815 4073 2249 4129 consideratione
2304 4071 2418 4124 haec
2485 4072 2559 4124 ait
2615 4087 2629 4123 :
2700 4070 2858 4122 «Non
2915 4071 3057 4124 cnim
3137 4072 3353 4125 divinus

1817 4180 2093 4224 sacrorum
2132 4177 2351 4234 praeses,
2396 4161 2591 4215 divina:
2633 4160 3042 4229 justiﬁeatiouis
3081 4162 3344 4220 minister.

1819 4260 2065 4330 petiisset
2092 4271 2209 4327 quae
2241 4256 2348 4309 Deo
2395 4255 2661 4323 praecipue
2688 4267 2794 4306 non
2820 4261 3000 4306 essent
3030 4260 3268 4318 accepta,
3296 4267 3352 4306 es

1818 4364 1937 4419 quae
1989 4365 2048 4403 se
2109 4347 2359 4401 daturum
2413 4344 2672 4398 divinitus
2723 4341 3071 4410 promisisset.
3131 4340 3354 4408 Ideoque

1819 4437 2086 4504 profanis,
2115 4435 2164 4489 id
2194 4444 2275 4488 est
2302 4435 2366 4487 iis
2394 4433 2483 4501 qui
2516 4431 2802 4484 illuminati
2827 4446 2931 4484 non
2960 4436 3086 4482 sunt
3109 4428 3353 4489 mortuis.

167 4527 273 4594 τῆς
297 4526 526 4593 ἀρχικῆς
561 4524 894 4587 δικαιώσεως
935 4526 1238 4594 ὑποφήτης,
1271 4525 1451 4594 ἐζήτει
1489 4529 1619 4579 ποτὲ
1651 4527 1713 4579 τὰ

1821 4529 1934 4589 haec
1984 4541 2094 4579 non
2147 4533 2415 4594 precatur.
2450 4541 2466 4572 ι
2529 4521 2591 4575 Et
2631 4536 2814 4575 rursus
2851 4541 2863 4572 :
2923 4539 2941 4572 ι
2973 4518 3110 4588 Ergo
3142 4520 3355 4574 divinus

173 4619 255 4685 μὴ
282 4613 359 4683 τῷ
403 4615 518 4680 Θεῷ
552 4615 1014 4681 προσφιλέστατα,
1050 4619 1144 4668 καὶ
1192 4617 1325 4683 πρὸς
1371 4617 1532 4670 αὑτοῦ
1563 4618 1720 4687 δοθή-

173 4709 368 4761 σεσθαι
402 4706 657 4769 ιοειωδὼς
708 4709 1088 4779 ἐπηγγελμένα
1123 4727 1138 4741 ·
1197 4712 1278 4763 διὸ
1328 4714 1437 4774 τοῖς
1491 4713 1720 4782 ἀνιέροις

171 4802 346 4868 ἠγουν
374 4798 718 4864 ἀφωτίστοις,
764 4800 824 4850 οὐ
858 4802 1214 4869 προσεύχεται
1250 4801 1419 4855 ταῦτα
1464 4818 1724 4872 κεκοιμη-

176 4889 383 4958 μένοις.
426 4907 443 4938 ι
476 4889 583 4940 Καὶ
633 4885 783 4949 αὖθις
809 4907 823 4922 ο
864 4909 880 4940 ι
920 4892 1128 4944 Οὐκοῦν
1175 4896 1202 4944 6
1249 4893 1390 4954 θεῖος
1444 4894 1722 4962 ίεράρχης.

173 4982 380 5046 ἐξαιτεῖ
403 4981 469 5031 τὰ
502 4983 626 5048 φίλα
653 4973 790 5048 Θεῷ,
823 4984 915 5034 καὶ
959 4986 1172 5042 πάντως
1217 4983 1658 5052 δωρηθησόμενα.
1700 5001 1718 5033 ι

168 5071 291 5124 ’Καὶ
317 5069 479 5123 πάλιν
503 5085 514 5098 ·
557 5088 576 5121 ι
629 5070 689 5121 Ἦ
721 5071 818 5138 μὲν
846 5070 938 5122 οῦν
968 5072 1121 5140 εὐχὴ,
1152 5072 1246 5140 τῆς
1269 5072 1561 5140 οεαρχικῆς
1596 5073 1725 5137 ἀγα-

176 5162 424 5228 Οότητος,
455 5159 624 5211 δεῖται
655 5162 828 5212 πάντα
865 5160 976 5225 ,μὲν
1011 5163 1227 5226 ἀφεῖναι
1261 5165 1325 5213 τὰ
1354 5161 1418 5214 δι’
1453 5163 1722 5230 ἀνθρωπί-

176 5269 280 5318 νην
310 5251 592 5303 ἀσθένειαν
636 5249 711 5319 τῷ
749 5252 1131 5319 κεκοιμημένῳ
1175 5252 1519 5320 πταίσματα·
1567 5251 1724 5314 τάξαι

175 5339 234 5390 ἃ
263 5339 469 5404 τοῦτον,
503 5341 559 5392 ἐν
610 5341 757 5410 χώρᾳ
787 5339 1021 5402 ζώντων,
1072 5343 1150 5402 εἰς
1202 5346 1433 5404 κόλπους
1478 5339 1724 5408 Ἀϐραὰμ

183 5429 278 5481 καὶ
321 5432 504 5483 Ἰσαὰκ
543 5432 635 5483 καὶ
677 5431 892 5490 Ἰακὼϐ,
943 5431 999 5481 ἐν
1030 5423 1072 5496 ᾧ
1104 5432 1312 5499 ἀπέδρα
1353 5433 1521 5499 τόπῳ,
1565 5429 1722 5498 ὀδύνη

184 5520 278 5570 καὶ
325 5518 490 5603 hian
514 5523 605 5571 καὶ
655 5521 953 5586 στεναγμός
976 5537 990 5550 ο
1031 5521 1352 5589 παρορὼτης
1381 5524 1476 5588 τῆς
1510 5519 1721 5586 Θεαρχι-

189 5608 290 5674 κῆς
324 5609 676 5676 ἀγαυὸτητοςς
711 5611 800 5660 καὶ
836 5611 927 5672 τὰς
967 5613 1317 5680 ἑγγικοίιένας
1349 5610 1424 5680 τῷ
1473 5626 1726 5676 κεκοιμη-

263 5783 430 5839 ⁴⁹ιίυίι
484 5802 588 5839 XIV.
618 5788 662 5832 π-

1816 4631 2093 4672 sacrorum
2118 4630 2311 4685 praeses
2337 4629 2452 4682 qua:
2484 4611 2589 4666 Deo
2623 4622 2769 4679 grata
2800 4620 2924 4664 sunt
2972 4611 3123 4677 petit,
3155 4619 3208 4662 ct
3238 4625 3356 4675 (ιιιςρ

1817 4706 2040 4762 omnino
2071 4707 2371 4759 donaturns
2400 4713 2499 4758 est.
2534 4719 2551 4750 ι
2631 4699 2696 4752 Ει
2727 4700 2918 4752 iterum
2953 4715 2965 4750 :
3012 4716 3029 4747 ι
3056 4698 3187 4750 Cum
3219 4696 3357 4748 divi-

1822 4812 1945 4850 nam
1975 4797 2268 4849 bonitatem
2300 4804 2600 4861 precamur,
2635 4797 2850 4856 peccala
2883 4785 3132 4838 defuncto
3159 4784 3357 4861 condo-

1822 4889 1934 4942 nari
1970 4886 2225 4954 petimus,
2284 4899 2402 4951 quze
2461 4883 2531 4936 ob
2586 4881 2876 4934 humanam
2933 4860 3356 4927 imbecillitatem

1827 4977 2059 5030 admissa
2089 4983 2256 5028 sunt:
2295 4974 2348 5026 in
2384 4975 2708 5042 regioncqne
2745 4966 3034 5023 viventium
3078 4979 3201 5017 eum
3247 4966 3358 5017 col-

1827 5066 2013 5128 locari,
2050 5065 2103 5117 in
2137 5065 2260 5116 sinu
2297 5064 2592 5125 Abraham,
2625 5062 2772 5116 Isaac
2811 5068 2863 5112 ct
2897 5055 3084 5118 Jacob,
3147 5054 3199 5106 in
3254 5070 3360 5121 quo

1826 5157 1945 5212 loco
1970 5154 2118 5208 abest
2145 5165 2366 5216 man-or,
2400 5153 2614 5206 tristitia
2664 5162 2717 5204 et
2739 5150 2986 5218 gemitus,
3031 5160 3150 5198 cum
3182 5144 3358 5196 divina

1827 5245 2064 5312 potentia
2094 5243 2161 5294 ob
2189 5256 2340 5294 suam
2372 5242 2657 5294 bonitatem
2686 5244 2995 5292 comemnat
3023 5233 3257 5287 maculas
3294 5235 3360 5286 ali

1830 5334 2189 5390 imbecillitate
2219 5333 2447 5386 humana
2469 5331 2858 5399 provenieutes.
2893 5328 3153 5393 Quoniam
3182 5341 3360 5383 nemo.

1831 5436 1888 5479 ut
1921 5440 2088 5479 sacra:
2121 5427 2310 5479 littera:
2360 5424 2572 5486 docent,
2618 5422 2848 5476 mundus
2878 5436 2908 5474 a
2967 5420 3214 5474 sordibus
3245 5417 3305 5469 δ’.
3338 5435 3356 5466 ι

1834 5515 1992 5570 Vides
2023 5523 2078 5568 tu
2096 5517 2187 5585 qui
2220 5514 2686 5583 contradicis.quo
2719 5522 2872 5581 pacto
2904 5511 3206 5570 conﬁrmat,
3239 5521 3364 5575 pro-

1833 5607 1984 5660 desse
2020 5622 2202 5675 preces
2262 5619 2356 5675 pro
2394 5606 2474 5660 bis
2513 5612 2786 5672 susceptas
2822 5601 2911 5672 qui
2957 5599 3136 5654 ﬁdeles
3167 5595 3365 5651 mortui
