4010 6332
174 467 311 532 1245

836 467 987 528 PRO
1014 468 1227 531 conc.
1265 441 1642 538 FLORENT.
1686 476 1847 538 CAP.
1889 479 2008 542 IlI.
2046 479 2149 542 ma
2186 475 2700 541 PURGATORIO.

3233 480 3379 547 me

164 578 310 651 Θεῷ,
338 581 432 636 καὶ
484 580 861 652 ίκανοποιῆσαι
893 583 982 638 δια
1016 585 1114 653 τῆς
1150 564 1470 655 μετανοίας,
1500 590 1592 644 καὶ
1630 590 1718 643 διὰ

1826 608 1916 661 per
1954 594 2328 664 paenitentiam
2361 595 2698 657 satisfacere,
2749 600 2803 648 ct
2836 593 3095 647 bonorum
3148 608 3373 665 operum
3416 608 3417 613 ‘

171 671 425 743 χρηστῶν
456 672 631 744 ἔργων
661 672 1014 745 καθαρθῆναι,
1054 677 1150 729 καὶ
1203 677 1302 745 τῆς
1365 678 1478 732 ἄνω
1526 680 1716 750 μοίρας

169 763 475 834 ὁλοσχερῶς
513 764 787 831 γενέσθαι,
821 766 924 820 κᾶν
968 767 1027 820 ἐν
1059 767 1135 838 τῷ
1181 768 1326 822 τέλει
1361 770 1455 824 τοῦ
1478 770 1594 841 βίου
1627 790 1720 843 με·

166 853 454 924 τανοήσας.
479 853 709 908 έντειλαι
740 857 855 918 τοῖς
888 858 1000 919 σοῖς
1029 856 1114 910 ἵνα
1153 860 1503 932 προσφέρωσι
1533 861 1719 926 θυσίας

170 944 265 998 καὶ
306 945 619 1015 προσφοράς
648 948 743 1003 καὶ
769 947 1128 1017 ἐλεημοσύνας
1163 948 1301 1019 ὑπὲρ
1332 949 1422 1003 σοῦ
1448 965 1464 981 ·
1497 951 1588 1005 καὶ
1623 951 1717 1004 οὗ·

166 1051 279 1099 τως
305 1035 558 1105 όνήσουσί
585 1054 643 1091 σε
663 1054 676 1067 ·
706 1038 894 1091 δεκτέα
934 1038 1042 1110 γάρ
1064 1039 1159 1093 καὶ
1188 1039 1332 1110 μάλα
1361 1040 1533 1095 ταῦτα
1575 1039 1715 1112 Θεῷ.

168 1126 236 1181 Ei
259 1123 353 1182 οὖν
378 1129 567 1183 δεκτέα
595 1131 663 1183 τὰ
692 1131 1111 1200 προσφερόμενα
1143 1132 1281 1202 ὑπὲρ
1324 1120 1432 1187 τῶν
1461 1151 1719 1205 κεκοιμη-

170 1222 373 1287 μένων,
432 1222 523 1271 καὶ
558 1221 808 1289 ὠφέλιμα
855 1222 961 1294 ἄρα
986 1239 1002 1254 ·
1032 1222 1207 1286 οὐδεὶς
1241 1224 1347 1293 γάρ
1400 1225 1462 1278 τδ
1486 1223 1562 1295 τῷ
1584 1224 1718 1296 θεῷ

164 1310 378 1379 δεκτὺν,
415 1311 557 1366 είποι
596 1313 662 1367 ἂν
691 1304 1017 1380 ἀλυσιτελὲς
1041 1316 1325 1386 ὑπάρχειν.
1361 1318 1471 1372 Καὶ
1500 1318 1662 1373 πάλιν
1690 1321 1717 1373 6

166 1401 352 1466 αὐτὸς,
392 1420 411 1453 ι
442 1401 682 1479 Γράψον,
710 1408 897 1474 φησὶν,
928 1408 985 1461 ἐν
1012 1410 1077 1477 τῇ
1105 1410 1168 1478 σῇ
1203 1408 1549 1474 διατυπώσει,
1581 1410 1718 1481 μετὰ

165 1491 278 1546 τῶν
305 1488 510 1548 τέκνων
542 1498 634 1550 καὶ
675 1498 973 1566 συγγενῶν,
1027 1488 1469 1571 συγκληρονόμον
1508 1501 1597 1554 καὶ
1626 1501 1718 1555 τὸν

162 1581 471 1653 δεσπότην·
522 1587 692 1656 ἐχέτω
740 1605 833 1642 σου
876 1591 906 1643 ό
960 1590 1184 1661 χάρτης,
1218 1591 1309 1646 τοῦ
1361 1592 1614 1647 δικαστοῦ
1660 1593 1720 1647 τὸ

163 1672 339 1743 ὄνομα
357 1689 372 1704 ⁸
408 1678 500 1729 καὶ
528 1678 749 1749 μνήμης
772 1681 847 1749 μὴ
881 1681 1178 1752 άμοιρείτω
1196 1684 1294 1753 τῆς
1320 1684 1428 1737 τῶν
1453 1683 1681 1754 πτωχῶν
1702 1698 1718 1716 ⁸

163 1764 325 1831 κΞιγὼ
373 1764 577 1821 τούτων
611 1769 901 1840 ἐγγυητής.
943 1789 961 1823 t
998 1773 1063 1824 Τί
1116 1772 1208 1826 οὖν
1265 1774 1507 1843 ἰσχύουσι
1548 1772 1720 1827 ταῦτα

154 1857 351 1917 ,πάντα
396 1860 476 1940 είς
524 1859 774 1930 βοήθειαν
799 1862 1004 1932 ψυχῶν,
1033 1864 1082 1915 εἰ
1113 1864 1211 1917 οὐκ
1256 1862 1372 1917 ἔστι
1422 1862 1543 1918 καθ’
1576 1863 1720 1933 ὑμᾶς

172 1951 315 2019 μετὰ
368 1951 636 2022 θάνατον;
677 1955 821 2008 διατι
868 1954 923 2008 δὲ
957 1956 1051 2007 καὶ
1095 1955 1144 2009 0i
1179 1955 1323 2024 ἆγιοι
1353 1954 1526 2009 ταῦτα
1555 1957 1721 2024 παρέ-ο

165 2041 350 2095 ὃωκαν
378 2059 394 2109 ;
424 2038 567 2113 ’Λρα
593 2045 899 2100 πλανῶνται
925 2063 940 2112 ;
974 2047 1065 2116 Μὴ
1094 2047 1233 2101 οὕτω
1266 2050 1563 2118 μανείημεν
1594 2047 1722 2101 ὥστ’

166 2124 389 2189 εἰπεῖν’,
449 2137 583 2191 ἀλλὰ
642 2138 764 2192 λίαν
811 2139 1107 2210 ὀνησιφόρα
1162 2141 1255 2194 καὶ
1313 2139 1581 2211 θεάρεστα
1629 2142 1724 2194 καὶ

166 2226 336 2280 δεκτά
373 2227 490 2295 Θεῷ
515 2243 533 2262 ο
561 2230 642 2283 ὅτι
671 2230 880 2295 πάντας
905 2231 1047 2285 θέλει
1081 2231 1315 2302 σωθῆναι
1335 2246 1351 2263 ⁸
1381 2233 1475 2288 καὶ
1506 2232 1723 2288 πάντων

167 2317 274 2385 τὴν
331 2318 604 2389 σωτηρίαν
641 2320 882 2389 βούλεται
938 2323 1033 2375 καλ⁵
1076 2326 1291 2393 προνοεῖ
1338 2326 1724 2396 συμφερόντως

164 2409 334 2460 παντὶ
363 2410 579 2479 τρόπῳ·
617 2412 710 2463 καὶ
740 2398 862 2465 καθ’
887 2412 1128 2481 ἑκάστην
1168 2414 1429 2482 ἀμηγέπη
1467 2413 1725 2483 διεγείρει

162 2498 324 2563 τινάς
351 2501 484 2573 πρὸς
515 2502 614 2573 τὴν
651 2504 757 2558 τῶν
790 2504 964 2558 ἄλλων
1004 2505 1290 2574 ὠφέλειαν,
1324 2507 1410 2561 ἴνα
1437 2506 1513 2570 ὡς
1542 2506 1726 2575 (pariv-

166 2589 387 2660 θρωπος
447 2593 548 2645 κάν
611 2595 782 2664 τούτῳ
838 2597 984 2669 σώσῃ
1045 2597 1195 2660 τινας
1251 2598 1486 2662 πάντως.
1544 2596 1728 2651 Ταῦτα

165 2682 384 2736 ἀκούων
429 2698 515 2746 τις
540 2684 648 2738 τῶν
696 2687 955 2742 ἐναντίων
1009 2687 1126 2757 ἐρεῖ
1177 2687 1322 2757 μάλα
1365 2688 1606 2760 γαυριῶν
1636 2688 1726 2742 καὶ

166 2773 270 2845 τὴν
304 2773 478 2845 ὀφρὺν
508 2774 771 2845 ἐπαίρων,
801 2778 886 2831 ὃτι
918 2778 1110 2832 τούτου
1148 2778 1395 2842 τεθέντος
1428 2780 1508 2832 ὅτι
1542 2779 1728 2833 καθαίο

174 2881 362 2934 ρονται
420 2864 556 2935 μετὰ
609 2867 857 2933 θάνατον,
889 2870 937 2921 οί
984 2869 1188 2933 πάντες
1225 2868 1582 2942 σωθήσονται,
1637 2871 1730 2925 καὶ

168 2956 349 3019 οὐδεὶς
376 2950 687 3029 άστοχήσει.
715 2959 827 3013 Καὶ
853 2960 901 3013 εί
930 2962 1029 3014 οὐκ
1057 2961 1269 3028 ἐγένετό
1294 2977 1375 3025 τις
1404 2962 1554 3030 ἅγιος
1579 2963 1636 3013 ἐν
1661 2962 1725 3032 τῇ

174 3046 291 3117 ζωῇ
324 3046 513 3112 αὐτοῦ,
538 3048 644 3117 ἄρα
674 3047 907 3113 σώζεται
929 3050 1066 3119 μετὰ
1092 3049 1340 3114 θάνατον,
1364 3049 1450 3104 διὰ
1478 3051 1574 3119 τῆς
1600 3050 1729 3119 παρ’

172 3139 332 3209 ὑμῶν
363 3140 663 3209 λεγομένης
704 3139 1042 3208 καθάρσεως.
1075 3139 1217 3209 Εὖγε
1260 3139 1438 3207 τοῦτο,
1485 3141 1579 3194 καὶ
1617 3141 1729 3193 εἴθε

171 3230 407 3301 ἐροῦμεν
441 3232 532 3284 καὶ
562 3232 739 3302 ἡμεῖς.
772 3230 941 3285 Τοῦτο
965 3230 1093 3302 διψᾷ
1129 3230 1223 3284 καὶ
1250 3230 1459 3299 ἐφίεται
1488 3231 1516 3283 ὁ
1543 3231 1727 3298 φιλὰνο

174 3323 394 3394 θρωπος
431 3323 523 3376 καὶ
570 3323 860 3393 φιλόψυχος
892 3325 986 3378 καὶ
1019 3323 1315 3393 φιλάγαθος
1366 3325 1567 3392 Κύριος
1594 3340 1607 3353 '
1639 3325 1732 3377 xxi.

172 3416 235 3467 ἐν
261 3412 435 3480 τούτῳ
480 3411 661 3483 χαίρει
712 3412 808 3466 καὶ⁵
839 3413 1213 3484 εὐφραίνεται,
1252 3404 1340 3467 ἵνα
1386 3415 1459 3484 μή
1514 3430 1597 3477 τις
1625 3415 1732 3469 τῶν

173 3503 342 3557 αὐτοῦ
371 3503 588 3575 δωρεῶν
633 3504 859 3575 ἐκπέσῃ.
902 3505 995 3574 Μὴ
1045 3504 1150 3573 γάρ
1182 3503 1267 3557 διὰ
1295 3505 1356 3556 τὸ
1398 3503 1568 3556 σῶσαι
1607 3506 1731 3567 τοὺς

173 3595 460 3666 οὐρανίους
511 3594 656 3664 νοῦς,
689 3598 778 3650 ἐπὶ
810 3596 908 3666 τῆς
958 3597 1062 3664 γῆς
1110 3598 1495 3667 παραγέγονε;
1529 3596 1626 3649 aut
1668 3598 1755 3648 ἐκ’·“

174 3688 275 3755 τῆς
316 3686 673 3758 ἁειπαρθένου
707 3687 923 3757 Μαρίας
954 3688 1049 3741 καὶ
1087 3686 1354 3742 Θεοτόκου
1392 3688 1732 3756 ἀδιαφθόρως

178 3778 360 3848 σάρκα
387 3778 585 3845 λαϐὼν,
621 3780 805 3849 βροτὸς
829 3780 1174 3850 ἐχρημάτισε
1206 3781 1295 3833 καὶ
1326 3774 1553 3834 θανάτου
1583 3780 1732 3848 ἐγεύ-

180 3885 352 3935 σατο;
388 3867 463 3939 μὴ
517 3868 588 3921 δι’
618 3870 812 3931 αὐτοὺς
859 3870 925 3923 τά
960 3869 1096 3938 γέρα
1144 3869 1391 3931 καιτοὺς
1439 3869 1734 3936 στεφάνους

177 3959 475 4029 ήτοίμασ;ν
501 3977 515 4026 ;
558 3960 632 4031 μὴ
654 3962 763 4022 τοῖς
789 3961 1036 4029 ἀγγέλοις
1068 3962 1202 4030 ἐρεῖ,
1241 3959 1464 4026 «Δεῦτε,
1503 3959 1551 4011 οί
1585 3959 1733 4011 εὑλοο

174 4054 408 4121 γημένοι
452 4052 545 4105 τοῦ
597 4052 804 4123 Πατρός
829 4068 954 4120 μου,
993 4050 1093 4115 τὴν
1146 4050 1553 4121 ἡτοιμασμένην
1605 4050 1733 4115 ὑμῖν

180 4146 627 4218 κληρονομήσατε
671 4144 986 4216 βασιλείλν;
1033 4162 1052 4195 ι
1094 4144 1207 4197 Οὐκ
1255 4143 1369 4196 ἔστι
1418 4142 1597 4207 τοῦτο,
1634 4142 1733 4195 οὐκ

178 4238 331 4291 εστιν
348 4252 362 4268 ⁸
396 4237 565 4300 οὐδείς
592 4238 735 4291 ἐστιν
760 4236 931 4300 οὕτως
962 4236 1187 4306 ἀνόητος
1212 4232 1341 4289 ὥστ’
1364 4236 1537 4290 είπεῖν
1560 4251 1574 4265 ·
1601 4235 1735 4289 ἀλλὰ

175 4327 271 4383 διὰ
297 4326 389 4381 τδν
439 4326 724 4398 ἄνθρωπον
758 4327 931 4381 πάντα
977 4326 1290 4396 εἰργάσατο.
1324 4324 1423 4377 Διὰ
1450 4321 1609 4377 τοῦτο
1640 4324 1735 4377 καὶ

179 4420 390 4482 πάντας
426 4416 570 4471 θέλει
616 4416 871 4486 σωθῆναι.
910 4416 1003 4478 Τίς
1034 4417 1140 4484 γάρ
1186 4416 1333 4466 ἐστιν
1380 4414 1441 4479 ἐξ
1470 4416 1647 4484 ἡμῶν,
1675 4413 1735 4477 ὃς

183 4514 414 4580 ποιήσας
441 4510 658 4580 ἄριστον
690 4509 784 4562 καὶ
810 4496 1041 4572 καλέσας
1068 4510 1194 4571 τοὺς
1228 4508 1416 4578 φίλους
1457 4507 1641 4574 αὐτοῦ,
1671 4508 1731 4561 οὐ

1820 684 2085 739 beneﬁcio
2140 684 2393 755 purgari,
2467 693 2521 739 et
2571 685 2805 741 caelestis
2856 686 3074 742 omnino
3122 688 3378 750 evadere,

1817 790 2124 843 quanquam
2171 776 2222 828 in
2272 776 2418 829 exitu
2460 775 2581 830 vitae
2618 776 3151 846 constitutus,_jube
3175 776 3283 831 tuis
3320 789 3380 831 ut

1819 882 1917 936 pro
1946 876 1995 922 te
2024 867 2290 923 sacriﬁcia
2313 866 2559 934 offerant,
2587 867 2885 923 oblationes
2909 878 2963 923 et
2985 854 3377 937 clcemosyuas,

1771 973 1939 1029 ~qnae
1989 958 2084 1013 tibi
2137 961 2475 1028 proderunt:
2529 973 2654 1015 nam
2702 974 2764 1015 ea
2814 960 2924 1015 Deo
2958 959 3113 1014 valde
3158 968 3379 1028 accepta

1818 1061 1963 1108 sunt.
1993 1051 2050 1108 Si
2086 1067 2214 1123 ergo
2240 1050 2546 1121 recipienda
2575 1067 2693 1121 quae
2727 1066 2824 1121 pro
2873 1051 3101 1106 mortuis
3141 1050 3380 1105 oderun-

1817 1154 1926 1212 tur,
1959 1158 2091 1214 ergo
2115 1153 2169 1199 et
2206 1143 2378 1209 utilia,
2410 1143 2531 1212 quia
2570 1158 2729 1199 nemo
2756 1143 2935 1198 dicere
2968 1142 3207 1205 audebit,
3254 1143 3376 1196 inu-

1820 1235 1912 1290 tlle
1941 1249 2063 1291 esse
2090 1235 2234 1306 quod
2261 1234 2372 1290 Deo
2401 1244 2678 1302 acceptum
2716 1249 2819 1290 est.
2868 1234 2928 1288 Et
2966 1235 3105 1289 idem
3143 1249 3373 1291 rursus:

1825 1345 1843 1380 ι
1877 1326 2087 1394 Scribe,
2125 1327 2322 1396 inquit,
2349 1327 2402 1382 in
2438 1328 2546 1381 tuis
2576 1327 2776 1382 tabulis
2816 1341 3078 1381 una'cum
3112 1325 3296 1381 liberis
3321 1335 3378 1380 et

1818 1416 2063 1485 cognatis
2099 1415 2429 1474 colttcredem
2464 1416 2627 1472 etiam
2665 1399 2992 1470 Dominum‘:
3036 1415 3380 1468 contineatur

1818 1507 1871 1562 in
1921 1516 2241 1563 testamento
2288 1508 2488 1579 judieis
2532 1523 2751 1575 nomen,
2805 1522 2903 1563 nec
2932 1521 3195 1577 pauperes
3243 1505 3380 1560 onli-

1819 1598 1966 1653 vioni
1991 1596 2216 1653 tradas:
2248 1613 2371 1653 nam
2406 1612 2503 1669 ego
2526 1613 2623 1667 pro
2646 1597 2729 1653 his
2761 1611 2857 1653 ero
2882 1598 3195 1667 ,fldejussor.
3229 1616 3247 1649 ι
3276 1595 3379 1651 Sed

1819 1703 1979 1758 quam
1998 1690 2105 1745 vim
2137 1689 2342 1745 habent
2369 1690 2480 1745 haec
2508 1691 2711 1755 omnia,
2737 1690 2781 1745 si
2803 1690 3101 1747 subsidium
3123 1698 3240 1764 post
3259 1688 3399 1765 obiel

1821 1788 1931 1833 tum
1960 1780 2248 1835 animabus
2289 1796 2394 1835 non
2448 1777 2707 1844 remanet.
2757 1788 2817 1836 ut
2862 1797 2959 1837 vos
3005 1778 3381 1835 arbitramini?

1825 1871 2067 1938 Quanam
2120 1874 2186 1928 de
2232 1887 2395 1928 causa
2445 1873 2559 1928 inec
2604 1873 2944 1928 tradiderunt
2988 1872 3210 1930 sancti?
3239 1870 3379 1926 Num

1826 1963 2033 2034 decepti
2061 1964 2239 2020 sunt?
2270 1974 2326 2020 at
2360 1950 2469 2019 non
2501 1965 2571 2020 ita
2602 1965 2728 2021 licet
2779 1965 3039 2030 insanire,
3071 1974 3131 2021 ttt
3157 1964 3208 2020 id
3234 1964 3383 2019 dica-

1831 2071 1970 2112 mus.
2005 2056 2118 2111 imo
2151 2058 2307 2113 valde
2354 2067 2581 2128 prosunt
2630 2057 2845 2127 Deoque
2873 2066 3023 2127 grata
3064 2065 3118 2111 et
3158 2067 3378 2126 accepta

1825 2154 1970 2203 sunt.
2007 2146 2133 2203 Vult
2176 2133 2320 2203 enim
2366 2149 2542 2205 salvos
2595 2164 2783 2205 omnes
2830 2149 2986 2209 ﬁeri.
3027 2148 3381 2218 omniumque

1800 2234 2051 2294 'salutem
2082 2240 2311 2319 expetit,
2364 2245 2419 2294 et
2451 2238 2598 2295 omni
2641 2240 2848 2295 ratione
2878 2227 3162 2294 commode
3195 2238 3380 2308 provi-

1825 2329 1952 2394 det;
2003 2332 2257 2397 quoddie,
2285 2331 2487 2399 excitat
2534 2333 2603 2385 ab
2650 2331 2797 2386 omni
2850 2339 3005 2399 parte
3055 2330 3262 2398 aliquos
3289 2330 3379 2398 qui

1828 2418 1940 2472 illis
1970 2420 2229 2475 auxilium
2276 2421 2523 2487 afferant.
2556 2423 2625 2475 At
2655 2423 2775 2492 quis
2798 2469 2801 2471 .
2825 2436 2891 2477 ex
2925 2420 3267 2481 adversariis
3315 2412 3380 2476 ea

1829 2508 2098 2565 audiendo
2123 2511 2411 2566 admodum
2457 2512 2756 2579 exsultans,
2806 2516 2859 2567 et
2905 2512 3261 2581 supercilium
3303 2522 3385 2566 at-

1828 2602 2020 2657 tollens
2051 2601 2212 2666 dicet,
2244 2602 2355 2658 lloc
2386 2604 2840 2675 suppositoquod
2870 2620 3059 2660 omnes
3096 2605 3384 2675 expientur

1828 2704 1953 2763 post
1981 2703 2229 2761 mortem,
2281 2710 2471 2753 omnes
2530 2712 2657 2767 ergo
2697 2698 3067 2764 salvalmntur,
3117 2707 3170 2751 ct
3224 2709 3410 2751 nemo’

1830 2784 2218 2854 frustrabitur;
2258 2799 2312 2843 et
2353 2788 2397 2844 si
2429 2805 2591 2846 nemo
2627 2800 2847 2846 sanctus
2882 2790 3009 2845 dum
3049 2790 3254 2844 viveret
3283 2804 3382 2842 ex-
3484 2786 3491 2791 ’

1831 2877 1987 2940 stitit,
2023 2893 2152 2946 ergo
2209 2880 2451 2934 salvatur
2500 2889 2620 2949 post
2674 2881 2881 2935 obitum
2934 2875 3194 2937 beneflcio
3245 2882 3386 2949 ejus,

1828 2969 1971 3038 quod
2010 2969 2255 3037 purgatio
2275 2954 2591 3039 appellatur.
2624 2969 2791 3026 Recte
2822 2970 2872 3023 id
2904 2970 3149 3038 quidem.
3189 2970 3387 3035 etuti-

1832 3075 1956 3115 nam
1989 3074 2113 3115 vere
2148 3060 2200 3115 id
2233 3062 2412 3116 dicere
2444 3061 2743 3117 valeremus
2766 3078 2779 3127 ;
2805 3061 2908 3117 hoc
2943 3061 3059 3118 sitit
3087 3071 3140 3116 et
3165 3072 3388 3131 exoptat

1830 3150 2132 3217 hominum,
2163 3144 2461 3206 animarum
2505 3162 2559 3207 et
2604 3153 2869 3208 bonorum
2902 3161 3110 3207 amator
3138 3140 3296 3217 Deus,
3328 3163 3385 3206 et

1757 3278 1799 3331 ο
1833 3242 1886 3295 in
1923 3243 2024 3295 hoc
2076 3258 2135 3297 se
2191 3243 2459 3310 praecipue
2509 3236 2745 3297 oblectat
2781 3254 2835 3298 et
2876 3237 3106 3309 lietatur,
3160 3260 3226 3298 ne
3259 3244 3383 3313 quis

1832 3332 2145 3386 muneribus
2172 3334 2286 3388 suis
2328 3332 2637 3388 frustretur.
2665 3331 2803 3386 Num
2837 3334 2888 3387 in
2936 3335 3191 3388 mundum
3240 3337 3381 3390 venit

1833 3418 1891 3478 ut
1926 3426 2175 3481 caelestes
2223 3426 2456 3482 salvaret
2503 3426 2902 3495 intelligentias.
2955 3435 3007 3479 et
3046 3442 3109 3480 ετ
3166 3440 3381 3494 semper

1832 3514 2050 3584 Virgine
2077 3517 2277 3587 Deique
2299 3516 2575 3573 Genitrice
2598 3506 2764 3593 Maria
2797 3515 3189 3585 incorruptibili
3224 3530 3387 3569 carne

1834 3616 2087 3674 suscepta
2117 3607 2359 3663 mortalis
2394 3606 2562 3661 voluit
2586 3619 2732 3663 esse
2760 3593 3099 3684 mortemque
3130 3604 3389 3677 gustare?

1833 3698 1971 3753 Num
2028 3707 2247 3769 propter
2312 3701 2456 3769 ipsas
2513 3701 2732 3768 praemia
2780 3710 2832 3755 et
2879 3714 3106 3754 coronas
3146 3700 3388 3768 paravit?

1834 3789 1971 3851 Num
2008 3790 2213 3861 angelis
2247 3790 2413 3845 dicit:
2451 3807 2470 3841 ι
2506 3788 2735 3857 Venite,
2761 3790 3020 3845 benedicti
3054 3790 3226 3844 Patris
3258 3790 3384 3852 mei,

1834 3880 2076 3937 haerech
2114 3888 2285 3938 estote
2331 3880 2566 3937 cmlestis
2612 3881 2762 3951 regni
2796 3881 2938 3951 quod
2988 3896 3084 3951 pro
3112 3878 3262 3936 vobis
3293 3893 3384 3947 pa-

1835 3983 2012 4027 ratum
2046 3972 2174 4028 est?
2202 3991 2221 4029 ι
2262 3971 2584 4041 Neutiquam
2619 3971 2692 4038 id,
2716 3972 2862 4027 nullo
2889 3981 3076 4042 pacto:
3108 3986 3264 4026 nemo
3300 3985 3389 4026 re-

1835 4064 2074 4134 perietur
2102 4073 2206 4117 tam
2240 4064 2435 4118 stultus
2463 4074 2520 4117 ut
2543 4062 2596 4117 id
2622 4063 2789 4129 dicat,
2822 4064 2913 4118 sed
2956 4070 3178 4132 propter
3210 4062 3386 4117 homi-

1837 4168 1956 4208 nem
1994 4151 2120 4207 fecit
2149 4153 2445 4233 omnia,_et
2492 4151 2695 4207 idcirco
2743 4152 2857 4205 vult
2908 4165 3098 4205 omnes
3143 4150 3384 4204 homines

1834 4246 2012 4302 salvos
2056 4244 2191 4301 fieri.
2227 4244 2362 4312 Quis
2411 4244 2555 4299 enim
2590 4258 2653 4298 ex
2701 4241 2859 4297 nobis
2913 4249 2997 4297 est
3035 4241 3125 4311 qui
3163 4241 3387 4309 prandio

1836 4335 2119 4399 instructo,
2165 4343 2221 4389 et
2271 4335 2579 4390 convocatis
2616 4335 2804 4390 amicis
2844 4333 2975 4387 nolit
3009 4346 3194 4403 omnes
3226 4344 3381 4385 accc-

1833 4425 1963 4481 dere
1985 4439 2050 4483 ac
2078 4426 2190 4478 suis
2233 4424 2335 4478 frui
2388 4423 2579 4478 benis?
2613 4423 2694 4478 vel
2723 4424 2959 4477 laborem
2997 4420 3239 4489 suscepit
3281 4430 3385 4474 tam

1836 4514 2107 4584 magnifici
2160 4523 2447 4583 apparatus
2504 4513 2605 4569 nisi
2664 4523 2878 4584 prepter
2911 4512 3155 4568 amicos?
3205 4512 3297 4567 sed
3341 4514 3386 4568 si

181 4605 331 4657 θέλει
356 4600 560 4663 πάντας
590 4600 785 4661 ἐλθεῖν.
815 4600 909 4653 καὶ
946 4602 1054 4653 τῶν
1079 4599 1242 4653 αὐτοῦ
1280 4594 1462 4652 καλῶν
1497 4598 1728 4652 ἀπολαῦ-

1836 4621 1940 4660 non
1980 4618 2171 4659 omnes
2198 4604 2282 4658 vel
2305 4603 2500 4673 aliquis
2530 4610 2737 4657 tantum
2769 4602 3065 4665 advenerit,
3099 4603 3389 4661 vehemen-

181 4710 277 4746 σαι
294 4691 372 4763 ﬂ}
421 4690 508 4747 διά
559 4690 612 4743 τί
645 4690 902 4744 ἐκοπίασε
952 4690 1181 4759 ποιήσας
1236 4690 1331 4760 τὴν
1384 4688 1729 4753 πανδαισίαν,

177 4786 297 4840 ἀλλ’
332 4785 363 4855 ἢ
396 4785 483 4839 διὰ
509 4782 636 4845 τοὺς
660 4783 845 4852 φίλους
874 4781 1043 4834 αὑτοῦ
1076 4797 1090 4846 ;
1124 4782 1220 4833 Ἂν
1252 4781 1309 4834 δὲ
1339 4782 1414 4850 μὴ
1448 4780 1666 4845 πάντες.
1696 4779 1729 4848 ἢ

179 4879 293 4941 τὶς,
341 4875 560 4941 ἔλθωσι,
604 4875 802 4944 πολλὴν
829 4877 856 4928 ὁ
890 4875 1040 4943 φίλος
1094 4873 1193 4945 τὴν
1237 4874 1608 4944 ἀγανάκτησιν
1647 4873 1733 4925 κέ-

177 4986 400 5038 κτηται.
434 4969 496 5021 Et
530 4968 621 5021 οὖν
656 4970 713 5021 ἐν
760 4970 890 5037 ἡμῖν
939 4971 1048 5031 τοῖς
1083 4967 1294 5036 βροτοῖς
1325 4966 1519 5037 ταῦτα,
1558 4965 1735 5036 πολλῷ

182 5062 391 5132 μᾶλλον
445 5058 537 5111 ἐπὶ
587 5059 681 5112 τοῦ
748 5058 1065 5126 παναγάθου
1120 5064 1214 5113 καὶ
1268 5060 1734 5126 πανοικτίρμονος,

182 5150 586 5221 πλουσιοόώρου
616 5155 675 5205 τε
705 5153 800 5205 καὶ
842 5152 1287 5222 άφθονοπαρὸχου
1329 5150 1419 5203 καὶ
1448 5150 1737 5220 ἐλεήμονῖς

179 5244 323 5300 Θεοῦ
354 5244 563 5314 νομίσοι
591 5260 672 5307 τις
701 5244 765 5299 ἄν
790 5258 803 5273 ·
834 5244 894 5308 ὃς
924 5236 1065 5297 θέλει
1098 5244 1303 5307 πάντας
1350 5244 1607 5312 σωθῆναι,
1645 5246 1738 5299 καὶ⁵

179 5342 287 5411 τῆς
314 5339 476 5395 αὐτοῦ
498 5340 789 5395 ἀπολαύειν
820 5341 968 5405 θείας
996 5339 1337 5411 εὐφροσύνης
1358 5340 1453 5393 καὶ
1474 5341 1735 5410 τέρψεως.

179 5431 356 5485 ἰὀὖτο
370 5431 463 5485 οὖν
480 5433 747 5485 σκοπείτω
779 5435 884 5497 πᾶς
914 5450 1015 5501 τις,
1056 5434 1134 5486 ὅτι
1160 5431 1219 5484 οὗ
1246 5425 1375 5501 περὶ
1408 5431 1625 5484 πάντων
1655 5432 1740 5485 λέ-

183 5540 359 5593 γομεν
381 5522 490 5575 τῶν
520 5523 940 5594 κεκοιμημένων
974 5523 1147 5578 ταῦτα
1182 5523 1470 5587 ποιεῖσθαι,
1501 5521 1577 5586 ὡς
1608 5526 1740 5578 πολ-

184 5615 347 5677 λάκις
372 5610 589 5683 εῐρηται
614 5626 629 5642 ο
661 5615 757 5669 καὶ
779 5615 872 5668 νῦν
896 5616 1242 5682 τελεώτερον.
1276 5613 1411 5684 Περὶ
1435 5613 1542 5672 τῶν
1570 5614 1738 5681 άγίων

185 5706 291 5758 οὐκ
325 5703 439 5758 ἔστι
492 5702 687 5774 χρεία’
735 5706 863 5774 περὶ
909 5706 1018 5758 τῶν
1072 5706 1497 5776 ἀπηλπισμένων
1556 5720 1615 5756 τε
1648 5707 1739 5757 καὶ

186 5794 652 5867 ἀπεγνωσμένων,
703 5798 802 5853 οὐκ
841 5799 1149 5867 ὠφέλιμονο
1188 5796 1378 5850 ἕπεται
1427 5796 1563 5865 ὑπὲρ
1594 5796 1736 5847 ἐκεί-

191 5905 301 5945 νων
330 5887 436 5944 τῶν
459 5886 546 5961 μὴ
581 5886 901 5958 φθασάντων
940 5888 1353 5960 ίκανοποιῆσαι·
1388 5890 1573 5961 ὥσπερ
1616 5888 1739 5942 ἐκαι

1832 4705 1916 4752 ter
1950 4696 2147 4766 hospes
2181 4696 2453 4751 irascitur.
2492 4694 2549 4751 Si
2581 4696 2693 4751 haec
2725 4695 2781 4750 in
2808 4693 2962 4750 nobis
2998 4709 3100 4750 usu
3142 4691 3382 4762 veniunt,

1835 4791 2007 4843 multo
2034 4788 2207 4856 magis
2239 4788 2290 4841 in
2323 4786 2433 4841 Deo
2463 4785 2689 4855 optimo.
2716 4788 2972 4851 maximo,
3007 4770 3387 4850 misericordia:

1835 4882 2017 4951 pleno,
2056 4879 2479 4945 divitiarumque
2505 4876 2728 4945 profuso
2748 4878 2917 4933 datori
2935 4892 2999 4931 ac
3025 4873 3381 4944 picutissinto,

1835 4969 1925 5035 qui
1962 4968 2078 5023 vult
2109 4982 2298 5021 omnes
2340 4966 2515 5020 salvos
2560 4965 2694 5031 fieri,
2728 4975 2780 5020 et
2812 4980 2906 5019 sua
2942 4964 3122 5017 divina
3153 4960 3261 5017 frui
3293 4962 3386 5017 lte-

1838 5060 1950 5115 titia
1986 5069 2037 5114 et
2066 5059 2355 5127 voluptate.
2383 5056 2766 5129 Unusquisque
2795 5054 3216 5119 animadvertat,
3239 5053 3385 5123 quod

1838 5168 1945 5209 nou
1978 5165 2075 5220 pro
2093 5150 2344 5205 omnibus
2372 5153 2596 5205 mortuis
2621 5150 2733 5203 hinc
2753 5146 2865 5200 fieri
2883 5145 3134 5211 dicimus,
3165 5153 3221 5199 ut
3246 5160 3385 5213 saepe

1836 5248 2036 5302 dierum
2083 5256 2187 5307 est.
2224 5254 2279 5299 et
2318 5258 2463 5299 nunc
2511 5240 2755 5297 exactius
2796 5236 3064 5300 dicimus;
3100 5234 3243 5303 quod
3290 5248 3386 5301 pro

1838 5337 2041 5394 sanctis
2070 5330 2183 5391 non
2213 5351 2350 5405 Opus
2402 5344 2502 5397 est,
2552 5348 2648 5401 pro
2698 5329 2991 5401 desperatis
3020 5341 3083 5382 ac
3114 5324 3384 5380 damnatis

1838 5430 2054 5494 inutile,
2083 5429 2325 5497 sequitur
2351 5436 2409 5480 ut
2438 5440 2535 5495 pro
2587 5425 2655 5479 iis
2684 5424 2773 5493 qui
2807 5438 2916 5478 non
2947 5430 3072 5475 ante
3103 5415 3381 5474 satisfece-

1842 5523 1967 5586 rint,
2001 5530 2061 5576 ut
2085 5520 2334 5575 omnibus
2365 5517 2541 5591 evenit
2568 5517 2657 5583 qui
2693 5531 2789 5585 pro
2824 5511 3153 5569 ceulieienda
3184 5507 3383 5563 virtute

1841 5615 2088 5683 exiguam
2142 5607 2391 5665 territenti
2445 5595 2747 5677 portionem
2790 5606 3073 5663 obtinent;
3130 5614 3226 5653 nec
3260 5607 3383 5683 ante

1843 5680 2123 5775 provident
2158 5716 2221 5756 cx
2251 5715 2316 5754 eo
2344 5714 2534 5770 panem
2566 5699 2853 5763 conficere,
2875 5695 3112 5749 volentes
3142 5680 3385 5759 quidem,

1845 5797 1938 5851 scd
1972 5808 2075 5849 non
2116 5786 2351 5847 valentes
2383 5790 2431 5844 id
2473 5789 2749 5859 perficere,
2777 5785 2856 5840 vel
2882 5782 3091 5848 inertia,
3130 5781 3386 5862 veliguav

1780 5888 1791 5901 '
1846 5889 1931 5945 via
1967 5887 2135 5957 ducti,
2169 5886 2247 5942 vel
2288 5893 2503 5954 propter
2533 5883 2598 5938 de
2630 5881 2713 5939 die
2756 5880 2818 5937 iu
2856 5879 2994 5933 diem
3024 5874 3387 5948 procrastina-
