4010 6332
699 405 826 468 1251

1857 395 2168 457 JOSEPHI
2212 393 2761 456 METIIONENSIS

3737 401 3846 462 1253

690 524 926 585 unquam
965 512 1201 566 ﬁdelium
1249 509 1370 579 quis
1405 508 1592 564 credat
1623 509 1704 565 vel
1735 510 1954 565 omnino
1983 509 2230 579 recipiat.

2336 511 2620 574 θέλοντες,
2679 509 2817 578 μηδὲ
2868 509 3205 578 στέργοντες,
3271 505 3368 577 τήν
3419 507 3845 581 ἑκκλησιαστιιιὴν

691 605 795 660 Sed
828 606 926 659 hoc
952 603 1237 658 admodum
1276 601 1406 680 utiJe
1436 601 1829 664 existimantes,
1865 615 1930 654 ne
1952 613 2229 654 cessemus

641 705 644 707 λ
691 711 942 766 unquam,
985 693 1198 756 fratres,
1248 708 1343 762 pro
1379 692 1606 748 mortuis
1652 692 2227 747 commemorationem

676 787 864 841 iacere
909 800 1080 838 :naui
1135 783 1170 836 ii
1225 797 1477 851 magnum
1531 782 1770 836 levamen
1823 790 1877 835 et
1931 779 2228 835 subsidium

689 876 926 929 sentiunt
981 889 1044 926 ex
1100 872 1454 936 orationibus,
1520 871 1794 939 precibus,
1870 869 2234 939 eleemosynis

689 965 913 1032 aliisque
949 964 1050 1034 piis
1101 964 1355 1031 operibus
1385 975 1504 1031 quas
1553 954 1709 1016 nobis
1743 975 1896 1028 opem
1935 959 2231 1015 ferentibus

689 1053 1127 1124 pratstautur.De
1148 1054 1251 1107 hoc
1284 1052 1445 1132 igitur
1480 1052 1617 1106 sacri
1643 1061 1696 1105 et
1726 1051 1898 1105 divini
1924 1050 2149 1119 apostoli
2181 1050 2235 1103 in

692 1139 819 1193 suis
859 1139 1341 1193 Constitutionibus
1403 1139 1742 1208 praecipiunt,
1815 1139 1908 1191 ubi
1976 1139 2234 1206 scriptum

695 1237 782 1281 est
811 1227 885 1296 Η)
932 1244 944 1278 :
984 1243 1012 1279 ἰ
1052 1227 1400 1283 Celebrentur
1428 1229 1599 1282 tertiae
1631 1238 1963 1282 mortuorum
1999 1228 2052 1281 in
2091 1229 2236 1298 psal-

692 1315 815 1379 mis,
844 1315 1161 1369 lectionibus
1189 1327 1350 1384 atque
1397 1317 1732 1372 orationibus
1757 1327 1973 1386 propter
1994 1331 2115 1370 eum
2142 1317 2236 1386 qui

693 1407 847 1459 tertia
875 1408 960 1458 die
984 1407 1300 1474 resurrexit;
1327 1417 1377 1460 et
1401 1423 1556 1462 nonae
1586 1410 1638 1462 iu
1662 1410 2235 1464 commemorationem

692 1498 1037 1565 superstitum
1084 1508 1136 1552 et
1158 1495 1561 1561 defunctorum.
1592 1511 1645 1554 et
1676 1501 2107 1570 quadragesima:
2139 1515 2228 1555 se-

691 1592 925 1646 cundum
967 1599 1200 1646 veterem
1238 1590 1488 1645 formam.
1520 1592 1752 1662 Moysem
1787 1593 1928 1646 enim
1965 1593 2035 1646 ita
2066 1602 2246 1662 popu-‘

2337 600 2489 664 τάξιν
2520 599 2833 670 ἀναιροῦσιν
2858 615 2872 630 ·
2902 599 3124 652 παύουσι
3153 600 3242 652 καὶ
3267 601 3364 661 τὰς
3393 599 3500 651 τῶν
3540 601 3742 670 νεκρῶν
3765 603 3844 654 λειο

2334 693 2613 760 τουργίας,
2654 691 2727 752 ὦς
2753 706 2812 741 τε
2845 689 2918 757 μὴ
2947 689 3189 756 γίνεσθαι
3214 706 3228 720 ·
3257 691 3456 753 αἵτινες
3477 689 3577 742 οὐκ
3601 694 3678 752 εἰς
3706 692 3848 760 μάτην

2337 780 2489 848 παρὰ
2522 780 2632 832 τῶν
2665 779 2995 833 διδασκάλων
3030 781 3419 851 ἐπενοήθησαν.
3478 781 3639 835 Ἀλλά
3690 783 3758 853 μή
3779 787 3848 848 γέ-

2334 886 2476 921 νοιτο
2525 868 2681 921 τοῦτο
2727 869 2948 934 δοξάσαι
2995 870 3115 923 τινὰ
3159 871 3268 923 τῶν
3322 870 3530 924 πιστῶν
3580 870 3791 924 καθόλου
3822 877 3846 925 ἦ

2336 959 2738 1029 παραδέξασθαι
2765 976 2780 991 ’
2819 961 2953 1014 ἀλλὰ
2980 961 3324 1024 πιστεύοντες
3355 963 3472 1014 λίαν
3507 963 3768 1031 ὠφέλιμον
3792 963 3850 1017 εἷ-

2335 1052 2544 1121 ναι,-μὴ
2576 1052 2873 1118 παυώμεθα
2908 1055 2993 1105 ἀεὶ
3039 1054 3229 1120 μνείας
3275 1055 3447 1109 ποιεῖν
3489 1056 3707 1122 ἀδελφοὶ
3732 1058 3846 1126 ὑπὲρ

2334 1141 2440 1193 τῶν
2470 1141 2887 1210 κεκοιμημένων
2913 1155 2928 1171 ο
2957 1141 3089 1193 διότι
3119 1141 3363 1209 μεγάλην
3395 1142 3582 1194 ἄνεσιν
3627 1143 3716 1195 καὶ
3745 1144 3852 1213 βοή-

2337 1231 2486 1284 θειαν
2509 1231 2741 1299 ἔχουσιν,
2766 1231 2920 1300 ήμῶν
2943 1231 3372 1299 ἐπικουρούντων
3395 1231 3578 1294 αὐτοῖς
3603 1232 3690 1285 διὰ
3715 1251 3854 1302 προσ-

2335 1320 2498 1390 ευχῆς
2531 1319 2663 1390 ὁμοῦ
2709 1321 2800 1374 καὶ
2843 1321 3078 1388 δεήσεως
3115 1319 3482 1388 ἐλεημοσύνης
3530 1338 3590 1374 τε
3652 1322 3739 1374 καὶ
3777 1324 3862 1389 τῆς,

2336 1413 2500 1482 ἄλλης
2551 1413 2767 1481 ἀπάσης
2820 1410 3112 1475 εὐποιΐαςῖ
3138 1413 3271 1482 Περὶ
3304 1412 3492 1465 τούτου
3551 1408 3645 1466 οὖν
3692 1416 3774 1465 καὶ
3816 1415 3852 1464 οἱ

2339 1503 2471 1557 θεῖοι
2505 1504 2601 1556 καὶ
2647 1503 2782 1574 ίεροὶ
2823 1502 3108 1556 ἀπόστολοι
3160 1503 3590 1574 προστάττουσιν
3638 1504 3778 1572 ήμῖν,
3810 1505 3854 1555 ἄν

2337 1594 2454 1654 ταῖς
2490 1592 2667 1645 αὐτῶν
2692 1593 2999 1659 διατάξεσιν
3033 1593 3164 1646 ἔνθα
3205 1595 3402 1661 φασίν
3432 1611 3454 1645 ε
3501 1593 3854 1647 Ἐπιτελείσθω
3964 1595 3965 1604 “

697 1681 783 1734 lus
817 1679 982 1734 ﬂevit.
1017 1680 1084 1734 Et
1117 1681 1485 1734 anniversaria
1522 1696 1618 1749 pro
1643 1696 1827 1736 eorum
1873 1682 2151 1745 memoria,
2185 1690 2234 1735 et

2336 1681 2496 1751 τρίτα
2528 1683 2637 1736 τῶν
2665 1685 3082 1754 κεκοιμημένων
3109 1686 3165 1738 ὲν
3193 1686 3547 1762 ψαλμοίςκαὶ
3573 1689 3630 1738 ἐν
3661 1703 3856 1755 προσευ-

699 1770 947 1823 tradatur
977 1769 1040 1824 de
1069 1783 1254 1824 eorum
1285 1770 1652 1826 facultatibus
1678 1772 1880 1842 aliquid
1913 1774 2234 1842 pauperibus

2338 1776 2480 1844 χαῖς,
2528 1775 2617 1828 διὰ
2664 1779 2754 1828 τὸν
2798 1776 2884 1829 διὰ
2931 1777 3097 1844 τριῶν
3145 1778 3364 1848 ήμερῶν
3411 1780 3736 1847 ἐγερθέντα·
3780 1783 3856 1833 καὶ

697 1861 750 1912 in
782 1860 1341 1916 commemorationem
1370 1877 1578 1916 eorum.
1617 1883 1635 1914 ι
1677 1862 1799 1918 [hec
1846 1864 1913 1918 de
1962 1863 2067 1934 piis
2095 1863 2233 1917 dici-

2337 1865 2498 1919 ἔνατα
2525 1867 2603 1928 εἰς
2637 1867 2943 1936 ὑπόμνησιν
2975 1868 3083 1921 τῶν
3113 1869 3410 1936 περιόντων
3439 1874 3532 1924 καὶ
3561 1872 3670 1924 τῶν
3700 1889 3855 1925 κεκοι-

698 1965 834 2029 ιιιιιετ
863 1949 993 2003 Nam
1033 1951 1099 2005 de
1131 1951 1308 2020 impiis
1335 1953 1378 2006 si
1412 1962 1584 2006 totum
1608 1954 1791 2008 orbem
1824 1954 2231 2018 tradiderimus,

692 2039 831 2115 nihil
854 2040 1089 2108 proderit
1113 2057 1127 2093 :
1153 2043 1237 2097 cui
1263 2043 1405 2097 enim
1444 2044 1641 2097 viventi
1667 2044 1774 2098 fuit
1793 2043 1935 2099 Deus
1956 2046 2236 2111 adversus,

693 2139 937 2198 apertum
962 2142 1064 2195 est,
1091 2131 1331 2187 futurum
1361 2134 1409 2187 ei
1441 2134 1600 2188 etiam
1632 2134 1919 2189 adversum
1946 2149 2066 2190 esse
2096 2151 2234 2190 mor-

2344 2139 2482 2210 ὑπὲρ
2513 2141 2737 2210 μνήμης
2765 2140 2964 2193 αὐτῶν.
2992 2140 3102 2210 Καὶ
3134 2141 3356 2195 διδόσθω
3387 2143 3450 2196 ὲκ
3479 2143 3586 2196 τῶν
3617 2143 3855 2214 ὕπαρχον-

699 2231 812 2284 tuo,
844 2223 1040 2290 quippe
1069 2237 1190 2277 cum
1214 2239 1321 2279 non
1347 2224 1416 2278 sit
1442 2226 1696 2294 iniquitas
1719 2222 1856 2295 apud
1887 2226 2074 2282 Deum.
2098 2225 2233 2282 Nam

2338 2245 2446 2282 των
2467 2229 2645 2283 αὐτῶν
2662 2231 2770 2292 τοῖς
2791 2229 3034 2298 πένησιν,
3057 2234 3134 2296 είς
3155 2233 3458 2301 ἀνάμνησιν
3477 2233 3675 2293 αὐτῶν.
3698 2235 3855 2288 Ταῦτα

693 2312 986 2381 Ῑυειιιειοει
1010 2310 1266 2367 Dominus
1288 2323 1343 2368 et
1365 2314 1604 2384 justitias
1634 2315 1829 2384 diligit,
1855 2326 1909 2370 et
1929 2317 2054 2372 cecc
2072 2320 2234 2374 homo

2341 2319 2440 2387 μὲν
2471 2323 2600 2391 περὶ
2621 2322 2859 2375 εὐσεϐῶν
2884 2323 3134 2394 λέγομεν.
3161 2326 3296 2396 Περὶ
3318 2326 3374 2378 δὲ
3408 2326 3644 2391 ἀσεϐῶν,
3670 2325 3760 2378 ἐὰν
3783 2328 3857 2377 καὶ

701 2408 754 2455 ct
782 2416 916 2470 opus
949 2402 1083 2472 ejus,
1116 2411 1170 2457 et
1212 2412 1266 2459 tu
1312 2405 1585 2461 retribues
1617 2402 1908 2477 unicuique
1931 2411 2229 2466 secundum

2336 2413 2403 2463 τὰ
2435 2411 2528 2466 τοῦ
2577 2415 2782 2483 κόσμου
2830 2415 2933 2484 δῷς
2969 2416 3211 2485 πένησιν,
3254 2416 3402 2470 οὐδὲν
3441 2417 3657 2482 ὀνήσεις
3691 2414 3854 2467 αὐτόν·

698 2504 862 2559 "Pera
896 2506 1024 2547 war
1047 2510 1065 2544 θ
2337 2495 2380 2570 ᾧ
2411 2503 2517 2574 γὰρ
2544 2504 2782 2573 περιόντι
2807 2505 2995 2576 ἐχθρὸν
3022 2501 3090 2577 ἦν
3118 2507 3177 2560 τὸ
3201 2507 3364 2571 θεῖον,
3389 2507 3629 2575 δηλονότι
3661 2510 3750 2560 καὶ
3773 2522 3853 2572 με·

2342 1959 2601 2025 μημινων
2620 1971 2634 1986 ·
2661 1958 3072 2028 τεσσαρακοστά
3117 1960 3257 2012 κατὰ
3294 1959 3383 2012 τὸν
3420 1961 3650 2015 παλαιζν
3676 1962 3823 2014 τύπον
3843 1977 3856 1993 ο
3964 2005 3965 2046 γ

2338 2047 2543 2118 Μωσήν
2572 2047 2678 2118 γὰρ
2713 2049 2740 2100 ὁ
2778 2046 2902 2112 λαὸς
2944 2047 3114 2110 οὕτως
3148 2050 3444 2121 ἐπένθησεν
3468 2068 3484 2084 ·
3515 2053 3610 2104 καὶ
3643 2053 3856 2106 {variata
3964 2051 3965 2056 “

698 2581 968 2673 ταστάντι.
996 2584 1069 2636 Ού
1095 2585 1199 2655 γάρ
1224 2588 1368 2640 ἔστιν
1396 2588 1576 2642 ἀδικία
1597 2592 1749 2661 παρά
1769 2591 1844 2663 τῷ
1866 2593 2005 2664 Θεῷ,
2033 2595 2241 2659 δίκαιος
2271 2597 2379 2668 γὰρ
2432 2571 2634 2670 Κύριος
2684 2583 2778 2652 καὶ
2828 2571 3168 2668 δικαιοσύνας
3243 2571 3500 2673 ἠγάπησε
3522 2619 3538 2634 ο
3610 2603 3703 2658 καὶ
3769 2571 3855 2655 ibo)

698 2672 980 2743 ἄνθρωπος
1012 2677 1106 2729 καὶ
1153 2679 1212 2731 τὸ
1242 2678 1403 2749 ἔργον
1446 2683 1608 2737 αὐτοῦ
1634 2702 1649 2717 ο
1693 2689 1789 2741 καὶ
1830 2689 1894 2742 σὺ
1930 2691 2225 2753 ἀποδώσεις
2253 2693 2465 2762 ἑκάστῳ
2494 2695 2631 2748 κατὰ
2657 2694 2725 2747 τά
2755 2695 2890 2764 ἔργα
2926 2697 3110 2751 αὑτοῦ.
3147 2717 3164 2750 ι

762 2771 930 2825 Audis
957 2771 1022 2825 de
1042 2773 1209 2826 sacris
1232 2776 1488 2843 apostolis
1511 2792 1616 2845 qua
1642 2781 1848 2835 ratione
1879 2797 1978 2850 pro
2006 2785 2234 2839 mortuis

700 2857 946 2914 ﬁdelibus
983 2862 1246 2917 sacriﬁcia
1285 2872 1334 2919 et
1364 2879 1547 2934 preces
1575 2870 2102 2947 sauciuntadhiberi
2128 2873 2151 2926 ?
2177 2873 2233 2928 ld

696 2950 951 3016 estquod
984 2965 1122 3019 saepe
1153 2954 1410 3019 diximus,
1445 2959 1586 3024 quod
1617 2972 1714 3027 pro
1745 2976 1878 3029 puro
1913 2971 1967 3016 et
2001 2965 2234 3018 contrito

697 3040 859 3094 corde
885 3041 937 3092 in
970 3042 1067 3094 hac
1108 3041 1212 3094 vita
1243 3046 1647 3113 paenitentibus,
1670 3051 1758 3104 sed
1793 3067 1897 3107 non
1933 3055 2229 3108 secundum

697 3131 1038 3200 praescriptas
1087 3133 1231 3203 leges
1262 3134 1314 3188 id
1345 3137 1602 3204 perlicere
1647 3141 1957 3196 valentibus
2001 3146 2232 3200 mortuis

695 3221 1063 3290 deprecamur.
1096 3223 1195 3278 Pro
1228 3225 1310 3283 Itis
1339 3226 1503 3281 Deum
1531 3229 1743 3297 placare
1773 3247 2032 3289 conamur
2061 3245 2114 3290 et
2151 3237 2232 3290 iu-

696 3324 971 3378 vocamus,
991 3327 1385 3386 precamurque
1414 3318 1633 3385 aliquid,
1660 3324 1803 3378 unde
1827 3325 1957 3393 ipsis
1987 3327 2232 3391 allevatio
2259 3313 2304 3374 ε

695 3411 756 3488 ct
779 3402 982 3457 utilitas
1009 3405 1260 3470 accedat;
1294 3407 1504 3476 hocque
1521 3422 1604 3466 est
1627 3414 1770 3481 quod
1800 3414 1852 3468 in
1879 3417 2094 3473 decreto
2117 3419 2234 3488 ejus

697 3481 935 3545 Ecclesia
977 3495 1348 3562 purgatorium
1380 3509 1571 3566 vocat,
1613 3503 1666 3556 in
1706 3519 1818 3574 quo
1860 3515 1982 3576 post
2030 3511 2233 3566 obitum

697 3593 990 3650 purgantur
1047 3585 1266 3648 animm,
1294 3591 1631 3647 orationibus
1659 3596 2009 3666 precibusque
2036 3615 2063 3652 a
2099 3601 2234 3656 vivis

698 3671 948 3727 ﬁdelibus
1003 3691 1099 3742 pro
1155 3691 1342 3732 eorum
1387 3695 1599 3752 semper
1654 3689 1893 3742 subsidio
1947 3695 2231 3761 su_s:eptis.

637 3767 642 3772 '
695 3760 829 3815 Nam
865 3776 920 3817 ut
953 3764 1000 3818 id
1040 3766 1092 3820 in
1144 3771 1367 3839 gratiam
1399 3787 1707 3831 sanctorum
1740 3781 1819 3835 vel
1869 3760 2239 3850 improborum.

698 3851 828 3913 ﬁat,
878 3870 1036 3910 nemo
1076 3873 1218 3914 sana:
1259 3864 1449 3918 mentis
1478 3868 1766 3923 mslimabit
1801 3888 1814 3923 :
1847 3873 1940 3926 sed
1991 3887 2088 3927 nec
2138 3892 2234 3943 pro

696 3941 1021 4001 Christianis
1054 3947 1547 4020 impcnnitentibus;
1580 3958 1717 4011 idem
1759 3962 1900 4014 enim
1940 3941 2234 4031 peccatori-
2289 3970 2292 3972 ⁷

695 4032 796 4086 bus
811 4041 862 4087 et
883 4035 1339 4105 impmnitentibus
1362 4045 1679 4114 Christianis
1703 4053 1976 4121 continget
1999 4058 2139 4126 quod
2167 4059 2234 4115 iis

693 4125 903 4179 eveniet
949 4128 1040 4196 qui
1081 4145 1264 4184 verum
1300 4131 1463 4187 Deum
1496 4137 1768 4194 Christqu
1815 4160 1924 4198 non
1971 4125 2235 4217 cognovc«

695 4225 856 4281 runt;
893 4220 1064 4287 iisque
1091 4222 1256 4275 etiam
1291 4225 1457 4279 multo
1493 4227 1734 4285 deterius
1756 4248 1914 4300 quant
1946 4235 2071 4291 illis.
2104 4240 2231 4303 «Qui

696 4321 802 4358 non
827 4311 1099 4374 cognovit,
1117 4310 1250 4366 dicit
1279 4311 1646 4383 Evangelium,
1671 4321 1995 4378 voluntatem
2022 4327 2230 4383 Domini

699 4396 801 4458 sui,
833 4404 885 4448 et
921 4397 1103 4453 fecerit
1148 4401 1304 4471 digna
1357 4406 1546 4476 plagis,
1580 4411 1852 4480 vapulabit
1879 4417 2064 4484 paucis
2093 4437 2105 4484 ;
2141 4422 2229 4488 qui

698 4496 872 4537 autem
893 4489 1147 4553 rognovit
1168 4493 1486 4549 voluntatem
1515 4498 1726 4567 Domini
1753 4507 1860 4571 sui,
1892 4518 1943 4561 et
1971 4525 2076 4564 non
2101 4527 2230 4580 prte-

699 4576 903 4640 paravit
937 4586 992 4630 et
1029 4593 1134 4632 non
1166 4580 1287 4635 fecit
1322 4589 1612 4644 secundum
1635 4596 1964 4652 voluntatem
1985 4576 2120 4665 ejus,
2140 4617 2227 4653 va-

699 4664 902 4732 pulabit
933 4668 1115 4723 multis
1139 4670 1238 4725 ³³.»
1269 4672 1370 4729 Pro
1399 4677 1503 4743 his,
1535 4680 1579 4733 si
1609 4683 1768 4754 verba
1798 4664 2075 4740 sacrorum
2103 4702 2229 4754 apo-

649 4773 654 4778 ’
701 4757 957 4810 stolorutu
985 4760 1203 4830 audisti,
1235 4763 1376 4820 dicta
1408 4777 1553 4830 sunt,
1591 4785 1710 4824 cum
1741 4772 1928 4827 dicunt
1971 4791 1984 4826 :
2020 4775 2140 4829 limo
2171 4778 2235 4830 de

692 4847 794 4913 piis
826 4847 1071 4915 dicimus,
1103 4853 1155 4906 id
1183 4865 1266 4908 est
1311 4858 1373 4911 de
1419 4860 1810 4929 penitentibus
1843 4878 1858 4928 ;
1914 4880 2009 4932 pro
2054 4866 2234 4934 impiis

695 4951 822 4992 vero
852 4939 896 4992 si
928 4949 1096 4996 totum
1125 4945 1382 4999 mundum
1412 4950 1718 5014 tradideris,
1750 4954 1881 5007 nihil
1913 4953 2228 5021 profeceris.

695 5026 807 5081 Hoc
829 5027 965 5084 idem
998 5035 1196 5086 asserit
1221 5035 1379 5088 etiam
1410 5038 1587 5106 lingua
1610 5055 1771 5094 aurea
1801 5041 2059 5102 Joannes.
2097 5047 2216 5100 «Ne-

693 5130 800 5178 mo,
832 5117 1022 5186 inquit,
1060 5121 1182 5175 hinc
1213 5137 1278 5178 eo
1313 5124 1619 5191 digrediens
1644 5165 1661 5188 ,
1706 5129 1810 5183 nisi
1858 5148 1951 5185 sua
2004 5134 2227 5189 solverit

689 5217 923 5272 peccata,
963 5213 1092 5288 quin
1133 5214 1395 5267 rationem
1441 5224 1713 5282 gestorum
1770 5223 1975 5286 reddat,
2025 5227 2223 5280 valebit

657 5315 662 5320 -
691 5293 936 5361 eﬂ'ugere.
969 5302 1070 5352 Sed
1113 5303 1561 5368 quemadmodum
1595 5307 1659 5361 de
1693 5323 1906 5366 carcere
1951 5317 2049 5368 hoc
2080 5329 2221 5370 cate-

690 5385 797 5435 nati
827 5389 889 5437 ad
925 5387 1154 5440 tribunal
1186 5392 1260 5444 rei
1285 5394 1569 5462 ducuntur,
1595 5399 1672 5454 sic
1700 5412 1752 5455 ct
1785 5405 1976 5460 animae
2007 5422 2216 5470 omnes,

786 5566 829 5595 ⁸⁸
861 5565 989 5621 Luc.
1022 5583 1115 5633 xu,
1140 5569 1223 5634 47,
1255 5572 1341 5626 48.

759 5745 835 5812 (1)
869 5746 981 5806 Lib.
1003 5767 1113 5824 vm,
1146 5755 1325 5811 Const.
1363 5759 1413 5813 4.

2424 2789 2666 2852 ’Λκούεις
2695 2791 2802 2844 τῶν
2834 2794 2875 2844 ίε
2887 2792 2991 2859 ρῶν
3020 2793 3330 2849 ἀποστόλων
3351 2809 3370 2826 ⁸
3401 2795 3513 2858 πῶς
3536 2793 3856 2862 νομοΊετοῦτι

2341 2881 2638 2946 προσάγειν
2686 2881 2874 2946 Θυσίας
2904 2901 2960 2935 τε
2991 2886 3082 2936 καὶ
3113 2886 3323 2956 δεήσεις
3367 2887 3507 2954 ὑπὲρ
3533 2889 3642 2939 τῶν
3680 2887 3856 2947 πιστῶς

2339 2970 2726 3040 κοιμηθέντων,
2756 2972 2914 3027 τοῦτό
2958 2977 3102 3026 ἔστιν
3128 2975 3154 3026 ὃ
3197 2977 3456 3039 πολλάκις
3496 2976 3709 3045 ἔφημεν
3742 2978 3855 3044 ὑπὲρ

2336 3056 2443 3109 τῶν
2469 3056 2914 3129 μετανοησάντων
2949 3063 3046 3132 μὲν
3073 3063 3304 3116 ἐνταῦθα
3350 3065 3488 3132 μετὰ
3509 3055 3754 3136 ’καθαρᾶς
3782 3071 3856 3118 καὶ

2337 3151 2800 3222 συντετριμμένης
2833 3153 3079 3222 καρδίας,
3121 3155 3194 3222 μὴ
3229 3154 3548 3221 φθασάντων
3576 3157 3632 3210 δὲ
3664 3157 3850 3209 τελειῶ-

2339 3258 2429 3294 σαι
2464 3242 2588 3306 τοὺς
2614 3244 2862 3310 δοθέντας
2889 3247 3069 3310 αὐτοῖς
3087 3249 3328 3312 κανόνας
3355 3265 3370 3281 °
3401 3251 3540 3322 ὑπὲρ
3565 3252 3762 3328 τούτων
3785 3253 3855 3304 εὖ·

2335 3333 2537 3401 χόμεθα
2570 3339 2988 3404 μεταστάντωνο
3020 3339 3159 3410 ὑπὲρ
3209 3341 3410 3394 τούτων
3442 3340 3785 3411 ἑξιλεούμεθα
3809 3341 3854 3391 τδ

2336 3426 2498 3492 θεῖον,
2529 3429 2623 3482 καὶ
2648 3430 3067 3500 παρακαλοῦμεν
3101 3434 3193 3484 καὶ
3218 3433 3469 3502 δεόμεθα.
3509 3436 3670 3488 Ὅθεν
3697 3436 3853 3494 αὐτοῖς

2338 3513 2535 3567 δίδοται
2571 3519 2748 3581 ἄνεσις
2773 3521 2865 3572 καὶ
2894 3521 3148 3589 ὠφέλεια.
3191 3523 3296 3573 Καὶ
3325 3522 3480 3580 emito
3504 3526 3651 3577 ἐστιν
3683 3527 3852 3592 δπερή

2333 3604 2426 3658 τοῦ
2457 3606 2589 3660 Θετῦ
2632 3608 2922 3680 Ἐκκλησία
2953 3612 3009 3662 εν
3039 3612 3112 3680 τῷ
3143 3613 3340 3683 εαυτῆς
3362 3616 3469 3684 ὅρῳ
3499 3616 3655 3669 καλεί
3677 3618 3854 3684 καθερ·

2333 3697 2518 3764 τήριον
2543 3715 2557 3730 ο
2589 3701 2646 3752 ἐν
2679 3695 2722 3767 ᾧ
2767 3702 3115 3770 καθαίρονται
3155 3705 3289 3774 μετὰ
3334 3706 3562 3760 θάνατον
3585 3711 3644 3761 αἱ
3687 3709 3849 3778 ψυχαὶ,

2332 3785 2418 3839 διὰ
2444 3789 2541 3852 τῆς
2566 3790 2671 3842 τῶν
2702 3790 2917 3852 ζώντων
2950 3794 3152 3845 πιστῶν
3183 3798 3526 3867 ἐπικουρίας,
3561 3801 3852 3867 προσευχῶν

2338 3881 2424 3930 καὶ
2441 3879 2675 3947 δεήσεων
2697 3884 2932 3952 συνεχῶς
2960 3886 3097 3955 ὑπὲρ
3117 3887 3296 3940 αὐτῶν
3310 3888 3626 3957 γινομένων.
3657 3891 3721 3941 Ὀ
3739 3890 3852 3953 ὑπὲρ

2333 3968 2438 4020 τῶν
2485 3970 2673 4034 ἁγίων,
2706 3973 2878 4036 οὐδεὶς
2927 3975 2985 4027 εὖ
3018 3977 3228 4046 φρονῶν
3257 3978 3520 4046 ἐννοήσεν,
3568 3979 3690 4031 οὐδὲ
3738 3980 3852 4045 ὑπὲρ

2331 4061 2438 4112 τῶν
2468 4064 2695 4126 άσεόῶν,
2728 4066 2842 4116 ἀλλ’
2872 4066 2977 4119 οὐδ’
3011 4068 3151 4137 ὑπὲρ
3184 4067 3292 4143 τῶν
3327 4065 3713 4140 άξιετανοήτων
3739 4074 3852 4140 Χρι-

2335 4152 2583 4205 στιανῶν.
2618 4152 2796 4205 Ταυτδ
2824 4157 2928 4223 γὰρ
2960 4157 3235 4209 πείσονται
3280 4159 3596 4227 ἁμαρτωλοὶ
3626 4165 3716 4214 καὶ
3738 4168 3847 4229 dpe-

2333 4241 2581 4309 τανόητοι
2633 4243 2965 4310 Χριστιανοὶ,
3011 4243 3039 4295 ὅ
3069 4247 3344 4298 πείσονται
3391 4250 3486 4301 καὶ
3534 4251 3689 4304 αὐτοὶ
3719 4252 3763 4304 cl
3793 4250 3852 4320 μὴ

2333 4330 2551 4396 γνόντες
2587 4333 2677 4383 τὸν
2703 4332 2956 4400 ἀληθινὸν
2989 4333 3116 4387 Θεὸν
3154 4336 3356 4404 Ἰησοῦν
3381 4337 3616 4407 Χριστόν
3642 4357 3655 4370 ο
3685 4346 3768 4395 καὶ
3790 4325 3852 4393 ἔτι

2334 4417 2533 4489 πολλῷ
2560 4424 2738 4491 χεῖρον
2775 4416 2918 4476 οὗτοι
2965 4427 3207 4489 ἑκείνων.
3245 4446 3263 4479 ι
3307 4427 3365 4481 '0
3406 4429 3513 4498 γὰρ
3566 4434 3645 4503 μὴ
3696 4434 3850 4503 γνοὺς.

2334 4517 2464 4581 φησι
2493 4514 2553 4566 τὸ
2580 4515 2927 4582 Εὐαγγέλιον,
2957 4518 3015 4591 to
3063 4518 3270 4588 θέλημα
3317 4521 3408 4572 τοῦ
3445 4525 3652 4591 Κυρίου
3691 4528 3848 4584 αὐτον,

2335 4605 2564 4671 ποιήσας
2596 4606 2650 4656 δὲ
2700 4607 2826 4668 ἄξια
2873 4608 3118 4675 πληγῶν,
3164 4611 3456 4677 δαρήσεται
3489 4614 3682 4681 ὀλίγας
3706 4631 3720 4648 ·
3747 4617 3772 4666 ὁ
3807 4618 3850 4667 δὲ

2333 4695 2488 4756 γνοὺς
2519 4695 2576 4745 τδ
2600 4697 2805 4764 θέλημα
2841 4697 2935 4750 τοῦ
2975 4701 3177 4768 Κυρίου
3210 4701 3393 4765 αὑτοῦ,
3432 4706 3525 4756 καὶ
3553 4709 3635 4777 μή
3661 4708 3852 4775 ἕτοιμά·

2335 4801 2451 4847 σας,
2485 4785 2616 4852 μηδὲ
2641 4789 2870 4855 ποιήσας
2896 4791 3029 4852 πρὸς
3053 4791 3110 4841 τὸ
3138 4790 3345 4858 θέλημα
3369 4792 3554 4857 αὐτοῦ,
3588 4797 3850 4864 δαρήσεται

2331 4872 2547 4933 πολλάς.
2586 4891 2606 4924 ›
2656 4875 2823 4945 Ὑπὲρ
2867 4878 3068 4932 τούτων
3096 4880 3202 4948 γὰρ
3235 4882 3284 4932 εἰ
3312 4880 3546 4948 ἡκούσας
3583 4888 3692 4940 τῶν
3723 4890 3852 4956 ίεριῖιν

2328 4964 2638 5016 ἁποσςόλων
2677 4967 2943 5034 λεγόντων
2973 4972 3110 5033 ἐστὶ,
3141 4973 3219 5036 τὸ,
3248 4973 3427 5027 Ταῦτα
3470 4978 3578 5046 μὲν
3627 4982 3759 5051 ὑπὲρ
3781 4983 3829 5032 εὖ

2333 5053 2506 5105 σεὸῶν
2545 5053 2797 5123 λέγομεν,
2846 5061 3086 5112 τουτέστι
3136 5068 3583 5142 μετανοησάντων
3609 5089 3624 5104 ο
3669 5075 3784 5143 περὶ
3805 5075 3847 5125 δὲ

2336 5145 2543 5196 ἀσεὸὦν
2569 5148 2687 5199 οὐδὲ
2713 5150 2760 5200 εί
2789 5151 2854 5202 τὰ
2892 5151 2983 5201 τοῦ
3007 5155 3231 5220 ’κόσμου
3271 5153 3460 5217 δώσεις
3501 5160 3645 5230 ὑπὲρ
3681 5163 3849 5220 αὐτῶν,

2333 5236 2632 5304 ὠφελήσεις
2658 5241 2872 5302 αύτούς.
2913 5242 2984 5294 Τὸ
3014 5245 3142 5295 αὐτὸ
3171 5246 3261 5296 καὶ
3286 5247 3314 5296 ὁ
3337 5246 3436 5313 τὴν
3462 5249 3709 5314 γλῶτταν
3741 5271 3847 5321 χρυ-

2324 5324 2457 5394 σοῧς
2509 5325 2754 5397 Ἰωάννης
2780 5345 2794 5358 ’
2834 5350 2850 5382 ι
2899 5332 3105 5394 Οὐδεὶς,
3143 5333 3327 5401 φησὶν,
3376 5336 3628 5390 ἐντεῦθεν
3660 5342 3729 5411 μή
3754 5343 3843 5394 δια·

2333 5411 2626 5484 λυσάμενος
2679 5420 2744 5470 τὰ
2793 5421 3160 5490 ἁμαρτήματα
3211 5423 3396 5488 αὑτοῦ,
3432 5427 3682 5484 ἀπελθὼν
3729 5433 3838 5492 ἐκεῖ,
