4010 6332
731 528 866 594 15267

1887 535 2192 593 JOSEPHI
2238 535 2774 598 METHONENSIS

3765 537 3871 597 1265

729 660 900 713 tuum,
958 648 1232 710 Salvator,
1289 648 1475 700 libera.
1519 667 1537 698 ι
1577 648 1756 702 Sancti
1809 665 2038 718 namque
2085 664 2253 716 neque

2360 665 2438 701 τει
2485 652 2517 717 ἡ
2551 651 2732 719 δέησις
2780 650 2934 718 καὶή
2997 651 3274 718 προσφορὰ
3318 650 3409 702 καὶ
3437 651 3468 715 ὴ
3515 649 3872 716 προσευχὴ

723 748 936 809 gemunt
962 755 1132 809 neque
1158 740 1303 804 ﬂent,
1329 741 1419 793 sed
1447 755 1617 808 neque
1641 740 1694 793 in
1728 741 1938 795 inferno
1968 741 2075 795 ullo
2099 741 2255 794 modo

723 839 866 882 sunt.
894 828 1166 898 Desperati
1200 838 1251 882 et
1279 829 1424 898 impii
1456 829 1670 897 quidem
1706 829 1838 884 llent
1869 838 1923 885 et
1945 832 2258 900 plectuntur

724 919 777 973 in
816 920 1046 982 inlerno,
1087 920 1179 975 sed
1231 921 1298 975 de
1352 921 1419 976 iis
1468 924 2027 978 commemorationem
2080 924 2256 977 facere

723 1025 828 1063 non
862 1020 943 1064 est
987 1025 1145 1078 opus,
1189 1026 1312 1065 cum
1346 1013 1539 1066 [rustra
1572 1013 1661 1076 sit,
1705 1023 1761 1067 ut
1796 1013 1998 1082 pluries
2037 1029 2066 1066 a
2102 1013 2256 1066 nobis

725 1100 1029 1167 expositum
1070 1109 1172 1156 est.
1205 1092 1550 1169 Cbnsequens
1577 1110 1658 1157 est
1689 1112 1746 1156 ut
1775 1103 1807 1155 ii
1841 1103 1946 1156 sint
1969 1117 2104 1170 quos
2126 1102 2257 1155 dici-

725 1203 842 1241 mus
877 1189 928 1241 in
957 1189 1263 1256 pteniteutia
1289 1191 1630 1254 .decessisse,
1669 1200 1730 1244 et
1762 1206 1867 1244 non
1904 1191 2252 1258 satisfecisse,

724 1280 935 1344 quosin
963 1278 1173 1333 inferno
1196 1293 1314 1331 cum
1353 1277 1529 1344 impiis
1564 1287 1616 1330 et
1639 1279 1932 1345 desperatis
1957 1293 2071 1333 esse
2094 1292 2258 1344 nega-

723 1383 863 1432 mus,
898 1369 950 1420 in
997 1371 1228 1423 obscuro
1275 1377 1327 1420 et
1373 1370 1663 1436 caliginoso
1708 1369 2068 1424 damnationis
2101 1370 2252 1431 loco;

721 1470 894 1522 neque
927 1471 1051 1509 vero
1080 1458 1296 1511 eosdem
1346 1465 1438 1511 aut
1483 1459 1745 1512 inutiliter
1788 1474 2023 1528 gemere,
2055 1467 2146 1511 aut
2178 1460 2256 1510 in-

720 1559 934 1598 cassum
991 1545 1116 1602 llere
1170 1550 1531 1614 concedimus,
1575 1549 1667 1602 sed
1717 1550 1767 1601 in
1820 1549 1996 1603 medio
2050 1548 2254 1602 scilicet

723 1635 1053 1703 purgationis
1088 1637 1353 1718 lolco,.ubi
1395 1653 1638 1692 seorsum
1669 1648 1720 1692 et
1749 1639 2025 1692 doloribus
2056 1653 2250 1692 excru-

723 1727 935 1778 ciantur
963 1735 1015 1780 et
1052 1712 1291 1794 gemunt,
1339 1729 1481 1796 quod
1513 1745 1607 1782 sua
1639 1739 1832 1796 sponte
1859 1729 2013 1782 bouis
2056 1728 2250 1780 fuerint

724 1813 936 1881 privati,
984 1815 1231 1883 quodque
1266 1826 1384 1884 post
1413 1817 1731 1872 dissolutam
1766 1817 2002 1884 corporis
2035 1830 2250 1884 compa-

721 1919 863 1970 gem,
899 1918 1004 1957 non
1039 1919 1099 1959 ea
1153 1907 1332 1961 statim
1373 1907 1483 1960 sint
1532 1909 1780 1973 assecuti,
1834 1921 1932 1972 pro
1974 1906 2168 1975 quibus
2219 1919 2248 1957 a

725 1994 958 2047 tenebris
987 1995 1174 2048 redimi
1213 1996 1581 2064 deprecamur,
1629 2007 1740 2052 et‘a
1777 1997 2020 2052 tristibus
2058 1997 2252 2066 quibus

724 2085 1031 2139 detinentur
1078 2085 1310 2140 vinculis
1340 2086 1575 2149 liberari,
1619 2097 1675 2140 et
1705 2085 1771 2141 de
1808 2088 2047 2143 custodia
2073 2089 2248 2153 educi,

725 2186 778 2227 et
820 2192 938 2230 cum
974 2176 1235 2232 Malacbia
1282 2179 1537 2246 propheta
1569 2181 1832 2243 canimus,
1861 2183 2074 2248 quando
2103 2181 2251 2253 dicit,

731 2266 947 2330 «Quasi
981 2268 1118 2337 ignis
1165 2269 1217 2322 in
1265 2268 1479 2346 fornace
1511 2279 1563 2322 et
1597 2271 1748 2337 quasi
1788 2269 1950 2324 herba
1994 2271 2251 2324 fullonum

726 2358 995 2426 purgabit,
1022 2360 1301 2414 mundabit
1327 2360 1463 2415 Deus
1493 2362 1749 2429 quosdam
1777 2363 1874 2414 ⁸³.»
1903 2364 1970 2415 At
1994 2363 2081 2416 ille
2099 2371 2254 2424 aeter-

729 2459 830 2500 nus
877 2446 1014 2514 ignis
1049 2449 1312 2510 neminem
1359 2451 1577 2506 mundat
1607 2465 1779 2518 neque
1825 2451 1984 2504 lavat.
2026 2450 2079 2503 Si
2123 2465 2254 2520 ergo

723 2533 890 2588 sancti
917 2535 1117 2591 lolione
1144 2538 1225 2591 vel
1257 2534 1600 2594 inundatione
1626 2556 1732 2594 non
1766 2553 1916 2613 egent
1944 2545 2087 2612 (sunt
2111 2545 2250 2598 enim

722 2625 858 2682 labis
890 2628 1181 2698 expertes),
1227 2633 1317 2684 sed
1367 2647 1542 2701 neque
1584 2634 1675 2703 qui
1713 2635 1764 2686 in
1805 2634 2013 2690 inferno
2056 2636 2253 2705 degunt

723 2716 869 2784 impii
903 2712 958 2769 et
987 2718 1380 2786 impaeniteutes
1428 2723 1674 2776 eluentur
1722 2726 1798 2776 vel
1854 2726 2252 2782 mundabuntur

723 2820 978 2873 unquam,
1008 2821 1130 2862 nam
1163 2806 1428 2877 desperati
1469 2815 1752 2878 sunt.'Qui
1789 2829 1915 2884 ergo
1946 2824 2078 2869 sunt
2119 2831 2252 2884 quos

722 2898 917 2952 lavabit
954 2906 1006 2953 et
1058 2901 1333 2953 mundabit
1372 2900 1510 2956 Deus
1561 2907 1852 2960 secundum
1902 2887 2254 2975 prophetam?

710 2991 789 3056 _At
841 2989 879 3042 ii
938 2998 1065 3044 sunt
1098 3006 1232 3058 quos
1291 2992 1496 3048 medios
1545 2997 1905 3052 nominamus.
1940 2997 2149 3065 Alioqui
2205 2999 2249 3052 si

721 3089 1027 3142 peccatores
1058 3082 1110 3136 in
1145 3090 1380 3139 extremo
1413 3085 1531 3140 vita:
1579 3088 1853 3141 constituti
1896 3090 2009 3142 sola
2039 3089 2252 3143 confes-

719 3170 869 3223 sione
896 3174 1100 3226 vcniam
1134 3174 1438 3242 impetrent,
1474 3191 1868 3243 supervacanea
1910 3188 2036 3232 sunt
2070 3183 2249 3232 omnia

720 3275 839 3327 qua:
866 3259 977 3315 ﬁeri
1011 3266 1188 3319 sanxit
1216 3263 1474 3319 Ecclesia.

2361 740 2615 803 πολλάκις
2645 742 2878 810 εἴρηται.
2923 741 2980 795 Ὀ
3007 743 3062 794 δὲ
3090 741 3349 802 ἀπιστῶν,
3385 739 3542 790 τοῦτο
3593 737 3714 804 παρ’
3742 739 3870 805 ἡμῶν

2359 832 2644 884 ἀκουσάτω
2667 846 2681 860 ·
2721 833 2835 893 πῶς
2867 832 3055 899 ψάλλει
3085 831 3292 901 μεγάλῃ
3315 832 3376 898 τῇ
3414 829 3564 895 φωνῇ
3588 843 3603 858 ο
3635 826 3871 893 Δακρὺων

2361 924 2454 974 καὶ
2484 923 2803 989 στεναγμῶν
2837 922 2943 975 τῶν
2972 924 3030 973 ἐν
3058 920 3132 990 τῷ
3158 921 3257 991 ᾅδῃ
3291 920 3378 970 τὸν
3398 918 3582 968 δοῦλόν
3619 934 3713 968 σου
3747 918 3870 968 ἐλευ-

2366 1011 2621 1081 θέρωσον,
2687 1013 2894 1080 Σωτήρ.
2923 1011 3152 1078 Οίάγιοι
3192 1011 3317 1078 γὰρ,
3363 1005 3482 1059 οὔτε
3528 1007 3870 1066 στενάζουσιν,

2357 1103 2479 1156 οὔτε
2537 1105 2641 1172 μὴν
2668 1102 3026 1172 δακρύουσιν·
3059 1098 3174 1154 ἀλλ’
3211 1100 3330 1152 οὐδέ
3373 1101 3429 1149 ἐν
3474 1097 3552 1163 τῷ
3582 1097 3683 1166 ᾅδῃ
3723 1097 3868 1146 εἰσίν·

2358 1195 2405 1245 οῖ
2441 1193 2485 1245 δ’
2514 1192 2920 1260 άπεγνωσμένοι
2957 1196 3049 1243 καὶ
3084 1191 3323 1251 ἀσεϐεῖς,
3358 1187 3656 1253 δακρύουσι
3713 1183 3801 1250 μὲν
3827 1187 3872 1233 ἐν

2357 1284 2432 1353 τῷ
2481 1284 2580 1353 ᾄδῃ
2605 1284 2697 1334 καὶ
2730 1280 3067 1344 κολάζονται,
3113 1280 3229 1333 ἀλλ’
3267 1278 3330 1330 ού
3361 1278 3440 1329 δεῖ
3487 1275 3617 1343 περὶ
3676 1274 3872 1324 ἐκείνων

2361 1375 2575 1442 μνήμας
2600 1375 2790 1434 ποιεῖν,
2824 1371 2897 1434 ὡς
2929 1372 3182 1440 ἀνόνητον
3211 1369 3290 1421 δν.
3319 1369 3426 1424 Καὶ
3452 1366 3609 1418 τοῦτο
3637 1363 3872 1422 πολλάκις

2356 1466 2580 1532 ἔφημεν.
2648 1463 2874 1515 "Enecat
2904 1460 3123 1521 τούτους
3167 1454 3304 1510 εἶναι
3343 1455 3437 1513 οὓς
3468 1455 3725 1523 λέγομεν,
3769 1456 3872 1514 τοίς

2355 1555 2413 1604 ἐν
2447 1551 2698 1621 μετανοίᾳ
2761 1540 3208 1616 τελευτήσαντας,
3240 1548 3329 1598 καὶ
3366 1545 3440 1614 μὴ
3483 1546 3873 1611 ίκανοποιήσαν-

2354 1661 2450 1706 τας
2472 1659 2486 1670 ·
2517 1642 2610 1704 οὓς
2652 1642 2712 1694 οῦ
2743 1659 2920 1708 φαμεν
2953 1646 3089 1710 μετὰ
3116 1637 3222 1690 τῶν
3264 1635 3473 1690 ἀσεϐῶν
3521 1635 3615 1687 καὶ
3651 1623 3874 1699 ἀπεγνω-

2358 1733 2567 1801 σμένων
2601 1725 2734 1782 εἶναι
2766 1732 2825 1781 ἐν
2873 1731 2949 1798 τῷ
2987 1726 3242 1795 σκοτεινῷ
3284 1727 3375 1778 καὶ
3407 1724 3619 1792 ζοφερῷ
3664 1725 3760 1790 τῆς
3798 1740 3870 1773 κο-

2357 1823 2561 1884 λάσεως
2582 1823 2748 1888 τόπῳ,
2781 1823 2872 1873 καὶ
2915 1821 3190 1883 στενάζειν
3218 1820 3486 1886 ἀνωφελῆ,
3520 1817 3609 1869 καὶ
3639 1814 3874 1882 δακρύειν

2355 1914 2607 1981 ἀνόνητα.
2660 1911 2797 1964 Ἀλλ’
2832 1913 2889 1963 ἐν
2919 1910 2994 1978 τῷ
3027 1909 3175 1978 μέσῳ
3211 1908 3408 1977 δηλαδὴ
3449 1909 3547 1976 τῆς
3577 1907 3873 1965 καθάρσεως

2353 2004 2520 2071 τόπῳ,
2553 2003 2608 2053 ἐν
2639 1995 2682 2067 ᾧ
2715 2001 2950 2070 μερικῶς
2987 1998 3279 2051 ὀδυνῶνται
3315 1999 3407 2049 καὶ
3438 1995 3751 2056 στενάζουσι
3780 1994 3875 2049 πῶς

2354 2092 2719 2161 ἐστερήθησαν
2765 2092 2978 2149 ἑκόντες
3012 2089 3120 2140 τῶν
3172 2087 3409 2154 ἀγαθῶν,
3442 2087 3533 2136 καὶ
3577 2087 3676 2136 οὐκ
3706 2085 3872 2150 ἔτυχον

2353 2181 2554 2232 τούτων
2610 2178 2769 2239 εὐθὺς
2821 2178 2955 2244 μετὰ
3011 2177 3108 2245 τὴν
3155 2177 3394 2230 διάλυσιν
3448 2175 3556 2226 τῶν
3607 2173 3871 2240 σωμάτων.

2355 2271 2492 2341 Περὶ⁵
2530 2263 2604 2323 ὧν
2634 2269 2863 2337 δεόμεθα
2890 2265 3226 2336 λυτρωθῆναι
3270 2267 3361 2317 τοῦ
3403 2266 3651 2326 σκότους,
3684 2264 3771 2315 καὶ
3799 2262 3872 2312 λυ-

2353 2365 2512 2432 θῆναι
2534 2363 2643 2416 τῶν
2667 2362 2900 2430 δεσμῶν,
2925 2361 3031 2412 τῶν
3059 2358 3390 2427 κατεχόντων
3417 2355 3611 2415 αὐτοὺς
3636 2351 3872 2420 ἀνιαρῶν,

2353 2454 2445 2505 καὶ
2477 2452 2703 2520 ἐκϐῆναι
2734 2451 2833 2518 τῆς
2873 2450 3116 2518 φυλακῆς
3143 2465 3157 2480 ⁸
3197 2449 3289 2502 καὶ
3329 2447 3628 2516 συνᾴδομεν
3659 2445 3735 2512 τῷ
3767 2460 3873 2510 προ-

2353 2545 2496 2613 φήτῃ
2520 2528 2793 2611 Μαλάκίᾳο
2843 2542 2899 2604 δς
2925 2557 3107 2608 φησιν.
3141 2557 3160 2590 ί
3204 2540 3291 2599 Ὠς
3313 2538 3419 2606 πῦρ
3443 2540 3499 2588 ἐν
3529 2536 3873 2604 χωνευτηρῖῳ,

2353 2636 2446 2688 καὶ
2474 2636 2547 2696 ὼς
2582 2635 2686 2687 πόα
2714 2634 3041 2698 πλυνόντων,
3076 2632 3260 2711 πλυνεῖ
3289 2631 3379 2682 καὶ
3427 2629 3681 2694 καθαριεῖ
3713 2627 3739 2677 ὁ
3765 2626 3875 2683 Θεός

2350 2743 2522 2788 τινας.
2559 2744 2575 2776 ι
2617 2725 2774 2778 Τὸδέ
2806 2723 2909 2792 πῦρ
2951 2723 3122 2774 ἐκεῖνο
3147 2721 3206 2772 τὸ
3247 2718 3483 2781 αἰώνιον,
3509 2717 3570 2768 οὖ
3606 2712 3873 2782 καθαρίζει

2350 2819 2501 2879 τινας
2541 2815 2662 2869 ούδέ
2706 2815 2914 2867 πλύνει.
2954 2814 3012 2864 Εί
3042 2811 3135 2865 οὖν
3172 2811 3220 2862 0!
3251 2809 3394 2875 ἆγιοι
3432 2809 3493 2860 οὐ
3518 2808 3733 2860 δέονται
3762 2804 3874 2856 stiti-

2353 2926 2507 2973 asw:,
2537 2909 2568 2976 ἢ
2616 2904 2975 2974 καθαρισμοῦ,
3009 2905 3231 2971 ἄμωμοι
3283 2902 3392 2970 γάρ
3422 2901 3561 2951 εἰσιν
3587 2915 3602 2930 ο
3633 2897 3749 2950 ἀλλ’
3775 2897 3875 2948 οὐδὲ

2351 3004 2398 3054 οῖ
2435 3004 2490 3053 ἐν
2516 2999 2590 3068 τῷ
2639 2998 2737 3068 ᾅδῃ
2771 2998 2921 3057 ὄντες
2956 2995 3171 3055 ἀσεϐεῖς
3218 2994 3308 3046 καὶ
3359 2988 3721 3059 ἀμετανόητοί
3766 3000 3873 3037 ποτε

2353 3077 2712 3158 πλυθήσονται
2750 3091 2782 3156 ἢ
2832 3086 3291 3154 καθαρθήσονται,
3345 3078 3874 3148 ἀπεγνωσμένοιγάρ

2356 3189 2496 3238 είσι·
2533 3183 2674 3243 τίνες
2721 3180 2827 3248 ἄρα
2871 3180 3011 3231 είσὶν
3034 3175 3126 3237 οὓς
3171 3174 3361 3227 πλυνεῖ
3408 3172 3503 3224 καὶ
3547 3167 3874 3238 καθαρῖσειό

2279 3272 2321 3326 C
2354 3275 2481 3336 Θεὸς
2522 3273 2661 3326 κατὰ
2685 3271 2774 3323 τὸν
2805 3269 3090 3339 προφήτην
3117 3281 3134 3334 ;
3177 3263 3319 3318 Ἀλλ’
3342 3257 3486 3314 οὗτοί
3516 3263 3654 3312 είσιν
3691 3257 3780 3319 οὓς
3803 3256 3874 3307 λέ-

719 3367 886 3419 γομεν
912 3355 1127 3422 μέσους.
1163 3358 1366 3419 ’Δλλως
1387 3375 1445 3410 τε
1472 3361 1562 3412 καὶ
1588 3361 1635 3412 εί
1657 3361 1703 3414 oi
1725 3361 2118 3430 ἁμαρτάνοντες
2146 3366 2252 3418 ἀπὸ
2292 3369 2459 3437 μόνης
2501 3363 2936 3434 ἐξομολογήσεως
2967 3360 3063 3428 τῆς
3089 3361 3146 3411 ἓν
3183 3357 3261 3426 τῷ
3289 3355 3433 3408 τέλει
3490 3353 3587 3407 τοῦ
3634 3352 3748 3421 βίου
3803 3366 3876 3416 τε’

719 3444 948 3513 νομένης
1001 3447 1421 3516 συγχωροῦνται,
1470 3454 1714 3520 περισσὰ
1762 3454 1938 3508 πάντα
1980 3460 2076 3508 ὅσα
2114 3457 2251 3525 μετὰ
2288 3457 2516 3511 θάνατον
2547 3458 2580 3523 ἡ
2618 3453 2916 3520 Ἐκκλησία
2956 3449 3344 3519 νενομοθέτηκε
3384 3448 3571 3502 ποιεῖν.
3727 3454 3735 3457 ’

787 3539 1088 3596 Secundam
1117 3541 1375 3596 adversus
1423 3558 1522 3597 nos
1554 3543 1902 3610 objectiouem
1955 3547 2250 3612 adducunt,

724 3633 865 3700 quod
900 3632 944 3685 si
971 3634 1018 3685 ei
1051 3632 1140 3698 qui
1173 3631 1524 3686 obdormierit
1547 3635 1798 3701 opitulari
1827 3651 1961 3704 opus
2003 3646 2103 3698 est,
2135 3646 2189 3690 et
2209 3639 2251 3689 si

721 3723 1119 3778 omniuodatur
1149 3723 1471 3788 subsidium,
1509 3726 1822 3781 habentibus
1850 3728 1951 3794 qui
1991 3729 2253 3782 auxilieno

723 3829 831 3895 tur,
858 3817 1091 3877 dabitur.
1131 3827 1184 3869 at
1211 3831 1306 3884 pro
1331 3833 1434 3871 non
1474 3817 1793 3872 habentibus
1827 3822 1951 3887 quis
1999 3821 2254 3888 depreca-

722 3909 902 3964 bitur?
933 3909 998 3962 Et
1043 3911 1178 3963 hanc
1205 3909 1598 3978 quamprimum
1647 3909 2018 3977 dissolvemus,
2058 3911 2252 3980 quippe

718 4017 840 4054 cum
874 4002 923 4053 hi
953 4015 1167 4069 quoque
1201 4001 1356 4055 binos
1379 4001 1608 4054 habeant
1627 4001 1921 4069 adjutores,
1951 4001 2039 4056 hic
2065 4001 2250 4054 Eccle-

723 4093 880 4154 siam,
912 4097 966 4143 et
999 4090 1068 4142 ibi
1091 4091 1457 4158 purgatorium
1493 4091 1692 4158 ignem,
1720 4085 1878 4155 unod
1906 4089 1958 4141 in
1983 4092 2250 4156 pmniten-

726 4182 857 4233 tium
887 4179 1180 4233 subsidium
1208 4194 1573 4246 comparatum
1608 4189 1709 4237 est.
1746 4179 1955 4238 Rursus
1973 4180 2252 4238 dementes

723 4274 870 4336 estis,
901 4289 1073 4340 neque
1107 4273 1380 4343 percipitis
1408 4266 1700 4328 Ecclesiam
1735 4273 1826 4328 Dei
1851 4288 2058 4343 semper
2089 4288 2249 4328 orare

723 4379 818 4432 pro
840 4364 1082 4424 mortuis.
1113 4373 1166 4418 et
1196 4365 1419 4434 singulis
1439 4363 1688 4418 Sabbatis
1714 4379 1809 4432 pro
1840 4365 2120 4418 animabus
2138 4374 2253 4418 tan-

725 4467 835 4511 tum
894 4455 1069 4509 facere
1123 4454 1708 4509 commemorationem.
1768 4454 2024 4507 Praeterea
2067 4455 2148 4507 bis
2199 4456 2251 4506 in

725 4562 866 4598 anno
899 4561 993 4612 pro
1048 4544 1424 4622 deluuctoruui
1480 4545 1736 4597 memoria
1769 4544 2008 4598 celebrat
2039 4543 2253 4607 festum,

2428 3548 2686 3611 Δεύτερον
2735 3545 3034 3610 ἐπάγουσιν
3085 3539 3482 3611 ἐπαποροῦντες
3515 3541 3647 3609 ἡμῖν
3673 3555 3688 3570 ο
3737 3540 3810 3592 ὅτι
3837 3535 3873 3588 εἰ

2355 3639 2435 3691 δεῖ
2465 3637 2722 3707 βοηθῆσαι
2755 3636 2829 3702 τῷ
2865 3633 3198 3702 κοιμηθέντι,
3225 3633 3318 3683 καὶ
3348 3632 3394 3682 εί
3420 3629 3569 3681 ἔστιν
3597 3629 3730 3687 ὅλως
3762 3631 3863 3678 ἐπι-

2357 3729 2548 3796 κουρία
2602 3729 2649 3778 οί
2687 3725 2897 3793 ἔχοντες
2949 3740 3068 3776 τινα
3114 3737 3246 3790 προς
3293 3719 3592 3785 ὠφέλειαν
3624 3721 3672 3769 oi
3721 3718 3772 3770 δι
3817 3717 3874 3782 μὴ

2357 3820 2586 3887 ἔχοντες,
2624 3818 2707 3880 τίς
2763 3816 2898 3884 ὑπὲρ
2941 3814 3120 3866 αὐτῶν
3169 3811 3569 3882 προσεύξεται;
3605 3810 3713 3862 Καὶ
3763 3808 3873 3874 πρὶς

2356 3910 2510 3962 τοῦτο
2531 3910 2718 3978 ταχεῖα
2745 3909 2778 3975 ή
2807 3905 2960 3966 λύσις
2985 3903 3292 3971 γενήσεται.
3319 3901 3444 3954 Ὀτι
3492 3902 3586 3954 καὶ
3617 3895 3775 3961 οὗτοι,
3804 3896 3873 3947 δύο

2356 4000 2479 4060 τοὺς
2515 3994 2936 4063 ἐπικουροῦντας
2975 3992 3187 4060 ἔχουσιν
3215 4005 3231 4021 ο
3261 3989 3492 4042 ἐνταῦθα
3531 3991 3630 4056 τὴν
3670 3986 3871 4051 Ἐκκλη-

2361 4087 2478 4139 σίαν
2499 4105 2510 4116 °
2547 4087 2639 4138 καὶ
2667 4087 2844 4137 ἐκεῖσε
2869 4081 2930 4134 τὸ
2958 4081 3324 4154 καθαρτήριον
3354 4077 3484 4148 πῦρ,
3517 4078 3545 4130 ὃ
3575 4079 3872 4147 ἡτοίμασται

2358 4177 2443 4230 διὰ
2473 4174 2596 4238 τοὺς
2645 4171 3059 4241 μετανοοῦντας.
3107 4168 3313 4234 Ἀκμὴν
3349 4167 3600 4220 ἀσύνετοί
3635 4171 3774 4230 ἐστι,
3802 4167 3869 4216 καὶ

2357 4269 2455 4323 οὐκ
2485 4268 2679 4334 ἔγνωτε
2730 4266 2810 4317 ὄτι
2848 4265 2878 4335 ή
2919 4262 3012 4315 τοῦ
3056 4260 3289 4328 Χριστοῦ
3331 4259 3623 4326 Ἐκκλησία
3685 4257 3871 4323 εὔχεται

2356 4360 2442 4413 ἀεὶ
2469 4359 2609 4424 ὑπὲρ
2639 4357 2745 4408 τῶν
2784 4353 3218 4420 κεκοιμημένων,
3250 4351 3344 4400 καὶ
3375 4349 3517 4400 κατὰ
3558 4349 3668 4398 πᾶν
3696 4344 3871 4398 Σάϐϐα-

2357 4466 2449 4501 τον
2488 4450 2658 4516 μόνως
2703 4447 2830 4515 περὶ
2878 4447 2982 4497 τῶν
3015 4442 3200 4511 ψυχῶν
3248 4441 3437 4508 μνείαν
3485 4441 3719 4491 ποιεῖται
3744 4451 3761 4505 ;
3789 4434 3872 4487 Καὶ

2360 4540 2437 4590 ἐτι
2467 4539 2545 4600 δὶς
2571 4538 2662 4589 τοῦ
2707 4535 2953 4590 ἐνιαυτοῦ
2993 4535 3112 4602 ἄγει
3158 4534 3467 4602 πανήγυριν
3518 4533 3649 4600 περὶ
3686 4532 3870 4598 μνήμης

728 4638 779 4685 in
807 4633 1048 4697 'Sahbato
1075 4630 1222 4700 dico,
1255 4637 1400 4702 quod
1434 4637 1610 4687 carnis
1650 4635 1876 4705 priviutn
1904 4637 2176 4704 praecedit,
2204 4645 2253 4690 et

2359 4629 2562 4696 ψυχῶν,
2593 4629 2649 4679 ἐν
2677 4627 2752 4696 τῷ
2785 4627 3039 4694 Σαϐϐάτῳ
3070 4626 3145 4694 τῷ
3169 4623 3269 4692 πρὸ
3297 4623 3392 4689 τῆς
3425 4622 3707 4687 Ἀπόκρεώ
3739 4636 3870 4685 φημι.

728 4733 849 4775 ante
883 4722 1253 4778 Pentecoslen.
1282 4723 1391 4779 lloc
1413 4728 1577 4790 colit,
1609 4737 1666 4780 ut
1691 4728 1852 4781 simul
1881 4742 2067 4780 omnes
2105 4742 2253 4780 (om-

732 4812 1270 4877 preheudant,ct‘eos
1308 4815 1396 4881 qui
1425 4827 1699 4883 cognatos,
1729 4817 1817 4884 qui
1855 4833 2035 4870 curam
2095 4820 2159 4871 de
2192 4820 2256 4873 iis

692 4895 695 4900 ’
732 4906 1047 4974 suscipiant,
1075 4907 1272 4974 pariter
1305 4917 1356 4962 ct
1381 4908 1470 4974 qui
1497 4925 1598 4962 non
1623 4908 1838 4970 habent,
1857 4917 1985 4962 utet
2015 4909 2116 4977 ipsi
2135 4925 2254 4962 cum

2360 4719 2453 4773 καὶ
2483 4717 2555 4789 τῷ
2597 4717 2698 4787 πρὸ
2722 4717 2820 4787 τῆς
2857 4716 3246 4785 Πεντηκοστῆς.
3279 4712 3449 4766 Τοῦτο
3470 4711 3524 4764 δὲ
3557 4713 3780 4777 γίνεται,
3803 4708 3868 4757 ἶνα

2361 4811 2494 4878 ὁμοῦ
2526 4811 2727 4870 πάντας
2775 4806 3172 4876 συμπεριλάϐῃ,
3223 4805 3317 4856 καὶ
3363 4803 3488 4865 τοὺς
3521 4799 3598 4870 μή
3633 4802 3869 4868 τυχόντας

2365 4901 2675 4969 ἐπιμελείας
2725 4899 2872 4968 παρὰ
2908 4899 3014 4950 τῶν
3046 4898 3260 4949 οἰκείων
3295 4895 3494 4956 αὐτῶν,
3545 4895 3678 4953 ἴσως
3720 4891 3786 4950 ὡς
3813 4889 3868 4954 μὴ

739 5001 992 5053 omnibus
1049 5002 1098 5052 in
1160 5015 1442 5054 commune
1479 5000 1634 5066 hujus
1695 4999 1917 5054 subsidii
1972 5000 2253 5068 participe:

2366 4993 2616 5060 ἐχόντων,
2647 4991 2730 5042 ἵνα
2779 4992 2964 5042 καύτοί
3022 4989 3157 5057 μετᾶ
3205 4987 3418 5061 πάντων
3458 4983 3654 5045 κοινῶς
3707 4981 3869 5049 τύχωει

731 5091 1042 5147 ellicianlur.

803 5180 1035 5236 Tertiam
1100 5195 1284 5252 postea
1337 5193 1390 5236 et
1436 5183 1792 5250 urgentiorem
1851 5184 2005 5236 nobis
2040 5182 2266 5235 alleruut

737 5275 1024 5329 admodum
1083 5275 1407 5328 exsultantes
1449 5281 1501 5324 ct
1551 5274 1887 5341 supercilium
1945 5261 2261 5325 attollentes.

736 5367 883 5431 Esto,
915 5365 1172 5430 dit-entes,
1200 5374 1496 5435 purgentur
1529 5380 1670 5417 nunc
1726 5366 1935 5426 animae,
2003 5379 2271 5430 quousqu.

741 5456 1057 5510 universalis
1078 5456 1327 5510 adveniat
1360 5454 1683 5509 resurrectio
1711 5455 1813 5520 ;sit
1843 5457 2050 5523 tempus
2083 5454 2134 5506 in
2158 5468 2262 5519 quo

735 5545 1024 5610 cruciatus,
1060 5547 1288 5613 gemitus
1318 5555 1372 5600 et
1428 5548 1687 5615 lacrymas
1736 5546 1790 5598 in
1836 5547 2042 5600 iulcruo
2085 5559 2266 5612 perpe-

1664 5645 1873 5706 pcracta
1927 5626 2257 5705 purgatione,

738 5731 881 5794 t'cgui
913 5727 1146 5782 caelestis
1166 5735 1438 5794 compotes
1473 5728 1595 5782 liant
1625 5748 1637 5790 ;
1677 5731 1766 5784 scd
1797 5731 1848 5783 in
1883 5729 2262 5785 commutatio-

737 5640 960 5701 tiantur,
989 5637 1144 5690 sicuti
1178 5651 1270 5688 vos
1319 5638 1556 5690 asseritis
1593 5653 1605 5688 :

807 5906 846 5934 ⁸³
880 5906 1098 5962 .‘laiach.
1137 5923 1212 5973 III,
1249 5908 1304 5960 ἓ.

2364 5100 2585 5149 ταύτης.

2437 5169 2565 5226 Εἶτα
2602 5173 2662 5226 τὸ
2695 5174 2870 5242 τρίτον
2907 5171 3001 5223 καὶ
3028 5168 3325 5238 βιαιότερον
3369 5167 3718 5236 προφέρουσι,
3754 5163 3868 5231 μάλα

2361 5265 2688 5332 γαυριῶντες
2718 5265 2808 5316 καὶ
2834 5264 2931 5333 τὴν
2959 5262 3128 5329 ὀφρὺν
3146 5260 3489 5327 ἐπαιρόμενοι
3515 5273 3529 5286 ·
3563 5259 3760 5316 Ἔστω,

2385 5375 2580 5422 γεντες,
2611 5359 2686 5410 ὅτι
2720 5357 2813 5410 νῦν
2848 5353 3192 5420 καθαίρονται
3227 5353 3282 5404 αῖ
3322 5351 3510 5419 ψυχαὶ,
3531 5350 3636 5411 ἕως
3668 5347 3759 5414 τῆς
3786 5360 3866 5396 κει·

2371 5452 2462 5518 νῆς
2491 5451 2831 5510 ἀναστάσεως
2855 5464 2869 5478 ο
2899 5449 2988 5500 καὶ
3011 5447 3122 5498 ἔστι
3150 5443 3338 5512 καιρὸς
3365 5443 3449 5493 ῖνα
3480 5438 3772 5508 πειραθῶσι
3795 5435 3868 5499 τῆς

2368 5544 2554 5612 ὀδύνης
2587 5544 2676 5593 καὶ
2707 5541 2812 5593 τῶν
2842 5537 3156 5605 στεναγμῶν
3195 5533 3286 5585 καὶ
3317 5527 3568 5597 δακρύων
3603 5529 3710 5580 τῶν
3740 5529 3788 5577 ιν

2369 5634 2490 5702 ᾄδῃ,
2531 5633 2712 5700 ῶσπερ
2756 5629 2978 5694 λέγετεο
3019 5625 3153 5694 μετὰ
3199 5619 3256 5673 δὲ
3296 5619 3356 5670 τὸ
3404 5617 3759 5686 καθαρθῆναι,
3798 5612 3866 5663 καὶ

2369 5726 2466 5791 τῆς
2529 5725 2633 5777 τῶν
2695 5718 2934 5790 οὐρανῶν
3013 5711 3287 5772 κατοικίας
3352 5707 3566 5777 μέτοχοι
3647 5707 3862 5774 γίνονται
