4010 6332
228 412 252 474 Ῑ
265 415 363 476 £69

878 419 1021 477 PRO
1057 420 1265 481 CONL‘.
1302 414 1664 477 FLORENT.
1702 415 1856 471 CAP.
1901 413 2009 470 Ιῐῐ.
2057 414 2149 470 DE
2193 414 2693 473 PURGATORIO.

3275 411 3404 473 12270

234 531 325 583 ‘Ev
376 519 447 600 τῇ
494 531 673 602 ἡμέρᾳ
731 533 785 585 δι
812 533 908 602 τῆς
955 526 1270 600 ὲναλλάγῆς,
1314 535 1452 587 κατά
1485 535 1574 586 τδν
1603 532 1763 600 μακάι

1885 528 1972 580 nis
2000 528 2084 580 die
2115 528 2407 581 secundum
2433 530 2643 582 beatum
2683 528 2920 592 Paulum,
2959 536 3012 580 et
3037 529 3126 595 qui
3171 537 3298 581 tunc
3325 528 3409 580 vi.

223 639 340 686 ριον
397 622 635 686 Παῦλον,
681 623 1058 693 εὑρεθήσονται
1138 627 1229 677 καὶ
1279 625 1511 687 ζῶντες·
1574 625 1765 683 οἵτινες

219 713 285 762 οὑ
327 712 589 780 φθάσουσι
613 715 734 775 τοὺς
773 715 1130 784 κοιμηθέντας
1160 715 1572 782 ἀνισταμένους,
1603 715 1683 766 ὅτι
1714 714 1769 764 ἐν

223 805 365 871 ῥοπῇ
401 804 674 874 ὀφθαλμοῦ
711 806 800 858 καὶ
841 809 896 858 ὲν
931 808 1135 874 ἀτόμῳ,
1177 807 1269 858 καὶ
1299 807 1346 858 οί
1378 807 1573 869 ζῶντες
1611 805 1768 856 ἐναλ-

223 897 575 965 λαγήσονται,
602 900 693 950 καὶ
722 899 770 949 οί
799 899 976 968 νεκροὶ
1005 899 1389 965 ἐγερθήσονται
1415 913 1429 928 ο
1459 897 1562 949 ποῦ
1587 896 1769 948 λοιπὸν

224 989 420 1056 καιρὸς
447 988 500 1039 ἐν
534 991 596 1058 τῇ
636 991 770 1058 ῥοπῇ
811 990 902 1042 τοῦ
951 988 1248 1055 ὀφθαλμοῦ,
1291 989 1647 1057 πειρασθῆναι
1675 988 1769 1039 καὶ

221 1079 487 1130 κοπιάσαι
515 1095 530 1141 ς
565 1079 664 1131 ποῦ
695 1079 750 1130 δὲ
787 1081 878 1130 καλ⁸
906 1081 1234 1148 λειτουργίαι
1261 1081 1353 1132 καὶ
1388 1079 1764 1146 ἐλεημοσύναι,

223 1169 324 1221 καὶ
356 1167 565 1233 sane;
607 1169 686 1221 ὅτι
739 1169 942 1238 βραχὺς
979 1172 1006 1222 6
1041 1171 1226 1237 καιρός
1250 1188 1265 1202 ο
1302 1169 1395 1222 καὶ
1437 1172 1463 1221 6
1492 1168 1638 1234 ἀγὼν
1683 1185 1769 1219 τε-

222 1258 503 1310 λειοῦται·
560 1260 652 1312 καὶ
701 1261 748 1312 0i
804 1261 1053 1325 στέφανοι
1097 1261 1360 1312 δίδονταιο
1408 1261 1496 1312 καὶ
1545 1262 1770 1319 ἕκαστος

221 1348 600 1416 ἀπολαμϐάνει
651 1350 781 1401 καθ’
829 1351 856 1402 ὃ
906 1349 1126 1419 ἔπραξε.
1168 1352 1230 1402 Τί
1280 1351 1372 1404 οῦν
1414 1353 1549 1421 πρὸς
1599 1352 1770 1405 ταῦτα

221 1442 402 1512 ἐρεῖτε
433 1441 610 1508 ὑμεῖς,
639 1443 689 1494 oi
720 1441 817 1510 τὴν
848 1442 906 1494 ὲν
940 1442 1245 1512 Φλωρεντίᾳ
1278 1442 1489 1495 σύνοδον
1525 1444 1771 1509 στέργον-

220 1549 335 1593 τες.
395 1531 484 1586 καὶ
530 1535 788 1599 γενναίως
830 1534 995 1604 αὑτὴν
1030 1537 1421 1604 κηρύττοντες;
1469 1536 1516 1588 oi
1552 1536 1770 1602 καιροὺς

219 1623 466 1687 τιθέντες
491 1629 604 1687 τοῖς
641 1627 1056 1694 καθαιρομένοις
1085 1629 1140 1678 ἐν
1169 1627 1247 1694 τῷ
1279 1624 1435 1697 ἀηδεῖ
1465 1627 1652 1696 ἐκείνῳ
1680 1626 1770 1678 καὶ

222 1714 487 1780 σκοτεινῷ
517 1716 665 1784 τόπῳ
691 1733 705 1749 ο
736 1717 790 1768 τί
823 1717 910 1768 καὶ
938 1717 1072 1783 πρὸς
1095 1719 1263 1771 ταῦτα
1286 1719 1353 1771 ἂν
1378 1719 1561 1786 είπητε
1584 1735 1598 1784 ;
1633 1721 1769 1786 Πρὸς

217 1804 383 1857 τοῦτο
407 1800 498 1858 οὖν
523 1806 660 1873 μετά
689 1807 1069 1876 μακροθυμίας
1090 1809 1189 1878 τὴν
1210 1811 1377 1876 ἀκοὴν
1403 1815 1766 1878 χορηγήσατεο

215 1896 306 1946 ὅτι
336 1896 537 1957 δίκαιος
578 1896 651 1948 ὢν
679 1900 706 1950 6
759 1896 980 1966 Κύριος,
1017 1901 1112 1951 καὶ
1172 1899 1512 1960 δικαιοσύνας
1564 1902 1769 1968 ἀγαπᾷ,

220 1984 322 2035 καὶ
347 1969 444 2051 τὴν
465 1985 569 2036 τῶν
601 1986 900 2054 ἀνθρώπων
931 1987 1202 2055 σωτηρίαν
1231 1988 1317 2039 ἀεὶ
1338 1988 1762 2058 προμηθεύεται.

215 2076 360 2135 Τοὺς
399 2077 493 2140 μὲν
545 2075 638 2128 νῦν
673 2077 1113 2144 ἀποθνήσκοντας
1163 2082 1222 2133 ὲν
1270 2080 1526 2151 μετανοίᾳ
1558 2081 1766 2149 ἀληθεῖ,

213 2164 299 2227 ὡς
341 2165 595 2228 πολλάκις
626 2168 862 2237 εἴρηται,
893 2167 969 2236 τῷ
1007 2169 1356 2240 καθαρτηρίῳ
1388 2174 1763 2240 παραπέμπει,

219 2258 418 2323 καιρὸν
446 2257 613 2320 διδοὺς
651 2259 830 2322 αὐτοῖς
874 2258 971 2325 τῆς
999 2258 1335 2328 καθάρσεως,
1391 2262 1603 2329 ἑκάστῳ
1632 2262 1766 2314 κατὰ

214 2349 512 2411 ἀναλογίαν
554 2348 663 2400 τῶν
713 2351 1200 2418 πλημμελημάτων
1235 2351 1398 2402 αὑτοῦ
1423 2367 1436 2382 ⁸
1493 2355 1603 2413 τοῖς
1648 2354 1766 2403 τότε

215 2438 302 2495 δὲ,
332 2435 623 2498 πολυειδῶς
656 2440 751 2509 καὶ
781 2440 1133 2508 πολυτρόπως
1175 2441 1272 2508 τὴν
1304 2441 1573 2508 σωτηρίαν
1606 2442 1765 2509 ἐργά-

214 2527 394 2590 ζεται.
423 2527 618 2598 Πρῶτά
651 2531 748 2596 μὲν
796 2530 984 2600 ποινὴν
1015 2532 1331 2583 ἀνείκαστον
1359 2532 1515 2584 δώσει
1555 2534 1644 2583 τὸν
1673 2532 1765 2584 τοῦ

230 2619 606 2686 Ἀντιχρίστου
639 2619 837 2689 δηλαδὴ
869 2622 1172 2689 πειρασμόν
1200 2636 1214 2652 ·
1237 2621 1294 2683 ὃς
1324 2621 1460 2674 κατὰ
1493 2623 1588 2683 τὰς
1617 2623 1767 2690 ίερὰς

218 2710 468 2775 Γραφὰς,
507 2711 748 2778 μεγάλην
773 2712 1036 2780 ιπήρειαν
1069 2712 1226 2764 δώσει
1250 2699 1470 2774 καὶτοῖς
1499 2713 1765 2776 ἐκλεκτοῖς

215 2801 432 2862 δούλοις
469 2802 564 2853 τοῦ
603 2803 736 2856 Θεοῦ
761 2820 775 2835 ⁸
810 2808 841 2874 ἡ
888 2805 934 2856 δ’
967 2806 1209 2874 ὑπομονὴ
1247 2808 1425 2860 αὐτῶν
1475 2809 1637 2860 σώσει
1667 2813 1766 2862 αὑ-

171 2962 180 2969 .
213 2895 370 2955 τοὺς,
405 2894 542 2946 κατά
571 2895 660 2946 τὸν
701 2895 856 2958 λόγον
902 2897 994 2948 τοῦ
1027 2898 1247 2964 Κυρίου,
1295 2899 1374 2950 ὅτι
1402 2901 1427 2950 6
1472 2900 1767 2967 ὑπομείνας

213 2987 301 3043 εἰς
331 2985 504 3046 τέλος,
535 2986 686 3045 οὗτος
718 2987 1020 3055 σωθήσεται
1045 3007 1059 3020 υ
1086 2989 1299 3052 οἵτινες
1330 2991 1384 3041 δὲ
1408 2989 1482 3057 τῷ
1501 2990 1641 3041 τέλει
1673 2990 1764 3042 τοῦ

218 3076 341 3142 βίου
403 3076 716 3143 χρήσονται,
751 3076 819 3128 δι’
874 3078 1034 3129 ἀλλου
1079 3081 1284 3148 τρόπου
1334 3077 1498 3132 σώσει
1550 3083 1763 3142 αὐτοὺς,

215 3168 553 3235 δριμυτέραν
591 3167 764 3231 διδοὺς
794 3170 975 3231 αὑτοῖς
1007 3169 1101 3238 τὴν
1134 3171 1324 3237 ποινὴν
1351 3171 1443 3221 τοῦ

221 3259 340 3325 ρίου
370 3261 538 3328 πυρὸς
585 3261 639 3311 ὲν
671 3263 776 3330 -μιᾷ
805 3262 994 3329 καιροῦ
1030 3263 1190 3330 ῥοπῇ,
1233 3263 1263 3330 ἦ
1310 3263 1511 3322 τοῖςιέν
1555 3262 1760 3329 χρόνοις

215 3336 438 3402 ἑκατόν.
469 3351 576 3402 Καὶ
611 3352 1038 3418 παραδείγματος
1069 3354 1246 3421 χάριν,
1281 3356 1311 3421 ἡ
1351 3353 1564 3416 ἐξουσία
1598 3355 1654 3405 ὲν
1683 3353 1758 3404 ἑνὶ

219 3440 317 3491 καὶ
344 3441 420 3506 τῷ
450 3440 596 3508 αὑτῷ
637 3441 952 3508 πταίσματι,
993 3443 1085 3493 δύο
1115 3445 1266 3503 τινας
1304 3444 1622 3511 χειρώσεται
1651 3461 1664 3474 ·
1689 3438 1762 3495 ὧν

212 3533 312 3584 τὸν
350 3533 445 3599 μὲν
477 3536 789 3601 κατακρινεῖ
815 3535 999 3601 χρόνον
1029 3533 1122 3585 ἕνα
1148 3533 1366 3601 ποιῆσαι
1401 3536 1455 3584 ἐν
1478 3535 1760 3600 φυλακαῖς,

216 3627 319 3677 καὶ
373 3623 746 3691 ἀπολυθῆναιο
780 3626 868 3676 τὸν
916 3626 995 3685 δὲ.
1048 3628 1202 3692 ποινῇ
1259 3626 1416 3692 ἑτέρα.
1466 3625 1762 3694 δριμυτέρα

217 3717 322 3783 τῆς
351 3717 611 3782 φυλακῆς,
650 3719 708 3767 ἐν
763 3717 859 3783 μιᾷ
887 3715 1005 3785 ὥρᾳ
1058 3715 1271 3784 δοθῆναι
1314 3717 1459 3785 αὑτῷ
1500 3717 1763 3781 βασάνους

217 3806 593 3874 κολαστηρίων
623 3804 768 3865 δέκα,
797 3805 891 3856 καὶ
920 3805 1272 3870 ἀπολυθῆναι.
1305 3805 1398 3865 Τίς
1447 3801 1536 3856 οὖν
1566 3807 1625 3856 ὲκ
1653 3807 1762 3856 τῶν

216 3899 312 3949 δύο
339 3898 664 3966 δριμυτέραν
706 3898 906 3966 ὑπέστη
952 3897 1047 3964 τὴν
1089 3896 1264 3960 δίκην,
1295 3897 1413 3947 εἰπέ
1463 3911 1582 3963 μοι·
1615 3899 1643 3948 6
1673 3899 1762 3949 τὸν

218 3989 467 4040 ἐνιαυτὸν
499 3990 555 4039 ὲν
597 3991 660 4055 τῇ
699 3988 908 4055 φυλακῇ
954 3988 1205 4054 ποιήσας,
1247 3987 1278 4054 ἦ
1313 3990 1340 4038 6
1372 3989 1468 4050 τάς
1502 3988 1762 4056 βασάνους

216 4077 398 4128 λαϐὼν
447 4079 501 4128 ὲν
533 4077 722 4144 βραχεῖ
755 4076 922 4144 μορίῳ
957 4075 1102 4142 ὥρας
1129 4092 1142 4138 ;
1196 4074 1428 4142 Εὔδηλον
1461 4076 1541 4128 ὅτι
1591 4069 1758 4137 οὗτος.

216 4165 378 4219 Οὑτω
410 4168 502 4219 καὶ
548 4168 604 4218 ὲν
631 4169 694 4234 τῇ
733 4165 849 4234 ὥρᾳ
883 4165 1080 4233 ἐκείνῃ,
1118 4165 1209 4216 καὶ
1255 4167 1317 4233 τῇ
1367 4164 1459 4216 τοῦ
1487 4165 1761 4232 ὀφθαλμοῦ

215 4258 376 4325 ῥιπῇ.
428 4253 488 4308 '0
520 4255 627 4305 τῶν
676 4255 955 4323 δυνάμεων
988 4254 1206 4323 Κύριος,
1238 4255 1265 4305 6
1311 4255 1486 4306 πάντα
1531 4256 1762 4324 δυνάμε-

212 4364 328 4405 νος,
366 4347 456 4396 κα).
501 4345 658 4397 τοῦτο
689 4345 910 4398 δύναται
954 4347 1197 4412 ποιῆσαι,
1235 4345 1406 4406 διδοὺς
1444 4347 1541 4411 τὴν
1575 4347 1762 4414 ποινὴν

212 4435 277 4482 ιν
305 4435 501 4500 ἀκαρεῖ
537 4433 729 4500 χρόνῳ,
760 4435 864 4493 τοῖς
898 4435 1016 4485 τότε
1064 4435 1365 4501 εὑρεθεῖσιν
1393 4437 1450 4486 ἐν
1482 4437 1663 4505 ἐκείνη
1695 4439 1758 4505 τῇ

1874 623 2002 665 vunt
2025 615 2270 687 aderunt,
2301 617 2386 682 qui
2407 625 2528 668 ante
2559 623 2796 668 mortuos
2828 630 2931 666 non
2959 624 3252 682 resurgent,
3272 615 3396 688 quia

1825 739 1828 742 μ
1871 701 1923 752 in
1952 702 2058 754 ictu
2091 704 2234 756 oculi
2257 712 2307 755 et
2339 704 2390 756 in
2420 701 2686 756 momento
2706 703 3316 766 vivicommutabuntur;
3349 714 3402 755 et

1870 790 2066 842 mortui
2101 800 2404 856 resurgunt,
2429 791 2695 858 quomodo
2719 801 2924 858 tempus
2954 800 3191 843 remanet
3218 792 3267 842 in
3292 792 3396 844 ictu

1868 878 2010 930 oculi
2038 880 2376 946 aggrediendi
2429 889 2482 933 et
2511 881 2746 934 laborem
2799 881 3102 933 insumentli
3132 880 3154 931 ?
3190 879 3286 933 Ubi
3317 896 3403 932 sa-

1869 967 2096 1031 criﬁcia,
2121 969 2476 1036 eleemosynat
2520 980 2571 1022 et
2604 971 2808 1037 reliqua
2855 981 3074 1039 propter
3103 969 3400 1039 angustiam

1870 1057 2152 1125 temporis,
2211 1058 2262 1111 in
2318 1075 2426 1125 quo
2468 1069 2734 1113 certamen
2772 1060 3062 1128 peragitur,
3103 1069 3156 1113 et
3198 1073 3408 1111 coronae

1871 1147 2173 1208 traduntur,
2211 1159 2265 1200 et
2290 1148 2658 1217 unusquisque
2701 1150 2889 1215 recipit
2919 1148 3211 1204 secundum
3247 1163 3406 1215 opera

1875 1236 2010 1290 Sua?
2040 1234 2176 1300 Quid
2208 1230 2276 1288 ad
2308 1237 2420 1290 haec
2450 1238 2838 1305 respondebitis
2871 1254 2984 1303 vos,
3024 1237 3114 1306 qui
3149 1236 3408 1290 Florenti-

1870 1339 1994 1376 nam
2033 1324 2296 1392 synodum
2333 1326 2714 1393 amplcuimini
2738 1335 2788 1379 et
2836 1338 3049 1381 strenue
3075 1313 3239 1396 ipsam
3274 1341 3410 1394 prae-

1875 1412 2111 1466 dieatis?
2144 1414 2234 1481 qui
2279 1423 2510 1482 tempora
2545 1414 2836 1483 assignatis
2893 1416 2959 1471 iis
2993 1416 3082 1484 qui
3117 1423 3408 1484 purgantur

1872 1503 1923 1555 in
1953 1504 2093 1556 tristi
2137 1513 2188 1558 et
2223 1505 2509 1559 tenebroso
2535 1506 2652 1560 loco
2699 1505 2812 1570 illo,
2837 1505 2961 1573 quiti
3011 1497 3267 1560 adversus
3295 1507 3407 1558 haec

1871 1590 2148 1651 δαεῖειίςῖ
2185 1590 2320 1647 Huic
2351 1595 2424 1648 rei
2463 1595 2701 1649 adhibita
2746 1596 2964 1648 lenitate
3008 1595 3192 1658 animi,
3227 1610 3404 1656 aures,

1870 1696 2075 1755 quaeso,
2102 1681 2681 1748 aceommodate.-Quia
2732 1683 2910 1750 justus
2940 1693 3020 1737 est
3068 1685 3319 1760 Dominus
3355 1695 3409 1737 et

1867 1767 2105 1836 justitias
2137 1780 2304 1834 amat,
2338 1781 2390 1824 et
2424 1787 2639 1841 semper
2675 1774 2848 1826 estde
2898 1775 3195 1828 animarum
3239 1775 3409 1829 salute

1809 1867 1847 1922 Β
1879 1863 2159 1915 sollicitus.
2200 1862 2299 1927 Qui
2350 1879 2492 1916 nunc
2523 1865 2571 1916 in
2609 1878 2726 1916 vera
2783 1865 3094 1932 ptenitentia
3126 1865 3408 1929 decedunt,

1867 1967 1979 2015 eos,
2006 1961 2061 2005 ut
2080 1968 2221 2022 saepe
2250 1953 2447 2006 dictum
2477 1963 2577 2016 est,
2597 1957 2914 2008 transmittit
2935 1958 2998 2009 ad
3018 1958 3406 2024 purgatorium,

1869 2041 2164 2109 unicuique
2205 2052 2412 2110 tempus
2450 2045 2501 2096 in
2565 2059 2671 2112 quo
2698 2055 2951 2112 purgetur
2987 2046 3286 2114 assignans,
3321 2062 3408 2098 sc-

1867 2129 2101 2182 cundum
2138 2129 2410 2183 commissi
2472 2131 2892 2199 proportionem,
2929 2131 3134 2184 caeteris
3177 2145 3239 2184 eo
3271 2141 3405 2183 tem-

1869 2230 2000 2283 pore
2034 2216 2406 2282 multipliciter
2439 2228 2490 2269 et
2517 2217 2864 2270 multifariam
2923 2218 3144 2272 salutem
3179 2219 3402 2286 parabit.

1866 2304 2107 2358 Primum
2156 2306 2375 2374 quidem
2432 2320 2646 2374 pmnam
2680 2306 3266 2375 ineomprehensibilcm
3296 2315 3408 2359 tra-

1867 2392 1966 2458 dit,
2012 2393 2326 2464 Antichristi
2357 2395 2561 2448 scilicet
2593 2396 2958 2462 tentationem,
2992 2396 3081 2463 qui
3115 2397 3404 2450 secundum

1875 2481 2183 2550 Scripturas
2221 2488 2560 2538 vetationem
2627 2473 3212 2553 magnam'exhibebit,
3244 2485 3406 2538 etiam

1867 2572 2056 2626 electis
2107 2572 2278 2625 servis
2311 2571 2422 2624 Dei.
2475 2571 2742 2625 Patientia
2800 2587 2923 2626 vero
2953 2588 3135 2626 eorum
3185 2573 3406 2627 salvabit

1869 2662 2009 2725 illos,
2040 2666 2333 2715 secundum
2379 2663 2599 2716 verbum
2630 2663 2859 2723 Domini,
2885 2664 3024 2730 quod
3047 2664 3136 2731 qui
3162 2678 3407 2731 perseve-

1871 2750 2066 2803 raverit
2098 2766 2265 2818 usque
2292 2750 2344 2803 in
2379 2750 2536 2803 ﬁnem
2568 2750 2656 2803 hic
2685 2750 2868 2804 salvus
2903 2749 3026 2802 erit.
3061 2747 3124 2800 Et
3167 2748 3256 2815 qui
3288 2747 3408 2799 vita;

1869 2840 2026 2892 tinem
2059 2843 2369 2902 sortientur,
2403 2840 2504 2893 alio
2539 2841 2698 2894 modo
2733 2841 2958 2894 salvabit
2992 2840 3133 2902 illos,
3168 2837 3407 2892 acerbio-

1867 2945 1975 2982 rem
2031 2930 2094 2984 iis
2129 2946 2286 2997 quam
2319 2933 2612 2999 purgatorii
2667 2932 2806 3000 ignis
2858 2931 3143 2998 assignans
3195 2943 3405 2998 poenam

1868 3035 1972 3072 uno
2008 3023 2213 3072 tantum
2241 3031 2512 3074 momento
2547 3023 2826 3088 temporis,
2869 3036 3029 3090 quam
3056 3021 3099 3074 si
3131 3019 3256 3072 anui
3281 3034 3408 3074 cen-

1870 3116 1978 3162 tum
2009 3109 2420 3163 intercederent.
2457 3109 2695 3178 Exempli
2718 3109 3267 3179 gratia,magistratus
3307 3123 3399 3175 pro

1489 3171 1762 3268 καθ⁰ξ²τη“
1790 3209 1832 3266 ο
1868 3215 1972 3252 ιιηο
2006 3208 2055 3251 et
2079 3200 2264 3253 eodem
2289 3200 2510 3254 crimine
2553 3202 2686 3253 duos
2712 3199 3143 3268 comprehendet,
3176 3213 3404 3266 quorum

1875 3293 2123 3354 alterum,
2157 3305 2354 3343 annum
2390 3307 2551 3343 unum
2607 3269 2881 3344 damnabit
2914 3289 2977 3343 ad
3031 3300 3331 3352 carcerem,
3357 3297 3408 3341 (ιι

1859 3380 2147 3445 liberabit;
2183 3381 2405 3434 alterum
2436 3380 2535 3431 alia
2585 3395 2740 3446 penna
2779 3380 3008 3432 vinculis
3051 3381 3320 3448 graviore,’
3353 3388 3408 3433 ut

1861 3487 1964 3526 uua
2029 3470 2160 3524 hora
2225 3471 2498 3524 cruciatus
2543 3469 2929 3538 suppliciorum
3008 3469 3192 3522 decem
3250 3485 3408 3536 expe-

1861 3563 2050 3625 riatur,
2106 3573 2158 3616 et
2200 3562 2497 3615 liberabit:
2556 3563 2677 3631 quis
2719 3576 2784 3615 ex
2845 3561 3072 3624 duobus,
3123 3562 3209 3616 dic
3249 3562 3401 3621 mihi,

1853 3652 2185 3706 acerbiorem
2218 3652 2468 3720 pependit
2501 3652 2765 3719 poenam?
2803 3654 2894 3720 qui
2946 3667 3038 3719 per
3091 3667 3286 3704 annum
3335 3654 3404 3705 sit

1864 3751 2231 3796 commoratus
2270 3741 2320 3794 in
2346 3742 2594 3804 vinculis,
2629 3757 2694 3794 an
2722 3742 2810 3809 qui
2845 3757 2938 3809 per
2962 3742 3118 3796 breve
3148 3743 3404 3810 temporis

1859 3832 2090 3898 Spatium
2122 3839 2292 3891 tortus
2342 3829 2546 3882 fuerit?
2578 3831 2840 3897 Apertum
2868 3839 2949 3883 est
2980 3831 3119 3897 quod
3155 3833 3270 3884 iste.
3312 3831 3402 3884 Sic

1817 3979 1819 3981 _
1859 3930 1912 3973 et
1943 3920 1996 3972 in
2025 3919 2113 3972 illa
2152 3919 2307 3982 hora,
2337 3928 2390 3972 et
2416 3934 2524 3973 uno
2564 3919 2669 3973 ictu
2719 3919 2879 3982 oculi,
2913 3921 3261 3986 potentiarum
3299 3921 3400 3970 Do-

1861 4011 2056 4074 minus,
2125 4009 2214 4076 qui
2264 4009 2444 4061 omnia
2493 4018 2687 4077 potesl,
2735 4017 2788 4062 et
2824 4011 2923 4062 hoe
2951 4009 3156 4062 cliicere
3205 4019 3398 4077 potest,

1863 4111 2043 4152 acrem
2109 4099 2436 4166 assignando
2473 4115 2683 4167 pennam
2742 4101 2793 4152 in
2829 4100 3136 4154 indivisibili
3166 4110 3400 4168 tempore

1860 4196 1984 4240 tunc
2021 4187 2085 4239 iis
2138 4188 2229 4256 qui
2290 4188 2606 4256 deprehensi
2653 4190 2847 4241 fuerint
2885 4190 2936 4242 in
2993 4192 3301 4259 pamitentia
3347 4203 3396 4242 et

1859 4277 2195 4347 purgatiOne,
2235 4293 2328 4331 nec
2355 4278 2720 4332 satisfactione
2751 4281 2824 4331 uti
2861 4281 3148 4348 potuerint.
3177 4281 3392 4346 Alioqui

1854 4367 2018 4436 judex
2063 4376 2248 4435 potest
2287 4365 2517 4430 cliicere,
2569 4367 2924 4433 potentiarum
2979 4365 3230 4439 Dominus
3290 4381 3392 4418 non

1861 4455 2082 4522 potest?
2117 4455 2219 4507 Sed
2247 4456 2358 4508 haec
2392 4453 2497 4520 iam
2534 4457 2669 4508 satis
2702 4467 2726 4506 α
2769 4472 2852 4506 me
2878 4440 3115 4522 exposita
3145 4463 3267 4508 sunt
3307 4465 3395 4507 :ct

211 4525 337 4594 ὥρᾳ
369 4526 424 4574 ὲν
452 4527 706 4594 μετανοίᾳ
738 4529 830 4580 καὶ
857 4528 914 4578 ὲν
947 4527 1228 4595 καθάρσει,
1265 4529 1356 4579 καὶ
1389 4528 1463 4595 μὴ
1491 4527 1757 4591 φθάσασιν

1864 4552 2028 4604 recte,
2065 4552 2120 4594 ut
2147 4543 2404 4605 arbitror,
2433 4559 2537 4597 non
2563 4544 2915 4596 contentleutli
2949 4543 3130 4597 studio
3177 4545 3399 4599 demon-

213 4613 466 4666 ἐντεῦθεν
503 4615 899 4681 ίκανοποιῆσαι,
950 4617 1219 4683 δριμεῖαν.
1252 4618 1318 4667 Ἥ
1347 4617 1377 4684 ἡ
1416 4618 1513 4684 μὲν
1547 4617 1759 4681 ἐξουσία

211 4706 438 4758 δύναται
474 4705 629 4756 τοῖτο
659 4705 962 4772 ποιῆσαι,“ό
1005 4706 1059 4757 δὲ
1104 4709 1213 4758 τῶν
1248 4708 1528 4775 δυνάμεων
1559 4705 1760 4777 Κύριος

211 4798 278 4847 οὗ
305 4793 549 4859 δύναται,
591 4793 748 4844 Ἀλλά
778 4791 946 4846 ταῦτᾶ
979 4813 1068 4862 μοι
1096 4797 1193 4865 ἤδη
1224 4795 1437 4864 εἴρηται
1461 4797 1554 4849 καὶ
1582 4800 1760 4861 καλῶς

213 4889 313 4940 val.
345 4875 542 4948 ἱκανῶς
575 4890 696 4939 κατ’
726 4889 862 4956 ἐμὴν
907 4890 1148 4957 γνώμην.
1183 4891 1257 4944 Οὑ
1289 4892 1425 4944 κατὰ
1461 4894 1759 4960 φιλόνεικον

209 4978 271 5029 δὲ
311 4976 593 5040 ἀπόδειξιν,
627 4977 758 5030 ἀλλὰ
808 4981 870 5046 τῇ
925 4978 1148 5050 ἀληθείᾳ
1190 4981 1312 5032 ὅσον
1361 4977 1470 5034 οἷόν
1507 5001 1563 5033 τε
1599 5002 1756 5051 συνη-

211 5065 452 5134 τηρῆσαι
490 5066 820 5133 γλιχόμενοι,
857 5067 1012 5118 ταῦτ’
1055 5070 1284 5133 ἔφημεν.
1326 5063 1428 5122 Τόν
1463 5072 1516 5122 δὲ
1548 5076 1754 5133 τούτοις

216 5156 295 5224 τιὴ
332 5155 667 5223 πειθόμενον,
703 5156 810 5207 οὐδ’
859 5157 924 5207 ἄν
953 5174 1032 5214 τις
1067 5159 1129 5207 ὲκ
1164 5163 1368 5225 νεκρῶν
1387 5163 1586 5231 ἀναστῇ
1618 5167 1754 5216 κατά

209 5249 277 5298 τὸ
301 5247 497 5312 λόγιον,
527 5249 705 5298 πεῖσαι
747 5246 994 5313 δυνηθείη
1025 5251 1107 5304 ἄν.
1138 5251 1206 5301 Σὺ
1235 5251 1300 5310 δ’,
1320 5251 1579 5319 ὀρθόδοξε,
1615 5257 1755 5324 ἔχεις

214 5339 420 5398 ἱκανῶς
458 5338 550 5388 καὶ
592 5335 686 5388 τοῦ
736 5334 916 5402 τρίτου
971 5340 1264 5406 κεφαλαίου
1315 5345 1411 5404 τὰς
1465 5346 1757 5410 ἀποδείξεις

210 5428 311 5477 καὶ
351 5428 671 5495 μαρτυρίας,
701 5427 765 5486 ἃς
801 5427 907 5479 ἀπὸ
934 5430 1039 5479 τῶν
1074 5429 1229 5493 ἱερῶν
1259 5432 1485 5499 Γραφῶν
1519 5436 1623 5486 τῶν
1651 5437 1758 5489 θεο-

207 5513 386 5577 λῦγων
411 5515 503 5567 καὶ
519 5515 848 5570 διδασκάλων
879 5519 972 5585 τῆς
1007 5520 1326 5587 Ἐκκλησίας
1351 5523 1754 5594 ἀναλεξάμενοι,

207 5602 354 5655 κατά
383 5604 442 5654 τὸ
488 5607 617 5673 ἡμῖν
647 5609 864 5673 ἐφικτὸν
910 5610 1318 5677 ὲκτεθείκαμεν.
1366 5613 1485 5676 Ἀφ’
1515 5609 1588 5666 ὧν
1627 5619 1757 5669 ἐδείο

1863 4632 2089 4684 strando
2132 4631 2243 4684 haec
2277 4633 2718 4700 conscripsimus,
2749 4635 2840 4687 sed
2895 4634 3065 4702 quoad
3119 4628 3235 4700 ejus
3285 4637 3396 4688 ﬁeri

1862 4718 2056 4789 potest,
2083 4723 2291 4776 veritati
2330 4725 2653 4792 patrocinari
2697 4724 2983 4795 cupiendo.
3029 4723 3133 4777 Sed
3182 4725 3271 4792 qui
3315 4725 3398 4779 his

1863 4812 2019 4866 [idem
2056 4828 2161 4865 non
2191 4811 2487 4876 adhibebit,
2519 4830 2689 4881 neque
2733 4815 2775 4866 si
2827 4815 2946 4882 quis
2985 4829 3013 4868 ι
3049 4815 3272 4867 mortuis
3311 4831 3398 4868 re-

1866 4911 2069 4971 surgat,
2095 4903 2433 4970 persuadebit
2470 4919 2727 4972 unquam.
2755 4903 2832 4956 Tu
2852 4916 3049 4967 autem,
3076 4905 3392 4973 orthodoxe,

1863 5000 2122 5056 quantum
2146 4993 2278 5044 satis
2306 5003 2407 5052 est,
2451 4995 2613 5046 habes
2649 4995 2787 5047 tertii
2824 4994 3009 5062 capitis
3060 4995 3396 5047 demonstra-

1867 5081 2039 5134 tiones
2073 5089 2125 5133 et
2151 5082 2459 5136 testimonia
2485 5101 2600 5156 qua:
2625 5102 2652 5137 ιι
2690 5086 2858 5138 sacris
2887 5084 3176 5155 Seripturis
3195 5086 3396 5140 theolo-

1884 5185 2092 5238 gorum,
2159 5180 2211 5223 et
2266 5172 2515 5228 [iecit-sia:
2570 5175 2875 5233 doctoribus
2933 5176 3256 5244 colligentes,
3300 5191 3394 5242 pro

1859 5262 2000 5312 virili
2061 5263 2431 5329 exposuimus.
2493 5265 2566 5319 Ex
2605 5268 2799 5333 quibus
2837 5245 3036 5334 liquido
3081 5268 3397 5333 comprdha-

1861 5352 2056 5414 vimus,
2105 5352 2316 5406 animas
2347 5365 2464 5422 post
2500 5367 2722 5408 mortem
2759 5371 3004 5424 magnum
3039 5371 3228 5425 capere
3250 5372 3394 5412 emo-

1857 5442 2175 5495 lumentum.
2222 5441 2277 5495 in
2339 5445 2417 5497 his
2452 5461 2626 5509 mane,
2675 5447 2724 5497 in
2764 5448 2844 5500 his
2877 5455 3012 5513 esto,
3048 5448 3242 5516 quippe
3271 5463 3390 5502 cum

1859 5531 2013 5584 aliter
2067 5547 2188 5587 esse
2237 5549 2340 5587 non
2385 5535 2554 5602 possit
2593 5551 2751 5604 quam
2811 5536 3059 5592 Ecclesiae
3108 5537 3389 5590 luminaria

1858 5623 2069 5675 docent.

206 5697 677 5787 ξιιενηξρανεξλῶς
732 5700 802 5759 ὡς
850 5703 903 5752 αἱ
974 5703 1136 5768 ψυχαὶ
1195 5704 1429 5770 μεγάλην
1472 5706 1735 5774 ὠφέλειαν
1792 5713 1969 5782 ἔχουσι
2027 5706 2159 5783 μετὰ
2215 5717 2460 5768 Οάκατον.
2505 5717 2590 5767 Ἐν
2631 5716 2837 5782 τούτοις
2873 5719 2996 5787 μένε
3024 5733 3039 5748 °
3095 5720 3152 5770 ἒν
3183 5719 3391 5786 τοῦτιις

215 5783 350 5835 ἴσθι.
384 5780 506 5836 Ὅτι
535 5783 632 5835 οὑκ
670 5787 809 5839 ἔστιν
843 5791 1009 5852 ἄλλως
1051 5807 1182 5854 πως,
1222 5792 1252 5859 ἢ
1290 5793 1358 5855 ὡς
1429 5796 1476 5846 cl
1526 5797 1619 5864 τῆς
1690 5802 2006 5871 Ἐκκλησίας
2055 5806 2330 5874 φωστῆρες
2363 5806 2712 5861 διδάσκοντινέ
