4010 6332
134 399 277 463 1⁶ὶ73

295 565 308 579 ο
874 535 948 589 B'.
1522 583 1523 586 η

215 610 534 698 Ἐρωτῶμεν
586 615 679 672 οὖν
718 622 885 693 ὑμᾶς,
908 625 1144 695 ἀδελφοὶ,
1181 631 1268 684 διὰ
1300 635 1460 688 ποίαν
1503 639 1682 692 αίτίαν

121 703 188 800 οὐ
227 703 480 800 βούλεσθε
514 712 636 772 τούς
679 714 868 782 ἁγίους
899 719 1305 790 ἀπολαμϐάνειν
1347 729 1416 782 τά
1448 730 1541 783 νῦν
1566 747 1583 800 ;
1619 733 1682 785 Ei

261 796 342 850 ὅτι
368 799 400 868 ἠ
426 799 716 866 ἀνάστασις
740 807 838 859 οὐκ
865 804 1026 879 ἦλθεν
1054 814 1135 865 ἔτι
1161 831 1175 846 ·
1203 817 1358 870 τοῦτο
1383 820 1482 873 οὐκ
1515 794 1682 890 ἀναγ-

123 885 288 983 κάζει
427 893 556 956 τοὺς
584 896 772 962 ἁγίους
794 900 1219 970 ἀπολαμϐάνειν.
1257 909 1490 964 Πάντοτε
1520 885 1678 983 γάρνό

20 1037 22 1039 γ
119 975 262 1072 (θεὸς
310 981 514 1048 δίκαιός
559 988 709 1053 lost:
748 990 842 1043 καὶ
883 991 998 1060 νῦν,
1026 995 1122 1048 καὶ⁵
1162 997 1220 1050 ὲν
1255 1000 1321 1066 τῇ
1353 975 1540 1072 ἡμέρᾳ⁷
1580 975 1679 1072 ’έῆς

116 1070 496 1161 ἀναστάσεως.
545 1078 604 1128 El
643 1080 737 1133 οὖν
770 1081 988 1146 »δίκαιός
1031 1088 1168 1153 ἐστι,
1209 1090 1390 1153 καθὼς
1417 1070 1675 1161 καὶήέστι,

119 1159 436 1229 γέγραπται
467 1164 601 1236 γὰρ,
636 1187 656 1220 ι
691 1170 911 1234 Δίκαιος
955 1175 1176 1245 Κύριος,
1215 1184 1308 1232 καὶ
1338 1159 1678 1248 δικαιοσύνας

118 1255 434 1320 ἠγάπησεν,
467 1276 486 1309 ι
522 1261 568 1310 οἱ
617 1260 672 1313 δὲ
709 1261 850 1327 ἀγιοι
883 1265 970 1318 διά
1006 1268 1096 1320 τὸν
1140 1268 1310 1331 ὅντως
1347 1271 1554 1326 δίκαιον
1578 1279 1678 1338 τὰς

113 1343 302 1412 ψυχὰς
333 1350 654 1414 παρέδωκαν
690 1355 897 1408 ἑαυτῶν
921 1373 936 1390 ’
983 1358 1129 1421 ὅπως
1178 1362 1318 1426 μετά
1344 1363 1437 1416 τοῦ
1467 1337 1676 1418 δικαίου

115 1435 260 1488 Θεοῦ
291 1439 729 1510 ἀναπαύσωνται,
756 1446 849 1499 νῦν
879 1448 1072 1503 ἕπεται
1120 1450 1285 1514 ὅντως
1311 1455 1443 1522 μετὰ
1481 1457 1574 1510 τοῦ
1604 1459 1677 1511 δι-

115 1525 280 1579 καίου
329 1528 462 1582 Θεοῦ
513 1528 652 1587 εἶναι
680 1551 694 1564 ·
739 1537 861 1589 ἐπεὶ
903 1540 1040 1606 μετά
1077 1539 1303 1596 θάνατον
1348 1548 1396 1597 oi
1449 1547 1676 1603 τοιοῦτοι

117 1613 355 1680 βεϐαίως
396 1620 630 1675 δίκαιοιο
679 1626 776 1678 καὶ
825 1626 888 1682 σὺ
938 1628 1163 1696 ψάλλεις
1214 1637 1672 1705 προσευχόμενος,

123 1723 142 1754 ι
183 1706 543 1786 ίἋνάπαυσον
590 1713 789 1778 αὐτοὺς
822 1716 996 1785 λέγων
1029 1720 1155 1775 ἔνθα
1199 1725 1248 1775 oi
1304 1725 1500 1789 δίκαιοι
1541 1729 1679 1783 ἀνα-“

115 1812 407 1852 παυονται.

111 1888 303 1951 καίου,
341 1889 651 1957 διστάζεται
695 1897 953 1970 adt-«Bri;
1001 1903 1353 1974 δικαιοσύνη*
1389 1909 1525 1978 ὅπερ
1557 1915 1606 1962 ’κ
1623 1915 1666 1966 ti

117 1980 202 2030 σοὶ
243 1981 342 2032 οὐκ
378 1984 620 2052 ἀρέσκει.
650 1987 945 2056 Οὐδαμῶς,
982 1994 1134 2060 φασὶ.
1178 1993 1248 2047 τά
1289 1993 1383 2048 νῦν
1425 1999 1669 2069 ἀπολαμ-

116 2070 375 2126 ϐἀνουσιν
404 2077 451 2128 oi
489 2071 768 2150 δίκαιοι,ἦ
813 2082 912 2153 τῆς
949 2085 1296 2151 ἀπολαύσεως
1340 2090 1473 2152 ὅλως
1510 2094 1663 2158 μετέ-

115 2178 305 2227 χουσιν
328 2181 344 2195 ο
378 2166 494 2217 ἀλλ’
527 2167 836 2232 ἐλπίζουσιν
870 2175 926 2225 ὲν
975 2177 1150 2244 καιρῷ
1180 2180 1505 2236 ἀπολαύσειν
1529 2197 1544 2214 ⁸
1575 2186 1667 2238 καὶ

114 2252 292 2320 τούτῳ
323 2253 702 2329 εὐφραίνονται
743 2263 836 2315 καὶ
865 2264 1181 2331 ἀγαλλιῶσι.
1216 2270 1384 2324 Τοῦτο
1412 2272 1467 2325 δὲ
1501 2278 1670 2331 παρό-

116 2358 274 2406 μοιον
304 2343 457 2398 ἔσται
485 2348 592 2432 τοῖς
616 2348 810 2416 διψῶσι
841 2351 934 2403 καὶ
957 2355 1314 2422 κεκαυμένοις
1336 2360 1462 2413 ὅταν
1488 2327 1668 2433 παρα-

111 2433 351 2487 κέωνται
404 2440 554 2506 πηγῇ
615 2457 741 2504 τινι,
787 2444 850 2510 τῇ
905 2443 1032 2514 δίψῃ
1091 2444 1430 2516 φλεγόμενοι.
1466 2457 1557 2506 καὶ
1606 2457 1666 2510 τὸ

114 2520 263 2592 ὕδωρ
314 2527 544 2594 ὁρῶντες
596 2530 764 2597 ἐγγὺς
814 2534 1011 2610 αὐτῶν,
1059 2536 1153 2586 καὶ
1208 2537 1514 2607 γλιχόμενοι
1566 2545 1663 2613 μὲν

113 2613 497 2684 ἐμπλησθῆναι
526 2619 619 2672 τοῦ
666 2621 874 2685 ὓδατος,
906 2623 999 2676 τοῦ
1034 2627 1338 2694 καταψῦξαι
1372 2631 1466 2685 τὸν
1501 2636 1669 2702 φλογι-

115 2705 220 2768 μόν
253 2710 441 2770 τεκαὶ
484 2708 718 2762 καύσονα
750 2711 840 2765 τὸν
884 2715 948 2766 ὲκ
994 2714 1087 2768 τοῦ
1118 2716 1284 2770 κόπου
1317 2723 1410 2774 καὶ
1441 2725 1536 2786 τῆς
1573 2744 1667 2778 τα-

113 2794 446 2866 λαιπωρίας,
468 2798 714 2869 ’ἀοράτως
726 2803 782 2856 δέ
800 2822 912 2867 πως
939 2806 1314 2876 κρατούμενοι,
1336 2812 1392 2863 οὐ
1416 2815 1668 2871 δύνανται

111 2890 260 2942 πιεῖν
284 2903 299 2918 ⁶
331 2892 422 2942 καὶ
473 2892 613 2945 οὕτω
642 2894 840 2959 μᾶλλον
888 2901 1196 2953 ἐκκαίονται
1241 2906 1305 2971 τῇ
1340 2903 1540 2977 θεωρία
1573 2910 1665 2962 τοῦ

113 2977 309 3040 ὕδατος
333 2995 350 3012 ⁸
382 2983 473 3035 καὶ
515 2984 548 3051 ἡ
581 2983 709 3052 δίψα
736 2987 942 3048 τούτοις
975 2990 1174 3055 μᾶλλον
1221 2991 1393 3059 αὐξει,
1425 3001 1516 3050 καὶ
1555 2999 1667 3052 δει-

115 3074 224 3134 νῶς
257 3076 334 3137 ὡς
371 3075 515 3136 εἰκὸς
547 3079 896 3145 καταφλέγει.
940 3081 1098 3135 Ἀλλά
1128 3082 1286 3137 τοῦτο
1321 3089 1413 3140 καὶ
1436 3093 1501 3144 τά
1535 3092 1670 3144 ὑπο·

597 411 745 474 PRO
775 416 986 485 CONC.
1029 425 1400 496 FLORENT.
1444 428 1602 491 CAP.
1648 428 1743 489 IV.
1776 430 1882 489 DE
1923 433 2340 497 FRUITIONE
2375 437 2851 503 SANCTORUM.

3193 442 3328 506 1⁵2ῗά

2046 609 2056 617 .
2507 555 2575 609 ll.

1853 646 2255 713 interrogamus
2287 660 2414 715 ergo
2448 661 2566 712 vos,
2621 663 2654 701 ο
2702 645 2921 713 fratres,
2950 650 3339 717 quamobrem

1780 736 1960 805 justos
2004 736 2058 789 in
2087 737 2372 805 praesentia
2419 735 2720 790 mercedem
2757 736 2996 805 recipere
3029 737 3247 792 nolitis?
3269 738 3329 794 Si

1785 833 1908 898 quia
1945 832 2184 884 nondum
2213 830 2428 884 advenit
2445 831 2770 886 resurrectio
2799 829 3011 896 'dicitis,
3069 830 3170 886 hoc
3219 845 3328 885 nou

1782 921 2250 988 concluditjustos
2279 936 2384 976 non
2415 912 2701 989 recipere,
2749 936 2876 975 nam
2925 936 3138 990 semper
3185 922 3328 977 Deus

1780 1018 1960 1084 justus
1986 1027 2069 1070 est
2099 1023 2153 1069 et
2181 1027 2326 1081 nunc
2357 1022 2412 1066 et
2439 1011 2492 1066 in
2527 1013 2942 1067 resurrectionis
2971 1012 3088 1072 die.
3118 1011 3252 1067 Nam
3279 1012 3326 1068 si

1776 1109 1958 1175 justus
1991 1116 2096 1168 est,
2137 1104 2584 1174 quemadmodum
2626 1109 2707 1157 est
2737 1095 3018 1171 (scriptum
3050 1113 3132 1157 est
3155 1105 3325 1168 enim,

1785 1218 1802 1248 ι
1847 1201 2036 1254 Justus
2062 1206 2143 1252 est
2171 1197 2454 1258 Dominus.
2479 1204 2530 1246 et
2545 1192 2790 1261 .justitias
2815 1193 3036 1258 ,dilexits
3071 1191 3112 1262 ),
3153 1193 3328 1248 sancti

1777 1304 1904 1342 vero
1935 1297 2152 1355 propter
2176 1281 2322 1350 eum,
2356 1285 2447 1353 qui
2472 1299 2598 1338 vere
2621 1271 2801 1352 justus
2829 1293 2930 1344 est,
2968 1283 3177 1338 animas
3198 1298 3329 1339 suas

1780 1378 2114 1446 tradiderunt
2157 1383 2215 1429 ut
2267 1389 2388 1428 cum
2417 1374 2566 1438 justo
2593 1373 2704 1428 Deo
2737 1365 3156 1441 requiescerent,
3184 1387 3330 1429 nunc

1778 1482 1907 1520 sane
1959 1467 2208 1534 sequitur
2247 1470 2304 1518 ut
2344 1461 2482 1531 apud
2510 1460 2674 1514 Deum
2705 1461 2856 1514 sint:
2887 1458 3138 1529 quoniam
3193 1462 3338 1518 tales

1777 1566 1902 1625 post
1936 1565 2164 1609 mortem
2190 1553 2412 1606 ﬁrmiter
2436 1551 2571 1620 justi
2626 1560 2772 1623 sunt,
2813 1535 2956 1603 ettu
2987 1564 3151 1604 orans
3179 1550 3328 1616 psal-

1776 1649 1866 1715 lis,
1893 1648 1978 1702 fac
2007 1647 2347 1715 requiescere
2368 1645 2490 1700 illos
2504 1644 2594 1699 ubi
2613 1644 2760 1713 juste
2788 1642 3326 1711 requiescunt.Quod

1777 1741 1820 1794 si
1846 1754 1966 1793 eum
1993 1741 2142 1808 justo
2180 1737 2288 1793 Deo
2327 1751 2434 1792 non
2475 1739 2842 1803 requiescunt,
2903 1735 2954 1795 in
2981 1734 3204 1788 dubium
3231 1717 3327 1788 eo-

447 1819 464 1851 t
503 1803 562 1854 Ei
596 1803 651 1856 δὲ
705 1805 804 1859 οὐκ
851 1809 1220 1867 ἀναπαύονται
1271 1815 1408 1883 μετὰ
1456 1821 1550 1871 τοῦ
1598 1821 1672 1873 δι-

1778 1849 1896 1885 rum
1922 1803 2134 1900 justitia
2173 1829 2480 1894 revocatur,
2509 1829 2653 1898 quod
2680 1827 2771 1881 tibi
2797 1826 2958 1894 etiam
2993 1839 3098 1882 non
3131 1828 3324 1894 placet.

1785 1921 2123 1986 Nullatenus,
2154 1920 2363 1982 dicunt,
2386 1920 2652 1986 recipiunt
2702 1916 2833 1986 justi
2863 1930 3027 1983 nunc,
3050 1918 3131 1970 vel
3156 1916 3329 1971 beati-
3356 1938 3359 1939 ν

1783 1997 1986 2067 tudinis
2023 2013 2268 2066 omnino!
2301 2009 2590 2079 participes
2649 2007 2803 2072 llunt,
2837 2006 2932 2060 sed
2959 2021 3082 2060 cum
3115 2016 3328 2074 tempus

1785 2105 1888 2156 erit
1931 2119 1989 2156 se
2024 2102 2288 2156 fruituros
2319 2108 2557 2166 sperant,
2586 2106 2640 2152 et
2706 2096 2757 2149 in
2823 2095 2924 2149 hoc
2955 2095 3225 2148 exsultant
3273 2105 3330 2148 et

1784 2195 2053 2247 laetantur.
2089 2188 2201 2245 Hoc
2217 2201 2396 2243 autem
2424 2186 2600 2241 simile
2632 2185 2736 2238 erit
2771 2177 3080 2238 sitientibus
3108 2190 3162 2235 et
3195 2195 3329 2234 exu-

1780 2285 1902 2347 stis,
1947 2299 2068 2337 cum
2115 2283 2269 2351 juxta
2322 2279 2520 2334 fontem
2575 2276 2810 2341 aliquem
2841 2273 3081 2329 assident
3130 2271 3326 2337 sitique

1781 2384 2091 2441 enecantur,
2125 2387 2319 2443 aquam
2374 2384 2557 2446 prope
2588 2364 2994 2435 conspiciendo,
3038 2372 3090 2416 et
3132 2361 3324 2430 repleri

1779 2468 2046 2536 cupiendo
2071 2465 2137 2520 ad
2177 2463 2485 2518 incendium
2544 2468 2597 2513 et
2643 2466 2831 2511 aestum
2866 2451 3320 2522 compescendum

1778 2575 1844 2613 ex
1876 2559 2061 2610 labore
2090 2563 2144 2610 et
2175 2552 2554 2618 defatigatione
2575 2554 2903 2614 susceptum,
2926 2543 3018 2596 sed
3050 2543 3118 2596 ab
3142 2541 3324 2608 aliqua

1777 2648 2034 2703 invisibili
2073 2661 2132 2700 re
2163 2641 2436 2712 praepediti
2487 2646 2675 2708 potare.
2706 2650 2808 2690 non
2831 2625 3080 2703 possunt,
3119 2632 3322 2700 magis-

1780 2755 1885 2809 que
1902 2753 2052 2805 aqua!
2087 2734 2422 2802 inspectione
2474 2729 2899 2794 inﬂammantur,
2958 2725 3190 2794 sitisque
3226 2738 3325 2778 au-

1779 2806 1955 2896 getur,
1985 2835 2039 2880 et
2072 2827 2286 2889 misere,
2325 2835 2381 2877 ut
2411 2836 2508 2889 par
2540 2832 2641 2885 est,
2671 2806 2994 2872 aduruntur.
3027 2815 3092 2868 At
3118 2815 3222 2869 hoc
3241 2814 3324 2879 vel

1778 2917 2040 2970 lactentes
2060 2913 2300 2972 infantes
2329 2909 2670 2969 deridebnnt,
2697 2909 2743 2960 si
2769 2905 2985 2974 pmandi
3015 2917 3110 2972 spe
3135 2904 3324 2957 sitiens

1779 3009 2100 3066 oblectatur,
2133 3000 2382 3070 quamvis
2423 3013 2614 3068 aquam
2671 3009 2778 3051 non
2820 2994 3069 3059 attingat.
3110 2993 3237 3054 Sed,
3265 2987 3325 3046 ut

1779 3112 1877 3167 ego
1907 3093 2162 3154 arbitror,
2189 3106 2291 3143 non
2312 3087 2488 3143 solum
2527 3098 2631 3136 non
2662 3082 2918 3136 obiectari
2943 3081 3117 3150 iustos
3142 3079 3322 3134 oratio

116 3168 292 3233 μάζια
347 3168 520 3239 βρέφη
557 3171 910 3238 γελάσονται·
941 3175 988 3224 εί
1036 3178 1100 3243 τῇ
1151 3176 1326 3229 ἑλπίδι
1373 3181 1464 3233 τοῦ
1507 3184 1671 3236 ποτοῦ

1779 3196 1957 3242 veStra
1984 3182 2287 3242 concludit,
2321 3179 2431 3234 imo
2481 3178 2690 3232 tristari'
2723 3172 2895 3242 magis
2929 3170 3130 3238 et'angi
3159 3171 3322 3224 velte-

113 3257 470 3325 εὐφραίνεται
502 3263 536 3313 ὁΔ
560 3261 765 3328 διψῶν,
792 3263 890 3317 κᾶν
923 3266 1017 3318 καὶ
1057 3265 1150 3319 τοῦ
1187 3266 1374 3329 ὓδατος
1408 3271 1469 3322 οὐ
1508 3290 1670 3340 μετα-

111 3348 390 3421 λαμϐάνῃ.
424 3352 559 3403 Κατ’
592 3354 692 3421 ita}
735 3355 810 3416 δὲ,
856 3356 916 3408 οὐ
946 3354 1113 3424 ¹μόνον
1159 3359 1257 3411 οὐκ
1287 3360 1667 3430 εὐφραίνεσθαι

112 3440 244 3503 τοὺς
299 3442 487 3506 ἀγίους
538 3445 897 3512 συμπεραίνει
947 3449 974 3499 ό
1007 3449 1268 3516 ὑμέτερος
1312 3451 1486 3517 λόγος,
1536 3452 1669 3506 ἀλλά

111 3533 211 3584 καὶ
245 3531 530 3586 λυπεῖσθαι
566 3535 863 3598 καὶλπάθος
898 3537 1243 3605 ὑφίστασθαι.
1277 3541 1395 3594 Ὀτι
1426 3542 1479 3594 δὲ
1523 3543 1669 3596 τοῦτ’

111 3622 335 3690 ἀληθις,
372 3625 654 3678 σκεπτέον.
687 3626 757 3677 Τὸ
806 3609 1115 3694 ἀκροντῶν
1162 3630 1400 3695 ἀγαθῶν,
1436 3632 1510 3692 ὡς
1557 3636 1668 3696 τοῖς

45 3780 55 3789 ε
113 3712 293 3778 ἁγίοις
328 3715 422 3766 καὶ
453 3714 723 3782 θεολόγοις
749 3716 910 3780 δοκεῖ,
942 3719 1058 3770 ἔστι
1109 3718 1269 3787 μόνος
1300 3721 1327 3771 ό
1355 3720 1482 3784 Θεός
1508 3737 1524 3752 ·
1556 3723 1669 3775 ἔστι

108 3804 163 3855 δὲ
193 3804 340 3872 χαρά
375 3806 468 3856 καὶ
519 3806 837 3871 ἀγαλλίασις
871 3809 966 3859 καὶ
1016 3809 1220 3876 ἔφεσις
1246 3811 1336 3863 καὶ
1381 3812 1667 3880 ἐπιθυμία.

113 3896 176 3944 Ui
218 3895 320 3963 μὲν
351 3892 442 3948 οὖν
486 3899 834 3967 στερούμενοι
867 3897 958 3961 τοῦ
992 3901 1216 3967 ἀγαθοῦ,
1251 3903 1343 3955 καὶ
1369 3904 1466 3972 τῆς
1497 3906 1669 3973 χαρᾶς

112 3991 206 4040 καί
260 3990 636 4054 ἀγαλλιάσεως
695 3991 1075 4060 ἀναμφιϐόλως
1129 3993 1460 4061 στεροῦνται.
1498 3997 1560 4047 Oi
1618 3997 1673 4049 δὲ

110 4079 263 4146 ἆγιοι
298 4081 663 4151 στερούμενοι,
699 4086 790 4135 καὶ
817 4084 1133 4136 λυποῦνται.
1175 4085 1235 4135 Ei
1267 4086 1321 4136 δὲ
1355 4085 1670 4149 λυποῦνται,

114 4173 413 4240 πάσχουσι,
460 4174 557 4227 καὶ
593 4175 768 4244 τούτῳ
810 4174 985 4236 οὐδεὶς
1032 4177 1264 4243 ἀντερεῖ.
1307 4177 1537 4229 Ἕπεται
1582 4173 1672 4229 οὖν

114 4267 240 4319 καθ’
276 4268 423 4334 ὑμᾶς
475 4269 702 4338 πάσχειν
750 4269 872 4330 τοὺς
904 4268 1112 4336 ἁγίους.
1158 4267 1318 4319 Ἀλλά
1367 4267 1525 4319 τοῦτο
1575 4268 1674 4332 μὲν

113 4359 318 4410 ἄτοπον
344 4374 357 4388 ·
394 4361 538 4420 ὅπως
590 4361 681 4411 καὶ
713 4359 807 4411 νῦν
846 4361 1102 4428 πάσχοιεν
1128 4361 1182 4410 ὲν
1222 4359 1298 4427 τῷ
1340 4357 1550 4427 σώματι
1583 4361 1674 4412 καὶ

113 4453 178 4518 τῇ
214 4451 329 4517 ζωῇ
362 4452 428 4517 τῇ
479 4451 800 4518 προσκαίρῳ
838 4449 1025 4520 ταύτῃ,
1059 4449 1223 4501 πολλὰ
1272 4450 1557 4511 παθόντες,
1603 4449 1675 4501 ἵν’

1774 3288 2001 3331 menter.
2032 3273 2112 3327 An
2146 3286 2274 3326 vero
2305 3274 2377 3324 ita
2415 3283 2476 3324 sc
2519 3284 2608 3322 res
2657 3266 2849 3320 habeat
2895 3262 3324 3319 conSideremus.

1774 3370 2058 3422 Summum
2106 3363 2329 3424 bonum,
2364 3371 2421 3412 ut
2475 3357 2651 3411 sancti
2685 3364 2740 3408 et
2774 3353 3007 3422 theologi
3054 3352 3319 3412 sentiunt,
3394 3344 3397 3346 ’

1773 3458 1920 3510 solus
1948 3455 2089 3508 Deus
2116 3461 2218 3506 est.
2247 3451 2342 3504 Est
2380 3455 2556 3502 autem
2586 3443 2867 3513 gaudium,
2895 3441 3206 3504 exsultatio,
3232 3444 3323 3494 de-

1774 3550 2056 3608 siderium,
2088 3542 2415 3614 appetentis.
2464 3540 2566 3605 Qui
2620 3537 2781 3607 igitur
2830 3535 2976 3588 bono
3011 3533 3312 3600 privantur,

1731 3625 1736 3629 ’
1774 3640 1972 3708 gaudio
1999 3647 2051 3691 et
2083 3633 2444 3689 exsultatione
2476 3629 2682 3710 absque
2713 3625 2878 3680 dubio
2916 3622 3216 3690 privantur.
3250 3621 3320 3673 At

1773 3728 1942 3782 sancti
1997 3726 2040 3780 si
2091 3726 2392 3792 privantur,
2429 3718 2750 3781 trist‘antttr;
2801 3713 2847 3767 si
2889 3711 3192 3774 tristantur,
3219 3723 3318 3769 an.-

1774 3810 1993 3885 guutur,
2035 3815 2270 3879 ltuicquc
2302 3824 2458 3862 nemo
2489 3806 2843 3860 contradicet.
2877 3801 3132 3884 Sequitur
3189 3813 3316 3872 ergo

1773 3905 2072 3962 secundum
2123 3915 2216 3952 vos
2259 3897 2378 3974 angi
2430 3895 2606 3963 justos
2635 3908 2649 3944 :
2682 3899 2736 3946 at
2761 3891 2812 3944 id
2840 3887 3130 3943 absurdum
3160 3886 3317 3954 plane

1774 4005 1877 4056 est,
1933 3994 1978 4048 si
2009 3994 2061 4045 in
2099 3987 2382 4060 pra:scntia
2412 3994 2697 4050 angantur,
2757 3996 2879 4035 cum
2922 3981 2978 4032 in
3009 3991 3236 4046 corpore
3263 3985 3342 4046 et.
3421 4012 3424 4015 -

1777 4091 1876 4142 hac.
1902 4086 2225 4154 temporaria
2250 4081 2338 4134 via
2369 4077 2599 4131 multum
2647 4073 2968 4138 laborarint,
2994 4082 3051 4126 ut
3098 4072 3167 4124 ibi
3201 4072 3319 4124 sine

1776 4177 2022 4231 molestia
2052 4175 2245 4241 degant
2272 4178 2322 4222 et
2356 4169 2763 4234 conquiescant.
2804 4163 2908 4248 sed
2935 4164 3060 4232 quid
3096 4161 3324 4215 ulterius

1776 4271 1959 4326 hostes
1989 4265 2230 4321 veritatis
2260 4259 2462 4315 addunt
2491 4257 2514 4308 ἰ’
2543 4258 2792 4309 Ἐοιρηιυι-
2841 4257 3020 4321 justos
3062 4255 3113 4306 in
3135 4253 3320 4317 aliquo

1777 4365 1894 4418 loco
1930 4373 2050 4414 esse
2081 4366 2134 4410 et
2169 4354 2538 4422 requiescere,
2570 4347 2663 4399 sed
2697 4345 2982 4398 ineﬂ‘abilia
3012 4345 3172 4404 bona,
3201 4357 3320 4408 qua

1777 4454 1966 4508 oculus
2007 4463 2114 4502 non
2157 4447 2305 4501 vidit.
2334 4455 2430 4494 nec
2462 4437 2608 4491 auris
2630 4433 2853 4495 audivit,
2885 4448 2982 4486 nec
3011 4433 3061 4484 in
3093 4447 3186 4485 eor
3215 4431 3317 4484 lto-

118 4509 236 4594 ἐκεί
264 4509 496 4602 ἀπαθεῖς
523 4509 890 4608 ¹μείνωσινκαὶ
941 4509 1380 4594 ἀναπαύσωνται.
1423 4541 1487 4590 Τί
1516 4509 1559 4592 δ’
1590 4540 1671 4592 ἔτι

1780 4544 1940 4598 minis
1963 4537 2230 4595 ascendit,
2262 4531 2496 4585 nondum
2524 4526 2785 4590 recepisse
2815 4525 2880 4574 σοι
2901 4523 2994 4575 llic
3020 4523 3166 4575 subit
3185 4523 3314 4576 mitti

118 4636 288 4700 φασὶν
327 4633 376 4684 oi
401 4634 497 4700 τῆς
533 4631 790 4699 ἀληθείας
837 4631 1126 4698 πολέμιοι;
1167 4630 1563 4705 Ὀμολογοῦμεν
1590 4632 1672 4682 ὅτι

118 4730 165 4780 oi
203 4728 352 4795 ἀγιοί
382 4728 520 4778 εἰσιν
549 4725 605 4776 εν
654 4741 758 4775 τινι
789 4723 934 4790 τόπῳ
963 4723 1056 4774 καὶ
1104 4723 1470 4775 ἀναπαύονται
1496 4737 1510 4750 ·
1543 4720 1675 4772 ἀλλὰ

118 4821 184 4871 τά
216 4819 506 4887 ἀπόρρητα
535 4815 736 4881 ἀγαθά,
769 4831 787 4863 ι
826 4814 860 4866 ἀ
888 4812 1161 4880 ὀφθαλμὸς
1185 4813 1283 4864 οὐκ
1315 4809 1439 4873 εἶδε,
1467 4812 1555 4862 καὶ
1585 4806 1674 4871 οὖς

122 4908 224 4960 οὐκ
255 4909 481 4975 ἤκουσε,
509 4906 601 4958 καὶ
633 4906 724 4955 ἐπὶ
751 4896 975 4968 καρδίαν
1005 4901 1289 4968 ἀνθρτιπιιυ
1313 4901 1412 4951 οὐκ
1441 4897 1627 4963 ἀνέϐη,
1651 4915 1668 4946 ι

121 4998 280 5052 οὔπω
332 4999 623 5050 ἀπέλαϐον.
667 4997 753 5046 Ἑν
797 4993 968 5062 τούτῳ
1013 4993 1188 5043 ἔπεισί
1227 4992 1439 5059 μοικαὶ
1475 4990 1676 5055 σφόδρα.

126 5092 296 5159 γελᾷν
319 5105 336 5120 ο
371 5089 452 5139 ὅτι
477 5088 564 5136 τὸν
586 5087 715 5135 Flam
741 5083 1045 5152 καθορῶσαι
1074 5083 1149 5140 είς
1173 5082 1458 5140 πρόσωπον
1491 5081 1541 5129 αί
1569 5080 1675 5128 τῶν

129 5180 304 5243 ἁγίων
336 5177 524 5246 ψυχαὶ,
557 5175 648 5225 καὶ
690 5173 1088 5238 παριστάμεναι
1120 5171 1184 5236 τῇ
1221 5168 1431 5235 Τριάδι,
1481 5170 1570 5218 καὶ
1601 5167 1675 5234 τῷ

128 5270 222 5322 τοῦ
254 5269 393 5320 Θεοῦ
440 5267 610 5335 θρόνῳ
653 5264 892 5331 ἀμέσως,
936 5262 1042 5310 τῶν
1088 5261 1411 5326 ἀπορρήτων
1462 5258 1677 5320 ἀγαθῶν

130 5364 229 5415 οὐκ
277 5359 751 5427 ἀπολαμϐάνουσεν
775 5354 871 5404 ἔτι.
904 5351 964 5403 Ὢ
994 5354 1091 5417 τῆς
1123 5349 1470 5416 ἀναισθησίας
1497 5349 1509 5399 l
1548 5349 1678 5397 Ποῖα

133 5450 383 5518 νομίζετε
420 5449 705 5516 ἀπόρρητα
747 5443 948 5511 ἀγαθὰ,
987 5443 1054 5492 τά
1089 5439 1258 5508 μείζω
1292 5438 1388 5505 τῆς
1429 5439 1518 5489 τοῦ
1546 5435 1679 5486 Θεοῦ

135 5543 368 5611 θεωρίας
397 5556 424 5604 ;.
453 5540 769 5605 Ἐννοήσατε
797 5539 849 5588 τί
881 5536 1086 5602 λέγετε,
1124 5533 1203 5583 ὅτι
1235 5528 1549 5597 βλασφημία
1587 5542 1681 5592 με-

139 5638 296 5702 γ’στη
325 5630 490 5683 ἐστίν.
523 5629 583 5681 Et
611 5629 717 5697 γάρ
748 5628 836 5680 τὸν
877 5627 1008 5679 Θεὸν
1037 5624 1234 5694 ὁρῶσιν
1261 5623 1336 5681 είς
1373 5619 1677 5687 πρόσωπον,

215 5812 256 5842 δ’·
285 5811 302 5863 l
337 5808 460 5863 Cor.
491 5822 546 5868 ιι,
601 5807 650 5858 9.

1774 4635 2121 4686 vehementer
2148 4625 2346 4687 ridere,
2386 4621 2430 4674 si
2466 4619 2628 4672 Deum
2662 4615 2713 4669 in
2743 4613 2878 4668 facie
2906 4613 3175 4678 jnstorutn
3203 4612 3318 4666 sni-
3391 4632 3395 4637 η

1775 4739 1874 4778 tua:
1902 4721 2140 4781 sileant,
2193 4726 2246 4769 et
2299 4710 2553 4766 Τιὶιιὶιαιί
2605 4716 2658 4762 et
2692 4707 2784 4760 Dei
2838 4707 3032 4758 tltrono
3062 4704 3178 4756 sine
3207 4702 3319 4754 ullo

1779 4816 1954 4869 medio
1987 4811 2270 4872 assistant,
2297 4821 2397 4858 nec
2427 4813 2603 4856 tamen
2636 4797 2996 4852 ineﬂ‘altilibus
3044 4793 3198 4848 bonis
3222 4791 3317 4843 ad-

1776 4908 1880 4960 ltue
1909 4903 2275 4973 perfruantur.
2308 4897 2352 4949 Ο
2392 4889 2881 4948 insensibilitatetn,
2905 4897 3148 4952 quanam
3173 4880 3318 4933 inef-

1774 4971 1956 5049 fabilia
1981 4994 2115 5045 bona
2145 5003 2262 5040 esse
2291 4982 2610 5038 existimatis
2648 4981 2859 5033 visione
2922 4973 3011 5027 Dei
3075 4971 3317 5040 majora?

1773 5083 2070 5150 Pet-Spicite
2097 5078 2225 5146 quid
2260 5062 2472 5133 dicatis,
2500 5088 2623 5125 nam
2658 5070 2707 5122 id
2735 5063 3064 5131 blasphemia
3085 5064 3319 5116 maxima

1778 5185 1879 5228 est.
1917 5172 1971 5223 Si
2019 5170 2160 5222 enim
2190 5165 2353 5217 Deum
2390 5163 2442 5215 in
2474 5160 2609 5213 facie
2637 5156 2839 5214 vident,
2871 5152 3012 5220 quod
3036 5164 3194 5203 nemo
3227 5163 3322 5201 uc-

1783 5259 1988 5331 gaverit
2019 5269 2277 5322 unquam,
2309 5260 2434 5304 sunt
2464 5257 2639 5300 autem
2661 5252 2714 5295 et
2755 5243 2857 5292 alia
2887 5241 3024 5292 bona
3059 5250 3175 5302 qum
3211 5246 3316 5285 non

1779 5326 1984 5409 vident,
2023 5363 2150 5414 ergo
2183 5347 2383 5412 majora
2412 5356 2472 5394 ea
2517 5338 2609 5390 Dei
2653 5335 2858 5388 visione
2887 5339 3033 5385 sunt.
3084 5326 3140 5380 Si
3174 5326 3318 5379 hunc

1782 5441 1985 5499 vident,
2024 5439 2123 5490 alia
2152 5451 2253 5489 non
2288 5434 2503 5486 vidente
2532 5429 2599 5480 At
2627 5427 2678 5479 id
2708 5438 2882 5493 neque
2906 5421 3175 5475 daemones
3213 5432 3318 5469 un-

1782 5542 1939 5596 quam
1989 5527 2249 5578 dicerent.
2307 5519 2483 5587 Quid‘l
2527 5516 2714 5590 Nqnne
2779 5523 2834 5569 et
2868 5514 3057 5568 beatus
3097 5508 3314 5572 Paulus,

1787 5635 1802 5665 ι
1828 5616 2015 5681 Cupio.
2042 5615 2236 5682 inquit.
2266 5611 2482 5669 dissolvi
2519 5619 2710 5665 etesse
2753 5621 2874 5660 cum
2910 5599 3164 5657 Christo?
3199 5620 3217 5651 ο
3256 5598 3313 5653 Si
