4010 6332
654 420 789 482 1275

1821 421 2135 481 Jossrttt
2180 396 2722 482 usruonsivsrs

3706 413 3833 474 1276

652 543 777 591 ergo
808 526 1024 579 dlSSUl\i
1058 525 1302 592 Clipilfllal
1349 535 1401 577 et
1451 540 1569 578 esse
1601 524 1741 579 'cuzu
1787 525 2018 588 Christo,
2055 543 2197 580 nunc

2304 531 2432 596 ὅπερ
2466 527 2635 587 οὐδεὶς
2668 526 2731 576 ἂν
2761 522 3072 592 ἀρνήσαιτο,
3105 519 3208 572 eisi.
3243 518 3296 570 δὲ
3322 519 3482 586 ἕτερα
3507 514 3688 582 ἀγαθά
3726 512 3759 564 ἀ
3782 508 3832 562 οὐ

654 630 780 668 vero
811 622 928 682 post
959 614 1366 667 dissolutionem
1425 628 1528 665 non
1580 622 1660 667 est
1695 628 1814 666 cum
1855 625 2057 677 amato,
2093 615 2192 668 tri-

653 715 826 758 statur
859 712 912 755 et
942 704 1174 770 angitur,
1202 712 1251 756 et
1285 704 1538 756 mentitur
1567 704 1780 758 divinus
1804 713 1976 772 praeco
2007 708 2196 760 verita-

653 797 743 848 tis.
777 795 844 848 At
877 797 987 848 lucc
1020 794 1178 846 ambo
1213 795 1443 848 absurda
1482 811 1498 846 :
1543 811 1661 849 nam
1713 796 1758 851 si
1801 796 2033 850 absurda
2079 798 2194 851 hac

652 883 979 951 syllogismis
1018 883 1386 938 demonstrare
1441 884 1796 948 voluerimus,
1851 887 2196 940 ostendemus

651 988 746 1028 eos
772 974 861 1040 qui
924 973 1231 1026 fruitiouem
1281 983 1593 1026 sanctorum
1653 981 1874 1043 negant,
1928 976 2194 1030 haereticis

653 1077 777 1116 esse
808 1063 1115 1126 deteriores,
1146 1074 1197 1113 et
1229 1062 1559 1115 iucarnatsm
1594 1061 1802 1116 Domini
1832 1064 2193 1132 dispensatio-

651 1167 772 1205 nem
799 1154 1088 1218 abnegare,
1117 1151 1210 1218 qui
1245 1152 1406 1203 homo
1453 1151 1580 1210 l'uit.
1623 1166 1833 1206 crucem
1873 1162 1927 1206 et
1966 1164 2192 1207 mortem

2301 620 2604 688 βλέπουσιν,
2635 615 2741 682 ἀρα
2793 611 3016 681 μείζονά
3043 611 3178 662 είσιν
3224 610 3399 660 ἐκεῖνα
3443 606 3543 673 τῆς
3576 603 3667 656 τοῦ
3710 601 3833 653 Θεού

2295 705 2546 772 θεωρίας,
2578 704 2626 754 εί
2658 702 2746 753 τὸν
2778 700 2873 767 μὲν
2895 698 3083 768 δρῶσι,
3116 699 3183 750 τά
3211 696 3268 748 δὲ
3305 697 3402 764 οὐχ
3436 692 3652 763 ὁρῶσιν.
3688 690 3836 742 ’Λλλά

2293 776 2464 858 τοῦτο,
2500 794 2618 846 οὐδὲ
2648 793 2694 844 oi
2724 792 2972 859 δαίμονες
3011 791 3078 842 ἂν
3114 790 3364 856 φήσαιεν.
3397 785 3462 836 Τί
3480 783 3535 836 δι
3569 783 3661 834 καὶ
3685 780 3714 832 δ
3744 798 3835 848 μα-

2295 887 2483 954 κάριος
2526 883 2754 947 Παῦλος,
2792 899 2811 932 ι
2867 879 3166 948 Ἐπιθυμῶ,
3221 878 3404 945 φησὶν,
3450 872 3711 927 ἀναλῦσαι
3753 871 3836 923 καὶ

2294 974 2394 1031 οῦδ
2423 975 2640 1045 Χριστῷ
2662 971 2800 1027 εῖναι
2820 990 2834 1004 ·
2867 990 2887 1025 ι
2921 973 2970 1024 εί
2993 967 3084 1024 οὖν
3107 970 3364 1039 ἐπεθύμει
3385 967 3671 1030 ἀναλῦσαι,
3705 963 3833 1016 ὥστε

2296 1065 2433 1120 εἶναι
2476 1068 2614 1135 μετὰ
2642 1065 2734 1119 τοῦ
2774 1066 3011 1132 Χριστοῦ
3032 1078 3046 1093 ·
3079 1062 3173 1115 νῦν
3205 1062 3259 1114 δὲ
3299 1061 3436 1128 μετά
3465 1060 3562 1128 τὴν
3587 1056 3837 1109 ἀνάλυσιν

2295 1158 2394 1210 οὐκ
2437 1155 2553 1208 ἔστι
2595 1156 2730 1225 μετά
2757 1157 2849 1207 τοῦ
2911 1152 3262 1218 ποθουμένου,
3306 1149 3555 1201 λυπεῖται
3600 1146 3696 1198 καὶ
3747 1144 3839 1195 πά-

651 1242 946 1304 sustinuit,
977 1250 1036 1295 ut
1071 1241 1135 1292 iis
1162 1241 1254 1308 qui
1299 1255 1328 1292 a
1369 1241 1565 1294 sazculo
1588 1241 2009 1305 obdormierunt,
2038 1243 2199 1312 justis

2304 1262 2437 1314 σχει,
2472 1246 2563 1298 καὶ
2589 1243 2778 1312 ψεῦδος
2805 1242 2988 1309 ἔλεγεν
3016 1242 3045 1293 ό
3076 1241 3215 1302 θεῖος
3244 1240 3340 1307 τῆς
3371 1237 3622 1307 ἀληθείας
3651 1233 3836 1302 κῆρυξ.

651 1321 922 1394 videlicet,
945 1330 1218 1384 caelestem
1271 1329 1604 1385 mansionem
1639 1341 1692 1386 et
1733 1331 2038 1386 l'rnitionem
2095 1335 2200 1386 lar-

2310 1334 2470 1386 Ἀλλά
2502 1332 2667 1384 ταῦτα
2701 1333 2796 1399 μὶν
2829 1333 2918 1383 καὶ
2948 1332 3229 1400 ἀμφότερα
3253 1331 3447 1382 ἄτοπα.
3476 1329 3537 1379 El
3561 1327 3669 1395 γὰρ
3699 1325 3842 1391 θελή-

654 1420 857 1484 giretur
887 1436 900 1470 :
937 1433 1164 1487 eamque
1191 1419 1463 1472 credimus
1487 1433 1608 1472 eum
1644 1421 1885 1488 quotidie
1913 1423 2122 1477 tradere
2147 1431 2201 1476 et

2304 1441 2480 1492 σωμεν
2507 1423 2784 1487 ἀποδεῖξαι
2818 1423 2885 1473 τά
2917 1422 3091 1473 ἄτοπα
3121 1419 3290 1471 ταῦτα
3316 1419 3400 1470 διά
3439 1411 3836 1480 συλλογισμῶν,

656 1509 953 1566 tradidisse
997 1510 1060 1563 iis
1100 1511 1189 1576 qui
1223 1511 1435 1564 sincere
1469 1510 1656 1563 vivunt
1707 1523 1759 1565 et
1808 1513 2056 1581 religiose
2099 1513 2199 1580 ipsi

2304 1511 2662 1580 ἐπιδείξομεν.
2699 1511 2834 1571 Τοὺς
2871 1508 2945 1577 μὴ
2982 1507 3371 1575 ὁμολογοῦντας
3401 1505 3500 1574 τὴν
3545 1503 3839 1556 ἀπόλαυσιν

653 1601 976 1652 inserviunt.
1031 1598 1184 1664 Quod
1238 1599 1281 1652 si
1312 1615 1406 1670 per
1450 1615 1544 1655 vos
1597 1616 1701 1654 non
1738 1601 1973 1668 tradidit,
2032 1617 2202 1669 neque

2304 1605 2408 1656 τῶν
2428 1602 2616 1668 άγίων,
2646 1600 2888 1669 χείρονας
2917 1600 3131 1651 τεάντων
3154 1596 3470 1666 αίρστικῶν,
3497 1595 3588 1646 καὶ
3608 1591 3841 1661 ἀρνητὰς

653 1690 963 1743 incarnatus
993 1701 1094 1750 est.
1132 1690 1462 1751 erravimus,
1494 1690 1776 1765 credentes
1832 1691 1996 1745 Deum
2043 1691 2203 1744 Chri-

652 1789 792 1831 stum
835 1779 1195 1841 incarnatum,
1223 1781 1314 1848 qui
1372 1795 1480 1834 non
1534 1779 1846 1835 incarnatus
1871 1789 1975 1835 est.
2034 1780 2196 1834 Deni-

2303 1693 2398 1762 τῆς
2429 1692 2693 1758 ὲνσάρκου
2729 1691 2820 1742 τοῦ
2870 1691 3075 1758 Κυρίου
3123 1688 3449 1755 οἰκονομίας.
3489 1687 3584 1745 ’ος
3632 1683 3842 1749 ἐγένετο

2304 1784 2606 1851 ἄνθρωπος,
2659 1782 2752 1833 καὶ
2798 1780 3026 1847 σταυρὸν
3077 1778 3282 1846 ὑπέστη
3336 1777 3428 1829 καὶ
3478 1775 3730 1835 θάνατον,
3766 1772 3844 1823 ῐνα

653 1884 756 1934 que
811 1869 1106 1920 secundum
1165 1879 1398 1924 vestram
1447 1871 1763 1925 sententiam
1812 1871 1968 1924 facile
2008 1888 2199 1940 possu~

2304 1842 2613 1945 δωγέήσηται
2645 1877 2753 1934 τοῖς
2799 1873 2892 1924 ἀπ’
2926 1842 3118 1932 αίῶνος
3162 1842 3577 1937 κεκοιμημένοις
3621 1864 3843 1933 δικαίοις

654 1973 773 2013 mus
826 1958 1195 2014 demonstrare
1247 1977 1339 2016 eos
1378 1962 1642 2033 abnegare
1701 1963 2034 2017 incantatam
2084 1965 2194 2018 dis-

653 2049 1019 2114 pensationem
1068 2049 1284 2106 Domini
1339 2056 1510 2108 nostri
1554 2068 1604 2107 et
1651 2051 1744 2108 Dei
1809 2052 1935 2108 Jesu
1996 2054 2195 2110 Christi

654 2138 969 2195 Salvatoris.
1234 2135 1241 2139 ⁷

2303 1966 2569 2032 δηλονότι,
2627 1963 2722 2032 τὴν
2766 1963 3011 2032 οὐράνιον
3062 1961 3336 2027 διαγωγὴν
3386 1960 3482 2009 καὶ
3529 1954 3841 2007 ἀπόλαυσιν.

2305 2052 2414 2105 Καὶ
2445 2051 2586 2103 οὓτω
2620 2050 2958 2118 πιστεύομεν
2981 2049 3060 2100 ὅτι
3089 2047 3314 2099 δέδωκεν
3349 2045 3526 2104 αὐτοῖς
3571 2045 3664 2093 καὶ
3693 2041 3840 2092 δίδω-

2301 2161 2383 2196 σιν
2415 2144 2704 2212 ὁσημέραι,
2747 2143 2857 2200 τοῖς
2907 2137 3211 2204 εἰλικρινῶς
3258 2137 3429 2207 βιοῦσι
3478 2137 3570 2188 καὶ
3603 2132 3838 2191 εὐσεϐῶς

652 2228 797 2298 αύτῷ
823 2230 1187 2299 λατρεύουσιν.
1219 2232 1283 2286 Et
1309 2231 1367 2284 δδ
1395 2232 1514 2285 καθ’
1533 2234 1673 2301 ὑμᾶς
1700 2234 1798 2287 οὐκ
1829 2235 2047 2294 ἔδωκεν,
2077 2233 2197 2285 ούδδ
2271 2231 2582 2300 ἐσαρκώθη,
2631 2234 3011 2303 ἑπλανήθημεν
3081 2233 3390 2295 δοξάζοντες
3435 2226 3845 2297 σεσαρκωμίνον

652 2322 781 2373 Θεὸν
814 2320 903 2372 τὸν
929 2322 1181 2389 Χριστὸν,
1214 2321 1304 2385 οδς
1328 2323 1426 2375 ούκ
1458 2323 1764 2392 ὲσαρκὼθη.
1831 2326 1940 2377 Καὶ
1994 2324 2135 2377 οὓτω
2196 2324 2379 2376 λοιπὸν
2430 2324 2570 2376 κατά
2623 2325 2714 2378 τὸν
2764 2327 3024 2396 ἡμέτερον
3078 2327 3267 2394 λόγον,

554 2427 556 2431 '
655 2416 852 2486 ῥᾳδίως
880 2417 1118 2488 ἀρνητᾲς
1140 2418 1337 2481 αὐτοὺς
1358 2421 1455 2488 τῆς
1479 2420 1740 2488 ὲνσάρκου
1773 2420 2082 2488 οἰκονομίας
2105 2419 2197 2473 τοῦ
2239 2421 2442 2489 Κυρίου
2478 2420 2633 2491 ἡμῶν
2684 2422 2775 2475 καὶ
2825 2420 2958 2474 Θεοῦ
2996 2421 3184 2490 Ἰησοῦ
3250 2421 3342 2473 τοῦ
3385 2411 3636 2485 Σωτῆρος
3716 2415 3843 2482 Χρι-

655 2509 800 2562 στοῦ.

726 2689 830 2745 Sed
867 2693 1123 2759 quoniam
1157 2695 1401 2763 undique
1430 2711 1614 2762 pacem
1667 2697 1975 2763 qumrimus,
2007 2706 2059 2749 et
2111 2713 2206 2751 vos

653 2782 808 2836 omni
841 2784 1078 2837 adhibita
1117 2785 1400 2856 charitate
1428 2788 1494 2842 ad
1539 2805 1639 2842 nos
1683 2789 1990 2853 pertrahere
2053 2789 2206 2842 volu-

654 2888 797 2930 mus,
862 2889 960 2927 nec
1001 2874 1106 2926 ullo
1156 2876 1308 2927 modo
1343 2892 1438 2930 vos
1488 2877 1883 2942 scandalizare,
1916 2894 2012 2947 age
2058 2894 2202 2933 nunc

654 2962 1216 3019 omciosius‘adbibitis
1251 2964 1502 3020 Ecclesiae
1535 2968 1848 3020 doctoribus
1891 2967 2195 3019 orationem

656 3054 1024 3116 exordiamur,
1055 3065 1107 3108 et
1139 3071 1257 3125 qua:
1281 3057 1452 3110 sancti
1484 3067 1629 3111 recte
1661 3073 1820 3125 super
1863 3059 1962 3111 liae
1987 3068 2206 3110 senten-

661 3145 731 3196 tia
763 3145 1124 3212 protulernnt,
1176 3150 1230 3200 ln
1278 3147 1514 3200 medium
1557 3145 1864 3209 aﬂeramus.
1918 3156 1975 3198 ut
2007 3146 2208 3214 liquido

657 3235 994 3302 cognoscatis
1041 3236 1452 3304 justosomncs,
1507 3245 1772 3303 quatenus
1835 3237 2026 3290 anima:
2054 3249 2198 3302 sunt,

661 3340 782 3378 rsse
815 3325 865 3378 in
901 3324 993 3378 Dei
1044 3326 1235 3394 gloria,
1286 3326 1560 3395 Deumque
1592 3328 1644 3379 in
1698 3327 1889 3381 faciem
1922 3329 2103 3382 videre
2151 3339 2204 3383 et

661 3415 779 3484 ejus
812 3417 1198 3471 visionclaatari
1239 3425 1400 3472 :nbm
1446 3420 1520 3472 nil
1579 3421 1723 3472 aliud
1763 3429 1844 3475 est
1891 3431 2200 3475 sanctorum

664 3507 848 3560 fruitio
881 3522 1041 3573 quam
1091 3507 1184 3559 Dei
1225 3508 1384 3560 visio.
1437 3507 1782 3575 Primumque
1839 3508 1979 3575 quod
2039 3510 2205 3563 sacris

664 3597 923 3667 apostolis
948 3596 1195 3649 Christus
1212 3595 1369 3658 dixit,
1392 3596 1444 3648 in
1476 3596 1706 3649 medium
1743 3597 1993 3664 prodeat:
2031 3596 2205 3650 «Vado

665 3699 853 3751 parare
897 3684 1053 3738 vobis
1107 3685 1304 3750 locum,
1361 3697 1419 3738 ut
1455 3686 1545 3739 ubi
1595 3703 1712 3741 sum
1755 3702 1874 3756 ego,
1901 3696 1954 3741 et
1999 3703 2093 3742 vos
2142 3691 2207 3743 si-

667 3777 818 3829 tis".
864 3795 880 3825 ι
922 3774 984 3827 Ει
1016 3792 1227 3841 rursus,
1252 3793 1374 3831 cum
1410 3777 1516 3832 Deo
1561 3786 1614 3832 et
1659 3776 1818 3832 Patre
1871 3779 2204 3849 colloquens,

665 3867 742 3920 sic
773 3868 889 3920 ait:
930 3885 948 3916 ι
986 3870 1167 3931 Pater,
1207 3885 1343 3937 quos
1399 3871 1591 3924 dedisti
1646 3871 1798 3931 mihi,
1857 3853 1976 3925 volo
2002 3882 2059 3924 ut
2116 3873 2203 3943 ubi

665 3975 804 4025 sum,
825 3974 941 4030 ego,
975 3971 1029 4013 et
1059 3959 1130 4012 illi
1183 3961 1291 4014 sint
1341 3975 1572 4023 mecum,
1633 3969 1695 4034 ut
1738 3962 1948 4014 videant
1993 3961 2208 4013 clarita.

666 4058 771 4103 tem
796 4065 979 4118 "meam
1014 4066 1174 4115 quam
1206 4052 1402 4105 dedisti
1456 4053 1613 4115 mihi,
1661 4055 1783 4119 quia
1831 4054 2061 4107 dilexisti
2123 4071 2207 4109 me

668 4150 792 4195 ante
827 4141 1008 4194 mundi
1045 4142 1480 4195 constitutionem
1513 4142 1575 4195 ".
1603 4160 1620 4193 ι
1675 4141 1811 4207 Quid
1859 4143 1960 4197 hoc
2008 4145 2203 4198 dictum

669 4232 982 4302 signiﬁcat?
1012 4248 1134 4285 nam
1159 4231 1439 4299 discipulis
1465 4231 1600 4285 dixit
1648 4231 1722 4295 id,
1753 4251 1771 4284 ι
1810 4233 1910 4287 Ubi
1964 4249 2083 4302 ego,
2127 4238 2207 4288 in—

671 4325 808 4391 quit,
836 4332 889 4376 et
915 4336 1008 4376 vos
1040 4337 1246 4376 mecum
1277 4321 1414 4374 sitis.
1450 4339 1469 4371 ι
1522 4321 1578 4373 Si
1618 4322 1782 4389 igitur
1827 4338 1946 4376 cum
2005 4340 2068 4376 eo
2103 4341 2206 4377 non

668 4423 813 4476 sunt,
851 4411 980 4479 quid
1010 4411 1281 4465 dicemus?
1310 4412 1440 4466 Sino
1460 4422 1510 4465 te
1535 4412 1636 4466 hoc
1666 4412 1869 4466 dicere.
1899 4415 2006 4482 Ego
2045 4415 2206 4467 Deum

671 4498 982 4562 reformido,
1013 4510 1066 4552 et
1099 4499 1271 4568 ipsum
1335 4501 1646 4554 mendacem
1709 4503 1977 4570 appellare
2008 4502 2205 4567 devito,

3359 2324 3632 2391 δυνάμεθα
3686 2320 3846 2383 δεῖξαι

3034 2603 3108 2656 Γ¹.

2389 2697 2538 2746 Ἐπεὶ
2581 2696 2635 2746 δὲ
2668 2691 2937 2762 πανταχοῦ
2987 2692 3083 2761 τὴν
3131 2690 3373 2758 εἰρήνην
3403 2685 3700 2754 ζητοῦμεν,
3761 2683 3846 2735 καὶ

2307 2775 2612 2853 βουλόμεθα
2633 2784 2811 2835 ἕλκειν
2838 2781 2980 2847 ὑμᾶς
3011 2779 3145 2848 μετά
3172 2779 3348 2846 πάσης
3384 2777 3626 2843 ἀγάπης,
3660 2775 3750 2825 καὶ
3776 2769 3847 2838 μὴ

2307 2875 2677 2938 σκανδαλίζειν
2732 2875 2874 2940 ὑμᾶς
2930 2872 2988 2923 τὸ
3017 2870 3254 2931 σύνολον,
3305 2870 3437 2936 φέρε
3478 2868 3570 2918 καὶ
3621 2864 3714 2916 νῦν
3745 2861 3847 2914 ἀπὸ

2305 2969 2412 3019 τῶν
2446 2966 2614 3032 ἁγίων
2665 2968 2762 3030 τῆς
2810 2962 3125 3031 Ἐκκλησίας
3176 2959 3506 3014 διδασκάλων
3556 2958 3650 3009 τὸν
3697 2955 3845 3018 λόγον

2306 3060 2618 3124 ποιήσωμεν
2669 3055 3241 3121 θεραπευτικώτερονο
3290 3053 3381 3103 καὶ
3428 3051 3534 3101 τῶν
3585 3047 3757 3113 ἁγίων
3785 3045 3844 3096 τά

2305 3147 2567 3216 είρημένα
2596 3145 2776 3207 καλῶς
2807 3145 2864 3196 ὲν
2908 3143 3081 3212 ταύτῃ
3117 3146 3181 3211 τῇ
3212 3142 3357 3209 δόξῃ,
3410 3141 3488 3201 εἰς
3529 3140 3696 3205 μέσον
3724 3152 3846 3204 προσ

2306 3238 2486 3306 Θῶμεν
2509 3253 2522 3266 ·
2556 3238 2641 3287 ἵνα
2691 3236 2862 3302 γνῶτε
2893 3230 3218 3302 νπροιρανως,
3248 3227 3320 3291 ὡς
3361 3232 3408 3281 oi
3441 3229 3584 3294 ἅγιοι
3629 3229 3842 3295 πάντες,

2230 3290 2273 3348 c
2305 3290 2438 3381 καθὸ
2468 3327 2651 3394 ψυχαὶ,
2703 3290 2842 3377 ὶισιν
2893 3290 3046 3392 αἰτῇ
3093 3290 3216 3391 δόξῇ
3263 3290 3355 3372 ...~.
3401 3290 3574 3371 Θεοῦ·
3620 3290 3723 3370 καί
3762 3316 3844 3367 τὸν

2305 3419 2434 3470 Θεὸν
2458 3417 2653 3485 ὁρῶσιν
2680 3417 2759 3477 εἰς
2783 3415 3093 3482 πρόσωπον,
3130 3415 3219 3465 καὶ
3251 3413 3629 3485 εύφραίνονται
3660 3409 3842 3460 τούτου

2305 3512 2368 3577 τῇ
2429 3508 2670 3579 θεωρίᾳο
2719 3511 2812 3558 καὶ
2845 3507 2951 3574 γὰρ
2982 3507 3081 3558 οὐκ
3123 3505 3249 3558 ἀλλο
3282 3497 3425 3555 ἐστὶν
3466 3504 3499 3570 ὴ
3553 3501 3844 3557 ἀπόλαυσις

2306 3599 2411 3651 τῶν
2440 3599 2630 3665 ἁγίων,
2678 3599 2725 3649 εί
2764 3598 2838 3665 μὴ
2870 3599 2901 3663 ἡ
2932 3595 3025 3648 τοῦ
3065 3594 3197 3647 Θεοῦ
3225 3594 3445 3661 θεωρία.
3496 3591 3843 3659 Καὶ-πρῶτον

2310 3692 2407 3759 μὲν
2439 3692 2613 3742 ἐκεῖνο
2661 3687 2721 3740 τὺ
2769 3687 2919 3757 παρὰ
2975 3686 3066 3739 τοῦ
3101 3684 3334 3752 Χριστοῦ
3379 3684 3668 3753 εἰρημένον
3718 3681 3844 3747 πρὸς

2292 3784 2428 3845 ’τοὺς
2487 3780 2669 3850 ἱεροὺς
2719 3780 3066 3841 ἀποστόλους.
3119 3779 3198 3839 είς
3234 3778 3396 3845 μέσον
3446 3775 3666 3827 ἐλθέτω.
3719 3771 3845 3838 Φησὶ

2305 3874 2451 3942 γάρ·
2495 3891 2512 3922 ι
2557 3872 2780 3938 Ὑπάγω
2824 3872 3105 3936 ἑτοιμάσαι
3161 3871 3287 3937 ύμῖν
3340 3869 3521 3928 τόπον,
3573 3868 3661 3918 ἵνα
3720 3867 3844 3916 ὅπου

2305 3962 2422 4029 είμὶ
2453 3960 2583 4028 ιγὼ,
2619 3961 2710 4011 καὶ
2737 3961 2890 4025 ὑμεῖς
2910 3955 3027 4025 ἦτε.
3070 3976 3087 4007 ι
3116 3958 3224 4009 Καὶ
3254 3955 3414 4006 πάλιν
3437 3954 3571 4020 πρὸς
3600 3952 3694 4003 τὸν
3725 3950 3845 4000 Θεὸν

2307 4055 2399 4106 καὶ
2455 4053 2671 4119 Πατέρα
2723 4049 3120 4115 διαλεγόμενος,
3171 4047 3312 4098 οὕτω
3369 4046 3544 4112 φησί·
3589 4061 3608 4092 ι
3653 4043 3843 4106 Πάτερ,

2278 4141 2399 4213 ὀὒς
2427 4139 2662 4200 δέδωκάς
2689 4154 2801 4206 μοι,
2843 4137 2980 4189 οέλω
3020 4136 3106 4188 ἵνα
3138 4137 3269 4188 ὅπου
3307 4135 3419 4201 είμὶ
3447 4132 3576 4198 ἐγὼ,
3609 4133 3844 4182 κάκεῖνοι

2306 4223 2406 4281 ὦσι
2461 4226 2574 4294 μετ’
2614 4223 2770 4294 ἐμοῦ,
2797 4224 2883 4276 ἵνα
2933 4223 3176 4293 Θεωρῶσι
3205 4224 3302 4290 τὴν
3348 4220 3505 4283 δόξαν
3551 4219 3652 4287 τὴν
3693 4221 3844 4284 ἐμὴν.

2309 4323 2374 4388 ἦν
2400 4317 2629 4378 δέδωιίάς
2663 4333 2771 4382 μοι,
2832 4317 2913 4369 ὅτι
2953 4315 3242 4383 ἠγάπησάς
3293 4331 3359 4382 με
3401 4313 3502 4382 πρὸ
3549 4312 3843 4374 καταὸολῆς

2309 4411 2535 4475 κόσμου.
2576 4426 2594 4458 ι
2634 4408 2698 4460 Τί
2743 4405 2931 4476 δηλοῦν
2982 4406 3227 4475 βούλεται
3277 4406 3335 4456 τδ
3388 4403 3719 4471 είρημόνον;
3764 4400 3845 4451 καὶ

2310 4500 2415 4566 γάρ
2441 4503 2574 4567 πρὸς
2593 4500 2719 4560 τοὺς
2757 4497 2999 4566 μαθητὰς
3026 4497 3214 4564 εῖρηκε
3240 4494 3400 4551 τοῦτο
3417 4509 3433 4526 ·
3466 4511 3484 4544 ι
3522 4495 3697 4546 Ὅπου
3722 4491 3844 4557 ἐγὼ,

670 4592 792 4656 quia
857 4605 1044 4642 verum
1089 4589 1270 4644 dicere
1313 4591 1497 4645 didici.
1564 4591 1764 4647 Deinde
1816 4608 1975 4647 aurea
2024 4595 2203 4660 lingua

2309 4593 2461 4659 φησὶ,
2497 4590 2590 4644 καὶ
2636 4591 2790 4658 ὑμεῖς
2838 4585 2937 4657 ἦτε
2988 4587 3103 4655 μετ’
3128 4586 3283 4656 ἐμοῦ.
3323 4606 3342 4640 ι
3375 4585 3436 4639 Et
3475 4586 3568 4640 οῦν
3621 4586 3724 4638 οὐκ
3753 4584 3847 4637 εῑσὶ

669 4676 901 4732 Joannes
961 4677 1012 4728 in
1071 4689 1345 4742 sermone,
1403 4679 1560 4746 cujus
1621 4681 1964 4747 eststitulus,
2001 4701 2019 4733 ι
2055 4682 2208 4746 Quod

671 4774 882 4834 op0rtet
917 4765 1046 4820 ﬂere
1109 4774 1440 4830 peccatores,
1472 4775 1525 4818 et
1587 4769 1732 4843 quod
1799 4769 1949 4821 valde
1996 4781 2213 4833 prosunt

648 4853 898 4909 .mortuis
921 4850 1184 4906 sacrificia
1213 4866 1308 4920 pro
1336 4852 1402 4905 iis
1429 4852 1630 4916 oblata,
1660 4872 1677 4905 ι
1701 4855 1856 4922 cujus
1892 4855 2209 4922 principium

671 4953 776 5005 cst,
805 4961 822 4994 ι
853 4941 1026 5013 Μαι-8,,
1065 4943 1277 5006 fratres,
1322 4943 1460 4996 inter
1510 4943 1868 4999 indiderentia
1911 4945 2142 5010 ponitur,
2189 4965 2206 4996 ι

676 5034 787 5085 haec
818 5034 1005 5086 scribit
1039 5052 1050 5085 :
1088 5050 1105 5084 ι
1137 5033 1480 5088 Oblectamur
1511 5034 1561 5087 iu
1591 5039 2099 5088 commemoratione
2121 5038 2211 5104 ju-

677 5133 907 5183 stormu,
938 5137 1043 5174 nou
1083 5124 1256 5177 solum
1291 5125 1608 5186 viventium,
1642 5139 1828 5177 verum
1861 5126 2020 5178 etiam
2074 5141 2215 5179 mor-

681 5226 920 5267 tuorum.
961 5213 1061 5275 Illi,
1107 5225 1414 5281 peccatores
1434 5216 1640 5268 scrlicet
1670 5224 1723 5268 et
1756 5217 1854 5268 hoc
1885 5231 2212 5270 commemo-

679 5316 882 5366 rantes,
911 5318 1072 5371 super
1105 5319 1288 5358 omnes
1318 5297 1683 5360 misericordia
1717 5306 1861 5370 digni
1910 5315 2052 5369 sunt,
2090 5308 2213 5374 quia

679 5394 972 5448 anenduut.
1010 5390 1070 5443 lli
1105 5403 1155 5444 et
1185 5393 1272 5458 qui
1333 5409 1396 5445 eo
1425 5395 1814 5459 demigrarunt.
1845 5394 1975 5460 justi
2025 5395 2214 5448 videli-

683 5492 788 5545 cet,
816 5481 974 5545 beati,
1009 5481 1140 5550 quia'
1165 5481 1227 5534 ad
1260 5481 1530 5534 Christum
1579 5481 1801 5549 profecti
1837 5494 1981 5539 sunt.
2020 5484 2216 5540 Pecca-

687 5587 849 5638 tores,
877 5574 1186 5642 ubicunque
1229 5571 1446 5637 fuerint,
1507 5573 1750 5641 procula
1808 5574 1949 5645 [lege
1982 5585 2126 5638 sunt,
2167 5583 2219 5627 et

764 5749 856 5801 "J
902 5768 987 5802 an.
1018 5767 1127 5815 xiv,
1155 5751 1204 5804 2.
1288 5751 1327 5779 ⁵⁸
1361 5747 1514 5799 Jozu.
1555 5765 1677 5808 χιιι,
1712 5750 1797 5799 9.2.

2313 4680 2429 4748 μετ’
2457 4680 2640 4740 αὑτοῦ.
2675 4683 2726 4732 τί
2754 4679 2984 4748 ἐροῦμεν
3012 4693 3028 4744 ;
3064 4679 3135 4731 ἐῶ
3169 4695 3228 4730 σε
3267 4675 3423 4730 τοῦτο
3465 4678 3668 4744 λέγειν.
3719 4675 3845 4742 Ἐγὼ

2313 4767 2582 4836 φοϐοῦμαι
2615 4768 2705 4818 τὸν
2751 4767 2918 4819 Θεόν·
2959 4769 3054 4820 καὶ
3105 4766 3437 4836 εὐλαϐοῦμαι
3477 4768 3658 4831 λέγειν
3694 4765 3844 4816 αὑτὸν

2312 4858 2578 4927 ψεύστην,
2619 4859 2700 4909 ὅτι
2734 4857 2905 4925 ἀληθῆ
2940 4858 3115 4923 λέγειν
3147 4857 3458 4924 μεμάθηκα.
3501 4851 3614 4908 Εῐτ⁹
3648 4851 3845 4916 αῦθιςδ

2312 4951 2407 5015 τὴν
2457 4948 2698 5013 γλῶτταν
2727 4947 2960 5014 χρυσοῦς
3010 4946 3281 5013 Ἰωάννης,
3329 4946 3386 4996 ἐν
3423 4944 3498 5012 τῷ
3533 4945 3698 5012 λόγῳ,
3732 4943 3842 5010 οὗή

2314 5034 2636 5106 ἐπιγραφῆς
2679 5033 2801 5086 Ὅτι
2829 5037 2949 5099 τοὺς
2979 5036 3332 5106 ἁμαρτωλοὺς
3367 5035 3447 5089 δεῖ
3475 5035 3694 5104 θρηνεῖν
3719 5050 3732 5064 ·
3761 5032 3844 5084 καὶ

2315 5123 2395 5174 ὃτι
2449 5125 2694 5190 μεγάλως
2738 5125 3024 5192 ὠφελοῦσι,
3055 5128 3178 5190 τοὺς
3229 5113 3582 5193 κοιμηθέντας
3615 5127 3676 5177 αἱ
3716 5124 3842 5190 ὑπὲρ

2317 5215 2493 5268 αὐτῶν
2519 5218 2868 5284 λειτουργίαι·
2893 5220 2921 5281 ἡ
2948 5217 3000 5270 δὲ
3022 5219 3162 5288 ἁρχὴ
3190 5217 3282 5270 τοῦ
3317 5219 3494 5284 λόγου·
3539 5233 3559 5265 ι
3607 5215 3666 5268 '0
3702 5217 3846 5268 θάνα-

2319 5325 2432 5371 τος,
2459 5308 2692 5373 ἀδελφοὶ,
2723 5309 2830 5359 τῶν
2861 5309 3161 5377 ἀδιαφόρων
3194 5310 3364 5367 loti.)
3402 5307 3575 5358 τοιάδε
3617 5308 3843 5374 φάσκει·

2325 5415 2341 5446 ι
2381 5398 2654 5464 Χαὶρομεν
2705 5398 2759 5448 δὲ
2811 5401 2901 5451 ἐπὶ
2938 5403 3046 5458 τοῖς
3094 5397 3336 5456 δικαίοις,
3381 5395 3456 5464 μὴ
3495 5395 3628 5458 ζῶσι
3677 5395 3848 5463 μόνον,

2321 5487 2455 5538 ἁ).λά
2504 5486 2596 5537 καὶ
2643 5487 3103 5556 τετελευτηκόσιν.
3151 5487 3396 5549 Ἐκεῖνοι,
3449 5486 3498 5538 oi
3548 5485 3849 5557 ἁμαρτωλοὶ

2320 5577 2574 5644 δηλονότι,
2604 5585 2694 5631 καὶ
2731 5579 2960 5634 ἐνταῦθα
2994 5577 3407 5640 δντες,,ελεεινοὶ
3441 5580 3654 5634 πάντων
3687 5577 3814 5630 εἰσίν
3835 5588 3846 5600 ·
