4010 6332
230 407 369 470 ιευι

712 418 860 480 PRO
894 420 1098 501 CONC.
1139 425 1498 490 FLORENT.
1539 434 1694 497 CAP.
1732 440 1824 501 IV.
1869 445 1962 502 DE
2008 446 2429 508 FRUlTlONE
2465 448 2937 516 SANCTORUM.

3298 452 3433 516 1302

222 525 253 572 ὁ
290 522 419 585 Θεὸς
446 527 561 590 τοῖς
598 530 869 596 πατράσιν
904 537 960 590 ἐν
988 539 1097 600 τοῖς
1133 543 1437 611 προφήταις
1467 547 1774 619 ἀναστήσειν

1888 566 2121 611 tatttt'unt
2144 575 2302 626 ,ηοω
2332 564 2730 632 eapullieitatio
2787 579 2881 619 seu
2905 564 3192 634 promissio
3212 564 3429 623 dicitur:

222 614 444 677 αὐτούς.
480 618 807 687 Ἐπαγγελία
848 629 976 696 γὰρ,
1029 630 1146 699 ἦτοι
1201 632 1486 703 ὑπόσχεσις
1533 614 1779 706 λέγεται·

225 706 493 801 ὑπέσχετο
522 712 626 782 γὰρ
656 714 686 767 ό
718 717 921 787 Κύριος
948 722 1275 794 ἀναστήσειν
1304 728 1402 796 τὴν
1429 729 1535 782 τῶν
1576 733 1785 801 ἀνθρώ-

227 816 350 891 πων
378 799 561 868 φύσιν,
590 805 647 856 ἐν
672 805 748 874 τῷ
776 810 1021 862 ἀπιστεῖν
1044 813 1168 876 τοὺς
1211 814 1527 885 ἀνθρώπους
1555 818 1652 889 τὴν
1676 799 1783 875 τῶν

230 891 503 958 σωμάτων
557 894 873 951 ἀνάστασιν.
931 897 1099 954 Τοῦτο
1161 894 1268 973 γὰρ
1334 907 1382 960 εί
1431 908 1674 975 ἐγεγόνει
1725 915 1783 967 ἐν

230 982 349 1040 τοῖς
415 984 708 1052 πατράσιν,
763 988 861 1041 οὐκ
908 989 975 1043 ἄν
1027 994 1187 1061 ἡμεῖς
1214 996 1447 1064 ἤλθομεν
1486 1002 1567 1063 εἰς
1618 1001 1678 1052 τὸ
1708 996 1785 1053 εἷ-

228 1084 361 1122 ναιο
394 1072 487 1125 καὶ
540 1073 699 1127 τοῦτό
749 1077 896 1130 ἐστιν
950 1082 1086 1151 ὅπερ
1138 1084 1167 1137 ό
1203 1085 1406 1149 Παῦλός
1454 1105 1647 1159 φησιν·
1680 1092 1779 1144 οὐκ

232 1160 555 1227 ἐκομίσαντο
584 1164 633 1215 οἱ
666 1166 771 1235 πρὸ
803 1167 961 1237 ήμῶν
1013 1172 1112 1239 τήν
1173 1174 1278 1229 τῶν
1330 1179 1596 1248 σωμάτων
1646 1180 1779 1235 ἀνά-

231 1267 468 1316 στασιν,
525 1252 618 1305 τοῦ
664 1255 799 1309 Θεοῦ
850 1260 974 1327 περὶ
1024 1262 1179 1332 ήμῶν
1244 1271 1490 1335 κρεῖττόν
1538 1288 1588 1323 τι
1647 1289 1780 1342 προ⁴

234 1336 578 1407 ϐλεψαμένου
649 1344 734 1396 ἴνα
808 1347 887 1416 μὴ
948 1351 1115 1417 χωρὶς
1184 1353 1338 1424 ἡμῶν
1380 1336 1779 1411 τελειωθῶσιν’

228 1439 508 1485 τουτέστιν
564 1437 649 1491 ἵνα
696 1439 771 1509 μὴ
803 1441 972 1510 χωρὶς
1013 1441 1167 1511 ήμῶν
1204 1445 1401 1500 ἐκεῖνοι
1454 1448 1778 1504 ἀναστῶσιν.

227 1523 292 1575 ΕΣ
324 1527 430 1595 γὰρ
472 1528 684 1586 ἐγένετο
713 1532 768 1583 ἐν
815 1531 1038 1595 ἐκείνοις
1071 1534 1102 1603 ή
1140 1534 1491 1600 ἐξανάστασις
1540 1538 1645 1591 τῶν
1678 1556 1781 1593 σω-

234 1614 444 1682 μάτων,
472 1616 564 1669 καὶ
594 1618 860 1673 ἀπέλαϐον
892 1621 985 1675 καλ¹
1013 1622 1080 1675 τὰ
1121 1623 1345 1694 σώματα
1380 1627 1517 1694 μετά
1547 1628 1651 1683 τῶν
1680 1627 1780 1698 ψυ-

226 1706 359 1774 χῶν,
392 1705 583 1778 οὖτεή
630 1698 891 1780 ἒνσαρκος
941 1709 1217 1784 οἰκονομία
1265 1716 1329 1770 ἂν
1365 1718 1596 1787 ἐγένετο,
1656 1720 1779 1774 οὔτε

228 1794 457 1862 Πέτρος.
488 1795 611 1849 οὔτε
657 1800 885 1867 Παῦλος,
915 1800 1037 1854 οὗτε
1065 1806 1092 1856 ὁ
1122 1804 1304 1867 λοιπὸς
1330 1807 1435 1858 τῶν
1467 1807 1779 1861 ἀποστόλων

224 1885 404 1955 χορὸς,
424 1885 542 1941 οὔτε
561 1889 607 1941 οἱ
628 1891 860 1961 Πατέρες
878 1893 1033 1963 ήμῶν
1053 1896 1146 1946 καὶ
1162 1894 1487 1959 διδάσκαλοι,
1508 1897 1627 1951 οὔτε
1642 1901 1689 1953 oi
1708 1899 1774 1951 is-

225 1977 429 2046 ράρχαι
449 1980 543 2032 καὶ
566 1979 832 2049 θεοφόροι,
851 1980 941 2046 οὓς
968 1985 1202 2054 σήμερον
1228 1985 1561 2059 πλουτοῦμεν
1584 1989 1773 2059 ἀγίους

222 2071 320 2121 καὶ
354 2070 667 2138 θεοφόρους,
697 2074 790 2126 καὶ
818 2077 1306 2148 χειραγωγούμεθα
1334 2079 1401 2132 δι’
1431 2081 1614 2135 αὐτῶν
1641 2081 1775 2151 πρὸς

221 2153 576 2222 οεογνωσίαν,
629 2160 722 2213 καὶ
767 2163 902 2231 πρὸς
956 2163 1125 2235 αὐτὴν
1170 2164 1267 2236 τὴν
1297 2168 1569 2238 σωτηρίαν
1597 2169 1771 2238 ἡμῶν.

232 2244 375 2296 Ἀλλ’
409 2246 531 2299 οὔτε
573 2250 731 2317 ἡμεῖς
760 2252 823 2305 ἂν
856 2255 1174 2329 ἐγενόμεθα,
1201 2257 1322 2309 οὔτε
1364 2259 1484 2329 μεθ’
1508 2260 1652 2329 ἡμᾶς
1680 2260 1773 2316 ἀ).-

218 2333 303 2388 ).οι
330 2352 343 2367 ·
382 2338 476 2389 xal
508 2339 663 2393 τοῦτό
692 2342 837 2403 ἐστιν
861 2343 888 2396 ὃ
910 2327 1035 2415 περὶ
1056 2346 1208 2418 ήμῶν
1235 2327 1477 2417 κρεῖττον
1512 2327 1775 2413 όνΠαῦλος

217 2428 432 2497 νομίζει
480 2426 666 2485 εἶναι’
718 2431 804 2487 ἵνα
857 2433 933 2505 μὴ
987 2437 1155 2506 χωρὶς
1211 2438 1367 2507 ήμῶν
1416 2438 1774 2493 τελειωθῶσιν

220 2521 458 2575 ἐκεῖνοι·
495 2523 609 2576 ἀλλ’
661 2524 746 2578 ἵνα
794 2531 1125 2595 περιμένωσι
1166 2531 1260 2583 καὶ
1288 2531 1434 2601 ἡμᾶς
1484 2532 1658 2585 ἐλθεῖν
1695 2532 1773 2594 εἰς

216 2610 281 2660 τὸ
313 2608 451 2665 εἶναι
473 2628 488 2642 ·
535 2615 627 2666 καὶ
667 2615 789 2668 τότε
818 2613 951 2685 ἅμα
968 2617 1061 2671 καὶ
1088 2620 1247 2688 ήμεῖς
1295 2620 1415 2689 μετ’
1462 2622 1641 2675 αὐτῶν
1677 2622 1775 2692 τήν

216 2700 332 2755 τῶν
358 2702 624 2772 σωμάτων
648 2705 943 2762 ἀνάστασιν
964 2709 1359 2780 ἐπενδυσόμεθα
1384 2728 1397 2741 ·
1424 2712 1518 2766 καὶ
1546 2713 1614 2766 τά
1639 2712 1775 2781 γέρα

221 2794 323 2847 σὺν
359 2796 541 2859 αὐτοῖς
574 2797 669 2851 καὶ
700 2799 827 2861 τοὺς
872 2801 1163 2868 στεφάνους
1208 2801 1595 2872 ἀποληψόμεθα
1627 2803 1773 2878 παρά

202 2876 319 2939 ’τοῦ
354 2887 815 2957 ἐπαγγειλαμένου
847 2891 943 2943 καὶ
983 2891 1225 2962 ἀρχηγοῦ
1268 2891 1366 2962 τῆς
1406 2876 1772 2956 ἀναστάσεως,

221 2982 321 3035 καὶ
348 2980 635 3034 τελειωτοῦ
668 2981 862 3050 Ἰησοῦ.
897 2982 1201 3053 Γενομένης
1228 2985 1333 3055 γὰρ
1357 2984 1456 3055 τῆς
1486 2983 1774 3053 καθολικῆς

220 3073 574 3132 ἀναστάσεως
604 3073 713 3127 τῶν
757 3073 1042 3143 σωμάτων,
1075 3074 1197 3127 οὔτε
1225 3076 1433 3144 γένεσις
1473 3075 1553 3129 ἔτι
1600 3076 1773 3141 ἔσται,

220 3161 348 3214 οὔτε
381 3162 484 3233 μὴν
512 3164 687 3233 φθορά
710 3180 723 3195 °
773 3163 907 3219 ἀλλά
954 3164 1242 3237 ἀμφότερα
1280 3165 1530 3231 παύεται,
1562 3167 1657 3220 καὶ
1684 3167 1774 3220 οὗ-

1890 645 2010 699 ideo
2042 648 2289 715 promisit
2328 648 2589 707 Dominus
2615 668 2674 708 se
2703 652 2991 709 humanam
3040 662 3286 709 naturam
3316 670 3434 711 sus-

1889 738 2205 803 citatnrmn,
2249 741 2373 809 quia
2434 756 2722 811 corporum
2781 745 3169 800 resurrectioni
3235 746 3431 801 diﬂldi-

1887 844 2040 882 mus:
2075 844 2195 883 nam
2248 831 2299 884 si
2326 833 2377 885 id
2407 835 2644 901 patribus
2667 834 2952 897 evenisset.
2986 849 3087 892 nos
3113 839 3296 913 utique
3320 853 3428 913 non

1885 931 2163 984 essemus;
2193 918 2353 988 idque
2373 930 2455 976 est
2483 923 2628 991 quod
2667 923 2797 979 dicit
2817 923 3036 993 Paulus,
3069 940 3175 981 non
3204 909 3427 997 accepe-

1889 1016 2038 1073 runt,
2064 1008 2155 1077 qui
2188 1009 2405 1064 fuerunt
2431 1019 2555 1067 ante
2605 1028 2727 1080 nos,
2752 1029 3041 1084 corporum
3077 1018 3432 1073 resurrectio-

1885 1115 2029 1162 nem,
2058 1100 2168 1157 Deo
2214 1117 2318 1173 pro
2368 1104 2523 1158 nobis
2548 1104 2739 1161 melius
2775 1105 2973 1176 aliquid
3001 1108 3333 1175 providente,
3370 1116 3430 1163 ut

1882 1204 1989 1243 non
2019 1188 2137 1243 sine
2192 1191 2349 1246 nobis
2377 1202 2904 1258 consummarcutur,
2950 1193 3130 1260 idest,
3157 1210 3263 1250 non
3311 1196 3429 1251 sine
3477 1262 3481 1267 τ

1884 1281 2039 1335 nobis
2072 1282 2146 1334 illi
2187 1292 2492 1351 resurgant.
2516 1283 2571 1337 Si
2589 1285 2730 1339 enim
2757 1285 2810 1338 in
2838 1286 2904 1341 iis
2927 1300 3212 1355 corporum
3244 1302 3427 1344 resur-
3476 1281 3479 1283 “

1885 1371 2052 1425 rectio
2086 1371 2423 1439 contigisset,
2457 1386 2655 1441 suaque
2675 1388 2903 1444 corpora
2940 1388 3045 1429 una
3076 1389 3198 1430 eum
3222 1377 3429 1430 anima-

1884 1461 1984 1515 bus
2034 1463 2399 1535 recepissent,’
2422 1467 2701 1519 inearnata
2769 1464 3095 1533 dispensatio
3154 1480 3423 1533 nunquam

1883 1550 2097 1614 fuisset,
2128 1567 2301 1621 neque
2313 1553 2528 1618 Petrus,
2550 1569 2724 1623 neque
2742 1556 2969 1620 Paulus,
2989 1570 3160 1623 neque
3184 1556 3424 1625 reliquus

1883 1642 2246 1709 apostolorum
2278 1644 2500 1711 chorus,
2524 1631 2695 1715 neque
2720 1656 2900 1715 patres
2930 1647 3105 1702 nostri
3136 1654 3189 1701 et
3239 1647 3426 1702 docto-

1884 1744 1990 1793 res,
2025 1745 2196 1801 neque
2245 1732 2535 1788 hierarchae
2564 1745 2617 1789 et
2637 1734 2803 1790 divini
2861 1735 2983 1799 viri,
3015 1737 3212 1806 quibus
3266 1736 3424 1791 hodie

1882 1821 2295 1890 locupletamur,
2337 1824 2509 1877 sancti
2542 1833 2597 1879 et
2645 1825 2837 1890 divini,
2885 1840 2979 1894 per
3019 1842 3155 1896 quos
3218 1826 3285 1881 ad
3332 1825 3423 1880 Dei

1877 1912 2235 1981 cognitionem
2270 1913 2424 1983 quasi
2474 1928 2661 1969 manu
2690 1917 2948 1971 ducimur
2977 1927 3032 1973 et
3061 1922 3126 1971 ad
3184 1927 3422 1971 nostram

1876 2004 2126 2069 salutem,
2154 2011 2210 2059 at
2241 2017 2416 2074 neque
2438 2004 2603 2074 geniti
2634 2004 2944 2070 fuissemus,
2976 2020 3159 2075 neque
3192 2006 3282 2060 alii
3305 2015 3424 2074 post

1876 2113 2003 2153 nos:
2036 2098 2197 2167 idque
2233 2108 2347 2166 est,
2371 2100 2514 2169 quod
2546 2115 2645 2169 pro
2676 2101 2833 2156 nobis
2860 2100 3049 2155 melius
3076 2100 3269 2155 Paulus
3300 2115 3421 2156 esse

1874 2188 2193 2253 arbitratur,
2224 2196 2283 2243 ut
2309 2204 2413 2243 non
2444 2190 2560 2244 sine
2594 2190 2748 2245 nobis
2780 2189 2853 2243 illi
2884 2200 3415 2255 consummarentur,

1876 2277 1970 2331 sed
1993 2293 2277 2347 quousque
2303 2292 2405 2333 nos
2447 2290 2765 2348 generentur
2789 2289 3179 2349 exspectarent,
3203 2288 3256 2331 et
3292 2287 3417 2332 tunc

1876 2381 1977 2422 nos
2007 2368 2169 2422 etiam
2212 2382 2329 2422 ‘una
2382 2383 2523 2431 eum?
2553 2368 2663 2424 illis
2691 2384 2970 2437 corporum
3024 2370 3420 2423 resurrectione

1875 2455 2184 2522 iuduamur,
2207 2455 2532 2526 praemiaque
2562 2466 2617 2511 et
2667 2458 2896 2512 coronas
2945 2458 3106 2511 simul
3142 2470 3264 2511 cum
3314 2458 3418 2511 illis

1874 2545 2233 2613 percipiemus
2261 2561 2290 2599 a
2323 2546 2739 2602 resurrectionis
2770 2546 3117 2615 promissore,
3147 2556 3202 2602 et
3233 2556 3415 2602 aucto-

1873 2650 1951 2699 re,
1985 2645 2037 2691 et
2059 2636 2363 2705 perfectore
2379 2637 2526 2692 Jesu.
2551 2636 2683 2691 Nam
2707 2653 2827 2693 eum
2890 2652 3173 2708 corporum
3205 2640 3418 2695 univer-

1792 2784 1793 2787 η
1874 2728 2002 2782 salis
2026 2729 2347 2783 resurrectio
2373 2728 2535 2783 fuerit
2594 2730 2905 2794 subsecuta,
2951 2744 3122 2800 neque
3144 2730 3420 2800 generatio

1845 2817 1979 2873 'erit
2008 2817 2260 2887 amplius,
2295 2832 2471 2887 neque
2506 2817 2801 2888 corruptio,
2833 2819 2926 2873 sed
2958 2828 3188 2895 utraque
3237 2831 3415 2873 cessa~

1874 2908 2034 2972 bunt,
2055 2922 2325 2985 nemoque
2357 2908 2588 2978 amplius
2605 2909 2947 2979 generabitur
2960 2922 3131 2977 neque
3160 2909 3414 2964 interibit.

1873 2999 2081 3055 Idcirco
2118 3009 2248 3053 tunc
2280 3013 2388 3053 non
2421 2998 2565 3052 facta
2600 3007 2686 3053 est
2707 2999 3055 3054 resurrectio.
3088 2998 3153 3053 Et
3203 3008 3419 3069 propter

1872 3102 2034 3159 quam
2069 3089 2230 3143 aliam
2256 3087 2325 3143 ob
2376 3088 2634 3144 causam?
2655 3086 2788 3153 Quia
2813 3102 2918 3144 non
2947 3089 3125 3145 adhuc
3189 3090 3419 3160 repletus

1873 3187 1955 3234 est
1983 3178 2135 3233 locus
2196 3178 2343 3233 illius
2390 3178 2599 3234 ordinis
2615 3179 2716 3263 qui
2754 3178 2821 3234 de
2849 3179 2987 3234 coelo
3020 3179 3251 3246 cecidit;
3295 3195 3417 3233 nam

218 3256 335 3319 δεις
385 3256 464 3312 ἔτι
503 3259 777 3323 γεννᾶται,
831 3256 954 3313 οὔτε
1012 3258 1119 3329 μὴν
1162 3258 1510 3328 ἀποθνήσκει.
1557 3261 1656 3315 Διά
1689 3276 1771 3313 τοι

1874 3270 2061 3325 scribit
2093 3268 2405 3338 Gregorius,
2435 3256 2792 3337 cognomento
2815 3268 3139 3340 Theologus,
3178 3270 3419 3340 superio-

222 3348 407 3411 τοῦτο,
448 3349 486 3416 ή
532 3349 827 3412 ἀνάστασις
874 3351 974 3403 οὐκ
1017 3353 1231 3419 ἐγένετο
1279 3353 1421 3407 τότε.
1473 3352 1583 3407 Καὶ
1606 3350 1694 3406 διὰ
1724 3352 1775 3404 τί

223 3442 352 3495 ἄλλο
372 3458 387 3509 ;
427 3445 567 3496 Διότι
606 3444 705 3495 οὐκ
729 3442 1017 3514 ἐπληρώθη
1045 3448 1073 3498 ό
1095 3425 1655 3513 καταλειφθεὶς-τόπος
1681 3442 1775 3498 τοῦ

226 3533 488 3596 πεσόντος
524 3535 731 3589 ἐκείνου
761 3536 1056 3606 τάγματος.
1086 3535 1250 3605 Λέγει
1279 3535 1385 3605 γὰρ
1418 3537 1445 3589 ὁ
1474 3535 1611 3598 θεῖος
1642 3536 1781 3607 Γρη-

222 3624 459 3693 γόριοςὸ
507 3626 605 3694 τῆς
656 3625 933 3692 θεολογίας
978 3626 1284 3697 ἐπώνυμος,
1339 3644 1359 3679 ι
1420 3625 1778 3695 Πληρωθῆναι

222 3713 303 3766 δεῖ
344 3716 435 3767 τὸν
469 3716 580 3768 ἀνω
614 3716 836 3781 κόσμον.
879 3715 1110 3785 Χριστὸς
1158 3714 1387 3780 κελεύει,
1439 3714 1512 3783 μὴ
1548 3714 1777 3767 ἀντιτεί-

220 3820 402 3873 νωμεν
430 3821 443 3834 ⁸
472 3804 564 3858 καὶ
587 3806 614 3857 ό
649 3804 922 3875 ὑπηρέτης
954 3805 1089 3875 πρὸς
1129 3806 1220 3858 τὸν
1271 3806 1489 3872 Κύριον·
1528 3821 1547 3855 ς
1585 3802 1775 3871 Κύριε,

219 3896 441 3961 γέγονεν
470 3896 545 3959 ὡς
573 3895 859 3963 ἐπέταξας,
888 3897 981 3950 κα)⁸
1017 3894 1095 3949 ἔτι
1130 3897 1288 3956 τόπος
1322 3896 1459 3950 ἐστί.
1491 3911 1510 3946 ι
1554 3894 1659 3947 Τοῦ
1692 3894 1780 3947 τόδ

223 4004 326 4039 που
360 3984 451 4042 οὖν
505 3988 692 4040 τούτου
751 3988 825 4059 μὴ
875 3989 1026 4053 ὄντος
1078 3988 1201 4040 τότε
1253 3986 1700 4056 πεπληρωμένου,
1741 3986 1773 4054 ή

222 4079 578 4142 ἐξανάστασις
616 4079 724 4131 τῶν
778 4080 987 4148 νεκρῶν
1038 4080 1137 4131 οἰκ
1182 4080 1398 4146 ἐγένετο
1448 4093 1461 4107 ⁸
1493 4078 1587 4130 καὶ
1639 4075 1775 4144 αῦτη

221 4171 373 4221 ἐστὶν
421 4172 455 4238 ή
506 4170 824 4237 ἐπαγγελία,
879 4172 946 4240 ἢν
982 4174 1009 4224 ὁ
1057 4170 1267 4233 Παῦλος
1316 4170 1449 4239 πρὸς
1493 4170 1776 4242 Ἐὁραίους

223 4260 411 4327 φησιν,
456 4261 531 4323 ὡς
568 4263 665 4313 οὐκ
711 4263 1032 4329 ἐκομίσαντο
1072 4261 1119 4313 οἱ
1174 4260 1275 4331 πρδ
1316 4261 1471 4330 ἡμῶν
1553 4260 1656 4325 ἐτι,
1709 4263 1775 4331 ήν

221 4349 337 4415 ἐγὼ
366 4344 520 4417 οἴμαι
553 4352 613 4401 οὐ
654 4351 941 4416 γινώσκειν
968 4350 1109 4418 ὑμᾶς
1143 4350 1244 4403 ἔτι.
1280 4350 1470 4415 Ἡμεῖς
1502 4349 1567 4409 δὲ,
1588 4350 1777 4402 ἀναλε-

224 4439 447 4508 ξάμενοι
489 4441 582 4492 καὶ
614 4436 771 4502 αὖθις
817 4441 1216 4509 τδείρημένον,
1268 4438 1602 4509 ἐπιδείξομεν
1648 4440 1775 4509 ὑμῖν

223 4531 340 4592 πῶς
372 4532 670 4597 ἐπαγγελία
696 4545 713 4562 ο
760 4532 854 4583 καὶ
904 4532 1032 4585 πότε
1071 4532 1169 4601 τὴν
1217 4531 1547 4601 ἐπαγγελίαν
1574 4530 1774 4599 ταύτην

222 4622 487 4689 ὑπέσχετο
539 4620 738 4690 Κύριος
771 4623 798 4674 ὁ
830 4622 960 4686 Θεός
986 4639 1001 4653 θ
1032 4626 1125 4676 καὶ
1153 4624 1296 4676 τίσιν
1338 4623 1526 4692 αὐτὴν,
1558 4622 1651 4674 καὶ
1682 4621 1769 4674 διά

219 4714 382 4766 ποίαν
412 4713 589 4765 αἰτίαν
640 4715 926 4786 ὑπέσχετο,
969 4715 1119 4767 ἔνθεν
1164 4717 1434 4785 ἐροῦμενο
1465 4716 1521 4767 ἐν
1567 4713 1645 4782 τῷ
1678 4714 1769 4766 τὸν

233 4806 448 4876 Ἰσραήλ
492 4806 802 4874 ἀπογνῶναι
832 4808 931 4878 τῆς
976 4807 1244 4877 σωτηρίας
1280 4806 1465 4873 αὑτοῦ,
1504 4806 1560 4859 ἐν
1588 4804 1664 4873 τῷ
1697 4805 1768 4874 μὴ

222 4898 466 4962 νομίζειν
494 4898 590 4967 τὴν
617 4898 727 4951 τῶν
748 4898 955 4968 νεκρῶν
980 4898 1353 4968 ἐξανάστασιν,
1381 4901 1437 4951 ἐν
1464 4898 1541 4968 τῷ
1567 4897 1766 4965 λέγειν,

226 5004 246 5038 ι
282 4988 809 5057 Διαπεφωνήκαμεν,
856 4988 1131 5042 ἀπόλωλεν
1166 4992 1196 5059 ή
1250 4991 1399 5053 ἐλπὶς
1431 4989 1620 5057 ἡμῶν
1666 4988 1767 5055 φάη

222 5095 443 5147 γωμεν,
501 5080 755 5148 πίωμεν·
816 5079 1009 5148 αὔριον
1063 5081 1502 5148 ἀποθνήσκομεν.
1559 5098 1577 5129 ι
1635 5078 1767 5129 Τότε

223 5170 452 5240 ἐμπνέει
482 5171 685 5240 Κύριος
715 5172 804 5223 τὸν
834 5171 1118 5239 προφήτην
1152 5173 1325 5223 εἰπεῖν
1355 5171 1488 5238 πρὸς
1516 5171 1607 5222 τὸν
1648 5169 1770 5221 λαὸν

225 5262 306 5331 μὴ
322 5263 571 5314 ἀπιστεῖν
599 5263 694 5330 τὴν
711 5261 815 5313 τῶν
844 5261 1108 5329 σωμάτων
1130 5263 1446 5323 ἀνάστασιν,
1478 5263 1572 5314 καὶ
1597 5263 1766 5326 ἐπαγ-

222 5350 509 5418 γείλασθαι
540 5352 718 5413 αὐτοῖς
752 5351 832 5403 ὅτι
861 5351 1149 5420 ἀναστήσει
1180 5352 1381 5419 Κύριος
1406 5351 1471 5402 τὰ
1502 5350 1638 5408 ὀστᾶ
1678 5350 1770 5400 aue

220 5441 336 5492 τῶν
358 5440 427 5492 τά
463 5440 622 5510 ξηρὰ,
669 5442 760 5494 καὶ
798 5441 1000 5493 ὲνδύσει
1049 5430 1186 5493 αὐτὰ
1236 5442 1443 5511 σάρκας
1470 5424 1577 5493 καὶ
1607 5441 1773 5511 νεῦρα

225 5530 321 5583 καὶ
347 5528 557 5598 δέρμα·
595 5532 687 5583 καὶ
720 5530 935 5600 πνεῦμα
966 5531 1143 5584 δώσει.
1186 5531 1294 5586 Καὶ
1333 5535 1773 5602 ἀποκαταστήσει

227 5622 424 5684 αὐτοὺς
457 5622 536 5684 εἰς
559 5621 654 5690 τήν
687 5624 1064 5693 Ἰερουσαλήμ.
1103 5626 1172 5675 Ἢ
1201 5624 1386 5693 ὅρασις
1416 5626 1634 5693 εἰρήνης
1658 5627 1771 5677 ἐστί

226 5730 288 5764 τε
328 5713 421 5767 καὶ
450 5711 687 5779 λέγεται.
716 5715 825 5767 Ποῦ
847 5716 1018 5768 ταῦτα
1046 5717 1219 5767 κεῖται
1245 5735 1259 5781 ;
1295 5714 1381 5772 Ἐν
1410 5717 1487 5785 τῷ
1517 5715 1772 5784 ἰεζεκιὴλ

228 5807 304 5878 τῷ
333 5803 587 5875 προφήτῃ
613 5819 625 5833 ·
675 5806 731 5859 ἐν
750 5807 1023 5877 κεφαλαίῳ
1049 5809 1357 5878 τριακοστῷ
1384 5807 1611 5878 ἑϐδόμῳ.
1636 5812 1771 5878 Φησὶ

1878 3374 1990 3414 rem
2018 3357 2275 3412 mundum
2340 3358 2533 3427 repleri
2564 3366 2835 3426 oportere.
2870 3357 3121 3415 Christus
3145 3360 3317 3429 jubet,
3351 3376 3418 3413 ne

1876 3450 2231 3505 obsistamus.
2262 3446 2329 3501 Et
2363 3446 2611 3502 minister
2643 3448 2710 3502 ad
2732 3447 3042 3511 Dominum,
3067 3446 3307 3511 Domine,
3342 3448 3417 3500 ra-

1876 3555 2021 3597 ctum
2051 3551 2133 3597 est
2166 3549 2223 3593 ut
2268 3541 2568 3609 imperasti,
2620 3549 2672 3593 et
2726 3540 2875 3593 locus
2907 3538 3089 3593 adhuc
3142 3545 3240 3593 est.
3282 3539 3415 3592 Cum

1878 3634 2039 3703 igitur
2065 3633 2217 3687 locus
2242 3631 2290 3686 is
2314 3640 2443 3685 tunc
2471 3630 2706 3699 repletus
2730 3644 2831 3684 non
2861 3628 3074 3691 luisset,
3094 3628 3421 3684 resurrectio

1876 3734 2215 3780 mortuorum
2246 3736 2351 3774 non
2396 3730 2480 3775 est
2517 3724 2831 3785 subsecuta,
2864 3710 3099 3788 haecque
3131 3721 3418 3787 promissio

1873 3825 1960 3872 est
1998 3828 2159 3884 quam
2206 3811 2406 3867 Paulus
2437 3813 2502 3866 ad
2550 3811 2800 3866 Hebraeos
2826 3809 2977 3877 dicit,
3007 3809 3258 3880 quodqui
3296 3821 3417 3866 ante

1874 3922 1976 3962 nos
2003 3906 2221 3961 fuerunt
2244 3905 2421 3958 adhuc
2456 3918 2563 3957 non
2592 3913 2936 3973 acceperunt,
2967 3916 3125 3971 quam
3161 3912 3291 3972 puto
3323 3917 3416 3957 vos

1876 3997 2051 4051 adhuc
2083 4010 2190 4049 non
2213 3995 2526 4061 intelligere.
2550 3993 2616 4046 At
2644 4009 2743 4046 nos
2767 3992 2816 4045 id
2842 3984 3040 4045 dictum
3063 4003 3417 4052 resutnenles,

1874 4085 2144 4155 quomodo
2196 4083 2485 4151 promissio
2540 4083 2609 4137 sit
2668 4082 3032 4146 ostendemus,
3094 4091 3146 4135 et
3204 4087 3419 4149 quando

1877 4176 2287 4247 promissionem
2324 4174 2463 4229 hanc
2513 4172 2784 4243 pollicitus
2820 4173 2885 4227 sit
2939 4171 3199 4226 Dominus
3253 4173 3413 4236 Deus,

1877 4268 2184 4337 quibusque
2210 4281 2329 4323 eam
2354 4274 2407 4320 et
2446 4265 2514 4319 ob
2542 4278 2703 4333 quam
2734 4277 2951 4317 causam
3000 4261 3271 4329 pollicitus
3311 4269 3413 4323 est,

1876 4359 2132 4427 deinceps
2161 4357 2425 4411 dicemus.
2451 4357 2582 4409 Cum
2612 4351 2774 4408 Israel
2801 4352 3019 4405 salutem
3046 4365 3197 4409 suam
3223 4350 3415 4419 despe-

1876 4459 2068 4513 rasset,
2114 4461 2215 4501 nec
2261 4457 2593 4500 mortuorum
2652 4444 2897 4498 crederet
2945 4442 3414 4505 resurrectionem,

1876 4553 1996 4591 cum
2032 4536 2298 4601 dicerent,
2350 4534 2588 4589 Abscissi
2618 4548 2823 4599 sumus,
2865 4533 3023 4603 periit
3051 4548 3174 4602 spes
3207 4544 3413 4596 nostra,

1878 4628 2269 4683 manducemus
2292 4634 2346 4681 et
2373 4625 2643 4691 bibamus,
2666 4638 2785 4680 cras
2814 4623 3123 4688 moriemur,
3170 4632 3297 4677 tunc
3336 4623 3414 4676 in-

1873 4718 2097 4788 spiravit
2126 4714 2387 4771 Dominus
2425 4716 2758 4785 prephetam,
2784 4725 2837 4768 ut
2892 4714 3083 4783 pepulo
3116 4712 3314 4766 diceret
3352 4728 3417 4768 ne

1868 4823 2154 4876 corporum
2211 4807 2622 4873 resurrectioni]
2649 4804 2929 4869 dillideret,
2961 4804 3412 4871 polliceretnrque

1867 4898 1933 4955 iis
1950 4914 2008 4954 se
2024 4912 2243 4967 corpora
2262 4912 2445 4952 eorum
2460 4896 2609 4951 arida
2626 4894 3100 4957 exsuscitaturum,
3116 4906 3281 4961 seque
3297 4907 3416 4947 car-

1867 4989 2045 5053 nibus,
2071 4988 2253 5046 nervis
2270 5002 2331 5041 ac
2359 4995 2482 5042 cute
2512 4987 2846 5049 induturum,
2887 4983 3245 5053 spiritumque
3264 4982 3416 5036 datu-

1869 5099 1987 5137 rum
2025 5092 2076 5136 et
2119 5084 2174 5136 iu
2214 5081 2509 5137 Jerusalem
2555 5082 2927 5136 restituturum
2954 5091 3072 5143 qua:
3118 5076 3249 5130 visio
3270 5075 3414 5143 pacis

1867 5184 2022 5232 estet
2057 5175 2272 5229 dicitur.
2298 5174 2528 5230 Ubinam
2554 5181 2681 5229 sunt
2706 5168 2853 5224 hate?
2896 5168 3051 5237 Apud
3084 5164 3409 5220 Ezechielem

1872 5266 2187 5338 prophetam
2220 5266 2396 5335 capite
2449 5263 2722 5321 tricesimo
2774 5260 3041 5330 septimo;
3081 5257 3213 5311 dicit
3269 5256 3410 5309 enim

1871 5355 2084 5409 divinus
2112 5355 2199 5406 hic
2231 5355 2523 5423 propheta:
2563 5369 2581 5401 ι
2607 5348 2771 5403 Facta
2800 5358 2884 5403 est
2925 5361 3082 5414 super
3111 5360 3195 5400 me
3221 5358 3413 5400 manus

1872 5443 2103 5506 Domini,
2129 5453 2181 5498 et
2203 5443 2388 5497 eduxit
2411 5456 2498 5495 me
2528 5440 2582 5494 in
2617 5440 2812 5511 spiritu
2846 5436 3099 5502 Domini,
3130 5444 3182 5492 et
3214 5435 3412 5489 dimisit

1872 5553 1955 5591 me
1978 5536 2029 5588 in
2057 5535 2231 5589 medio
2252 5532 2427 5599 campi
2446 5533 2536 5602 qui
2557 5544 2673 5601 erat
2696 5533 2886 5601 plenus
2906 5530 3139 5586 ossibus.
3168 5526 3411 5580 Circum-

1874 5626 2022 5679 duxit
2051 5640 2134 5681 me
2156 5641 2247 5694 per
2268 5640 2332 5679 ea
2370 5624 2424 5677 in
2448 5639 2601 5694 gyro.
2625 5624 2789 5678 Erant
2819 5632 2993 5676 autem
3054 5620 3222 5671 multa
3261 5618 3410 5670 valde

1874 5732 2032 5785 super
2091 5716 2281 5770 faciem
2303 5716 2501 5784 campi,
2561 5714 2812 5783 siccaque
2871 5711 3235 5765 vehementer.
3270 5727 3287 5760 ι
3346 5707 3409 5760 Et

1875 5807 2007 5863 dixit
2039 5806 2103 5861 ad
2149 5820 2276 5861 me:
2321 5804 2455 5860 (Fili
2502 5805 2756 5869 hutttinis.
2795 5812 3016 5871 putasne
3052 5803 3228 5855 virent
3287 5817 3404 5855 Uss»
