4010 6332
190 469 338 534 1305

681 469 828 528 PRO
854 470 1063 532 CONC.
1092 473 1458 532 FLORENT.
1499 472 1652 531 CAP.
1702 473 1739 529 l‘

1845 471 1942 532 DE
1985 472 2406 534 FilUlTlONE
2441 470 2914 544 S.\N_CTORU‘J.

3249 460 3389 530 1306

186 584 262 635 ἐν
291 581 368 650 τῷ
401 582 604 646 άνοῖξαί
644 602 706 650 με
755 586 882 646 τοὺς
913 587 1112 652 τάφους
1141 587 1292 654 ὑμῶν
1341 588 1465 648 λαός
1499 605 1620 655 μου,
1657 590 1739 639 καὶ

1850 593 2122 646 nullicitus
2143 589 2382 644 cstDeus
2418 589 2656 656 patribus
2685 586 2874 637 vestris
2923 597 3014 650 per
3073 582 3387 648 prophetam

190 671 388 737 ἀνάξαι
417 673 559 740 ὑμᾶς
601 674 662 726 ἐκ
699 674 816 727 τῶν
857 678 1154 743 μνημάτων
1186 677 1340 744 ὑμῶν
1363 699 1376 710 ο
1411 679 1506 729 καὶ
1546 679 1744 741 εἰσάξω

189 765 274 825 εἰς
294 765 394 830 τὴν
427 764 530 831 γῆν
555 763 651 816 τοῦ
677 765 909 835 Ἰσραήλ.
947 783 965 818 ι
1010 766 1152 834 Αὕτη
1193 769 1336 820 ἐστὶν
1381 771 1412 838 ή
1445 769 1744 836 ἐπαγγελία

189 855 262 922 ἢν
295 855 654 922 ἐπηγγείλατο
682 856 710 906 δ
736 856 890 919 Θεὸς,
916 858 1009 911 καὶ
1040 859 1300 926 ὑπέσχετο
1337 863 1446 912 τοῖς
1476 861 1744 926 πατράσιν

187 941 349 1010 ὑμῶν
380 944 466 997 διά
490 944 584 996 τοῦ
617 947 892 1014 προφήτου
923 948 1140 1000 τούτου·
1175 951 1496 1016 ἀναστήσειν
1526 951 1742 1012 αὐτοὺς,

185 1035 285 1084 καὶ
329 1034 507 1088 δοῦναι
547 1036 749 1098 αὐτοῖς,
789 1039 901 1098 τοῖς
932 1037 1105 1102 ἀξίοις
1150 1039 1409 1106 δηλονότι,
1449 1041 1544 1094 καὶ
1575 1057 1742 1094 κεκα-

187 1123 504 1191 θαρμένοις,
534 1127 652 1178 ἀντὶ
682 1127 779 1194 τῆς
819 1128 1061 1194 ἐπιγείου
1106 1129 1478 1197 Ἰερουσαλὴμ,
1524 1125 1623 1195 τὴν
1649 1129 1742 1182 οὖ-

186 1219 378 1277 ράνιον
420 1218 514 1269 καὶ
542 1219 915 1285 ἀτελεύτητον,
951 1220 1018 1287 ἢν
1050 1221 1147 1271 οὐκ
1189 1222 1510 1296 ἐκομίσαντο
1537 1221 1635 1284 ἔτι,
1669 1220 1744 1280 ὣς

186 1325 359 1374 φησιν
408 1311 748 1379 ὁλμακάριος
799 1312 1026 1375 Παῦλος,
1078 1312 1169 1364 τοῦ
1221 1312 1354 1364 Θεοῦ
1404 1314 1528 1382 περὶ
1580 1314 1741 1382 ,ὴμῶν

185 1400 439 1466 κρεῖττόν
469 1418 519 1451 τι
554 1401 1020 1470 προϐλεψαμένου,
1052 1404 1140 1456 ἵνα
1177 1403 1248 1471 μὴ
1287 1405 1454 1473 χωρὶς
1477 1404 1630 1472 ήμῶν
1655 1421 1743 1455 τε-

187 1491 478 1555 λειωθῶσι,
535 1494 836 1556 τουτέστιν,
886 1496 972 1547 ἵνα
1005 1495 1078 1563 μὴ
1122 1496 1290 1563 χωρὶς
1341 1497 1497 1564 ήμῶν
1545 1496 1740 1546 ἐκεῖνοι

187 1581 464 1632 ἀναστῶσι
501 1583 634 1652 μηδέ
664 1585 764 1651 τὴν
798 1583 987 1652 στολὴν
1016 1585 1108 1636 καὶ
1141 1584 1238 1653 τὴν
1269 1585 1624 1653 λαμπρότητα
1648 1585 1740 1637 τοῦ

188 1672 442 1735 σώματος
472 1672 876 1739 ἀπολήψωνται,
903 1673 1030 1742 πρὶν
1057 1674 1124 1726 ἂν
1153 1675 1247 1725 καὶ
1276 1675 1400 1735 τοὺς
1425 1674 1743 1735 συνδούλους

163 1762 283 1810 Δ’καὶ
316 1759 574 1827 ἀδελφοὺς
615 1765 977 1831 περιμείνειεν
1009 1743 1665 1834 ἀναστῆναι..ῐ“ενομέ’νης
1685 1767 1740 1817 δὲ

184 1851 288 1942 ’τῆς
333 1853 678 1942 παγκοσμίου
706 1854 1074 1942 ἀναστάσεως,
1110 1855 1227 1906 τότε
1257 1835 1675 1923 πληρωθήσεταῖ
1705 1857 1736 1920 ἡ
1774 1891 1810 1942 Β

171 1938 504 2006 ’ἐπαγγελία
555 1941 648 1993 τοῦ
679 1941 930 2010 Σωτῆρος
973 1941 1129 2008 ήμῶν
1159 1942 1290 1993 Θεοῦ
1319 1959 1332 1973 ·
1385 1944 1474 1995 καὶ
1501 1945 1737 2010 ἀναστή-

186 2046 377 2086 σονται
425 2031 601 2084 πάντα
630 2032 696 2083 τά
749 2032 857 2082 τῶν
906 2031 1205 2098 ἀνθρώπων
1236 2033 1502 2103 σιῖιματαο
1554 2037 1646 2088 καὶ
1684 2045 1740 2089 τὸ

185 2122 618 2189 συναμφότερον,
674 2120 980 2190 ἆμαψυχὴξ
1010 2123 1104 2175 καὶ
1148 2125 1329 2189 σῶμα,
1376 2126 1740 2193 ἀπολήψονται

181 2211 250 2262 τὸ
266 2211 468 2263 τέλειον
490 2226 502 2239 ·
518 2212 762 2262 τουτέστι
779 2213 998 2276 τελείως
1018 2215 1116 2282 τὴν
1146 2218 1538 2283 μακαριότητα.
1556 2218 1739 2284 Τούτῳ

181 2303 264 2366 τῷ
291 2301 434 2369 λόγῳ
465 2304 917 2383 συμμαρτυρῆσαι
947 2321 1037 2371 μοι
1063 2306 1157 2356 καὶ
1186 2307 1397 2367 Λουκᾶς
1424 2310 1449 2358 ὁ
1471 2308 1739 2371 θειότατος

184 2395 586 2462 εὖαγγελιστής
611 2411 622 2421 ·
651 2395 707 2445 ὲν
729 2390 807 2456 οἷς
832 2399 889 2446 ἐν
913 2398 1031 2456 ταῖς
1052 2397 1159 2448 τῶν
1189 2399 1498 2450 ἀποστόλων
1527 2400 1741 2464 ἐξέθετο

185 2484 448 2566 Ηράξεσι,
485 2485 658 2552 λέγων
714 2486 851 2552 πρὸς
897 2486 1181 2548 Ἰουδαίους
1206 2505 1218 2519 ο
1258 2507 1278 2539 ι
1318 2488 1541 2557 ’Ἄνδρες
1587 2490 1740 2542 ἀδελ-

184 2577 303 2639 φοὶ,
340 2574 467 2640 ὑμῖν
497 2575 524 2624 ὁ
556 2575 716 2640 λόγος
765 2577 861 2642 τῆς
917 2572 1188 2645 σωτηρίας
1238 2581 1513 2650 ἀπεστάλη
1540 2599 1555 2614 ο
1597 2582 1646 2632 οἱ
1695 2582 1739 2634 δ’

184 2660 447 2728 ἄρχσντες
481 2663 655 2730 ὑμῶν,
699 2666 885 2717 τοῦτον
931 2668 1316 2736 ἀγνοήσαντες,
1346 2671 1617 2738 ᾐτήσαντο
1648 2676 1742 2726 Πι-

184 2750 370 2812 λᾶτον,
423 2751 772 2819 ἀναιρεθῆναι
809 2753 899 2804 τὸν
936 2754 1138 2805 δίκαιον
1183 2753 1389 2823 Ἰησοῦν
1412 2771 1426 2785 ⁶
1461 2757 1554 2808 καὶ
1591 2757 1741 2809 τελέ-

187 2859 383 2903 σαντες
422 2842 596 2896 πάντα
630 2843 697 2894 τά
745 2844 874 2910 περὶ
921 2846 1082 2897 αὐτοῦ
1147 2846 1525 2913 γεγραμμένα,
1580 2848 1743 2900 καθε-

189 2933 379 2994 λόντες
428 2932 655 2984 ἀπὸτοῦ
706 2934 885 2999 ξύλου,
935 2935 1135 3006 ἔθηκαν
1199 2939 1253 2988 ἐν
1310 2938 1594 3006 μνημείῳ·
1631 2941 1741 2992 ὁδὲ

186 3024 325 3083 Θεὸς
349 3023 510 3077 αὐτὸν
533 3025 752 3092 ήγειρεν
779 3027 840 3076 ὲκ
868 3027 1075 3093 νεκρῶν
1099 3044 1111 3054 ’
1141 3028 1198 3088 ὃς
1226 3027 1377 3097 ὤφθη
1409 3031 1498 3080 ἐπὶ
1529 3029 1740 3096 ἡμέρας

185 3116 408 3179 πλείους
437 3120 548 3178 τοῖς
602 3118 966 3170 συναναϐᾶσιν
997 3119 1141 3186 αὐτῷ
1179 3120 1284 3171 άπὸ
1318 3120 1415 3187 τῆς
1459 3120 1738 3182 Γαλιλαίας

1849 685 2009 736 hunc.
2046 697 2104 734 se
2141 682 2498 734 excitaturum
2529 693 2640 738 eos,
2676 684 2729 729 et
2765 677 3007 728 daturum
3069 674 3154 733 iis,
3185 672 3394 724 scilicet

1846 770 2020 841 dignis
2055 783 2107 826 et
2138 773 2405 825 mundatis
2440 786 2534 838 pro
2569 781 2775 837 terrena
2840 766 3136 820 Jerusalem
3200 753 3407 829 sempi;

1848 873 2052 916 lernam
2077 872 2128 914 et
2158 863 2421 924 sineliuc,
2461 876 2620 928 quam
2681 859 3296 929 nondumacccperunt,
3337 863 3394 905 ut

1845 955 2033 1007 beatus
2065 953 2240 1018 inquit
2262 938 2480 1011 Paulus,
2507 952 2614 1004 Deo
2630 959 2724 1016 pro
2743 948 2898 1001 nobis
2918 947 3112 999 melius
3136 943 3387 1012 quiddam
3412 953 3414 956 '

1847 1044 2157 1112 providente
2191 1058 2210 1096 :
2235 1051 2292 1094 ut
2317 1057 2421 1094 non
2477 1042 2594 1095 sine
2627 1039 2781 1092 nobis
2809 1038 2841 1090 ii
2874 1045 3176 1099 resurgant,
3219 1048 3390 1089 neque

1845 1135 2037 1187 stolam
2070 1145 2124 1186 et
2154 1131 2493 1200 splendorem
2535 1131 2778 1198 corporis
2815 1129 3071 1193 recipiant
3102 1134 3388 1190 antequam

1845 1244 2228 1282 conservorum
2254 1237 2307 1282 et
2340 1208 2563 1280 fratrum
2596 1223 3052 1278 resurrectionem
3075 1224 3393 1283 OXSDECN‘JH.

1843 1320 2153 1373 etvideant.
2181 1321 2312 1372 Cum
2353 1335 2483 1372 vero
2507 1318 2672 1370 totius
2700 1314 2878 1367 mundi
2923 1312 3083 1363 fuerit
3153 1321 3393 1360 resurre-

1844 1413 1951 1463 ctio
1981 1418 2292 1469 consecuta,
2327 1417 2453 1459 tunc
2507 1405 2806 1458 Salvaturis
2833 1401 2928 1455 Dei
2953 1398 3120 1453 nostri
3164 1395 3392 1463 promis.

1845 1502 1927 1554 sio
1965 1498 2380 1567 adimplebitur,
2419 1505 2472 1550 et
2502 1497 2752 1548 universa
2828 1491 3108 1545 hominum
3165 1499 3391 1553 corpora
3475 1495 3478 1498 ‘

1843 1596 2237 1654 resurgeut;-~et
2267 1595 2493 1647 utraque
2529 1584 2710 1646 simul,
2743 1582 2918 1634 anima
2955 1588 3008 1632 et
3029 1591 3242 1641 corpus,
3271 1589 3394 1643 per-

1845 1679 2128 1732 fectionem
2161 1693 2264 1730 una
2294 1676 2579 1741 recipient,
2615 1673 2667 1726 id
2706 1682 2787 1725 est
2839 1669 3129 1735 perfectam
3167 1665 3393 1719 beatimc

1843 1772 2043 1824 dinem.
2080 1767 2251 1836 llujus
2281 1768 2357 1820 rei
2387 1767 2536 1820 testis
2562 1777 2769 1816 mecum
2801 1759 2902 1813 erit
2957 1759 3124 1810 Lucas
3165 1770 3428 1822 evange-r.

1844 1863 1990 1923 lista,
2019 1861 2071 1912 in
2098 1859 2236 1911 libro
2258 1857 2346 1910 ubi
2377 1855 2744 1920 apostolorum
2769 1861 2885 1906 aeta
2947 1848 3218 1913 exposuit,
3267 1861 3389 1900 cum

1841 1952 1971 2006 dicit
1999 1951 2061 2003 ad
2087 1949 2354 2006 .Judaeos:
2419 1965 2435 1996 ι
2458 1945 2570 1998 Viri
2594 1945 2813 2006 fratres,
2853 1941 3008 1993 vobis
3037 1940 3256 1991 verbum
3300 1951 3390 1990 sa-

1840 2041 1966 2096 Iutis
2017 2041 2176 2106 huius
2227 2038 2454 2092 missum
2511 2044 2618 2088 est.
2681 2032 2963 2099 Principes
3011 2030 3176 2083 vestri
3243 2028 3389 2081 hunc

1840 2133 2147 2197 ignorantes
2175 2130 2444 2196 petierunt
2471 2142 2500 2179 a
2527 2125 2721 2184 Pilato,
2755 2131 2814 2176 ut
2848 2121 3217 2191 interﬁcerent
3243 2135 3388 2173 eum.

1837 2208 2080 2289 Cumque
2110 2203 2571 2273 consummassent
2598 2212 2776 2266 omnia
2806 2225 2924 2278 quae
2967 2225 2997 2264 a
3046 2209 3154 2262 Deo
3192 2210 3389 2275 scripta
3475 2211 3480 2217 ‘

1839 2322 2015 2373 erant,
2049 2311 2377 2377 deponentes
2406 2320 2528 2360 eum
2563 2305 2628 2357 de
2652 2305 2797 2372 ligno
2821 2314 3109 2372 posuerunt
3131 2303 3182 2354 in
3204 2315 3389 2352 monu-

1841 2415 2045 2459 mento.
2079 2405 2219 2456 Deus
2256 2415 2385 2453 vero
2442 2396 2723 2452 suscitavit
2771 2409 2892 2446 eum
2925 2409 2954 2446 a
2988 2394 3235 2446 mortuis.
3286 2391 3416 2456 Qui.

1841 2500 1988 2550 visus
2012 2503 2093 2548 est
2116 2508 2211 2561 per
2237 2491 2352 2544 dies
2375 2489 2569 2542 multos
2600 2487 2682 2538 his
2715 2486 2808 2552 qui
2849 2482 3009 2536 simul
3031 2483 3388 2536 ascenderant

1841 2601 1868 2638 a
1901 2586 2116 2639 Galilzea
2148 2584 2198 2634 in
2233 2578 2556 2637 Jerusalem,
2590 2575 2680 2642 qui
2730 2588 2871 2625 nunc
2903 2580 3024 2625 sunt
3060 2581 3221 2624 testes
3271 2570 3388 2636 ejus

1840 2679 1904 2730 ad
1936 2677 2159 2742 plebem.
2188 2682 2242 2727 et
2289 2687 2383 2724 nos
2418 2669 2564 2722 vobis
2597 2666 2977 2720 annuntiamns
3009 2677 3123 2715 eam
3163 2675 3284 2727 qua:
3319 2659 3382 2711 ad

1842 2779 2054 2822 nostros
2078 2765 2422 2831 repromissio
2457 2761 2594 2814 facta
2625 2766 2728 2821 est,
2759 2756 3020 2824 quoniam
3051 2753 3191 2805 hanc
3244 2751 3386 2804 Deus

1842 2858 2150 2924 adimplevit
2178 2855 2299 2908 (iliis
2328 2854 2527 2906 nostris
2554 2849 2886 2905 resuscitans
2906 2843 3089 2899 Jesum
3129 2843 3194 2898 ⁸¹.
3229 2861 3245 2892 ι
3276 2842 3388 2894 Au-

1841 2947 1924 2998 dis
1946 2948 1967 2997 ?
1987 2944 2398 2996 Promissionem
2433 2941 2585 3016 dicit,
2646 2952 2768 3004 qua:
2797 2934 2860 2987 ad
2893 2941 3072 3001 patres
3123 2931 3260 2985 facta
3284 2939 3384 2984 est.

1842 3034 2012 3099 Quam
2045 3031 2501 3099 promissionem?
2535 3027 2864 3081 Mortuorum
2900 3025 3123 3091 scilicet,
3147 3035 3388 3095 resurre—

1843 3125 2098 3185 ctionem,
2137 3137 2294 3190 quam
2342 3117 2679 3174 conﬁrmavit
2727 3125 2777 3168 et
2808 3112 3100 3168 declaravit
3147 3109 3300 3166 nobis
3327 3107 3390 3159 ii-

185 3207 271 3268 είς
304 3207 701 3285 Ἰερουσαλήμ·
727 3209 941 3271 οἵτινές
972 3211 1075 3262 εἰσι
1105 3214 1377 3280 μάρτυρες
1409 3212 1572 3265 αὑτοῦ
1603 3213 1736 3280 πρὸς

1845 3216 1931 3268 liis
1959 3224 2166 3283 patrum
2201 3213 2436 3274 illorum,
2467 3225 2562 3277 per
2584 3209 3032 3263 resurrectionem
3072 3203 3202 3256 Jesu
3227 3198 3384 3253 Chri-

184 3298 279 3348 τδν
309 3296 434 3349 λαόν
461 3313 474 3326 ⁸
513 3300 603 3350 καὶ
634 3300 792 3368 ήμεῖς
824 3300 1288 3370 εὐαγγελιζόμεθα
1336 3304 1434 3370 τὴν
1462 3304 1594 3372 πρὸς
1617 3305 1737 3365 τοὺς

185 3388 434 3455 πασεέρας
464 3389 788 3454 ἐπαγγελίαν
821 3392 1122 3458 γενομένην
1148 3409 1161 3422 ο
1210 3393 1291 3445 ὅτι
1324 3393 1525 3461 ταύτην
1557 3398 1584 3445 ὁ
1613 3393 1739 3454 Θεὸς

184 3477 588 3546 ἐκπεπλήρωκε
625 3480 734 3540 τοῖς
787 3478 997 3542 τέκνοις
1039 3481 1214 3532 αὐτῶν
1249 3482 1399 3550 ἡμῖν,
1433 3484 1740 3552 ἀναστήσας

200 3566 429 3635 Ἰησοῦν.
486 3587 504 3619 ι
540 3568 821 3638 Ἀκούεις;
855 3571 950 3640 τὴν
1002 3571 1328 3639 ἐπαγγελίαν
1371 3575 1502 3641 φησὶ
1527 3575 1624 3642 τὴν
1654 3593 1742 3641 γε-

184 3659 422 3726 νομένην
453 3658 587 3726 πρὸς
606 3661 730 3721 τοὺς
763 3660 1026 3728 πατέρας’
1056 3663 1216 3713 ποίαν
1245 3663 1613 3731 ἐπαγγελίαν;
1642 3667 1740 3731 τὴν

180 3747 295 3797 τῶν
337 3747 542 3814 νεκρῶν
576 3747 936 3811 ἐξανάστασιν
981 3751 1176 3820 δηλαδή
1199 3768 1212 3784 ’
1250 3771 1268 3802 ι
1304 3751 1404 3804 Ἤν
1445 3754 1737 3805 ἐϐεϐαίωσε

181 3837 282 3890 καὶ
305 3836 568 3905 ἐδήλωσεν
597 3837 626 3890 6
652 3839 784 3902 Θεὸς
811 3841 945 3908 ήμῖν
968 3843 1078 3902 τοῖς
1104 3842 1316 3905 τέκνοις
1342 3842 1451 3895 τῶν
1482 3844 1738 3914 πατέρων

179 3923 429 3988 ἐκείνων,
457 3926 530 3978 δι’
561 3928 906 3991 ἀναστάσεως
924 3928 1097 3998 Ἰησοῦ
1131 3930 1365 3998 Χριστοῦ
1398 3934 1460 3984 ἐκ
1488 3933 1698 4002 νεκρῶν
1719 3949 1734 3964 ο

180 4009 250 4068 οὗ
302 4018 461 4084 ήμεῖς
506 4017 671 4086 ἐσμεν
720 4017 972 4084 ἀψευδεῖς
1020 4020 1118 4087 τῆς
1168 4021 1519 4083 ἀναστάσεως
1573 4023 1735 4074 αὐτοῦ

182 4106 468 4176 μάρτυρες
493 4121 507 4138 ·
541 4108 719 4170 αὐτοῖς
754 4107 860 4176 γὰρ
904 4108 1202 4176 ὀφθαλμοῖς
1251 4111 1573 4179 ἑωράκαμεν
1596 4127 1612 4142 ο
1644 4113 1736 4164 καὶ

178 4201 240 4250 αῖ
269 4200 448 4266 χεῖρες
489 4198 650 4267 ήμῶν
679 4199 1052 4269 ἐψηλάφησαν.
1087 4202 1193 4253 Καὶ⁵
1235 4202 1342 4253 ίδοὺ
1393 4203 1734 4270 εὐαγγελιζό-

182 4289 331 4355 μεθα
371 4290 496 4358 ὑμῖν
537 4289 743 4360 Ἰησοῦν
788 4291 1022 4359 Χριστὸν
1063 4292 1401 4366 πρωτότοκον
1435 4296 1497 4345 ἐκ
1525 4294 1732 4362 νεκρῶν

175 4383 512 4443 ἀναστάντα,
539 4382 618 4443 είς
645 4381 935 4450 βεϐαίωσιν
959 4385 1053 4451 τῆς
1079 4385 1342 4451 ἀψευδοῦς
1372 4386 1537 4439 αὑτοῦ
1565 4387 1733 4453 ἐπαγ-

1843 3308 1911 3360 sti
1941 3324 1966 3357 a
2005 3306 2264 3367 mortuis;
2315 3302 2470 3368 cujus
2499 3298 2913 3356 resurrectionis
2937 3309 3036 3348 nos
3072 3292 3186 3348 veri
3221 3299 3383 3343 testes

1842 3407 2066 3451 sumus“:
2099 3396 2296 3447 nostris
2317 3394 2456 3446 enim
2489 3384 2663 3445 Oculis
2705 3385 3061 3456 inspeximus,
3109 3393 3161 3438 et
3190 3397 3382 3437 manus

1842 3497 2036 3542 nostrae
2065 3488 2364 3554 palparunt.
2394 3484 2453 3537 Et
2477 3497 2603 3537 ecce
2629 3481 2779 3534 vobis
2799 3473 3377 3532 annuntiamusJesum

1841 3578 2110 3632 Christum
2145 3574 2585 3644 primogenitum,
2641 3571 2732 3639 qui
2763 3583 2792 3622 a
2822 3568 3048 3622 mortuis
3090 3561 3385 3620 resurrexit

1840 3670 1906 3721 ad
1946 3682 2082 3721 verae
2121 3682 2232 3721 suae
2266 3663 2642 3734 promissionis
2699 3657 3204 3720 conﬁrmationem;
3261 3666 3382 3705 nam
3422 3705 3428 3708 .

1839 3774 1936 3826 per
1962 3757 2412 3810 resurrectionem
2461 3768 2615 3807 suam
2660 3758 2886 3804 mortem
2916 3758 3229 3804 ‘evaeuans,
3260 3743 3384 3795 uni-

1838 3849 2094 3902 versalem
2125 3848 2266 3900 illam
2286 3855 2338 3900 et
2358 3827 2686 3899 tremendam
2716 3836 3169 3893 resurrectionem
3198 3839 3384 3886 osten-

1836 3938 1936 4001 dit,
1971 3951 2130 4004 quam
2165 3935 2433 4004 pollicitus
2462 3940 2545 3987 est
2599 3929 2839 4000 patribus
2887 3923 3107 3984 nostris,
3156 3929 3216 3974 ut
3260 3927 3388 3972 ante

1836 4025 2034 4079 dictum
2065 4036 2165 4078 est.
2199 4042 2217 4074 ι
2241 4023 2308 4076 Ει
2329 4024 2441 4089 ipse
2464 4021 2659 4088 estqui
2716 4017 2984 4087 promisit,
3011 4022 3065 4069 et
3096 4015 3147 4067 in
3203 4013 3385 4079 seipso
3414 4010 3417 4014 ’

1836 4118 2064 4185 primum
2088 4115 2272 4167 volens
2291 4110 2526 4165 ostendit
2540 4125 2656 4164 eam
2671 4151 2686 4175 ,
2719 4123 2841 4162 cum
2861 4109 2925 4160 ad
2947 4115 3190 4160 mortuos
3207 4103 3385 4158 venis-

1835 4215 1920 4260 set
1947 4205 2090 4259 etab
2120 4205 2198 4257 eis
2226 4202 2614 4271 primogenitus
2675 4199 3088 4256 resurrexissct,
3126 4206 3284 4261 quam
3325 4191 3376 4250 in

1835 4301 1940 4352 line
1987 4298 2303 4352 saeculorum
2343 4293 2591 4348 omnibus
2645 4291 2695 4354 in
2742 4299 3028 4342 commune
3072 4283 3376 4352 praebebita.

1833 4391 2039 4444 Idcirco
2072 4399 2120 4443 et
2159 4369 2545 4455 prinmkenitus
2579 4380 2902 4434 universalis
2966 4376 3111 4429 illius
3135 4387 3382 4428 resurre‘

176 4473 391 4540 γελίας.
421 4473 685 4541 Ἐδήλωσε
705 4475 810 4544 γάρ
836 4475 922 4528 διὰ
944 4476 1038 4544 τῆς
1063 4476 1223 4528 αὐτοῦ
1238 4477 1582 4538 ἀναστάσεως
1609 4496 1731 4531 κατ·

1839 4481 2027 4534 etionis
2047 4479 2293 4531 Christus
2311 4474 2526 4534 dicitur,
2543 4482 2601 4524 ιιι
2620 4469 2816 4523 Paulus
2833 4469 3020 4534 beatus
3033 4465 3296 4520 exclamat
3312 4463 3380 4531 ⁸⁸,

178 4564 441 4632 αργήσας
478 4565 567 4615 τὸν
601 4563 850 4628 θάνατον,
871 4565 968 4633 τήν
994 4566 1328 4633 παγκὸσμιον
1380 4569 1595 4635 ἐκείνην
1641 4571 1732 4622 καὶ

176 4652 417 4721 φοϐεράν
467 4653 841 4717 ἐξανάστασιν,
887 4656 951 4722 ἢν
992 4656 1256 4722 ὑπέσχετο
1305 4660 1413 4717 τοῖς
1453 4659 1728 4726 πατράσιν

176 4745 354 4810 ἡμῶν,
392 4745 464 4806 ὼς
510 4743 852 4813 προείρηται.
891 4745 1000 4796 Καὶ
1033 4746 1195 4805 αὑτός
1225 4749 1369 4799 ἐστιν
1398 4750 1425 4799 ὁ
1473 4750 1731 4816 ἐπαγγειο

174 4836 449 4904 λὰμενοςε
483 4834 574 4887 καὶ
625 4837 682 4887 ὲν
728 4834 874 4904 αὐτῷ
907 4835 1137 4905 πρώτως
1179 4837 1408 4906 θελήσας
1457 4841 1730 4904 ὑπέδειξεν

175 4925 373 4992 αὐτὴν,
410 4927 698 4994 γενόμενος
728 4927 785 4978 ἐν
817 4929 1046 4996 νεκροῖς,
1078 4929 1168 4980 καὶ
1199 4930 1433 4992 ἀναστὰς
1467 4932 1522 4994 ἐξ
1557 4933 1731 4986 αὐτῶν

174 5015 519 5083 πρωτότοκος
545 5030 558 5042 ’
599 5015 666 5083 ἦν
722 5017 815 5068 καὶ
864 5017 955 5067 ἐπὶ
1018 5018 1296 5088 συντελείᾳ
1337 5019 1446 5073 τῶν
1497 5022 1727 5085 αἰώνων,
1766 5075 1779 5105 ἃ

175 5104 378 5166 κοινῶς
413 5104 543 5155 πᾶσι
576 5105 887 5170 παρέξεται.
931 5107 1026 5159 Διὰ
1059 5108 1213 5159 τοῦτο
1251 5111 1342 5160 καὶ
1394 5112 1728 5179 πρωτότοκος

172 5194 276 5261 τῆς
308 5193 689 5268 οἰκουμενικῆς
723 5195 933 5264 ἐκείνης
966 5197 1308 5260 ἀναστάσεως
1330 5202 1357 5251 ὁ
1383 5200 1614 5270 Χριστὸς
1641 5205 1730 5255 λέ-

174 5299 360 5348 γεται,
408 5284 586 5346 καθὼς
637 5283 842 5348 Παῦλος
889 5286 988 5356 βοᾷ
1033 5289 1062 5339 ὁ
1096 5289 1389 5359 μακάριος,
1445 5292 1528 5343 ἳνα
1580 5293 1728 5365 δείξῃ

174 5374 313 5440 ἡμῖν
340 5374 421 5426 ὅτι
450 5375 612 5438 αὑτός
640 5376 788 5429 ἐστιν
821 5377 849 5429 ὁ
882 5377 1124 5447 ἀρχηγὸς
1155 5382 1248 5432 καὶ
1296 5382 1496 5452 Κύριος
1526 5385 1616 5435 καὶ
1639 5401 1728 5435 τε-

175 5463 408 5532 λειωτὴς
441 5465 665 5536 ταύτης.
700 5467 837 5535 Φησὶ
876 5469 1018 5537 γάρ·
1055 5487 1073 5520 ι
1117 5471 1351 5538 Χριστὸς
1398 5472 1641 5541 ἐγερθεὶς
1667 5477 1730 5527 ἐκ

177 5553 425 5620 νεκρῶν...
467 5555 690 5626 ἀπαρχὴ
738 5559 845 5611 τῶν
878 5560 1292 5630 κεκοιμημένων
1343 5562 1594 5629 ἐγένετοο
1641 5565 1727 5616 ἵνα

175 5638 214 5714 ᾖ
242 5641 401 5704 αὺτδς
429 5645 497 5696 τὰ
537 5645 710 5700 πάντα
754 5650 812 5702 ἐν
843 5654 977 5706 πᾶσι
1009 5652 1322 5722 πρωτεύων,
1353 5654 1445 5706 καλ⁵
1487 5655 1570 5706 ἵνα
1603 5656 1729 5706 ὐπο-

1841 4581 1898 4623 ut
1922 4569 2080 4621 nobis
2111 4564 2360 4619 ostendat
2387 4577 2509 4614 eum
2548 4571 2822 4613 auctorem
2851 4573 2968 4611 esse
2998 4557 3303 4618 Dominum,
3327 4560 3382 4611 et

1830 4657 2180 4727 perlecrorem
2205 4655 2344 4723 ejus.
2377 4651 2561 4720 lnqnit
2616 4652 2758 4704 enim
2790 4664 2803 4702 :
2849 4667 2866 4700 ι
2890 4647 3137 4703 Christus
3198 4633 3390 4697 resur-l

1831 4764 1959 4817 gens
1988 4763 2015 4801 a
2059 4747 2290 4799 mortuis
2355 4743 2605 4812 primitiae
2656 4741 3035 4796 dormientium
3082 4737 3254 4789 factus
3274 4743 3412 4797 est,

1830 4852 1890 4896 ut
1920 4841 2033 4907 ipse
2059 4837 2412 4905 undequaque
2435 4837 2487 4888 in
2511 4834 2757 4888 omnibus
2777 4831 2982 4899 primus
3001 4838 3165 4889 esset,
3196 4837 3249 4878 et
3279 4826 3379 4891 ipsi
3443 4844 3448 4849 ·

1831 4932 2011 4985 omnia
2067 4925 2524 4993 subjicerentur”
2563 4941 2610 4975 ,ι
2653 4922 2718 4976 Ει
2759 4911 2950 4976 iterum
3010 4936 3024 4974 :
3087 4909 3382 4976 rChrislns

1831 5027 2076 5075 mortuus
2109 5027 2210 5079 εει,
2243 5025 2296 5068 et
2347 5015 2668 5077 resurrexit,
2703 5021 2756 5067 et
2785 5011 3029 5082 vixit,‘,ut
3053 5018 3107 5061 et
3143 5017 3384 5060 mortuo-

1829 5126 1948 5165 rum
1971 5118 2024 5162 et
2053 5107 2292 5160 vivorum
2311 5104 2615 5160 dominetur
2643 5105 2743 5158 “.n
2772 5102 3050 5167 Amplius:
3089 5118 3106 5150 ι
3133 5099 3236 5164 Qui
3265 5113 3384 5151 sus?

1828 5201 2010 5256 citavit
2033 5199 2241 5264 Jesutn,
2276 5207 2330 5252 et
2356 5214 2455 5252 nos
2487 5213 2608 5252 cum
2629 5196 2755 5252 Jesu
2778 5192 3080 5250 suscitabit,
3109 5201 3162 5244 et
3182 5189 3386 5245 constio.

1827 5303 1940 5349 tuet
1970 5292 2248 5345 nobiscum
2287 5291 2350 5345 ⁸³.
2380 5308 2398 5340 ι
2444 5291 2704 5344 Praeterea
2740 5300 2755 5337 :
2792 5303 2809 5336 ι
2836 5283 2898 5336 Et
2937 5298 3036 5337 nos
3104 5281 3380 5348 rapicmur

1836 5399 1959 5438 cum
1998 5381 2103 5435 illis
2133 5380 2185 5434 in
2208 5379 2444 5434 nubibus
2459 5376 2670 5431 obviam
2701 5373 2919 5428 Christo
2951 5373 3002 5425 in
3034 5386 3156 5426 aera
3185 5387 3199 5423 :
3226 5377 3280 5423 et
3301 5369 3381 5428 sic

1835 5485 2047 5540 semper
2081 5486 2203 5526 cum
2253 5471 2482 5525 Domino
2517 5467 2720 5522 erimus
2743 5465 2808 5520 “.
2831 5484 2850 5517 ι
2909 5464 3052 5519 Idem
3101 5462 3300 5517 Paulus
3325 5461 3380 5521 in

1830 5561 2208 5632 Apostolorum
2263 5560 2428 5625 Actis,
2469 5557 2724 5632 nt_Lucas
2781 5556 2988 5620 scribit,
3037 5552 3375 5620 inquit,cum

1839 5652 2067 5721 Agrippa
2112 5664 2234 5717 rege
2256 5643 2558 5704 sermonem
2591 5648 2793 5701 habens
2844 5660 2858 5697 :
2901 5662 2918 5692 ι
2948 5641 3118 5695 Vitam
3155 5639 3377 5708 quidem

252 5752 442 5833 "Act.
467 5772 580 5823 ιιιι,
605 5756 672 5813 26
698 5776 846 5831 seqq.
927 5765 1219 5833 "Coloss.,
1249 5781 1286 5830 ι,
1316 5765 1400 5820 15.
1479 5767 1523 5796 ⁸³
1552 5767 1568 5818 i
1596 5768 1716 5820 (Zur.

1858 5763 1945 5817 ‘28.
2026 5762 2068 5792 ⁸³
2105 5763 2258 5815 Boni.
2289 5777 2396 5824 xw,
2435 5761 2484 5813 ί).
2564 5760 2603 5789 εδ
2636 5759 2788 5813 lCor.
2815 5771 2883 5821 γι,
2922 5754 3025 5812 li,
3077 5751 3374 5823 i'lThessq

179 5837 253 5887 iV,
303 5821 387 5876 16.
