4010 6332
728 432 864 496 1307
1887 439 2206 500 JOSEPI-Il
2255 441 2570 522 METIIQN
2586 442 2803 500 ENSIS
3792 440 3880 503 nos

728 559 900 606 meam
951 543 1342 615 Hierosolymis
1374 555 1636 602 noverunt
1673 565 1868 606 omnes
1923 551 2117 617 Judzel,
2147 568 2266 622 prm‘

2391 555 2528 620 ταγῇ
2559 551 2706 619 αὐτῷ
2733 551 2799 604 τὰ
2831 552 3030 604 πάντα.
3071 568 3087 600 ι
3123 550 3227 603 Καὶ
3255 567 3340 614 αυ,
3379 568 3396 600 t
3432 548 3660 616 Χριστδς
3689 550 3879 612 ἀπέθανε,

724 637 960 690 scientes
1032 653 1114 690 me
1159 637 1224 705 ab
1261 640 1413 692 initio
1444 641 1488 695 si
1543 643 1706 696 velint
1770 646 2130 698 teslimonium
2184 662 2266 712 rer

2394 644 2486 694 καὶ
2517 643 2715 712 ἀνέστη
2749 643 2844 694 καὶ
2875 643 3089 708 ἔζησεν,
3122 643 3207 695 ἵνα
3237 642 3329 694 καὶ
3373 642 3585 708 νεκρῶν
3615 643 3702 692 καὶ
3727 642 3881 705 ζώντων

725 726 950 794 bibere;
993 729 1246 796 quoniam
1305 732 1602 786 secundum
1673 734 2028 788 certissimam
2087 746 2266 791 sectan

2395 734 2679 804 κυριεύσῃ.
2716 753 2734 785 ι
2773 735 2880 785 Καὶ
2914 735 3014 796 ἐτι,
3051 752 3069 783 r
3118 734 3174 787 Ὀ
3213 733 3431 802 ἐγείρας
3478 734 3682 802 Ἰησοῦν
3705 735 3780 787 τὶν
3807 737 3881 788 Κέ-

727 825 927 872 nostra:
985 821 1260 890 religionis
1292 824 1399 876 vixi
1438 825 1766 888 Pharismus,
1796 835 1844 879 et
1912 842 2055 880 nunc
2092 828 2143 880 in
2170 843 2263 894 spe

2397 840 2509 891 ριον
2539 825 2602 875 ἐκ
2633 824 2860 892 νεκρῶν,
2893 825 2987 876 καὶ
3017 826 3164 893 ἡμᾶς
3207 824 3292 875 διὰ
3321 823 3499 891 Ἰησοῦ
3551 825 3738 891 ἐγερεῖ,
3768 826 3826 882 εἰς
3846 825 3883 872 ιδ

725 924 844 976 qua:
871 911 935 962 ad
967 922 1142 976 patres
1166 898 1377 968 nostrOs
1401 915 1539 969 facta
1566 924 1649 970 est
1687 933 1713 968 a
1749 917 1878 978 Deo,
1916 920 2266 986 repromissio

2394 916 2737 984 παραστῆναι
2767 915 2933 983 αὐτῷ.
2970 935 2988 968 ι
3039 917 3148 970 Καὶ
3177 916 3274 975 ἐτι,
3308 933 3326 966 r
3369 917 3475 967 Καὶ
3507 916 3663 983 ἡμεῖς
3697 916 3883 982 ἀρπαγτο

725 1001 834 1062 nis,
862 1013 944 1056 sto
974 1005 1178 1072 jud’cio
1205 1005 1480 1074 subjecws
1513 1024 1526 1059 :
1556 1008 1774 1076 inquam
1806 1010 2090 1064 duodecim
2113 1012 2266 1064 tribu:

2392 1007 2599 1076 σόμεθα
2630 1009 2686 1059 ἐν
2716 1008 2985 1076 νεφέλαις,
3033 1009 3112 1069 είς
3153 1009 3458 1075 ἀπάντησιν
3498 1005 3592 1059 τοῦ
3636 1006 3884 1073 Κυρίουεὶς

726 1097 924 1144 nostrae
957 1103 1112 1146 nocte
1139 1102 1192 1147 et
1217 1096 1303 1148 die
1337 1095 1729 1160 deservientes.
1764 1108 1986 1166 sperant
2012 1100 2260 1153 devenire

2389 1099 2547 1168 ἀέρα,
2583 1100 2674 1152 καὶ
2726 1098 2866 1152 οὕτω
2897 1101 3126 1153 πάντοτε
3167 1102 3263 1152 σὺν
3288 1100 3492 1169 ,Κυρίῳ
3528 1097 3766 1166 ἐσόμεθα.
3800 1117 3814 1147 ι
3846 1099 3885 1148 '0

723 1181 796 1234 De
826 1198 929 1249 qua
977 1199 1069 1251 spe
1130 1201 1359 1239 accusor
1418 1202 1445 1237 a
1480 1188 1702 1251 Judwis,
1731 1185 1846 1242 rex.
1876 1189 2012 1254 Quid
2046 1191 2266 1244 incredi-

2387 1191 2548 1252 αὐτὸς
2581 1190 2785 1254 Παῦλος
2813 1193 2868 1243 ἐν
2906 1194 3023 1254 ταῖς
3045 1192 3153 1244 τῶν
3188 1193 3241 1244 Ἀ
3255 1193 3527 1245 ποστόλων
3557 1191 3815 1257 Πράξεσιν,
3838 1190 3885 1249 ὡς

719 1271 824 1324 bile
848 1275 1122 1342 judicatur
1144 1277 1283 1344 apud
1315 1293 1434 1342 vos,
1454 1279 1496 1333 si
1522 1278 1665 1336 Deus
1699 1288 1938 1333 mortuos
1969 1281 2234 1334 suscitat?
2263 1300 2280 1333 ι

718 1367 1122 1438 διαλεγόμενος,
1169 1393 1187 1423 I
1233 1374 1342 1441 Τὴν
1397 1375 1495 1444 μὲν
1551 1373 1642 1430 οὖν
1695 1378 1877 1446 βίωσίν
1932 1395 2032 1446 μου
2083 1377 2180 1447 τὴν
2211 1379 2267 1430 ἐν
2315 1376 2709 1448 Ἰεροσολύμοις
2780 1382 2928 1435 ἴσασι
2995 1383 3194 1444 πάντες
3229 1384 3276 1433 oi
3342 1369 3618 1433 Ἰουδαίοις
3679 1377 3888 1444 προγινιῖ..--

723 1463 940 1522 σκοντές
978 1480 1042 1530 με
1067 1465 1295 1532 ἄνωθεν,
1328 1467 1421 1520 ἐὰν
1450 1470 1639 1521 θέλωσι
1670 1475 1988 1539 μαρτυρεῖν,
2017 1472 2098 1523 ὅτι
2125 1473 2264 1525 κατά
2299 1473 2396 1543 τὴν
2420 1475 2819 1546 ἀκριϐεστάτην
2890 1477 3100 1545 αἵρεσιν
3164 1479 3264 1546 τῆς
3314 1476 3587 1545 ἡμετέρας
3650 1473 3886 1542 Θρησκείες

721 1553 887 1622 {Cum
920 1558 1208 1627 Φαρισαῖος
1229 1575 1241 1588 ⁸
1276 1565 1369 1615 καὶ
1399 1565 1490 1616 νῦν
1519 1567 1606 1618 ἐπ’
1642 1568 1814 1620 ἐλπίδι
1849 1570 1941 1635 τῆς
1979 1569 2111 1637 πρὸς
2138 1571 2263 1628 τοῦς
2295 1571 2534 1640 πατέρας
2554 1573 2881 1641 ἐπαγγελίας
2904 1575 3202 1643 γενομένης
3223 1575 3324 1627 ὑπὸ
3375 1574 3464 1625 τοῦ
3526 1571 3682 1635 Θεοῦ,
3731 1570 3886 1632 ιστηκι

2395 1284 2596 1352 γράφει
2625 1286 2862 1350 Λουκᾶς,
2900 1290 3054 1356 φησὶ,
3089 1286 3223 1356 πρὸς
3252 1285 3563 1354 Ἀγρίππαν
3592 1285 3679 1336 τὸν
3720 1281 3886 1350 βασιλέα
3963 1281 3965 1298 ‘

721 1654 1037 1722 κρινόμενος
1064 1672 1077 1686 ⁸
1106 1658 1183 1718 είς
1233 1658 1298 1727 ἢν
1327 1658 1385 1710 τὸ
1432 1660 1806 1727 δωδεκάφυλον
1847 1665 2002 1729 ἡμῶν
2043 1664 2274 1724 ἐκτενῶς
2313 1663 2483 1716 νύκτα
2549 1667 2644 1718 καὶ
2688 1668 2902 1735 ἡμέραν
2946 1669 3225 1735 λατρεῦον,
3305 1668 3512 1731 ἐλπίζει
3569 1665 3885 1731 καταντῆσαι·

720 1751 843 1813 περὶ
878 1744 938 1816 ἧς
979 1750 1188 1810 ἐλπίδος
1219 1749 1572 1818 ἐγκαλοῦμαι,
1611 1752 1827 1820 βλσιλεῦ
1866 1753 2172 1822 ’Λγρίππα,
2207 1753 2309 1805 ὑπὸ
2356 1754 2644 1810 Ἰουδαίων.
2677 1757 2742 1808 Τί
2776 1757 2978 1810 ἄπιστα
2998 1759 3239 1810 κοίνεται
3271 1759 3399 1828 παρ’
3432 1758 3581 1826 ὑμίν,
3615 1758 3662 1809 εί
3717 1759 3741 1808 ὀ
3793 1754 3888 1815 Θεὸς
3966 1744 3967 1772 1

720 1838 945 1904 νεκροὺς
975 1841 1180 1908 ἐγείρει
1209 1857 1224 1906 ;
1267 1864 1285 1890 ι

1425 1936 1514 1993 IX.

791 2023 997 2078 Audisti
1027 2025 1110 2079 llic
1131 2027 1196 2082 de
1224 2030 1379 2082 beato
1415 2029 1582 2084 Paulo
1627 2033 1903 2099 quomodo
1959 2039 2276 2102 promissio-

722 2121 843 2168 nem
874 2115 1157 2186 intelligar,
1197 2133 1320 2171 eum
1363 2119 1598 2175 llelwmis
1657 2126 1898 2193 exponit,
1961 2129 2168 2182 scilicet
2218 2145 2275 2184 se

720 2221 1005 2274 corporum
1052 2212 1502 2264 resurrectionem
1562 2197 2107 2285 designareaildcirco
2145 2223 2220 2276 ait
2255 2239 2269 2272 :

725 2315 744 2348 ι
772 2299 825 2350 Si
857 2302 960 2352 hoc
989 2309 1069 2353 est
1093 2302 1382 2368 premissio
1413 2320 1573 2369 quam
1609 2321 1911 2373 speramus,
1936 2313 2062 2378 quid
2097 2313 2272 2368 incre-

717 2391 882 2444 dibile
912 2392 1168 2457 judicatis
1198 2409 1316 2449 vos.
1347 2395 1390 2448 si
1424 2396 1565 2450 Deus
1587 2399 1813 2452 suscitat
1849 2411 2114 2466 mortuos,
2150 2417 2271 2456 cum

722 2484 771 2536 id
802 2484 1073 2552 pollicitus
1116 2485 1185 2539 sit
1211 2487 1298 2540 67?
1330 2506 1349 2538 ι
1394 2486 1516 2544 Haec
1549 2497 1630 2544 est
1663 2492 1749 2544 illa
1797 2494 2087 2562 promissio
2111 2511 2270 2562 quam

718 2578 988 2645 pollicitus
1021 2587 1121 2642 est,
1177 2579 1226 2631 id
1260 2589 1340 2633 est
1362 2596 1643 2649 corporum
1677 2587 2021 2649 resurrectio,
2053 2604 2122 2641 ne
2155 2589 2274 2657 qui-

716 2671 944 2724 busdam
993 2684 1124 2724 ansa
1177 2671 1505 2739 praeberetur
1549 2673 1786 2740 dicendi,
1855 2675 2268 2744 Manducemus,

719 2763 990 2824 bibamus,
1025 2776 1147 2816 cras
1195 2765 1522 2830 moriemur;
1561 2773 1614 2818 et
1673 2778 1730 2820 ut
1808 2772 2090 2824 crederent
2127 2773 2269 2825 aliud

717 2870 839 2906 esse
872 2854 1148 2918 saeculum,
1172 2855 1310 2923 quod
1341 2859 1595 2924 praesenti
1627 2859 1697 2912 sit
1731 2874 2135 2918 successurum.
2169 2865 2272 2919 Re-

672 2942 677 2947 ’
717 2945 919 3013 liquum
949 2945 1112 3014 igitur
1137 2954 1236 3007 est,
1269 2947 1410 3013 quod
1445 2947 1636 3002 beatus
1660 2948 1857 3005 Paulus
1891 2951 2020 3006 dicit
2051 2994 2066 3018 ,
2103 2972 2121 3004 ι
2151 2953 2267 3008 Non

716 3044 1042 3104 acceperunt
1105 3039 1582 3104 repromissionem
1623 3041 1713 3107 qui
1753 3049 1878 3094 ante
1913 3059 2011 3099 nos
2044 3047 2271 3099 exstite-

714 3138 861 3189 runt,
896 3131 1010 3182 sive
1041 3143 1330 3196 corporum
1364 3131 1810 3184 resurrectionem
1842 3132 1950 3186 Deo
1977 3149 2074 3203 pro
2113 3136 2270 3192 nobis

3109 1933 3186 1988 8'.

2451 2029 2725 2088 Ἤκουσας
2775 2027 3050 2080 κάνταῦθα
3091 2027 3188 2079 τοῦ
3225 2027 3493 2096 μακαρίου
3546 2028 3772 2092 Παύλου,
3803 2029 3884 2090 πῶς

2377 2123 2488 2172 νοεῖ
2521 2121 2618 2186 τὴν
2670 2121 2999 2188 ἐπαγγελίαν
3028 2121 3094 2189 ἦν
3127 2120 3272 2186 λέγει
3325 2118 3459 2187 πρὸς
3494 2119 3788 2190 Ἐϐραίους,
3828 2122 3885 2172 ὅτι

2374 2214 2471 2278 τὴν
2501 2212 2608 2264 τῶν
2641 2214 2903 2280 σωμάτων
2931 2213 3225 2265 ἀνάστασιν
3252 2214 3421 2264 ἐννοεῖ
3445 2230 3460 2278 ;
3493 2213 3574 2265 διὸ
3606 2215 3696 2266 καὶ
3719 2216 3882 2284 φησίν·

2375 2306 2435 2355 Ei
2467 2306 2622 2357 τοῦτὸ
2653 2307 2804 2358 ἐστιν
2833 2307 2864 2374 ή
2897 2305 3219 2370 ἐπαγγελία,
3250 2307 3344 2357 καὶ
3386 2307 3592 2373 ταύτην
3621 2307 3884 2375 ἐλπίζομεν,

2373 2395 2424 2446 τί
2454 2395 2658 2447 ἄπιστα
2690 2395 2900 2464 κρίνετε
2943 2395 3096 2460 ὑμεῖς
3126 2398 3174 2448 εί
3213 2395 3240 2446 ὀ
3267 2397 3396 2456 Θεὸς
3442 2399 3667 2465 νεκροὺς
3703 2399 3883 2464 ἐγείρει,

2373 2486 2455 2537 ὅτι
2488 2487 2752 2554 ὑπέσχετο
2781 2485 2937 2538 τοῦτο
2964 2502 2978 2550 ;
3011 2484 3155 2556 Αὕτη
3186 2486 3470 2555 τοιγαροῦν
3502 2489 3650 2538 ἐστιν
3684 2487 3837 2553 ἐκείνη
3864 2490 3884 2551 ἡ

2373 2578 2696 2644 ἐπαγγελία,
2725 2578 2792 2646 ἢν
2840 2579 3282 2647 ἐπηγγείλατο,ή
3332 2578 3441 2630 τῶν
3490 2579 3752 2648 σωμάτων
3790 2578 3885 2628 ἀνά-

2374 2687 2563 2731 στασις
2587 2685 2600 2701 ο
2633 2670 2720 2722 ἵνα
2746 2668 2819 2738 μὴ
2848 2668 3046 2735 λέγωσί
3079 2685 3242 2733 τινες,
3277 2669 3356 2721 ὅτι
3382 2670 3644 2737 φάγωμεν
3675 2668 3766 2720 καῖ
3783 2670 3887 2720 πίω-

2378 2779 2497 2828 μεν,
2528 2758 2713 2828 αὔριον
2731 2760 2838 2829 γὰρ
2865 2760 3278 2828 ἀποθνήσκομεν
3303 2771 3316 2785 ⁸
3350 2762 3440 2811 καί
3468 2761 3553 2812 ἵνα
3580 2759 3885 2819 πιστεύωσιν,

2371 2853 2454 2906 ὅτι
2487 2853 2634 2906 ἐστὶν
2663 2852 2820 2913 ἄλλος
2862 2853 3015 2917 αίὼν,
3048 2852 3077 2902 ὀ
3117 2850 3207 2903 τὸν
3256 2852 3498 2919 παρόντα
3531 2850 3885 2918 διαδεξόμενος.

2372 2933 2570 2997 Λοιπὸν
2600 2944 2756 2994 τοῦτό
2785 2942 2930 2996 ἐστιν
2953 2943 2981 2996 ὅ
3011 2959 3175 3013 φησιν
3203 2943 3231 2993 ὁ
3276 2945 3543 3011 μακάριος
3577 2943 3779 3003 Παῦλος
3800 2953 3812 2969 ⁸
3833 2941 3887 3000 ὡς

2371 3035 2470 3085 οὐκ
2499 3035 2821 3102 ἐκομίσαντο
2843 3035 2941 3103 τὴν
2970 3036 3299 3104 ἐπαγγελίαν
3326 3036 3374 3087 οί
3401 3035 3505 3103 πρὸ
3541 3036 3714 3103 ἡμῶν,
3757 3035 3887 3101 ἦγε-δν

2371 3124 2468 3192 τὴν
2495 3125 2602 3177 τῶν
2635 3126 2900 3193 σωμάτων
2931 3127 3227 3180 ἀνάστασιν
3251 3142 3264 3157 ·
3300 3126 3393 3178 τοῦ
3423 3125 3730 3194 Θεοῦιπερὶ
3767 3123 3887 3191 ήμῶν

717 3219 908 3272 melius
936 3219 1137 3286 aliquid
1163 3219 1476 3284 providente
1507 3221 1571 3274 ⁸³.
1597 3240 1628 3315 ζ
1653 3221 1793 3287 Quid
1845 3234 1928 3278 est
1985 3224 2127 3280 hoc?
2184 3225 2266 3281 Nil

2373 3217 2618 3283 κρεῖττόν
2646 3234 2697 3268 τι
2740 3216 3207 3286 προϐλεψαμένου.
3255 3216 3425 3269 Τοῦτο
3461 3215 3513 3268 τί
3548 3217 3727 3280 ἐστιν;
3757 3214 3888 3265 Οὐδὲν

716 3310 861 3362 aliud
897 3309 1000 3362 nisi
1031 3319 1084 3362 ut
1114 3326 1213 3365 nos
1265 3295 1628 3380 producamur
1657 3326 1710 3369 et
1745 3316 1916 3371 simus
1956 3319 2004 3370 iu
2054 3329 2267 3379 natura,

716 3416 814 3454 nec
847 3402 966 3455 illos
990 3401 1368 3470 perfectionem
1416 3419 1574 3473 posse
1607 3409 1829 3477 adipisci
1850 3419 2137 3479 antequam
2173 3427 2270 3466 nos

715 3505 1036 3558 gencrcmur
1071 3497 1122 3545 et
1165 3493 1226 3544 ad
1266 3509 1388 3546 esse
1423 3497 1817 3561 perveniamus.
1850 3499 1953 3554 Sed
1981 3512 2034 3553 et
2063 3503 2162 3554 boc
2185 3518 2268 3555 re-

713 3591 798 3633 cte
850 3581 1181 3634 declaratum
1216 3598 1243 3634 a
1279 3583 1434 3637 nobis
1467 3593 1568 3649 est,
1593 3593 1650 3638 ut
1674 3587 1931 3651 arbitror,
1972 3604 2068 3641 nec
2097 3590 2268 3657 impe-

716 3671 795 3722 dit
829 3675 968 3738 apud
1026 3671 1190 3725 Deum
1241 3688 1362 3727 esse
1395 3682 1710 3728 sanctorum
1741 3677 1969 3741 animas,
2021 3687 2076 3730 ut
2133 3692 2270 3732 saeve

715 3762 915 3815 dictum
946 3772 1047 3816 est.
1083 3763 1316 3832 Ideoque
1340 3763 1495 3818 nobis
1521 3765 1731 3820 molesti
1758 3781 1826 3819 ne
1863 3767 2004 3830 sitis,
2037 3768 2269 3822 dicendo

713 3859 931 3909 sanctos
970 3857 1206 3907 nondum
1239 3865 1556 3910 consecutos
1605 3871 1744 3911 esse.
1781 3855 2267 3926 Expergis'cam‘ni,

717 3958 814 3993 oro
854 3960 968 4008 vos,
1030 3943 1242 4005 fratres,
1283 3960 1374 4012 per
1433 3945 1641 4000 viscera
1695 3946 1905 4000 Domini
1943 3952 2110 4002 nostri
2139 3949 2267 4003 Jesu

713 4030 933 4093 Christi,
969 4033 1060 4098 qui
1090 4046 1186 4085 nos
1216 4034 1420 4097 dilexit,
1447 4036 1698 4102 quamvis
1750 4036 1970 4089 inutiles
2021 4047 2266 4105 peceato-

717 4135 802 4173 res
834 4129 886 4172 et
918 4120 1184 4188 desperati
1212 4138 1476 4184 essemus,
1511 4134 1562 4177 et
1595 4127 1684 4194 qui
1721 4129 1951 4180 animam
1987 4144 2138 4182 suam
2167 4145 2266 4199 pro

715 4211 869 4264 nobis
916 4212 1094 4279 posuit
1132 4227 1237 4268 :ne
1282 4213 1350 4265 ob
1383 4214 1572 4266 malam
1609 4217 1916 4270 suasionem
1949 4228 2005 4271 et
2049 4228 2268 4285 sponta-

715 4316 869 4356 ncam
907 4303 1159 4354 malitiam
1220 4302 1417 4357 fratres
1461 4313 1692 4370 vestros,
1725 4306 1971 4373 ejusdem
2011 4309 2129 4362 ﬁdei
2166 4310 2263 4363 do-

717 4392 988 4454 meslicos,
1058 4391 1258 4460 Deique
1309 4395 1476 4461 gratia
1533 4396 1885 4459 ortbodoxos,
1947 4398 2262 4464 abjiciatin;

713 4495 887 4548 neque
908 4481 1244 4535 Christianos
1279 4483 1520 4551 ejusdem
1579 4484 1696 4538 ﬁdei
1733 4495 1784 4540 et
1813 4487 2009 4556 lingua:
2047 4491 2266 4554 partici-

2372 3305 2517 3368 ἄλλο,
2548 3309 2595 3358 εί
2626 3306 2720 3375 μὴ,
2755 3307 2846 3359 καὶ
2874 3308 3036 3375 ἡμεῖς
3076 3307 3144 3360 ἶν’
3177 3306 3416 3376 ἔλθωμεν
3446 3308 3524 3369 είς
3572 3308 3632 3358 τὸ
3667 3302 3790 3357 εἶναι
3817 3304 3887 3354 καὶ

2375 3396 2448 3465 μὴ
2485 3397 2722 3458 ἐκείνους
2751 3397 3122 3467 τελειωθῆναι,
3165 3400 3295 3467 πρὶν
3324 3398 3415 3450 καὶ
3458 3400 3607 3467 ἡμᾶς
3652 3394 3884 3464 γενέσθαι,

2370 3493 2461 3542 καὶ
2489 3491 2566 3550 είς
2596 3489 2655 3541 τὸ
2687 3486 2823 3541 εἶναι
2873 3490 3064 3543 ἐλθεῖν.
3095 3489 3254 3541 Ἀλλά
3281 3491 3374 3541 καὶ
3420 3489 3602 3553 τοῦτο,
3635 3489 3750 3540 κατ’
3778 3485 3885 3550 ἐμὴ-ι

2373 3579 2612 3646 γνώμην,
2651 3579 2829 3639 καλῶς
2860 3577 3175 3647 ἡρμηνεύθη
3215 3577 3342 3646 παρ’
3378 3577 3570 3646 ἡμῶνο
3605 3578 3695 3628 καὶ
3720 3577 3773 3627 οὐ
3805 3590 3885 3626 κω-

2371 3667 2486 3718 λύει
2525 3667 2619 3728 τὰς
2653 3667 2823 3736 ψυχὰς
2850 3669 2955 3720 τῶν
2989 3669 3158 3735 ἁγίων
3193 3663 3334 3720 εἶναι
3364 3666 3500 3736 μετὰ
3532 3669 3629 3720 τοῦ
3663 3666 3803 3729 Θεοῦ,
3829 3663 3886 3724 ὡς

2370 3759 2624 3820 πολλάκις
2656 3760 2866 3827 εἴρηται
2887 3773 2902 3788 ⁸
2932 3758 3009 3811 διὸ
3039 3750 3130 3827 ¹μὴ
3176 3759 3441 3827 ἐνοχλεῖτε
3486 3761 3641 3827 ἡμῖν,
3674 3758 3884 3824 λέγοντες

2368 3851 2490 3911 τοῦς
2523 3851 2711 3916 ἁγίους
2735 3852 2812 3912 ὡς
2843 3851 2942 3902 οῦκ
2973 3849 3238 3901 ἀπέλαϐον
3270 3850 3370 3904 ἐτι.
3401 3849 3702 3918 Ἐκνήψατε
3729 3850 3883 3913 δέομαι

2369 3942 2545 4010 ὑμῶν,
2578 3942 2812 4008 ἀδελφοὶ,
2851 3943 2938 3994 διὰ
2986 3943 3052 3993 τὰ
3076 3941 3355 4010 σπλάγχνα
3396 3941 3487 3993 τοῦ
3529 3942 3729 4010 Κυρίου
3759 3939 3881 4007 ἡμῶν

2379 4029 2550 4099 Ἰησοῦ
2587 4029 2843 4098 Χριστοῦ,
2890 4030 2985 4082 τοῦ
3032 4031 3412 4100 ἀγαπήσαντος
3460 4031 3611 4100 ἡμᾶς
3667 4033 3882 4100 ἀχρείοις

2365 4122 2522 4183 ὄντας
2548 4123 2639 4172 καὶ
2685 4121 3040 4189 ἁμαρτωλοὺς
3074 4121 3164 4172 καὶ
3190 4121 3669 4186 ἀπεγνωσμένους,
3701 4120 3881 4186 καΥτὴν

2365 4211 2543 4278 ψυχὴν
2571 4211 2735 4262 αὑτοῦ
2774 4211 2953 4269 θέντος
2981 4209 3120 4276 ὑπὲρ
3151 4208 3328 4276 ἡμῶν.
3360 4208 3450 4278 Μὴ
3479 4210 3800 4262 ἀποϐάλλετε
3821 4209 3883 4259 διὰ

2368 4301 2662 4370 πεισμονὴν
2703 4301 2796 4351 καὶ
2823 4299 3197 4366 ἐθελοκακίαν,
3243 4299 3523 4366 ἀδελφοὺς,
3564 4301 3788 4364 οἰκείους
3812 4303 3884 4368 τῆς

2364 4393 2532 4460 αὐτῆς
2561 4392 2814 4454 πίστεως,
2847 4391 2939 4444 καὶ
2964 4390 3272 4460 ὀρθοδόξους
3302 4393 3364 4459 τῇ
3400 4390 3493 4441 τοῦ
3521 4390 3663 4443 Θεοῦ
3693 4393 3880 4461 χάριτι·

2367 4483 2498 4552 μηδέ
2546 4483 2896 4551 ἀποπέμπετε
2981 4481 3308 4549 ὁμοπίστους
3393 4482 3752 4550 Χριστιανοὺς
3811 4481 3882 4534 καὶ

713 4587 806 4643 pes
834 4571 1142 4639 repudietis,
1177 4587 1272 4642 pro
1302 4574 1496 4642 quibus
1521 4576 1769 4632 Christus
1823 4581 2096 4646 proprium
2131 4581 2263 4634 elTu-

2369 4574 2763 4643 ὁμογλώσσους,
2819 4573 2958 4640 ὑπὲρ
3013 4568 3088 4628 ὧν
3119 4576 3145 4624 ὁ
3187 4573 3421 4642 Χριστὸς
3466 4576 3527 4627 τὸ
3593 4577 3723 4629 ῐδιον
3772 4571 3881 4643 αἷμα

712 4663 793 4718 dit
824 4662 1161 4729 sanguinem,
1197 4670 1251 4713 ut
1303 4679 1490 4716 omnes
1524 4670 1772 4720 salvaret.
1809 4667 1911 4721 Sed
1949 4670 2055 4723 buc
2108 4685 2262 4725 acce-

622 4803 627 4808 .
712 4755 819 4807 dite
855 4764 905 4806 et
939 4753 1220 4808 nobiscum
1255 4755 1558 4819 consistite,
1586 4765 1640 4808 ut
1671 4773 1778 4810 uno
1809 4773 1904 4811 ore
1938 4762 2262 4816 unanimiter

713 4846 1014 4909 credamus,
1054 4856 1286 4908 sanctos,
1313 4859 1580 4914 quatenus
1605 4849 1796 4902 animae
1824 4857 1973 4914 sunt,
2009 4865 2127 4903 cum
2151 4850 2260 4904 Deo

711 4951 828 4996 esse
855 4954 869 5001 ;
897 4945 947 4989 ct
976 4939 1226 4992 omnibus
1248 4939 1711 4996 consentientibus
1736 4939 1802 4992 ad
1849 4939 2136 4994 Dominum
2164 4955 2258 4993 cx-

711 5028 1023 5090 clamemus,
1071 5027 1304 5096 Spiritus
1327 5036 1378 5082 'et
1405 5029 1886 5093 auimaeiustorum
1937 5031 2156 5096 laudant
2180 5040 2254 5091 te,

712 5119 959 5183 Domine,
1025 5130 1080 5172 ut
1126 5129 1176 5173 et
1206 5121 1242 5172 ii
1267 5136 1293 5172 a
1321 5118 1482 5173 nobis
1536 5119 1843 5186 gloriﬁcati,
1881 5136 1980 5174 nos
2016 5121 2258 5174 vicissim

711 5211 1031 5283 glorificent,
1067 5219 1117 5262 et
1137 5225 1230 5276 pro
1299 5209 1463 5263 nobis
1514 5209 1671 5262 enixe
1724 5211 2058 5264 intercedant
2119 5211 2255 5276 apud

712 5302 1053 5370 pnemiorum
1088 5301 1529 5354 datoremJesum
1550 5300 1820 5354 Christum
1845 5313 1898 5354 et
1922 5302 2258 5355 Salvatorem

713 5404 978 5455 nostrum,
1015 5403 1070 5448 ut
1105 5408 1202 5446 nos
1231 5394 1504 5450 societatis
1518 5402 1570 5449 et
1600 5392 1807 5449 ordinis
1835 5394 2022 5462 dignos
2045 5394 2255 5449 eﬂiciat.

709 5483 841 5538 Fiat.
875 5482 1007 5542 Fiat.

798 5659 839 5704 ν
863 5660 1026 5715 Hebr.
1057 5679 1128 5728 χι,
1163 5662 1248 5716 40.
1327 5660 1370 5691 θ’
1395 5659 1528 5746 Ibid:

2364 4666 2598 4732 ἐξέχεεν,
2629 4664 2712 4714 ἵνα
2743 4664 2866 4724 τοῦς
2912 4663 3115 4724 πάντας
3152 4660 3320 4734 σώσῃ.
3371 4663 3528 4718 Ἀλλά
3562 4667 3724 4735 δεῦρο
3753 4667 3880 4733 στῆτε

2367 4755 2488 4823 μεθ’
2517 4756 2694 4823 ἡμῶν,
2735 4755 2821 4807 ἴνα
2853 4753 3165 4821 δοξάσωμεν
3200 4753 3544 4825 ὁμοθυμαδὸν
3586 4760 3645 4810 ἐν
3674 4761 3750 4809 ἐνὶ
3786 4758 3880 4808 στό-

2369 4864 2514 4914 ματι,
2545 4847 2668 4908 τοὺς
2695 4846 2883 4911 ἁγίους
2908 4844 3046 4897 εἶναι
3079 4845 3214 4912 μετά
3247 4844 3339 4898 τοῦ
3369 4847 3524 4910 Θεοῦ,
3552 4849 3691 4900 καθδ
3719 4847 3876 4916 ψυχαί,

2361 4937 2452 4988 καὶ
2509 4936 2797 5005 κρὰξωμεν
2871 4937 3183 5004 ὀμοφρόνως
3242 4937 3374 5005 πρὸς
3429 4938 3520 4990 τὸν
3590 4941 3877 5008 Δεσπότην·

2364 5047 2382 5079 ε
2419 5027 2704 5095 Πνεῦματα
2731 5028 2821 5079 καὶ
2851 5026 3015 5096 ψυχαὶ
3053 5029 3162 5080 τῶν
3186 5028 3410 5083 δικαίων
3440 5030 3657 5085 αἰνοῦσί
3682 5050 3758 5097 σε,
3789 5031 3877 5084 Κύ-

2361 5138 2442 5189 ριε
2471 5136 2482 5148 ·
2523 5141 2540 5171 ι
2573 5122 2656 5172 ἵνα
2689 5121 2782 5173 καὶ
2814 5119 2966 5171 αὐτοὶ
3016 5119 3360 5188 δοξαζόμενοι
3389 5122 3519 5191 παρ’
3551 5125 3729 5193 ἡμῶν,
3759 5127 3878 5176 αντι-

2359 5212 2654 5276 δοξάσωσιν
2714 5213 2879 5280 ἡμᾶς,
2933 5210 3028 5263 καὶ
3086 5212 3497 5280 πρεσὸεὑσωσιν
3559 5217 3702 5284 ὑπὲρ
3754 5214 3878 5283 ἡμῶν

2359 5302 2608 5367 ἐκτενῶς,
2668 5303 2757 5354 τὸν
2809 5301 3104 5371 ἀθλοθέτην
3146 5301 3354 5370 Ἰησοῦν
3402 5303 3491 5354 τὸν
3534 5306 3765 5372 Χριστὸν
3809 5305 3878 5356 καὶ

2361 5395 2584 5464 Σωτῆρα
2623 5393 2798 5463 ἡμῶν,
2830 5393 2921 5445 τοῦ
2947 5393 3279 5458 καταξιῶσαι
3311 5397 3404 5447 καὶ
3426 5396 3574 5464 ἡμᾶς
3603 5401 3704 5467 τῆς
3731 5396 3878 5452 αὐτῶν

2360 5485 2680 5554 ὁμηγύρεώς
2702 5501 2759 5536 τε
2793 5484 2884 5537 καὶ
2914 5485 3174 5548 στάσεως.
3207 5485 3246 5538 Γ
3249 5485 3440 5551 ένοιτο,
3472 5487 3702 5555 γένοιτο.
