4010 6332
94 425 239 492 i333
742 431 893 502 PRO
945 432 1154 494 CONC.
1199 432 1569 495 FLORENT.
1617 431 1776 491 CAP.
1814 433 1880 492 ν.
1918 428 2013 490 DE
2050 431 2401 490 PRIMATU
2437 431 2665 492 PAP/E'.
3175 432 3311 496 13H

87 559 200 613 τρᾳ
235 542 570 612 οίιιοδομῆσω
596 559 698 614 μου
725 543 822 614 τὴν
849 545 1198 616 Ἐκκλησίαν,
1233 567 1252 600 ι
1283 551 1374 602 καὶ
1398 551 1464 602 τά
1488 550 1612 618 ἑξῆς
1631 559 1646 576 ’

1754 557 1816 597 ac
1843 546 2198 611 perturbatio.
2229 545 2284 599 Si
2309 559 2437 615 ergo
2462 560 2523 599 ea
2552 560 2675 600 vera
2729 556 2876 625 sunt,
2911 549 3057 618 quod
3095 552 3317 604 munda-
3460 549 3464 554 ’

89 632 180 684 ἵνα
229 632 309 701 μὴ
358 632 580 700 γένηται
614 635 673 687 ἐν
730 635 910 698 αὐτοῖς
950 638 1155 708 σχίσμα
1201 640 1273 700 ὡς
1310 640 1519 707 ἔφημεν
1555 643 1647 693 καὶ

1753 643 1832 688 me
1857 645 2167 704 potestates,
2196 639 2416 706 quando
2448 638 2734 705 disiunctae
2771 649 2921 705 sunt,
2956 641 3225 695 intereunt
3257 652 3312 697 et

84 725 328 791 ταραχή.
364 721 424 776 Et
448 717 543 776 οὖν
571 724 722 777 ταῦτ’
744 725 941 795 ἀληθῆ,
972 729 1044 789 ὡς
1078 731 1133 781 αἱ
1173 730 1434 799 κοσμικαὶ
1457 730 1643 798 ἀρχαὶ,

83 812 219 866 ὅταν
254 813 326 881 μὴ
357 815 626 883 ἠνωμᾶναι
652 809 806 881 ὦσιν,
835 818 1054 889 ὄλεθρον
1080 820 1172 874 καὶ
1195 822 1498 890 ἀφανισμὸν
1526 823 1648 890 ὑψί-

84 914 338 967 στανται,
372 906 484 968 πῶς
520 909 546 961 ὁ
583 908 814 977 Χριστὸς
841 908 1067 976 ὤφειλεν
1097 912 1256 964 tam
1283 912 1379 980 τὴν
1400 900 1646 983 ’Ἐκκλη-

85 992 215 1043 σῖαν
237 993 403 1046 αὐτοῦ
449 997 619 1064 χωρὶς
660 999 942 1068 κεφαλῆς;
979 999 1063 1052 τνα
1104 1001 1358 1070 σύγχυσιν
1404 1002 1520 1071 ἓξῃ,
1553 1003 1646 1054 καὶ

82 1080 154 1132 ὲκ
189 1082 284 1150 τῆς
340 1075 651 1153 συγχύσεως
682 1087 972 1158 διαφθαρῇ.
1008 1082 1148 1142 Ἀλλ’
1185 1091 1258 1152 di,-
1306 1091 1525 1160 ἀπάσης
1554 1093 1650 1144 τά-

51 1169 226 1232 -ξεως
263 1172 705 1243 ὕπεριδρυμένος,
738 1179 831 1230 καὶ
865 1180 940 1240 ὡς
971 1178 1068 1249 τὴν
1117 1180 1268 1245 τάξιν
1313 1166 1476 1245 αὐτὸς
1517 1181 1590 1234 ὢν
1620 1186 1646 1234 ὁ

84 1264 518 1330 συστησάμενος,
537 1266 606 1320 ἐν
635 1266 786 1332 τάξει
821 1269 911 1320 καὶ
937 1269 997 1321 τὸ
1039 1270 1231 1323 ἑαυτοῦ
1273 1269 1439 1335 σῦστη
1449 1290 1548 1339 μα,
1577 1274 1638 1326 τὸ

81 1352 536 1422 ὲκκλησιαστικδν
559 1349 756 1428 δηλαδὴ
779 1361 1078 1428 κατέστησε
1105 1362 1304 1429 μένειν.
1329 1365 1431 1415 Καὶ
1454 1365 1644 1436 ὥσπερ

81 1444 251 1507 αὐτὸς
281 1448 371 1500 ἰπὶ
400 1448 501 1516 γῆς
521 1445 587 1519 ἦν
617 1451 828 1520 κορυφὴ
853 1452 944 1504 καὶ
971 1452 1171 1522 Κύριος
1197 1458 1292 1508 καὶ
1325 1455 1645 1523 διδάσκαλος

83 1533 201 1586 τῶν
236 1535 514 1606 μαθητῶν,
564 1539 660 1592 καὶ
694 1547 877 1610 πατὴρ
907 1544 1001 1596 καὶ
1029 1543 1252 1614 ποιμὴν,
1290 1546 1430 1599 οὕτω
1465 1548 1674 1617 βουλὸ-’

87 1641 258 1692 μενος
306 1627 444 1695 πρὸς
495 1627 586 1682 τὸν
622 1633 889 1702 πατρικὸν
920 1634 1128 1688 ἀνιέναι
1178 1637 1384 1707 θρόνον,
1419 1641 1508 1693 τὸν
1542 1642 1645 1694 Πέπ-

82 1732 219 1783 τρον
266 1717 449 1781 αὐτοῖς
496 1721 794 1792 ἐπιστάτην
838 1726 1142 1796 κατέστησε
1177 1730 1270 1782 καὶ
1313 1733 1524 1802 πατέρα
1552 1734 1646 1786 καὶ

81 1807 413 1864 διδάσκαλον
435 1824 449 1839 ⁶
481 1811 576 1864 καὶ
604 1813 789 1877 ἁπλῶς
816 1814 981 1869 αὐτοῦ
1007 1819 1381 1890 τοποτηρητὴν
1404 1825 1500 1875 καὶ
1527 1822 1643 1876 διάο

82 1899 266 1969 δοχον.
302 1900 552 1956 Δείιινιισι
581 1904 638 1957 δι
663 1906 754 1958 καὶ
782 1906 1015 1977 ἀλλαχοῦ
1042 1910 1148 1980 πρὸ
1175 1911 1268 1964 τοῦ
1298 1913 1517 1976 πάθους,
1549 1915 1647 1982 τὴν

83 1993 269 2062 ἀρχὴν
315 1994 502 2048 καὶτὸ
534 1999 798 2067 πρωτεῖον
824 1998 1040 2068 δοθῆναι
1090 2001 1166 2070 τῷ
1239 2002 1447 2074 Πέτρην
1519 2005 1649 2060 ἔνθα

85 2086 230 2152 φησί
257 2101 272 2115 ·
305 2105 322 2138 ι
357 2086 552 2157 Πέτρε,
599 2089 858 2154 πολλάκις
891 2091 1153 2164 ἠθέλησεν
1196 2095 1223 2146 ὁ
1258 2096 1502 2161 Σατανᾶς
1528 2099 1650 2150 ὲπι-

86 2175 334 2232 σινιάσαι
381 2180 524 2247 ὑμᾶς
571 2180 645 2242 ὡς
671 2181 766 2233 τὸν
798 2183 962 2253 σῖτον,
995 2183 1104 2252 ἐγὼ
1140 2186 1195 2238 δὲ
1242 2187 1468 2257 ἐδεήθην
1509 2189 1647 2259 ὑπὲρ

83 2265 213 2331 σοῦ,
252 2267 336 2319 ἵνα
374 2267 450 2336 μὴ
502 2270 730 2340 ἀκλείπῃ
761 2273 794 2339 ἡ
841 2272 1022 2336 πίστις
1080 2292 1172 2327 σου
1204 2291 1218 2305 ⁸
1271 2278 1365 2330 καὶ
1392 2278 1467 2330 ’σὺ
1518 2291 1647 2333 ποτε

82 2359 470 2429 ἐπιστραψιὶς,
494 2360 746 2430 στήριξον
771 2364 892 2425 τοὺς
917 2364 1176 2434 ἀδελφούς
1197 2384 1316 2442 σου.
1346 2367 1646 2435 ι-Ἀκούεις

82 2450 172 2512 τὸ,
203 2449 348 2518 Ἐγὼ
385 2451 608 2521 ἐδεήθην
641 2452 784 2522 ὑπὲρ
833 2454 924 2508 σοῦ
951 2471 968 2488 ο
1006 2458 1097 2510 καὶ
1140 2459 1221 2522 τὸ,
1257 2460 1326 2511 Σύ
1362 2477 1488 2514 ποτε
1523 2463 1645 2514 ἑπι-

86 2541 356 2611 στραφεὶς
393 2544 645 2614 στήριξον
675 2545 799 2607 τοὺς
832 2546 1095 2614 ἀδελφούς
1133 2565 1266 2617 σου;
1295 2549 1362 2604 Τί
1391 2568 1472 2604 σοι
1503 2553 1649 2606 δοκεῖ

79 2633 166 2696 τὸ,
192 2631 704 2703 ἐπιστηρίζεινζτοὺς
731 2635 1012 2704 ἀδελφοὺς.
1044 2639 1076 2706 ἢ
1099 2639 1158 2690 τὸ
1176 2636 1311 2691 εἶναι
1342 2641 1518 2693 αὐτῶν
1553 2644 1650 2711 ἀρ-

79 2725 208 2794 χὴν,
244 2726 335 2778 καὶ
383 2728 654 2796 στηρίζειν
701 2729 939 2797 αὑτούς;
981 2731 1090 2782 Καὶ
1137 2730 1367 2799 ἀλλαχοῦ
1413 2733 1474 2784 τὸ
1511 2735 1643 2787 αὐτὸ

80 2815 391 2878 δείκνυται,
447 2820 504 2870 ὲν
559 2819 636 2886 τῷ
683 2821 878 2886 είπτῖν,
931 2839 950 2872 ι
988 2822 1189 2891 Σίμων,
1232 2822 1519 2890 πορευθεὶς
1565 2827 1644 2886 εἰς

82 2905 189 2972 τὴν
218 2905 517 2971 θάλασσαν,
550 2908 709 2976 βάλλε
759 2910 1074 2980 ἄγκιστρον,
1106 2912 1200 2964 καὶ
1243 2915 1334 2964 τὸν
1366 2913 1645 2968 ἀναϐάντα

85 3014 172 3048 σοι
206 2997 420 3065 πρῶτον
461 2999 611 3067 ἰχθὺν
648 3003 806 3069 ἄρας,
856 3003 1071 3066 ἀνοίξας
1119 3005 1178 3055 τὸ
1229 3005 1400 3074 στόμα
1457 3006 1645 3074 αὑτοῦ,

81 3088 346 3157 εὑρήσεις
399 3090 640 3158 στατῆρα
661 3107 677 3122 ’
709 3089 896 3142 τοῦτον
925 3091 1024 3152 δὸς,
1063 3093 1183 3144 ἀντὶ
1232 3093 1366 3161 ἐμοῦ
1399 3096 1643 3160 καῖσοῡ.

1750 724 2081 790 dilabuntur,
2135 731 2406 796 quomodo
2460 729 2712 784 Christus
2768 731 2951 785 debuit
3022 731 3314 786 Ecclesium

1750 832 1902 871 suam
1927 817 2173 872 omittere
2203 820 2321 874 sine
2352 799 2544 888 capite,
2586 829 2643 872 ut
2673 821 2923 875 confusio
2972 834 3313 888 sequeretur,

1751 915 1803 960 et
1838 922 1902 962 ex
1933 907 2252 962 rohiusionc
2294 910 2704 965 destrueretur?
2733 912 2836 966 Sed
2887 914 2963 966 uti
3001 926 3159 983 supra
3196 928 3316 966 om-

1749 1013 1871 1052 nem
1902 998 2147 1061 ordinem
2196 1002 2397 1069 potius,
2430 1010 2484 1055 et
2510 1003 2896 1058 utiexsistens
2926 1004 2968 1057 is
3001 1006 3091 1071 qui
3157 1007 3311 1058 ordio

1751 1105 1872 1143 nem
1907 1092 2214 1156 constituit,
2239 1093 2408 1146 voluit
2436 1102 2490 1147 et
2522 1095 2712 1149 ordine
2767 1110 2917 1148 suam
2959 1097 3312 1167 societatem,

1753 1180 1997 1236 videlicet
2029 1184 2475 1250 ecclesiasticam,
2533 1186 2823 1240 contineri.
2855 1184 2918 1238 Et
2961 1197 3032 1239 ut.
3079 1188 3192 1254 ipse
3259 1188 3311 1240 in

1750 1275 1911 1326 terris
1946 1283 2272 1341 eratcaput,
2309 1273 2568 1328 Dominus
2625 1285 2677 1328 ct
2732 1277 2986 1344 magister
3023 1277 3312 1344 discipulo-

1749 1381 1888 1428 rum,
1917 1373 1970 1417 et
2006 1364 2169 1419 Pater
2196 1376 2248 1420 et
2265 1367 2475 1430 Pastor,
2500 1369 2577 1421 sic
2601 1385 2722 1422 cum
2747 1369 3068 1421 decrevisset
3116 1371 3179 1421 ad
3222 1383 3314 1438 pa-

1751 1462 1966 1508 ternum
2025 1457 2280 1509 thronum
2343 1458 2658 1522 ascendere,
2720 1459 2934 1511 Petrum
2999 1458 3308 1527 praefer-tum

1747 1545 1878 1616 ipsis
1905 1547 2193 1600 constituit
2245 1547 2459 1600 Patrem
2491 1557 2542 1600 et
2605 1547 2959 1617 magistrum;
2995 1557 3047 1601 ct
3106 1559 3160 1601 ut
3205 1564 3312 1600 uno

1747 1637 1914 1690 verbo
1968 1637 2177 1698 dicam,
2240 1653 2396 1690 suum
2476 1637 2732 1691 vicarium
2801 1651 2863 1691 ac
2920 1652 3310 1692 successorem.

1747 1725 1995 1782 Ostendit
2027 1737 2206 1781 autem
2239 1736 2291 1781 et
2324 1727 2450 1780 alibi
2519 1737 2642 1781 ante
2691 1742 2844 1781 suam
2899 1729 3225 1796 passionem,
3255 1743 3312 1781 se

1749 1818 2113 1888 principatum
2175 1827 2230 1872 et
2296 1820 2585 1888 primatum
2647 1815 2818 1872 Petro
2866 1817 3172 1883 tradidisse,
3223 1818 3311 1871 ubi

1750 1908 1925 1962 dicit:
1964 1926 1981 1958 ι
2022 1907 2196 1969 i’etre,
2253 1905 2450 1975 srepius
2502 1904 2789 1976 expetivit.
2824 1907 3054 1962 Satanas
3111 1923 3202 1962 ros
3256 1916 3314 1961 ut
3387 1917 3392 1941 '-

1749 1999 2014 2052 cribraret
2049 1999 2190 2052 sicut
2215 1999 2470 2052 triticum.
2497 1998 2606 2067 Ego
2633 2007 2812 2052 autem
2872 2000 3053 2067 rogavi
3115 2015 3212 2069 pro
3259 2011 3315 2052 te

1749 2098 1805 2144 ut
1831 2107 1934 2142 non
1976 2089 2191 2143 deficiat
2222 2091 2352 2144 iides
2377 2099 2502 2155 tua;
2533 2102 2586 2143 et
2613 2098 2665 2142 tu
2695 2089 2985 2158 aliquando
3013 2079 3312 2145 conversus

1749 2179 2009 2233 confirma
2055 2179 2247 2234 fratres
2297 2191 2436 2235 tuos.
2468 2199 2486 2230 ι
2520 2181 2688 2240 Audis
2749 2180 2873 2243 hoc,
2918 2199 2937 2231 ι
2995 2179 3104 2250 Ego
3133 2180 3312 2249 rogavi
3366 2169 3368 2172 ’

1748 2283 1848 2338 pro
1878 2277 1950 2332 te,
1991 2287 2009 2319 ι
2037 2278 2092 2322 et
2114 2269 2264 2332 illml,
2305 2287 2323 2320 ι
2359 2269 2437 2322 Tu
2465 2269 2753 2337 aliquando
2785 2266 3078 2325 conversus
3123 2270 3316 2322 contir-

1751 2375 1835 2411 tna
1894 2359 2089 2414 fratres
2155 2369 2276 2413 tuos
2311 2359 2379 2411 οἳ
2413 2376 2432 2411 ι
2469 2361 2606 2434 Quid
2670 2360 2765 2414 tibi
2826 2360 3038 2414 videtur
3085 2361 3310 2426 scilicet,

1748 2453 2075 2506 contlrmare
2111 2451 2328 2516 fratres,
2360 2452 2460 2506 nisi
2506 2467 2627 2505 curn
2679 2466 2797 2506 esse
2841 2453 3054 2512 illorum
3106 2451 3310 2520 princi-

1749 2551 1971 2609 pmn,et
2019 2555 2113 2597 eos
2163 2543 2529 2596 conﬁrmare?
2587 2543 2682 2612 Et,
2709 2543 2835 2597 alibi
2893 2543 3030 2596 idem
3080 2541 3309 2598 ostendit

1747 2633 1951 2698 dicens,
1984 2651 2002 2683 ι
2039 2632 2250 2696 Simon,
2281 2634 2413 2687 vade
2439 2634 2502 2686 ad
2553 2648 2720 2696 mare,
2747 2641 2802 2686 et
2858 2634 3009 2686 mitte
3064 2633 3306 2695 hamum,

1746 2731 1798 2776 ct
1824 2738 1944 2775 eum
1982 2723 2184 2790 piscem
2213 2724 2303 2791 qui
2328 2725 2538 2792 primus
2573 2723 2876 2778 ascenderit
2903 2723 3048 2786 tolle,
3084 2732 3135 2776 et
3179 2736 3309 2790 ape-

1751 2813 1894 2866 riens
1924 2828 1986 2867 os
2017 2814 2153 2879 ejus,
2178 2815 2420 2870 invenies
2463 2823 2744 2878 stateram,
2791 2815 2939 2868 illum
2982 2829 3201 2869 sumens
3238 2814 3305 2866 da

1747 2918 1847 2971 pro
1904 2919 1988 2958 me
2051 2915 2103 2958 et
2170 2915 2221 2958 te
2255 2906 2296 2958 ".
2337 2905 2466 2959 t-Ex
2531 2920 2594 2959 eo
2645 2916 3009 2974 cognoverunt
3055 2903 3304 2975 discipuli

1749 2983 1967 3048 Petrum
2001 2995 2132 3064 ipsis
2161 2996 2458 3066 principem
2507 2997 2832 3064 praefecisse.
2886 2997 3009 3051 Πωο
3051 2995 3305 3049 Christus

1750 3069 1862 3154 ipse
1889 3094 2176 3156 antequam
2213 3096 2488 3156 pateretur
2517 3091 2837 3155 enuntiavit,
2878 3099 2935 3142 ut
2963 3089 3164 3142 dictum
3200 3098 3304 3143 est.

96 3179 196 3232 Ἐν
227 3179 399 3248 τούτῳ
432 3179 674 3246 ἔγνωσαν
701 3182 749 3233 οί
780 3181 1040 3250 μαθηταὶ,
1072 3181 1153 3234 ὅτι
1185 3182 1274 3234 τὸν
1312 3183 1515 3252 Πέτρον
1555 3189 1647 3239 αὖ-

1753 3175 1883 3230 Post
1905 3179 2564 3231 resurrectimiem'autetn
2597 3179 2679 3247 (ut
2712 3176 2908 3232 Joanni
2944 3179 3166 3231 tonitrui
3195 3179 3305 3232 ﬁlio

82 3271 203 3329 τοῖς
240 3269 452 3339 πρῶτον
480 3273 798 3340 κατέστησε.
839 3290 857 3322 ι
897 3271 1082 3324 Ταῦτα
1135 3274 1232 3341 μὲν
1269 3273 1428 3337 αὐτὸς
1455 3279 1484 3328 ὁ
1514 3277 1648 3346 Χρι-

31 3426 33 3428 η
89 3363 223 3427 στὸς
258 3366 360 3434 πρὸ
385 3366 479 3417 τοῦ
513 3366 717 3428 πάθους
745 3369 819 3428 ὡς
850 3369 1061 3436 είρηται
1105 3366 1245 3423 εἷπε.
1278 3373 1428 3424 Μετά
1458 3372 1648 3442 δὲτὴν

43 3471 46 3473 ‘
83 3455 406 3518 ἀνάστασιν,
453 3457 528 3518 ὡς
570 3457 794 3528 Ἰωάννῃ
825 3457 900 3527 τῷ
944 3459 1041 3527 τῆς
1087 3458 1314 3528 βροντῆς
1347 3461 1450 3530 υίῷ
1479 3463 1645 3526 δοκεῖ,

85 3550 395 3616 γεγραφότι
427 3550 485 3601 τὸ
532 3549 672 3617 ἱερὸν
731 3551 1082 3618 Εὐαγγέλιον,
1114 3555 1141 3604 ὁ
1173 3554 1373 3621 Πέτρος
1424 3555 1545 3608 ίδῶν
1587 3558 1650 3609 τὸ

91 3636 434 3701 γλυκύτατον
479 3637 570 3688 τοῦ
594 3639 858 3700 Δεσπότου
889 3640 1195 3708 πρόσωπον,
1225 3643 1378 3708 φησι·
1406 3662 1424 3694 ι
1458 3644 1647 3712 Κύριε,

87 3726 145 3776 τί
178 3742 262 3777 σοι
313 3725 542 3793 ἀρεστόν
567 3729 718 3777 ἑστιν
764 3729 864 3793 ἐμὲ
894 3730 1154 3795 ποιῆσαι;
1185 3733 1212 3782 ὁ
1244 3731 1448 3796 Ἰησοῦς
1482 3733 1644 3802 ἤρετο

82 3814 303 3881 τοῦτον,
323 3817 462 3884 τρὶς,
495 3812 888 3886 Πότρε,³φι,λεῖς
918 3833 983 3884 με
1013 3833 1028 3881 ;
1066 3819 1170 3870 Καὶ
1194 3820 1250 3871 ὲν
1283 3822 1482 3891 ἑκάστῃ
1516 3826 1646 3891 ἑρωο

83 3906 270 3974 τήσει,
313 3906 544 3972 ποιμένα
578 3905 1002 3975 προύχειρίσατο
1045 3905 1222 3969 αὐτὸν,
1259 3910 1318 3960 ἐν
1345 3909 1420 3978 τῷ
1447 3911 1644 3978 λέγειν,

91 3996 356 4065 Ποίμαινε
385 3995 452 4049 τά
487 3996 735 4066 πρόϐατά
765 4013 867 4064 μου
895 4012 908 4026 ·
945 3997 1194 4066 ποίμαινε
1223 3999 1290 4051 τὰ
1317 4001 1474 4069 ἀρνία
1505 4019 1608 4070 μου
1629 4019 1644 4036 ⁸

87 4085 174 4149 ὃς,
199 4079 492 4154 ’ἀχθεσθεὶς
520 4087 587 4155 τῇ
627 4088 814 4155 τριττῇ
852 4087 1115 4156 ἐρωτήσει
1167 4089 1299 4157 φησὶ
1348 4091 1486 4159 μετά
1523 4092 1648 4160 θερ-

76 4175 218 4249 μῶν
244 4174 352 4227 τῶν
392 4174 662 4244 δακρύων,
701 4192 720 4226 ι
753 4176 942 4248 Κύριε,
994 4178 1056 4230 σὺ
1091 4180 1266 4232 πάντα
1342 4176 1520 4245 οἶδας.
1580 4185 1644 4238 σὺ

89 4264 384 4331 γινώσκεις
414 4265 494 4318 ὃτι
553 4265 692 4334 φιλῶ
743 4281 822 4320 σε.
867 4284 885 4318 ι
921 4259 997 4318 Ob
1038 4267 1068 4317 ὅ
1115 4260 1316 4337 Κύριος
1344 4273 1409 4339 τῇ
1455 4275 1643 4343 τριττῇ

94 4357 386 4428 ἐρωτήσει,
426 4355 487 4407 τὸ
520 4357 733 4425 τριττὸν
761 4355 856 4425 τῆς
887 4357 1176 4426 ἀρνήσεως,
1214 4359 1464 4423 ἑξιάσατο
1483 4378 1498 4392 ο
1525 4359 1644 4418 εἶτα

95 4447 195 4515 τῆς
231 4447 557 4516 οἰκουμένης
587 4445 995 4516 προχειρίζεται
1022 4450 1255 4516 ποιμένα
1277 4452 1369 4503 καὶ
1396 4453 1644 4507 διδάσκα-

1753 3267 1984 3328 videtur,
2011 3268 2104 3335 qui
2155 3267 2373 3334 scripsit
2425 3267 2800 3336 Evangelium)
2836 3268 3027 3323 Petrus
3087 3271 3308 3325 intuens

1750 3357 1804 3409 in
1828 3356 2281 3426 jucundissimum
2319 3358 2526 3412 Domini
2555 3360 2787 3428 vultum,
2819 3357 3034 3428 inquit:
3070 3379 3088 3411 ι
3124 3361 3306 3414 Domi-

1748 3462 1836 3512 ne,
1875 3449 1998 3517 quid
2032 3449 2202 3516 pfacet
2244 3450 2337 3504 tibi
2369 3458 2425 3503 ut
2459 3465 2558 3519 ego
2580 3450 2769 3504 faciam
2803 3453 2850 3504 ‘h
2882 3450 3036 3506 Iesus
3079 3453 3306 3506 interro.

1747 3536 1896 3604 gavit
1931 3537 2074 3591 hunc
2101 3547 2200 3600 ter,
2230 3556 2248 3588 ι
2285 3546 2461 3602 Pctre,
2493 3554 2642 3594 amas
2665 3541 2795 3594 me?
2828 3558 2856 3591 ι
2886 3550 2938 3594 et
2981 3541 3031 3594 in
3062 3557 3302 3608 unaqua-

1747 3641 1850 3694 que
1884 3627 2302 3697 interrogatione
2329 3640 2602 3699 pastorem
2630 3632 2734 3685 illis
2765 3631 3066 3704 designavit
3093 3632 3299 3692 dicens,

1703 3753 1708 3756 ι
1754 3720 1774 3766 ι’
1819 3715 1983 3789 Pasce
2001 3732 2316 3783 ovesmeas,
2352 3735 2512 3786 pasce
2543 3734 2709 3788 agnos
2755 3734 2942 3783 meos;
2979 3739 2998 3771 ι
3025 3722 3116 3787 qui
3152 3732 3299 3774 terna

1747 3799 2167 3874 interrogatione
2190 3800 2547 3863 contrist'atns
2574 3811 2649 3863 ait
2672 3809 2899 3863 ubertim
2947 3809 3104 3876 ﬂens,
3145 3829 3164 3862 ι
3198 3808 3302 3863 Do-

1749 3895 1914 3960 mine,
1940 3906 1994 3954 tu
2026 3900 2132 3951 scis
2161 3900 2362 3964 omnia,
2399 3909 2454 3952 tu
2485 3901 2591 3954 scis
2633 3902 2760 3970 quia
2790 3903 3046 3963 ammte".
3091 3921 3111 3955 ι
3146 3903 3301 3972 cujus
3405 3889 3411 3896 ’

1749 3986 2011 4041 Dominus
2040 3990 2238 4056 triplici
2283 3980 2716 4061 interrogatione
2757 3992 2926 4047 voluit
2988 3995 3179 4064 triplici
3211 3997 3304 4050 ab-

1748 4078 2021 4144 negationi
2071 4081 2296 4135 mederi.
2353 4081 2542 4136 Postea
2589 4080 2744 4137 terra:
2793 4087 3074 4139 constituit
3125 4089 3297 4156 ipsum

1747 4179 2017 4239 pastorem
2056 4179 2111 4224 et
2141 4173 2482 4238 magistrum,
2517 4173 2679 4241 idque
2708 4175 2894 4228 multis
2954 4177 3301 4232 ostendemus

1748 4263 2049 4318 rationibus
2103 4273 2156 4317 et
2213 4264 2480 4327 testibus;
2534 4267 2803 4332 praecipue
2875 4283 3001 4319 vero
3063 4268 3300 4324 Joannes

1746 4351 1994 4410 Damasci
2022 4355 2209 4406 oculus
2239 4354 2290 4405 in
2326 4352 2444 4405 Vita
2477 4353 2716 4407 Barlaam
2747 4363 2804 4426 et
2852 4355 3111 4424 Josaphat
3143 4361 3299 4412 Indo-

1748 4456 1868 4494 rum
1897 4449 2127 4494 testatur
2151 4441 2222 4493 ita
2250 4441 2436 4496 dicens
2469 4457 2484 4494 :
2519 4459 2538 4494 ι
2585 4442 2806 4511 Aufugit
2838 4446 3006 4502 hostis
3055 4449 3302 4504 diabolus

95 4541 212 4592 λον.
242 4537 350 4589 Καὶ
378 4535 534 4589 τοῦτο
575 4536 788 4599 πολλοῖς
819 4536 916 4605 μὶν
958 4537 1312 4607 ἀποδείξομεν
1343 4541 1519 4617 λόγοις
1553 4546 1646 4596 καὶ

1748 4535 1816 4588 ob
1845 4532 1988 4614 Petri
2053 4533 2426 4599 paenitentiam
2477 4536 2680 4604 pudore
2730 4537 2985 4593 suﬂ’usns.
3036 4558 3052 4588 ι
3090 4543 3156 4594 At
3213 4543 3301 4595 illo

103 4631 395 4700 μάρτυσιν.
429 4625 538 4696 Οὐχ
583 4622 745 4696 ἦττον
881 4629 975 4694 καὶ
1005 4628 1256 4698 Ἰωάννης
1286 4632 1315 4680 ὁ
1350 4630 1523 4698 μέγας
1550 4634 1648 4699 τῆς

101 4699 395 4790 Δαμασκοῦ
422 4717 717 4786 ὀφθαλμὸς,
746 4720 804 4771 ὲν
827 4699 903 4786 ίτῷ
930 4719 1029 4788 βίῳ
1057 4719 1319 4790 Βαρλαὰμ
1349 4722 1437 4774 καὶ
1465 4722 1649 4782 Ἰωσα-

104 4815 213 4879 φὰτ
244 4812 350 4864 τῶν
384 4809 581 4872 Ἰνδῶν,
619 4812 891 4880 μαρτυρεῖ
921 4808 1092 4877 λέγων
1133 4808 1226 4865 ὡδί
1253 4826 1267 4842 ·
1297 4828 1315 4863 ι
1360 4813 1596 4880 Ἕφυγεν
1625 4816 1652 4866 ὁ

104 4903 366 4971 πολέμιος
394 4900 658 4966 διάϐολος,
691 4899 1002 4970 αἰσχυνθεὶς
1029 4904 1094 4972 τῇ
1132 4904 1386 4972 μετανοίᾳ
1419 4905 1648 4973 Πέτρου.

115 4995 175 5045 '0
205 4993 286 5055 δὲ,
329 4975 623 5060 κορυφαῖος
675 4990 829 5053 αὖθις
863 4985 949 5060 ἧν,
978 4990 1162 5060 ὥσπερ
1208 4991 1524 5052 διδάσκαλος
1551 4993 1646 5060 τῆς

101 5084 428 5153 οἰκουμένης
455 5082 874 5152 χειροτονηθείς.
903 5101 921 5133 ι
947 5071 1113 5137 Τοῦτο
1139 5083 1229 5134 καὶ
1250 5086 1278 5135 ὁ
1311 5087 1471 5151 σοφὸς
1495 5085 1647 5137 Λέων

101 5183 127 5229 ὁ
165 5175 434 5245 βασιλεὺς,
470 5176 527 5225 ὲν
570 5172 680 5235 τοῖς
727 5172 1244 5242 ὲξαποστειλαρίςις.
1288 5173 1370 5241 [ῖῆ
1411 5174 1530 5240 μὲν,
1564 5174 1649 5227 λέ-

102 5283 214 5333 γει,
253 5260 493 5332 μετὰτὴν
525 5259 672 5311 Θείαν
694 5259 933 5328 ἔγερσιν,
954 5261 1081 5331 τρὶς
1109 5261 1190 5323 τὸ,
1223 5261 1450 5330 «Πέτρε,
1480 5263 1648 5328 φιλεῖς

119 5373 187 5425 με
214 5370 271 5423 ς»
310 5351 610 5420 πυθόμενος
638 5353 664 5401 ὁ
690 5349 891 5420 Κῡριος
919 5351 1026 5402 τῶν
1053 5350 1192 5402 ίδίων
1223 5351 1502 5420 προϐάτων
1528 5369 1657 5421 προ-

111 5446 366 5500 ϐλλλεται
418 5443 789 5511 ποιμενάρχην
814 5459 826 5472 ·
857 5443 930 5510 πῆ
973 5440 1051 5505 δὲ,
1085 5440 1290 5510 Σίμωνι
1331 5440 1528 5494 δέδωκε
1559 5442 1656 5509 τὴν

109 5539 218 5590 τῶν
245 5535 528 5602 προϐάτων
561 5534 766 5600 νομήνο
820 5534 897 5593 εἰς
941 5532 1156 5599 ἀγάπης
1201 5529 1521 5595 ἁντέκτισιν,
1561 5532 1658 5597 τὴν

107 5629 203 5684 τοῦ
235 5626 542 5696 ποιμαίνειν
571 5624 819 5694 φροντίδα
862 5623 1046 5676 αἰτῶν.
1093 5622 1184 5674 Διὸ
1216 5622 1307 5674 καὶ
1339 5621 1520 5689 ἔλεγεν
1544 5639 1556 5651 ·
1593 5620 1657 5673 Et

72 5825 78 5828 ·
184 5811 203 5842 ⁶
231 5807 362 5864 Luc.
427 5822 554 5873 nu,
603 5800 692 5859 Si.
771 5804 788 5833 ⁷
816 5803 1000 5859 Matth.
1031 5819 1159 5869 xvn,
1191 5802 1280 5858 26.

1379 5799 1398 5830 ⁸
1426 5798 1584 5852 Joan.
1637 5813 1749 5862 ut,
1789 5795 1970 5849 ιε-ιγ.

1746 4639 1940 4679 rursus
1963 4625 2212 4694 princeps
2237 4625 2445 4680 electus
2467 4636 2601 4693 erat,
2635 4627 2797 4681 veluti
2825 4636 2980 4681 terra:
3018 4632 3296 4697 magister.

1747 4714 1802 4770 ld
1831 4724 1884 4770 et
1909 4716 2128 4783 sapiens
2160 4715 2265 4770 Leo
2291 4717 2584 4786 imperator
2606 4718 2658 4770 in
2713 4720 3100 4786 cxupdstilariis
3120 4720 3249 4772 dicit
3282 4739 3295 4774 :

1745 4806 1946 4862 Partim
1971 4806 2184 4874 quidem
2225 4815 2343 4873 post
2400 4804 2634 4859 divinam
2687 4807 3155 4871 resurrectionem,
3196 4817 3296 4870 ter,

1753 4916 1770 4949 ι
1799 4899 1978 4958 Petre.
2004 4913 2154 4952 amas
2176 4896 2298 4951 me?
2327 4918 2346 4950 ι
2385 4897 2720 4966 interrogans
2750 4895 3022 4958 Dominus,
3078 4912 3296 4952 Suarum

1756 4991 1937 5045 ovium
1970 4989 2252 5044 constituit
2291 4995 2561 5054 pastorem
2595 5003 2610 5052 ;
2672 4985 2864 5054 partim
2926 5001 3053 5040 vero
3093 4984 3296 5042 Simoni

1754 5094 1878 5135 oves
1899 5078 2119 5132 tradidit
2147 5077 2211 5130 ad
2243 5077 2590 5144 pascendum,
2620 5087 2676 5128 ut
2711 5074 3025 5131 eharitatetn
3055 5085 3293 5131 mutuam
3393 5105 3398 5111 ~

1753 5171 2083 5238 rependerct,
2120 5171 2397 5236 requirens
2447 5167 2512 5220 ab
2555 5181 2619 5218 eo
2679 5180 2862 5220 curam
2914 5169 3208 5238 pascendi;
3248 5177 3301 5222 et

1752 5261 1871 5313 ideo
1938 5257 2094 5319 dixit,
2135 5275 2152 5307 ι
2201 5256 2374 5317 Petre,
2443 5256 2487 5308 si
2543 5269 2692 5307 amas
2752 5270 2856 5320 me,
2920 5271 3079 5325 pasce
3132 5270 3298 5324 agnos

1753 5364 1902 5402 meos
1929 5349 1970 5400 ’.
2004 5366 2020 5397 ι
2057 5346 2250 5400 Petrus
2306 5359 2453 5408 vero,
2509 5345 2831 5415 intelligens,
2863 5345 3004 5414 quod
3046 5360 3295 5413 magnum

1753 5448 1834 5491 est
1864 5437 2124 5505 primatus
2154 5441 2206 5488 et
2255 5435 2437 5486 multae
2493 5435 2707 5488 virtutis
2764 5451 2947 5504 egens,
3005 5435 3298 5504 vidensque

1752 5527 2037 5590 Joannem,
2062 5539 2219 5594 quem
2255 5525 2408 5580 valde
2435 5525 2700 5581 Christus
2752 5526 3022 5595 diligebat,
3059 5525 3172 5595 'qui
3217 5541 3302 5580 se-

1755 5619 2038 5688 quebatur,
2092 5616 2164 5670 ait
2198 5631 2217 5672 :
2279 5634 2296 5668 ι
2327 5608 2424 5671 ilic
2485 5628 2660 5672 autem
2692 5616 2868 5685 quid?
2904 5632 2923 5668 ι
2959 5616 3112 5684 quasi
3173 5631 3301 5674 vero

2078 5795 2098 5827 ’
2132 5795 2264 5852 ibid.
