4010 6332
126 405 271 472 i317

801 411 948 472 PRO
985 412 1196 475 CONC.
1230 409 1600 476 FLORENT.
1642 414 1803 474 CAP.
1838 415 1899 477 V.
1942 413 2039 475 DE
2073 410 2416 492 PRIMATU
2474 414 2713 499 PAPIE.

3212 420 3343 483 1318

119 525 310 592 ἡμῶν,
346 523 436 576 καὶ
465 522 643 595 πάσης
673 526 768 594 τῆς
803 528 1107 597 συγκλήτου
1136 530 1228 583 καὶ
1259 528 1674 599 τῶνιάρχόντων,

1790 532 2021 601 satrapis
2051 533 2277 599 nostris,
2303 542 2359 589 et
2419 532 2678 589 universo
2736 533 3349 603 senatn,'0ptimatibus

117 615 224 664 κιὶ
260 614 397 683 μετά
429 615 627 677 παντῦς
660 616 752 670 τοῦ
776 617 906 671 λαοῦ
940 620 1033 672 τοῦ
1063 621 1167 673 ὑπὸ
1191 621 1289 690 τὴν
1316 621 1563 685 ἐξουσίαν
1592 622 1689 691 τῆς

129 701 452 772 Ῥωμαῖκῆς
484 704 661 774 δόξης,
706 707 789 758 ἴνα
827 708 903 770 ὡς
929 710 954 760 ἐ
981 709 1136 776 ἅγιος
1166 712 1368 779 Πέτρος
1434 714 1496 764 ὲκ
1522 729 1689 779 προσ-

112 795 279 877 ώπου
346 796 437 849 τοῦ
470 797 593 849 Υίοῦ
624 798 718 852 τοῦ
754 798 887 852 Θεοῦ
939 803 1088 854 ἐστιν
1132 803 1212 867 είς
1236 803 1335 871 τὴν
1373 804 1497 871 γῆν,
1548 803 1689 855 οὕτω

115 890 220 939 καὶ
264 889 311 940 oi
351 889 634 943 ἐπίσκοποι
681 894 730 944 οί
794 892 1030 964 διάδοχοι
1080 894 1173 947 τοῦ
1229 897 1527 963 κορυφαίου
1578 895 1688 949 τῶν

116 979 442 1034 ἀποστόλων
508 983 740 1053 ἀρχικήν
775 984 1023 1050 ἐξουσίαν
1056 987 1133 1049 τίς
1168 986 1267 1057 τὴν
1292 988 1393 1055 γῆν
1427 987 1684 1055 ἐπέχωσι,

116 1074 292 1125 πλέον
330 1073 460 1143 παρ’
487 1074 514 1127 ὃ
551 1076 723 1148 ἔχειὴ
761 1077 1004 1147 βασιλεία
1037 1080 1134 1148 τῆς
1174 1079 1329 1150 δόξης
1356 1079 1537 1150 ἡμῶν.
1575 1081 1683 1132 Καὶ

115 1165 288 1215 τοῦτο
320 1167 686 1238 παρεχωρήθη
725 1169 817 1237 ἀφ’
843 1171 999 1239 ἡμῶν
1027 1171 1124 1224 καὶ
1148 1172 1255 1224 ἀπὸ
1290 1172 1386 1241 τῆς
1409 1172 1687 1241 βασιλείας

116 1255 289 1322 ἡμῶν
312 1273 326 1286 ·
358 1259 453 1311 καὶ
480 1259 704 1330 θέλομεν
737 1262 896 1330 ἡμεῖς
922 1263 1087 1317 αὐτὸν
1126 1265 1217 1317 τὸν
1249 1266 1543 1335 κορυφαῖον
1577 1264 1684 1317 τῶν

115 1348 443 1401 ἀποστόλων
476 1350 571 1403 καὶ
600 1353 727 1414 τοὺς
758 1353 1035 1421 διαδόχους
1072 1355 1259 1420 αὑτοῦ,
1295 1358 1358 1407 ὲκ
1394 1356 1683 1424 προσώπου

113 1437 312 1504 αὐτοῦ,
366 1436 613 1510 πρώτους
661 1441 796 1507 πρὸς
827 1440 918 1492 τὸν
967 1441 1099 1494 Θεὸν
1130 1441 1375 1511 Πατέρας
1420 1438 1684 1494 εἶναικαὶ

113 1526 471 1594 δεφένσορσς.
530 1528 641 1580 Καὶ
667 1526 853 1598 ὥσπερ
890 1530 923 1598 ἠ
974 1529 1226 1598 βασιλικὴ
1284 1529 1493 1595 ἐξουσία
1526 1529 1684 1597 ἡμῶν

112 1621 202 1680 είς
230 1619 330 1687 τὴν
361 1619 465 1688 γῆν
495 1620 711 1673 σέϐεται
752 1622 845 1673 καὶ
877 1623 1126 1691 τιμᾶται,
1177 1621 1319 1676 οὕτω
1352 1622 1682 1691 θεσπίζομεν

116 1709 378 1763 σέϐεσθαι
430 1710 524 1762 καὶ
572 1712 833 1780 τιμᾶσθαι
879 1714 979 1783 τὴν
1021 1715 1188 1780 ἁγίαν
1228 1715 1339 1766 τῶν
1392 1714 1681 1781 Ῥωμαίων

126 1800 499 1870 Ἐκκλησίαν·
546 1803 638 1856 καὶ
673 1802 834 1856 πλέον
881 1806 1031 1873 παρὰ
1072 1805 1170 1872 τὴν
1212 1804 1491 1872 βασιλείαν
1521 1804 1678 1873 ἡμῶν

113 1893 216 1944 καὶ
274 1892 365 1944 τὸν
411 1894 598 1963 γήϊνον
652 1892 860 1960 θρόνον,
911 1896 1012 1963 τὴν
1057 1896 1219 1967 ἁγίαν
1280 1895 1549 1963 καθέδραν
1583 1893 1677 1946 τοῦ

109 1984 279 2048 ἁγίου
338 1984 541 2053 Πέτρου
594 1984 912 2049 δοξάζεσθαι
963 1986 1058 2039 καὶ
1102 1984 1403 2054 ὑψοῦσθαι·
1446 1985 1679 2046 διδόντες

110 2076 261 2144 αὐτῇ
293 2075 521 2143 δύναμιν
563 2078 657 2130 καὶ
684 2077 841 2144 δόξης
881 2076 1098 2147 ἀξίωμα
1124 2095 1139 2107 ο
1190 2078 1283 2131 καὶ
1315 2077 1678 2146 διακρίνοντες

110 2166 454 2236 θεσπίζομεν
501 2161 586 2219 ἵνα
635 2166 735 2239 ἔχῃ
791 2168 1038 2232 ἐξουσίαν
1081 2168 1355 2239 ἀρχικήνο
1409 2170 1501 2220 καὶ
1539 2165 1679 2220 εἶναι

107 2259 321 2328 ταύτην
377 2240 619 2329 κεφαλὴν
664 2260 774 2312 τῶν
822 2260 1100 2330 τεσσάρων
1154 2260 1375 2329 θρόνων,
1413 2259 1532 2328 ῆτοι
1581 2256 1675 2310 τοῦ

109 2352 313 2418 θρόνου
367 2352 470 2423 τῆς
520 2351 952 2422 ’Λλὲξανδρείαθ
1011 2351 1110 2421 τῆς
1162 2352 1513 2421 Ἀντιοχείας,
1570 2350 1677 2403 τῶν

124 2444 547 2515 Ἱεροσολύμων,
574 2446 669 2498 καὶ
697 2445 797 2514 τῆς
830 2444 1039 2507 πόλεως
1066 2442 1174 2495 τῶν
1214 2444 1552 2506 Βυζαντίων·
1584 2443 1680 2496 καὶ

106 2538 308 2599 ἁπλῶς
348 2538 425 2599 εἰς
455 2535 580 2614 ὅλας
605 2537 702 2596 τὰς
746 2536 1083 2614 Ἐκκλησίας
1111 2536 1287 2607 πάσης
1308 2537 1405 2605 τῆς
1430 2537 1678 2604 οἰκουμέ-

107 2646 238 2692 νης.
270 2629 375 2682 Καὶ
402 2630 430 2682 ό
463 2610 758 2690 έπίσκοπος
795 2629 824 2681 δ
852 2610 1061 2693 μέλλων
1097 2622 1238 2703 εῖναι
1269 2630 1349 2690 είς
1391 2627 1487 2697 τὴν
1518 2628 1678 2696 ἁγίαν

108 2719 227 2771 τῶν
266 2718 554 2789 Ῥωμαίων
574 2719 924 2790 Ἐκκλησίαν,
951 2720 1152 2788 ὀφείλει
1182 2716 1321 2773 εἶναι
1353 2718 1560 2783 ἔνδοξος
1584 2718 1677 2770 καὶ

110 2810 448 2879 ὑψηλότερος
469 2812 621 2885 παρά
637 2812 840 2874 πάντας
856 2812 983 2875 τοὺς
1000 2812 1167 2880 ἱερεῖς
1184 2811 1278 2864 τοῦ
1297 2810 1524 2880 κόσμου.
1568 2808 1677 2862 Καὶ

110 2900 167 2951 εῐ
184 2902 242 2953 τί
267 2901 382 2953 ἔστι
399 2898 533 2971 πρὸς
550 2900 844 2970 θεραπείαν
862 2901 954 2954 τοῦ
975 2900 1107 2954 Θεοῦ
1127 2903 1219 2953 καὶ
1256 2899 1546 2971 διόρθωσιν
1579 2896 1676 2950 καὶ

110 2991 416 3061 στερέωσιν
468 2991 569 3059 τῆς
627 2993 859 3056 πίστεως
910 2993 1018 3047 τῶν
1050 2991 1413 3063 Χριστιανῶν,
1438 2992 1526 3046 ἵνα
1556 2993 1679 3061 κρί-

110 3099 283 3151 νηται
307 3084 438 3149 παρ’
470 3082 633 3135 αὑτοῦ
645 3122 657 3136 .
674 3084 887 3155 Δίκαιον
899 3084 1006 3155 γάρ
1021 3086 1167 3136 ἐστιν
1188 3084 1276 3137 ἵνα
1288 3085 1464 3137 ἐκεῖσε
1483 3086 1509 3136 ὁ
1521 3083 1677 3151 ἅγιος

1792 632 1846 677 et
1870 631 2065 678 cuncto
2092 622 2291 693 populo
2318 623 2545 692 imperio
2574 621 2832 677 Romana:
2858 622 3043 692 gloriae
3068 623 3371 693 subjaeen-r

1742 781 1750 785 ς
1793 717 1854 779 ti,
1890 726 1949 771 ut
1979 718 2119 773 sicut
2142 727 2362 773 sanctus
2390 716 2581 773 Petrus
2608 717 2841 772 vicarius
2862 732 2923 771 ex
2953 731 3182 787 persona
3226 716 3346 771 Filii

1791 808 1884 863 Dei
1914 818 1999 863 est
2028 808 2358 863 constitutus
2384 808 2438 863 in
2461 810 2646 872 terris,
2685 808 2755 861 ita
2792 815 2843 862 et
2869 808 3108 878 episcopi
3136 823 3349 863 succes-

1766 912 1946 954 ‘sores
1974 899 2238 968 principis
2265 898 2633 968 apostolorqu
2669 898 2986 967 ampliorem
3018 899 3351 967 principatus

1790 997 2132 1059 potestatem,
2178 1006 2341 1058 quam
2403 1004 2627 1059 regnum
2674 988 2859 1059 gloria:
2914 999 3114 1046 nostra
3164 991 3344 1052 habet,

1789 1083 2088 1137 obtineant.
2115 1083 2225 1136 Hoc
2255 1090 2308 1137 et
2359 1099 2388 1137 a
2431 1084 2611 1147 nobis,
2640 1093 2694 1137 et
2724 1097 2751 1136 a
2800 1092 2984 1137 nostro
3028 1090 3347 1138 concessum

1786 1184 1869 1228 est
1893 1175 2138 1243 imperio.
2173 1175 2234 1228 Et
2263 1175 2516 1230 volumus
2549 1174 2726 1243 ipsum
2751 1174 3064 1243 principem
3122 1173 3344 1241 aposto-

1786 1265 1961 1320 lorum
1982 1276 2035 1321 et
2063 1280 2412 1322 successores
2479 1267 2673 1336 ipsius,
2700 1281 2765 1320 ex
2792 1267 2908 1333 ejus
2954 1278 3205 1334 persona,
3236 1266 3346 1333 pri-

1787 1373 1904 1413 mos
1927 1358 2063 1426 apud
2098 1357 2262 1412 Deum
2297 1372 2420 1413 esse
2454 1358 2637 1420 Patres
2667 1367 2719 1411 ct
2746 1358 3080 1412 defensores.
3123 1358 3183 1409 Et
3206 1358 3347 1410 sicut

1786 1459 1970 1503 nostra
2000 1450 2295 1519 imperialis
2321 1459 2562 1517 potestas
2591 1449 2644 1502 in
2674 1448 2835 1501 terris
2863 1448 3063 1502 colitur
3089 1456 3138 1502 ct
3170 1449 3344 1501 honu-

1785 1548 1955 1599 ratur,
1980 1538 2050 1592 ita
2082 1538 2201 1607 ejus
2239 1552 2484 1595 sanctam
2526 1539 2826 1593 Romanam
2861 1539 3155 1593 Ecclesiam
3186 1542 3343 1593 rene-

1785 1637 1970 1684 ranter
2022 1620 2291 1685 honorari
2337 1631 2719 1696 decernimus;
2776 1639 2831 1685 et
2892 1630 3123 1697 amplius
3177 1644 3344 1698 quam

1784 1727 2029 1774 nostrum
2062 1720 2347 1789 imperium
2404 1728 2791 1790 terrenumque
2836 1721 3114 1784 thronum,
3160 1722 3341 1773 sedem

1784 1809 2209 1863 sacratissimam
2255 1810 2397 1865 beati
2441 1809 2582 1864 Petri
2611 1810 2844 1881 gloriose
2902 1809 3148 1864 exaltari.
3207 1809 3343 1863 San-

1780 1899 1952 1953 cimus
1973 1900 2134 1952 etiam
2166 1907 2223 1951 ut
2244 1900 2604 1968 principatum
2634 1908 2814 1954 teneat
2870 1908 2977 1953 tam
3020 1915 3186 1968 super
3211 1916 3357 1968 qua-i
3418 1926 3421 1927 ν

1780 1996 1900 2043 tuor
1924 1989 2101 2051 sedes,
2134 1990 2573 2055 Alexandrinam,
2597 1990 3011 2055 Antiochenam,
3036 1989 3340 2060 Hierosoly-

1779 2081 2065 2143 mitanam,‘
2088 2082 2769 2150 Constantinopolitanam,
2793 2098 2952 2151 quam
2984 2082 3146 2136 etiam
3178 2097 3339 2150 super

1779 2186 1971 2227 omnes
2006 2174 2262 2229 universo
2288 2175 2422 2229 orbe
2480 2182 2749 2228 terrarum
2791 2172 3061 2228 Ecclesias
3114 2172 3205 2227 Dei
3238 2189 3253 2239 ;
3288 2184 3340 2229 ct

1778 2265 2021 2335 pontifex
2048 2266 2143 2335 qui
2173 2280 2270 2335 per
2302 2275 2543 2335 tempora
2604 2265 2775 2333 ipsius
2823 2273 3023 2319 sancta:
3085 2257 3342 2319 Romana:

1782 2355 2038 2411 Ecclesia:
2098 2358 2387 2424 exstiterit,
2455 2357 2653 2413 celsior
2700 2368 2754 2413 et
2820 2358 3071 2427 princeps
3128 2356 3339 2409 cunctis

1777 2447 2150 2502 sacerdotibus
2186 2449 2354 2504 totius
2390 2449 2574 2513 mundi
2611 2450 2860 2513 exsistat,
2888 2447 3082 2517 eteius
3134 2442 3337 2516 judicio

1777 2552 1899 2608 quae
1925 2536 1991 2592 ad
2023 2539 2224 2594 cultum
2260 2538 2385 2605 Dei,
2420 2541 2502 2595 vel
2534 2540 2692 2595 fidem
2745 2539 3203 2601 Christianorum,
3254 2537 3336 2591 vel

1777 2629 2127 2684 stabilitatem
2160 2630 2501 2698 procuranda
2556 2630 2783 2697 fuerint,
2835 2630 3214 2699 disponantur.
3244 2628 3337 2683 ᾹΞ-

1776 2726 1944 2790 quum
1976 2728 2060 2777 est
2088 2722 2256 2797 enim,
2290 2728 2348 2776 ut
2380 2720 2451 2776 ibi
2479 2722 2666 2777 divina
2697 2723 2782 2778 lex
2835 2722 3079 2777 obtineat
3130 2722 3335 2791 apicem

1776 2819 1830 2865 et
1861 2810 2175 2880 primatum,
2205 2812 2293 2866 ubi
2324 2821 2545 2868 sanctus
2591 2812 2872 2884 iegislator
2901 2811 3153 2867 Christus
3177 2812 3335 2867 Jesus

1778 2899 2023 2957 Salvator
2051 2911 2236 2956 noster
2260 2904 2428 2959 misso
2451 2904 2613 2959 beato
2640 2904 2800 2959 Petro
2813 2903 2979 2974 jussit
3021 2901 3334 2957 cathedram

1776 3001 1979 3059 tenere,
2003 3002 2055 3047 et
2086 2992 2175 3048 ubi
2207 2992 2385 3047 crucis
2409 2994 2710 3062 patibulum
2735 3008 2925 3062 passus
2954 3001 3058 3057 est,
3079 3002 3133 3047 et
3165 2993 3336 3048 beatae

1776 3086 1972 3141 mortis
2032 3085 2257 3140 calicem
2322 3082 2503 3150 bibit;
2574 3085 2819 3154 vestigiis
2887 3083 3202 3139 inbarendo
3252 3086 3333 3139 sui

109 3174 283 3241 νόμος
351 3174 450 3246 ἔχῃ
491 3175 588 3245 τὴν
630 3176 872 3247 κεφαλὴν
905 3177 999 3229 καὶ
1014 3175 1353 3246 ἁρχὴν,ὅπου
1375 3176 1573 3241 όᾶγιος
1590 3192 1674 3227 νο·

1777 3176 2056 3245 nostrique
2104 3176 2368 3246 magistri,
2401 3184 2457 3229 et
2499 3175 2572 3229 ibi
2614 3182 2801 3244 gentes
2850 3175 3027 3245 capita
3072 3175 3335 3232 inclinare

113 3265 353 3337 μοθέτης
373 3265 604 3335 Χριστὸς
620 3266 829 3336 Ἰησοῦς
843 3268 872 3319 ό
895 3267 1082 3339 Σωτὴρ
1094 3268 1268 3338 ἡμῶν,
1297 3268 1386 3320 τὸν
1406 3268 1673 3337 μακάριον

108 3357 418 3409 ἀπόστολον
444 3357 669 3426 Πέτρον,
702 3358 953 3411 ἐκέλευσε
986 3361 1208 3429 κρατεῖν
1237 3358 1333 3429 τὴν
1364 3358 1629 3429 καθέδραν
1655 3374 1667 3387 ·

112 3450 213 3502 καὶ
244 3449 376 3502 ὅπου
418 3447 479 3500 τὸ
505 3447 673 3512 πάθος
710 3448 805 3502 τοῦ
853 3450 1091 3520 σταυροῦ
1133 3450 1321 3515 ἔπαθε,
1374 3452 1466 3502 καὶ
1494 3468 1673 3519 μακα-

113 3539 239 3610 ρίου
272 3541 505 3593 θανάτου
532 3541 792 3610 ποτήριον
826 3541 967 3608 ἔπιε,
1005 3543 1099 3595 καὶ
1138 3543 1352 3610 ἐγένετο
1383 3543 1673 3606 ἀκόλουθος

109 3632 213 3684 τοῦ
246 3630 552 3702 ματστωρος
585 3633 678 3685 καὶ
724 3632 911 3703 κυρίου
947 3634 1137 3687 αὑτοῦ(
1167 3635 1276 3687 Καὶ
1303 3634 1421 3686 ἐκεῖ
1447 3632 1512 3685 τά
1547 3632 1672 3701 έθνη

96 3718 209 3775 πῖν“α
241 3722 464 3773 κλίνωσι
496 3724 596 3782 τάς
641 3723 883 3789 κεφαλὰς
929 3722 1125 3783 αὐτῶν,
1159 3722 1246 3773 διὰ
1277 3721 1372 3789 τῆν
1416 3720 1670 3788 ἐξομολό-

112 3825 280 3877 γησιν
308 3808 401 3862 τοῦ
434 3809 692 3877 ὀνόματος
720 3809 813 3863 τοῦ
837 3809 1097 3877 Χριστοῦ,
1137 3810 1269 3861 ὅπου
1295 3813 1321 3863 ὁ
1353 3809 1670 3873 διδάσκαλος

113 3900 298 3953 αὐτῶν
328 3902 353 3953 ό
384 3902 649 3970 μακάριος
690 3900 983 3961 ἀπόστολος
1018 3898 1251 3975 Παῦλος,
1298 3900 1387 3954 διά
1415 3901 1504 3955 τὸν
1534 3902 1666 3970 Χρι⁶

118 3992 245 4044 στδν
283 3990 524 4051 ἐκτείνας
554 3991 645 4042 τὸν
680 3990 967 4061 τράχηλον,
1001 3990 1091 4041 τὸν
1123 3991 1379 4057 στέφανον
1405 3988 1498 4042 τοῦ
1536 4008 1671 4061 μαρ-

113 4083 303 4155 τυρίου
330 4082 561 4147 ἐδέξατο.
590 4082 698 4135 Καὶ
726 4082 829 4144 ἕως
877 4081 970 4134 τοῦ
1006 4080 1188 4143 τέλους
1210 4081 1299 4134 τοῦ
1327 4084 1528 4153 κόσμου
1583 4085 1671 4138 ἵνα

112 4176 425 4243 ἁναζητῷσι
465 4175 555 4228 τὸν
589 4171 922 4238 διδάσκαλον,
961 4176 1094 4228 ὅπου
1125 4177 1190 4229 τά
1218 4175 1326 4228 τῶν
1368 4177 1537 4244 ἁγίων
1570 4181 1669 4230 αὑ-

111 4266 225 4320 τῶν
254 4265 479 4334 λείψανα
521 4265 933 4319 ἀναπαύονται*
965 4267 1059 4318 καὶ
1106 4267 1223 4319 ἐκεῖ
1264 4266 1441 4320 ὕπτιοι
1472 4268 1565 4322 καὶ
1594 4270 1671 4330 είς

113 4357 214 4426 τὴν
240 4356 341 4426 γῆν
363 4356 695 4426 ήπλωμένοι,
721 4355 816 4408 τοῦ
845 4356 1096 4426 οὐρανίου
1125 4355 1390 4427 βασιλέως
1415 4359 1508 4412 καὶ
1535 4358 1669 4411 Θεοῦ

115 4448 212 4498 καὶ
238 4447 486 4515 Σωτῆρος
510 4445 667 4516 ἡμῶν
693 4445 868 4514 Ἰησοῦ
892 4446 1128 4515 Χριστοῦ
1151 4447 1485 4518 δουλεύωμεν
1510 4449 1668 4518 όφφι-

1776 3277 1995 3337 propter
2027 3266 2427 3322 confessionem
2462 3265 2700 3320 nominis
2746 3264 2973 3333 Christi,
3009 3265 3101 3321 ubi
3145 3281 3335 3321 eorum

1774 3358 2034 3425 magister
2068 3358 2257 3412 beatus
2286 3356 2489 3412 Paulus
2544 3362 2803 3426 protensa
2852 3356 3064 3413 cervice
3116 3351 3353 3427 propter‘

1770 3448 2044 3504 Christum
2080 3463 2336 3504 coronam
2367 3445 2609 3518 manyrii
2639 3447 2875 3519 suscepit
2915 3465 2931 3503 :
2987 3457 3042 3503 et
3077 3456 3133 3503 ut
3160 3463 3334 3517 usque

1773 3538 1839 3592 ad
1868 3540 2049 3593 mundi
2081 3539 2600 3594 consummationem
2619 3539 2693 3594 ibi
2721 3524 2963 3609 quaerant
2988 3539 3329 3608 magistrum.

1773 3628 1863 3683 ubi
1894 3637 2203 3683 sanctorum
2239 3644 2459 3684 suorum
2503 3630 2746 3699 reliquiae
2806 3631 3238 3700 conquiescunt;
3272 3636 3331 3684 et

1772 3718 1843 3771 ibi
1875 3719 2027 3785 proni
2059 3729 2111 3772 et
2142 3719 2193 3771 in
2222 3726 2418 3774 terram
2483 3719 2829 3786 procidentes
2890 3722 3127 3777 caelestis
3187 3725 3331 3791 regis

1770 3808 1863 3861 Dei
1884 3816 1937 3861 et
1987 3806 2287 3862 Salvatoris
2348 3808 2517 3862 nostri
2580 3806 2707 3863 Jcsu
2766 3809 2967 3864 Christi
3015 3810 3331 3870 ministeriis

1771 3897 2152 3961 inserviamns,
2219 3898 2308 3953 ubi
2365 3897 2706 3954 servivimus-
2752 3899 2832 3954 illi
2887 3903 3148 3970 superbo'
3190 3904 3325 3974 regi.

1771 3985 2058 4042 Tradimus
2083 3985 2246 4057 igitur
2274 3986 2409 4057 ipsis
2444 3988 2648 4044 sanctis
2678 3990 2938 4059 apostolis
2970 3991 3142 4046 beatis
3168 3990 3326 4049 Petro

1769 4088 1821 4132 et
1846 4078 2010 4133 Paulo
2026 4085 2078 4131 et
2096 4085 2217 4147 post
2242 4076 2340 4134 hos
2367 4078 2527 4134 beato
2551 4078 2825 4151 Sylv’estro
2842 4089 2897 4136 et
2920 4083 3175 4140 omnibus
3198 4099 3293 4140 suc
3310 4114 3325 4126 -

1770 4167 2081 4223 cessoribus
2120 4168 2260 4237 ejus,
2308 4169 2401 4237 qui
2454 4184 2623 4238 usque
2680 4170 2747 4225 ad
2803 4173 3321 4229 consummationent

1773 4259 1959 4313 mundi
1996 4262 2277 4314 escensuri
2300 4266 2424 4313 sunt
2454 4262 2520 4313 ad
2551 4262 2733 4315 sedem
2783 4261 2923 4317 beati
2957 4264 3093 4319 Petri
3128 4268 3195 4321 ab
3221 4268 3323 4323 hoc

1770 4349 1875 4415 die,
1902 4348 2155 4417 palatium
2180 4348 2388 4415 imperii
2419 4348 2586 4402 nostri
2615 4350 3000 4417 Lateranense,
3027 4356 3170 4424 quod
3205 4374 3319 4412 0m-

1770 4440 1926 4492 nibus
1983 4436 2165 4490 mundi
2221 4436 2433 4504 palatiis
2491 4438 2772 4507 praefertur
2815 4449 2869 4496 et
2921 4448 3325 4517 supereminet;

114 4536 277 4600 κίοις,
312 4512 444 4587 ὅπου
473 4512 867 4603 ἐδουλεύσα-μεν
897 4512 973 4605 τῷ
1002 4536 1334 4606 ὑπερηφάνῳ
1369 4512 1667 4609 infirm-pia-

1773 4528 1957 4583 deinde
1981 4527 2227 4583 diadema
2266 4530 2378 4583 sive
2408 4542 2664 4584 coronam
2706 4533 2899 4602 capitis
2928 4512 3097 4592 nostri
3129 4512 3325 4595 simul;

117 4626 275 4678 σιλεῖ.
318 4612 690 4692 Παραδίδομεν
722 4621 814 4675 οὖν
856 4624 1037 4687 αὐτοῖς
1069 4628 1180 4685 τοῖς
1232 4626 1408 4693 ἁγίοις
1438 4628 1667 4681 ἀποστό-

112 4716 248 4779 λοις,
302 4715 413 4775 τοῖς
465 4711 755 4783 μακαρίοις
809 4713 1021 4784 κυρίοις
1054 4730 1157 4787 μου
1203 4715 1281 4785 τῷ
1317 4717 1506 4787 Πέτρῳ
1570 4719 1667 4771 καὶ

116 4805 337 4873 Παύλῳ,
386 4804 478 4856 καὶ
532 4803 650 4872 μετ’
677 4804 872 4865 αὐτοὺς
923 4804 1002 4875 τῷ
1053 4807 1307 4877 μακαρίῳ
1339 4807 1663 4880 Συλσέστρῳ

116 4898 210 4949 καὶ
246 4895 421 4965 Πατρὶ
452 4896 627 4967 ἡμῶν,
679 4893 759 4963 τῷ
806 4896 1027 4966 μεγάλῳ
1054 4898 1333 4972 ἐπισκόπῳ
1365 4900 1457 4953 καὶ
1507 4900 1669 4955 καθο-

118 4987 253 5056 λικῷ
279 4988 437 5057 πάπᾳ
466 4984 564 5056 τῆς
595 4986 803 5051 πόλεως
839 4987 1078 5058 Ῥώμης,
1113 4991 1207 5043 καὶ
1252 4993 1385 5045 πᾶσι
1415 4994 1525 5055 τοῖς
1552 4994 1669 5048 δια·

115 5080 290 5149 δόχοις
333 5077 521 5143 αὐτοῦ,
562 5077 757 5141 οἵτινες
788 5078 893 5142 ἕως
943 5080 1036 5132 τοῦ
1088 5083 1269 5145 τέλους
1316 5082 1408 5136 τοῦ
1461 5085 1664 5154 κόσμου

122 5169 375 5241 μέλλουσι
404 5168 783 5239 προκαθῆσθαι
814 5173 892 5233 είς
921 5171 1009 5225 τόν
1038 5171 1223 5249 θρόνον
1258 5172 1352 5225 τοῦ
1394 5169 1665 5245 μακαρίου

120 5261 351 5327 Πέτρου,
386 5257 493 5311 ἀπὸ
540 5259 639 5328 τῆς
677 5261 1027 5330 σήμερον,τὸ
1077 5261 1344 5331 ἡμέτερον
1393 5262 1668 5333 βασιλικὸν

120 5351 379 5405 παλάτιον
407 5349 469 5401 τὸ
498 5350 913 5418 Λατερανέσιον,
944 5349 1005 5402 τὺ
1034 5350 1355 5422 ὑπερϐαίνον
1379 5353 1469 5405 καὶ
1500 5354 1667 5422 ὑπερ-

120 5440 289 5494 νικῶν
320 5434 403 5492 ’ἐὰν
423 5438 518 5492 δλα
545 5440 637 5495 τοῦ
663 5441 866 5509 κόσμου
897 5439 1154 5495 παλάτια.
1180 5441 1469 5496 Ἐπέκεινα
1494 5444 1547 5496 δὲ
1573 5446 1668 5497 καὶ

116 5532 177 5583 το
212 5527 470 5596 διάδημα,
494 5529 613 5599 ῆτοι
644 5530 737 5583 τδν
762 5533 1042 5598 ζστέφανον
1074 5531 1174 5599 τῆς
1213 5531 1450 5602 κεφαλῆς
1489 5534 1665 5602 ἡμῶν,

118 5624 235 5691 ἃμα
265 5620 471 5673 καὶτὸν
490 5622 661 5691 λῶρον
703 5623 795 5675 κα)⁹
826 5621 886 5673 τὸ
916 5622 1243 5691 ὠμοῳόριον,
1272 5623 1668 5697 ὄπερπερικυ-

119 5715 238 5764 κλοῖ
264 5712 352 5765 τὸν
386 5713 661 5782 βασιλικὸν
690 5716 959 5785 τράχηλον
985 5732 998 5745 ·
1033 5717 1147 5784 ἅμα
1181 5716 1237 5769 δὲ
1289 5716 1381 5769 καὶ
1407 5716 1507 5786 τὴν
1536 5734 1667 5787 πορ-

118 5804 296 5873 φυρόν
325 5803 592 5875 χλαμύδα,
620 5807 715 5860 καὶ
740 5807 938 5877 χιτῶνα
967 5806 1235 5872 κόκκινον,
1263 5807 1356 5862 καὶ
1391 5807 1519 5862 πάνυ.
1601 5808 1668 5860 τὰ

1768 4634 1873 4689 que
1901 4628 1954 4672 et
2010 4618 2208 4682 locum,
2261 4633 2360 4673 nec
2425 4630 2632 4676 nonet
2696 4623 3136 4691 superbumerale
3179 4630 3321 4698 quod

1769 4712 2042 4780 imperiale
2069 4712 2272 4766 assolet
2304 4712 2640 4767 circumdare
2670 4714 2909 4780 collum;
2946 4733 3128 4772 verum
3161 4720 3321 4773 etiam

1767 4801 2104 4873 chlamydem
2127 4817 2475 4871 purpuream,
2511 4814 2673 4873 atque
2697 4807 2932 4861 tunicam
2987 4810 3319 4875 'cocciueam,

1766 4904 1820 4953 et
1841 4895 2019 4950 omnia
2042 4893 2333 4960 imperialla
2360 4893 2687 4962 indumenta,
2714 4911 2809 4952 seu
2832 4897 2991 4951 etiam
3008 4899 3320 4969 dign'tatetn

1768 4985 2099 5055 imperialem
2160 4984 2561 5050 praesidentium
2624 4989 2908 5055 equitum;
2976 4992 3321 5048 conferentes

1765 5078 1813 5132 ei
1847 5078 2017 5151 etiam,
2042 5073 2337 5140 imperialia
2368 5084 2602 5144 sceptra,
2625 5078 2893 5147 simulque
2921 5092 3114 5137 cuncta
3142 5085 3317 5152 signa,

1766 5182 1819 5226 et
1838 5171 2037 5236 banda,
2064 5180 2117 5227 et
2154 5174 2358 5243 reliqua
2412 5177 2730 5224 ornamenta
2764 5170 3061 5237 imperialis
3121 5175 3315 5227 culmi-

1765 5260 1869 5323 nis,
1904 5271 1955 5313 et
1975 5260 2198 5330 gloriam
2231 5262 2509 5331 potestatis
2540 5270 2760 5315 nostras.
2788 5258 2932 5315 Viris
2963 5261 3121 5315 etiam
3143 5262 3319 5316 diver-

1765 5352 1809 5408 si
1832 5352 2038 5407 ordinis
2070 5351 2799 5437 τενοτοηόίεείωἱεὀισι-ἰοῖς,
2840 5362 3041 5407 sanctae
3066 5351 3317 5408 Romanae

1766 5443 2021 5498 Ecclesia:
2089 5445 2488 5507 servientibus.
2548 5444 2679 5499 illud
2746 5444 2959 5498 culmen
3028 5440 3318 5514 singularis

1722 5561 1726 5565 «
1766 5534 2015 5603 petentia:
2048 5544 2101 5589 et
2136 5537 2511 5603 praecellentia:
2569 5535 2767 5591 habere
2814 5532 3113 5598 sancimus,
3161 5537 3317 5605 cujus

1767 5625 2135 5694 amplissimus
2162 5635 2340 5681 noster
2372 5635 2591 5682 senatus
2621 5626 2828 5681 videtur
2852 5625 3029 5693 gloria
3045 5626 3319 5690 adornari,
3352 5628 3355 5631 ’

1768 5714 1819 5768 id
1852 5722 1952 5775 est,
1984 5715 2239 5781 patricios
2261 5725 2313 5769 et
2343 5715 2590 5769 consules
2614 5713 2754 5768 effici
2783 5730 2798 5772 :
2852 5728 3060 5769 necnon
3114 5723 3167 5770 et
3214 5732 3319 5772 caeo

1769 5805 1896 5861 teris
1924 5802 2273 5875 dignitatibus
2340 5804 2707 5874 imperialibus
2765 5819 2860 5862 eos
2916 5809 3318 5881 promulgamus
