4010 6332
199 342 358 414 1365·

228 463 236 475 ‘
946 479 1042 532 ll".

298 561 390 624 Ὠς
407 560 522 615 λῖαν
540 562 839 649 ἐκθειάζεις
857 567 945 621 τὸν
961 570 1147 624 πάπαν
1171 573 1233 626 σύ
1248 589 1262 606 ο
1293 577 1452 645 ἡμεῖς
1477 577 1533 631 δὲ
1552 577 1763 649 ἅνθρω-

200 667 318 702 πον
356 648 495 707 εἶναι
529 640 688 709 αὑτὸν
735 659 976 728 οἴδαμεν,
1011 665 1254 737 ἁμαρτίᾳ
1311 640 1407 722 καὶ
1445 640 1765 741 βλασφημίᾳ

202 744 593 820 καταποθῆναι
616 747 916 819 δυνάμενον
938 768 953 784 °
985 753 1072 807 διὰ
1099 754 1248 815 τοῦτο
1271 758 1586 814 ἀκολουθεῖν
1615 761 1764 831 αὑτῷ

201 835 281 886 τὰ
317 838 444 906 περὶ
477 838 575 909 τὴν
610 842 791 895 πίστιν
830 843 932 899 οὐκ
960 848 1358 919 ἀποδεχόμεθα.
1399 853 1562 921 Ἦμῖν
1591 855 1648 910 δὲ
1690 855 1764 908 εἷο

211 942 410 992 ρηται,
456 929 529 990 ὡς
579 931 953 990 τοῦτονιοῦδέν
987 940 1134 992 ἐστιν
1160 956 1173 968 ·
1207 943 1424 1014 ἀνάγκη
1475 946 1583 1015 γάρ
1617 949 1763 1000 ἐστιν

206 1019 452 1075 ἕπεσθαι
502 1026 718 1093 ποιμένι
772 1029 917 1094 τινὶ,
971 1030 1029 1094 ὃς
1087 1034 1360 1100 κάκεῖνος,
1423 1035 1498 1097 ὡς
1551 1037 1762 1108 ἄνθρωη

206 1128 344 1172 ττος,
398 1116 518 1169 καθ’
556 1118 768 1187 ἡμέραν
824 1123 1159 1192 ἁμαρτάνει·
1194 1130 1241 1180 εὶ
1269 1130 1377 1198 γὰρ
1429 1131 1530 1198 μία
1561 1132 1680 1202 ὥρα
1735 1136 1764 1187 6

203 1203 335 1269 βίος
389 1205 535 1270 ἄπας
565 1208 810 1282 ὑπῆρχεν
856 1215 1011 1282 ἡμῖν,
1067 1217 1176 1271 οὐδ’
1228 1218 1400 1284 οὕτως
1435 1221 1540 1288 ἔξω
1591 1223 1760 1291 ῥύπου

198 1291 356 1348 εἶναι
412 1298 708 1366 δυνάμεθα.
753 1304 895 1357 Ἀλλ’
938 1307 1078 1376 ὕπὶρ
1111 1309 1224 1362 τῶν
1271 1311 1558 1380 ἁμαρτιῶν
1598 1313 1760 1367 αὐτοῦ

193 1387 462 1452 ἕκαστος,
520 1393 595 1456 ὼς
630 1396 892 1459 πολλάκις
945 1400 1184 1468 εῖρηται,
1243 1403 1404 1464 αὐτὸς
1465 1406 1762 1474 ἀπολογίαν

194 1475 391 1532 δώσει.
436 1481 758 1554 Ἀρκεῖγάρ
803 1487 934 1554 ἡμῖν
972 1487 1039 1541 ἂν
1104 1492 1281 1556 καλῶς
1334 1497 1757 1568 ποιμαινόμεθα,

194 1569 354 1623 κατὰ
388 1570 479 1623 τὸν
512 1574 568 1624 ὲν
603 1573 853 1644 θεολογίᾳ
883 1577 1054 1645 μέγαν
1082 1581 1402 1650 Γρηγόριον.
1435 1587 1514 1648 Οὔ
1541 1605 1704 1658 φησιν
1734 1589 1762 1642 6

196 1661 513 1750 στασιῴδης
545 1664 637 1716 καὶ
675 1667 910 1736 φίλερις,
947 1667 1298 1739 ’Δμαρτωλὸν
1333 1677 1392 1730 οὗ
1428 1677 1566 1731 θέλω
1587 1680 1762 1750 ἀρχήν

204 1767 319 1817 μου
358 1749 517 1809 εἶναι.
559 1757 697 1824 Πρὸς
742 1757 834 1822 οὓς
875 1760 1245 1833 ἀπολογητέον
1269 1783 1280 1796 ·
1317 1767 1398 1820 ὅτι
1462 1769 1638 1832 καλῶς
1674 1749 1756 1823 ὲν-

195 1843 441 1913 νοοῦμεν
475 1851 545 1902 τὰ
594 1851 929 1920 διανοήματα
985 1856 1136 1924 ὑμῶν
1164 1898 1179 1922 ,
1238 1857 1274 1912 ἃ
1325 1859 1760 1929 παρακατιόντες

194 1938 646 2008 ἀνακαλύψομεν,
679 1945 729 2001 εἰ
762 1945 853 1995 καὶ
886 1946 1040 2014 ὑμεῖς
1073 1949 1397 2014 συσκιάζειν
1438 1950 1619 2006 θέλετε
1650 1954 1759 2007 δει-

192 2028 450 2090 λιῶντεξ.
483 2031 591 2084 Νῦν
617 2032 673 2084 δὲ
705 2035 840 2104 πρὸς
868 2035 894 2088 6
927 2037 1005 2099 εἰς
1039 2039 1100 2090 τὸ
1135 2041 1601 2111 φανερδνγλέγετε,
1624 2049 1761 2115 πρὸς

191 2123 381 2174 ἐκεῖνο
413 2123 827 2194 ἀπολογούμεθα
853 2143 868 2160 ο
902 2128 983 2182 ὅτι
1009 2129 1118 2182 ἀπὸ
1153 2133 1351 2195 κακίας
1381 2135 1568 2204 ψυχῶν
1603 2138 1759 2190 τοῦτο

192 2213 392 2277 λέγετε
415 2229 428 2244 ο
457 2215 516 2266 οὐ
563 2218 671 2285 γὰρ
711 2218 1008 2284 γινώσκετε
1040 2223 1204 2276 αὑτὸν
1245 2225 1598 2294 ἁμαρτωλόνο
1636 2233 1758 2284 οὐδὲ

189 2306 292 2355 τὸν
329 2305 536 2358 ἐκείνου
570 2308 745 2362 οἴδατε
777 2309 912 2378 βίον.
951 2312 1340 2386 mmmam.
1367 2323 1756 2387 συκοφαντεῖτε

197 2396 301 2446 καὶ
323 2396 612 2465 λοιδορεῖτε
650 2400 799 2470 αὐτῷ
832 2402 1038 2471 Πέτρου
1072 2405 1302 2474 διαδόχῳ
1339 2409 1474 2472 θντι,
1509 2411 1605 2463 καὶ
1650 2411 1756 2481 Ἰη-

201 2487 304 2540 σοῦ
345 2488 436 2541 τοῦ
471 2490 677 2567 Κυρίου
708 2493 895 2563 σχῆμα
929 2497 1147 2565 φέροντι
1175 2501 1256 2562 εἰς
1279 2499 1376 2570 τὴν
1401 2502 1506 2579 γῆν
1525 2517 1540 2533 ⁶
1572 2506 1620 2557 οῖ
1648 2496 1756 2575 γάρ

197 2580 415 2632 ὲκεῖνον
447 2581 769 2652 ἁμαρτωλδν
828 2586 1096 2654 λέγοντες,
1129 2590 1294 2659 ὅμοια
1328 2595 1437 2655 τοῖς
1478 2593 1756 2661 Ἰουδαίοις

198 2670 455 2738 λέγουσιν
478 2690 492 2705 ο
533 2675 731 2729 ἐκεῖνοι
758 2677 868 2747 γὰρ
895 2679 984 2732 τὸν
1029 2683 1093 2733 ἑκ
1128 2683 1356 2752 γενετῆς
1385 2687 1587 2752 τυφλὸν
1615 2689 1753 2742 ἰδόν-

193 2779 293 2824 τες
318 2762 604 2831 βλέποντα,
659 2768 756 2822 καὶ
806 2769 881 2840 τῷ
907 2769 1087 2840 φθόνῳ
1129 2773 1444 2842 τηκόμενοι,
1475 2778 1754 2844 ερωτῶσιν

197 2859 366 2911 αὑτὸν
394 2859 680 2926 λέγοντες,
720 2879 739 2912 ι
773 2861 870 2924 Τίς
899 2862 1077 2932 ἠνοιξέ
1111 2879 1203 2918 σου
1235 2867 1359 2929 τοὺς
1398 2866 1705 2936 ὀφθαλμούς
1733 2885 1751 2937 ἱ

208 2950 273 3002 ⁸0
305 2949 359 3002 δέ
388 2965 573 3018 φησιν.
597 2950 919 3021 Ἀνθρωπος
954 2952 1160 3021 Ἰησοῦς
1201 2954 1520 3024 λεγόμενος,
1549 2957 1755 3021 ἐκεῖνός

201 3057 296 3106 μοι
327 3040 452 3107 ἔφη,
489 3040 658 3110 Nidus
687 3042 768 3104 εἰς
809 3041 907 3110 τὴν
944 3043 1335 3114 κολυμϐήθραν
1363 3046 1458 3100 τοῦ
1507 3049 1755 3118 Σιλωὰμ,

844 362 987 419 PliO
1021 362 1205 423 CONC
1273 363 1630 426 FLORENT.
1663 366 1811 429 CAP.
1834 371 1925 430 ν.
1961 372 2054 432 DE
2093 372 2434 434 PRIMATU
2470 373 2729 435 'PAPJE.‘

3277 369 3414 434 1366

2564 487 2706 543 XIII.

1933 580 2000 633 At
2021 587 2076 634 tu
2098 579 2239 634 ultra
2257 579 2472 634 modum
2494 594 2683 650 papam
2703 577 2920 634 deificas
2942 593 2957 642 ;
2998 591 3097 632 nos
3133 591 3266 631 vero
3299 577 3408 631 sci-

1865 687 1985 724 mus
2012 685 2132 725 eum
2163 671 2433 725 hominem
2463 685 2584 726 esse
2614 678 2670 729 et
2699 677 2915 739 peccato
2937 675 2988 724 et
3013 667 3225 737 probris
3253 682 3410 737 posse

1863 764 2101 834 demergi
2125 803 2141 829 ,
2180 770 2464 833 propterea
2508 763 2562 817 in
2598 764 2664 818 iis
2697 777 2817 832 qua:
2849 760 2916 815 ad
2947 761 3103 816 iidem
3139 761 3411 831 pertinent

1868 856 2124 912 nolumus
2166 857 2212 909 ei
2257 855 2542 909 inhaerere.
2575 854 2678 909 Sed
2719 869 2748 908 a
2795 852 2952 909 nobis
2978 853 3089 923 jam
3138 859 3294 907 antea
3328 850 3409 905 di-

1863 957 2009 1001 ctum
2041 960 2143 1012 est,
2178 947 2282 1002 hoc
2315 946 2448 1001 nihil
2481 961 2619 1012 esse,
2655 949 2912 1015 quoniam
2944 961 3164 1001 necesse
3195 954 3279 1000 est
3311 960 3409 998 nos
3468 943 3470 945 ’

1864 1039 2098 1107 aliquem
2149 1039 2302 1109 sequi
2356 1047 2626 1108 pastorem
2664 1056 2676 1092 :
2722 1038 2812 1094 ille
2860 1052 3091 1106 namque
3137 1045 3196 1091 ut
3249 1037 3409 1090 homo

1868 1140 2054 1200 peccat
2100 1131 2371 1197 quotidie.
2417 1129 2482 1185 Si
2519 1130 2662 1185 enim
2707 1144 2812 1186 una
2859 1138 3064 1184 tantum
3099 1128 3231 1182 hora
3268 1138 3410 1181 esset

1864 1221 1973 1274 vita
2017 1232 2200 1276 nostra
2222 1261 2238 1286 ,
2288 1236 2388 1276 nec
2419 1222 2488 1273 ita
2529 1221 2648 1274 sine
2675 1219 2926 1273 sordibus
2953 1233 3072 1272 esse
3107 1232 3406 1287 possemus.

1866 1313 1971 1367 Sed
2001 1314 2068 1368 de
2094 1315 2328 1383 propriis
2361 1315 2600 1382 peccatis
2629 1313 3003 1379 unusquisque
3034 1325 3129 1380 pro
3170 1324 3289 1365 sese
3321 1325 3407 1362 ra-

1865 1407 2064 1462 tionem
2097 1405 2414 1461 redditurus
2432 1414 2536 1472 est,
2573 1417 2632 1459 ut
2665 1421 2804 1474 smpe
2836 1406 2944 1473 jam
2979 1404 3232 1458 diximus.
3268 1402 3408 1456 Satis

1860 1505 1944 1550 est
1989 1495 2145 1550 nobis
2186 1495 2231 1549 si
2278 1496 2412 1549 bene
2454 1509 2784 1564 pascamur,
2821 1494 3114 1549 secundum
3156 1508 3406 1559 magnum

1828 1587 2146 1656 ,tlieologiae
2193 1583 2470 1641 doctorem
2521 1584 2858 1655 Gregorium.
2915 1584 2981 1637 At
3024 1582 3309 1638 seditionis
3353 1595 3410 1636 et

1861 1679 2223 1734 contentionis
2267 1678 2540 1733 studiosus
2590 1678 2804 1746 inquit,
2852 1675 3198 1731 Peccatorem
3250 1684 3411 1744 caput

1861 1785 1981 1824 esse
2030 1785 2135 1823 non
2188 1773 2376 1838 probo.
2426 1768 2505 1823 Ad
2556 1783 2692 1835 quos
2745 1763 3220 1840 respondendum,
3265 1764 3406 1834 quod

1861 1857 1999 1911 bene
2031 1856 2265 1928 cegitata
2303 1867 2477 1911 vestra
2515 1856 2862 1924 percipimus,
2902 1868 3022 1923 quae
3052 1863 3236 1922 postea
3271 1851 3409 1907 lnie-
3461 1891 3466 1896 ι

1861 1947 1978 2002 rius
2018 1955 2354 2017 retegemus,
2397 1947 2496 2001 etsi
2543 1960 2635 2000 vos
2680 1946 2748 1998 ob
2782 1943 3047 2014 ignaviam
3085 1942 3410 1996 obumbrare

1859 2039 2149 2093 conamini.
2188 2038 2340 2092 Nunc
2370 2047 2546 2090 autem
2582 2036 2648 2091 iis
2684 2035 3143 2106 respondebimus,
3172 2048 3289 2103 quae
3318 2047 3412 2102 pa-

1859 2129 1964 2182 lam
1995 2129 2174 2182 dieitis
2201 2167 2215 2191 ,
2264 2129 2388 2195 quia
2434 2144 2495 2180 ex
2527 2128 2690 2181 animi
2725 2127 2854 2181 vitio
2886 2126 2987 2181 hoc
3033 2125 3214 2181 dicitis
3250 2129 3279 2180 ι’
3302 2139 3412 2180 non

1859 2221 2003 2273 enim
2060 2220 2212 2274 vobis
2263 2222 2535 2290 eOgnitum
2587 2225 2670 2272 est
2718 2208 2843 2274 eum
2891 2233 3013 2274 esse
3037 2223 3399 2288 peceatorem.

1859 2324 2036 2378 neque
2067 2309 2223 2364 vobis
2249 2311 2367 2378 ejus
2392 2310 2514 2364 vitae
2541 2309 2955 2370 ratiosatisest
2982 2317 3280 2376 comperta,
3317 2308 3409 2363 sed

1858 2399 2201 2467 impudenter
2237 2399 2649 2453 calumniamini
2690 2409 2742 2454 et
2781 2398 3158 2478 conviciamjni
3199 2399 3276 2452 illi
3317 2397 3417 2468 qui-

1858 2487 1997 2542 Petri
2032 2503 2310 2543 successor
2337 2497 2447 2551 est,
2480 2496 2534 2542 et
2563 2487 2691 2544 Jesu
2723 2489 2922 2544 Christi
2953 2487 3175 2556 figuram
3204 2488 3259 2542 in
3295 2496 3407 2541 tero

1858 2582 1934 2634 ris
1962 2582 2120 2649 gerit.
2154 2579 2286 2634 Nam
2316 2581 2406 2650 qui
2451 2594 2575 2634 eum
2622 2590 2958 2649 peceatorem
2993 2579 3300 2650 appellant,
3341 2581 3410 2634 iis

1857 2688 1977 2742 qua:
2005 2671 2177 2728 Judaei
2210 2673 2511 2750 aderehant
2539 2674 2737 2727 similia
2767 2671 3019 2736 atiernnt,
3046 2676 3300 2742 quoniam
3331 2671 3418 2725 illi.

1858 2778 1887 2818 a
1920 2765 2204 2818 nativitato
2235 2751 2437 2820 caecum
2479 2775 2762 2820 cernentes
2793 2765 2995 2829 videre,
3027 2765 3225 2819 invidia
3255 2764 3406 2827 torti,

1853 2869 1979 2908 eum
2031 2857 2366 2924 interrogant
2414 2857 2706 2911 dicentes:
2749 2874 2767 2907 (
2809 2854 2941 2921 Quis
2983 2855 3190 2924 aperuit
3220 2855 3408 2910 oculos

1854 2945 2016 3001 tuos?
2057 2963 2078 2998 ι
2105 2947 2421 3016 respondit.
2458 2965 2478 2998 ι
2520 2945 2694 3002 Βοωο
2726 2946 2819 3013 qui
2857 2953 3077 3000 vocatur
3106 2943 3356 3000 Christus
3387 2960 3402 2996 :

1855 3038 1903 3090 is
1942 3036 2072 3090 mihi
2116 3037 2294 3101 dixit,
2345 3036 2549 3093 Lavare
2580 3038 2631 3091 in
2666 3037 2868 3093 Siloam
2892 3076 2909 3100 ,
2949 3045 3001 3091 et
3041 3035 3186 3092 lotus
3225 3037 3402 3106 recepi

200 3128 618 3197 καῖ-νιψάμενος
646 3131 916 3199 ἀνέϐλεψα
934 3147 948 3162 ·
977 3134 1174 3187 ἐκεῖνοι
1216 3135 1271 3188 δὲ
1303 3135 1656 3203 ὐπερζέοντες
1683 3139 1755 3208 τῷ

1862 3130 2031 3181 lucem
2063 3127 2126 3178 ³⁸.
2166 3130 2288 3185 adt
2316 3130 2392 3183 illi
2422 3130 2499 3182 ira
2527 3131 2736 3184 accensi
2767 3131 2990 3185 dicunt:
3021 3147 3039 3181 ι
3076 3129 3147 3182 Da
3178 3129 3402 3198 gloriam

199 3219 384 3289 θυμῷ,
438 3221 712 3288 φασὶ,Δὸς
758 3221 918 3286 δόξαν
972 3223 1052 3292 τῷ
1114 3223 1259 3292 Θεῷ·
1313 3227 1473 3296 ἡμεῖς
1536 3227 1753 3297 οῐδαμεν
1787 3246 1793 3248 ⁷·

1619 3320 1754 3390 πρὸς
1802 3341 1804 3349 ι

198 3313 286 3361 ὅτι
329 3311 355 3360 6
416 3309 704 3379 ἁνθρωπος
756 3305 908 3374 οὗτος
969 3314 1287 3382 ἁμαρτωλός
1353 3319 1472 3370 ἐστι
1501 3335 1516 3351 ·

199 3399 296 3462 οὓς
334 3402 362 3454 6
415 3402 545 3455 ποτὶ
576 3402 776 3470 τυφλὸς
820 3404 1023 3472 ἁντέφη
1052 3417 1065 3433 ⁸
1109 3405 1170 3459 El
1229 3407 1553 3478 ἁμαρτωλός
1580 3413 1748 3480 ἐστιν,

201 3492 306 3543 οὐκ
357 3488 511 3544 οῖδα’
544 3491 602 3544 ἓν
659 3491 796 3557 οῖδα,
838 3495 918 3546 ὅτι
982 3495 1184 3564 τυφλὸς
1236 3497 1340 3565 ὢν,
1367 3498 1494 3568 ἄρτι
1552 3500 1749 3568 βλέπω.

217 3583 305 3632 Ἐν
351 3583 459 3650 γὰρ
517 3583 691 3652 τούτῳ
741 3583 802 3636 τὸ
847 3582 1161 3655 θαυμαστόν
1220 3573 1388 3651 ἐστιν.
1441 3589 1521 3643 ὅτι
1577 3591 1754 3661 άμαρ·

196 3673 366 3733 τιολὸς
427 3672 528 3735 ὣν,
567 3673 746 3742 ἡνοιεέ
804 3689 907 3743 μου
963 3677 1092 3737 τοὺς
1146 3676 1494 3746 ὀφθαλμούς·
1531 3681 1594 3733 ὲκ
1654 3680 1750 3735 τοῦ

197 3763 392 3825 αἰῶνος
413 3763 514 3816 οὐκ
541 3763 784 3833 ἠκούσθη
816 3765 897 3817 ὅτι
914 3764 1095 3835 motae
1112 3782 1194 3825 τις
1218 3765 1526 3836 ὀφθαλμοὺς
1548 3770 1750 3840 τυφλοῦ

199 3856 570 3922 γεγενημένου
596 3870 612 3888 ο
653 3856 700 3907 ει
757 3854 830 3924 μὴ
861 3850 930 3926 ἡν
961 3855 1118 3918 οὗτος
1150 3859 1301 3928 παρὰ
1332 3859 1424 3912 τοῦ
1457 3861 1614 3920 Θεοῦ,
1652 3864 1754 3918 οὐκ

199 3944 429 4014 ἠδύνατο
454 3947 627 3997 ποιεῖν
656 3945 826 4000 οὐδέν.
858 3963 876 3996 ι
912 3945 1205 4015 Δυνάμεθα
1238 3944 1334 4002 οὖν
1362 3951 1592 4019 στρέψαι
1614 3953 1754 4022 πρὸς

201 4036 294 4087 τὸν
335 4035 577 4103 διάδοχον
614 4033 711 4087 τοῦ
751 4035 954 4106 Πέτρου
993 4036 1205 4090 ταῦτα·
1241 4039 1301 4102 ὃς
1353 4041 1502 4093 ἔστιν
1533 4045 1562 4095 6
1609 4043 1752 4112 ἱερὸς

201 4128 411 4188 πάπας,
444 4127 524 4179 ὅτι
559 4127 610 4178 εί
661 4127 984 4196 ἁμαρτωλός
1020 4128 1191 4190 ἐστιν,
1223 4128 1341 4192 πῶς
1401 4134 1764 4202 κατηράσατο,

202 4219 353 4284 ὑμῖν,
384 4219 474 4268 καὶ
504 4213 746 4286 ἀφώρισε
774 4219 900 4281 τοὺς
923 4217 1210 4288 Γραικοὺς,
1240 4219 1506 4285 Νικόλαος
1538 4223 1751 4291 πρῶτος

201 4311 261 4361 ιν
305 4306 383 4377 τῷ
429 4307 604 4378 καιρῷ
641 4307 733 4360 τοῦ
762 4310 992 4374 Qui-rion,
1043 4310 1137 4364 xui.
1187 4312 1251 4364 ἐκ
1311 4311 1404 4366 τοῦ
1442 4314 1747 4386 ἀφορισμοῦ

201 4397 430 4460 ἐκείνου,
456 4396 556 4450 οὐκ
578 4396 788 4466 Ιλειψεν
816 4397 947 4452 ἰῶτα
974 4398 1035 4452 ἓν
1053 4414 1069 4432 ο
1102 4400 1220 4453 ἀλλ’
1248 4402 1496 4469 ἐγένοντο
1518 4405 1566 4456 οἱ
1590 4405 1750 4474 Γραι·

1858 3219 1984 3282 Deo,
2015 3220 2140 3286 quia
2177 3222 2265 3274 hic
2296 3221 2457 3274 homo
2486 3233 2740 3290 peccator
2763 3233 2880 3288 est;
2916 3241 2935 3285 ι
2971 3224 3172 3290 quibus
3197 3223 3286 3277 ille
3311 3223 3402 3291 qui

1855 3322 2022 3374 nuper
2053 3323 2226 3363 caecus
2259 3309 2466 3373 fuerat,
2500 3312 2776 3380 respondit
2806 3329 2818 3365 :
2861 3329 2879 3362 ι
2916 3312 2973 3365 Si
3017 3322 3270 3380 peccator
3295 3324 3396 3375 est,

1854 3397 2036 3450 nescio
2064 3413 2080 3452 :
2110 3414 2275 3451 unum
2307 3400 2422 3455 scio
2445 3439 2461 3462 .
2486 3401 2628 3468 quod
2665 3415 2839 3456 caecus
2867 3415 2987 3454 cum
3019 3413 3211 3464 essem,
3241 3401 3400 3453 modo
3425 3465 3428 3467 Α

1855 3488 2027 3542 video.
2053 3489 2108 3542 in
2144 3490 2246 3543 hoc
2277 3492 2416 3544 enim
2445 3492 2688 3548 mirabile
2711 3492 2973 3562 est,quod
3003 3502 3248 3561 peccator
3276 3507 3399 3546 cum

1852 3586 2013 3640 esset,
2040 3579 2253 3649 aperuit
2273 3581 2469 3634 oculos
2495 3595 2664 3647 meos,
2695 3580 2785 3650 qui
2815 3593 2986 3635 creeus
3043 3594 3208 3634 eram.
3229 3581 3271 3635 Α
3305 3597 3401 3636 sre-

1853 3669 1981 3721 culo
2015 3686 2124 3723 non
2157 3680 2241 3724 est
2295 3671 2537 3726 auditum
2589 3671 2716 3741 quis
2761 3670 2882 3740 quis
2915 3673 3100 3725 oculos
3130 3675 3400 3741 aperuerit

1853 3760 1982 3814 (εκεὶ
2018 3760 2152 3816 nati.
2185 3761 2299 3816 Nisi
2330 3771 2472 3818 esset
2501 3763 2592 3818 hic
2623 3779 2650 3816 a
2683 3762 2811 3828 Deo,
2843 3778 2946 3817 non
2981 3771 3190 3833 poterat
3222 3763 3397 3820 facere

1852 3853 2164 3921 quicquam.
2209 3873 2226 3905 ι
2263 3854 2559 3910 Possumus
2593 3855 2756 3925 igitur
2790 3855 2903 3910 haec
2931 3857 2996 3910 ad
3024 3869 3394 3911 successorem

1854 3942 1947 3996 Dei
1981 3943 2299 4006 traducere,
2336 3945 2428 4012 qui
2461 3954 2542 4000 est
2590 3953 2813 4019 sanctus
2843 3960 3000 4015 papa.
3042 3945 3100 3999 Si
3150 3953 3397 4015 peccator

1850 4043 1932 4088 est
1959 4073 1972 4098 ,
2006 4034 2280 4102 quomodo
2311 4035 2586 4090 maledixit
2618 4035 2815 4091 vobis?
2848 4035 2910 4090 Et
2936 4036 3148 4092 Graecos
3183 4051 3401 4091 excom-

1850 4123 2140 4178 municavit
2174 4123 2427 4180 Nicotaus
2457 4127 2471 4178 l
2509 4126 2835 4194 temporibus
2887 4125 3060 4181 Photii
3093 4128 3192 4197 (1),
3226 4139 3277 4182 et
3307 4145 3397 4182 ex-

1849 4213 2333 4268 communicationi
2363 4215 2439 4267 illi
2470 4231 2575 4269 non
2603 4215 2773 4269 defuit
2801 4217 2903 4268 iota
2933 4232 3117 4281 unum,
3149 4218 3239 4271 sed
3271 4216 3391 4271 iacti

1849 4313 1979 4359 sunt
2012 4307 2209 4375 captivi
2235 4347 2250 4370 ,
2286 4315 2341 4359 ut
2373 4307 2419 4362 is
2449 4308 2503 4360 in
2531 4305 3091 4364 excommunicatione
3119 4311 3255 4365 dixit
3281 4314 3386 4377 ,‘in

1850 4410 2039 4451 omnes
2065 4407 2276 4464 gentes,
2307 4406 2558 4468 tanquam
2587 4399 2754 4452 Judaei
2785 4414 2799 4450 :
2827 4401 3086 4469 scriptum
3116 4409 3200 4455 est
3223 4401 3390 4465 enim.

202 4487 290 4538 κοὲ⁵
338 4484 412 4548 ὡς
446 4485 649 4549 ἐκεῖνος
701 4488 758 4539 ιν
787 4485 862 4556 τῷ
897 4489 1187 4558 ἀφορισμῷ
1237 4490 1366 4559 ἔφη,
1412 4470 1748 4560 αἰχμάλωτοι

1854 4487 2170 4542 Peccatores
2204 4501 2309 4541 non
2339 4489 2489 4541 audit
2539 4489 2693 4544 Deus.
2735 4489 2790 4543 Si
2821 4498 3066 4558 peccator
3097 4499 3181 4545 est
3203 4534 3220 4558 ,
3255 4508 3390 4562 quo-

201 4576 278 4638 εἰς
309 4574 485 4628 πάντα
507 4573 586 4626 τάν
616 4573 766 4642 ῐθνη,
820 4576 1010 4647 ὥσπερ
1043 4579 1092 4630 οἱ
1129 4578 1409 4645 ’1ουδαῖοι;
1453 4582 1516 4634 Et
1573 4583 1748 4654 ἁμαρ-

200 4662 367 4726 τωλός
405 4664 538 4729 ἔστι,
581 4664 696 4728 πῶς
719 4664 1076 4735 ιπηκούσθης
1135 4668 1446 4737 γέγραπται
1495 4670 1606 4742 γὰρ
1665 4673 1747 4726 ὅτι

202 4754 540 4822 ἁμαρτωλῶν
570 4756 597 4807 6
620 4754 751 4818 Θεὸς
776 4755 875 4807 οὐκ
898 4755 1139 4813 ἀκούει.»
1181 4759 1336 4814 Οὕτω
1363 4760 1462 4831 μὶν
1481 4755 1656 4824 οὗτος.
1686 4763 1746 4814 '0

201 4845 258 4895 δὲ
297 4845 637 4907 ’ἰννοκέντιος
668 4847 773 4916 πρὸ
816 4846 1008 4901 τούτου
1043 4850 1290 4918 ἀφώρισε
1339 4852 1442 4922 τὴν
1468 4853 1744 4920 Εὐδοξταν,

198 4932 284 4984 διὰ
316 4933 414 4997 τὴν
464 4935 674 5004 ἐξορίαν
701 4937 794 4990 τοῦ
847 4939 1232 5010 Χρυσοστόμου
1260 4959 1277 4976 ’
1310 4960 1405 4998 και
1443 4945 1678 5018 ἔτρεμεν
1714 4949 1743 5002 6

200 5025 366 5091 τάφος
397 5023 583 5095 αὐτῆς,
615 5026 722 5090 ἓως
749 5028 808 5082 οὗ
846 5033 1328 5100 παρακαλέσαντες
1370 5038 1552 5101 αὐτὸν,
1583 5040 1743 5094 ἔλυσε

203 5116 292 5168 τὸν
320 5117 655 5186 άφορισμόνο
690 5122 784 5172 καὶ
821 5122 950 5191 ἔστη
997 5124 1155 5188 εὐθὺς
1177 5126 1205 5178 6
1235 5127 1421 5190 κλόνος
1448 5130 1542 5182 τοῦ
1570 5133 1741 5202 τάφου

200 5204 384 5271 αὐτῆς.
417 5204 537 5268 Πῶς
563 5205 620 5259 δὲ
659 5208 753 5260 καὶ
807 5208 902 5261 νῦν
960 5214 1180 5280 γέγονεν
1236 5218 1295 5269 έν
1335 5221 1450 5279 ταῖς
1506 5221 1743 5289 ἡμέραις

201 5295 372 5365 ἡμῶν,
394 5297 452 5348 έν
471 5295 548 5360 τῷ
574 5297 748 5368 καιρῷ
767 5298 1032 5355 Νικολάου
1054 5304 1304 5372 πέμπτου
1330 5309 1742 5381 πάπαῬώμης,

270 5435 312 5466 ³³
339 5435 497 5492 Joan.
528 5452 606 5503 ιι,
639 5436 692 5494 7.

272 5595 348 5662 (l)
379 5593 513 5649 Vide
548 5608 639 5664 ep.
679 5596 746 5652 ad
794 5595 1103 5654 Michaelem
1151 5600 1274 5669 imp.
1320 5613 1372 5658 et
1399 5607 1537 5675 apud
1576 5606 1736 5662 Nice-

200 5668 446 5739 phorum.
1231 5668 1240 5669 ί

273 5734 344 5800 (‘2)
380 5733 723 5792 innocentius
753 5735 824 5804 1,
851 5737 919 5794 de
954 5754 1060 5810 quo
1093 5755 1274 5811 supra.

1853 4578 2010 4632 modo
2042 4578 2144 4633 fuit
2172 4579 2501 4635 exauditus?
2530 4579 2597 4634 At
2628 4579 2717 4635 hic
2741 4583 2957 4651 quidem
2986 4584 3086 4641 sic.
3125 4586 3392 4640 innocen-

1812 4716 1814 4718 ,
1851 4669 1961 4723 tius
1995 4669 2227 4739 (2).ante
2256 4670 2402 4724 hunc
2424 4668 2718 4744 Eudoxiam
2754 4671 2821 4727 ob
2857 4672 3222 4743 Chrysostomi
3250 4677 3395 4732 exsi-

1848 4760 1980 4813 lium
2009 4762 2520 4827 excommunieavit;
2545 4771 2598 4817 et
2621 4763 2898 4817 intremuit
2917 4763 3036 4832 ejus
3063 4766 3389 4834 sepulcrum,

1849 4849 2021 4906 donec
2050 4859 2306 4905 revocato
2339 4866 2404 4905 eo
2433 4854 3042 4910 eacommunicationem
3075 4839 3300 4925 remisit,
3335 4873 3390 4914 et

1847 4945 2028 4998 statim
2080 4944 2328 4999 constitit
2375 4945 2518 5000 illius
2566 4955 2767 5000 tremor
2815 4949 3068 5019 sepulcri.
3117 4953 3218 5008 Sed
3256 4955 3388 5022 quid

1845 5034 2023 5090 evenit
2065 5045 2248 5090 nostra
2298 5039 2557 5092 memoria
2594 5053 2734 5093 nunc
2763 5040 2864 5094 sub
2892 5041 3108 5096 Nicolao
3139 5043 3179 5096 ν
3208 5045 3396 5111 ponti-

1846 5127 1947 5182 ﬁce
1995 5127 2275 5182 maxime?
2323 5144 2444 5184 cum
2492 5130 2647 5198 legati
2683 5145 2711 5182 a
2757 5131 3112 5186 Constantino
3150 5133 3396 5202 impera-

1847 5229 2000 5282 tore,
2051 5221 2142 5288 qui
2191 5221 2484 5276 vocabatur
2513 5222 2777 5290 Dragases
2822 5222 2936 5288 (3),
2974 5222 3039 5277 ad
3071 5239 3192 5279 eum
3231 5224 3396 5282 missi

1845 5312 2026 5365 adhuc
2063 5313 2382 5381 supersint:
2416 5309 2614 5381 quibus
2659 5311 2864 5368 litteras
2908 5313 3052 5369 dedit
3093 5315 3282 5384 plenas
3324 5319 3402 5371 ti-

1916 5613 1990 5679 (3)
2024 5611 2432 5689 Constantinus
2461 5617 2714 5687 Dragascs
2758 5622 3016 5675 successit
3055 5622 3106 5674 in
3153 5621 3398 5689 imperio

1843 5680 2033 5804 Joaniii
2080 5680 2372 5754 Palzeologo
2413 5680 2624 5753 fratri",
2656 5691 2744 5758 qui
2799 5690 3040 5745 interluit
3071 5680 3400 5747 Florentino

1843 5765 1989 5804 conci
2015 5766 2082 5804 ιο.
2252 5799 2254 5804 .

1842 5765 2082 5805 ιιυιιειιιο.
