4010 6332
162 447 306 512 189

821 447 965 536 Igne
999 448 1202 507 CUNC.
1235 446 1597 524 FLORENT.
1633 447 1719 506 ca

1833 448 1895 507 V.
1941 447 2037 508 DE
2070 445 2411 507 PRIMATU
2447 447 2671 507 ΡΑΡᾸΞ.

3201 443 3336 510 1390

164 560 335 625 μέσον
391 555 518 609 acts
575 557 743 610 θεῖναι
798 558 1040 629 γλώττης
1073 558 1245 626 ἁγὼν,
1297 559 1440 613 οὕτω
1492 561 1555 628 δη
1610 558 1701 609 καὶ

1818 557 2022 610 nodum
2058 574 2170 614 rem
2209 559 2262 612 in
2299 558 2529 613 medium
2563 573 2864 629 proponere
2911 559 3086 628 lingua
3114 557 3204 614 vix
3234 541 3334 613 au-

160 649 417 710 ἀκοῦσαι,
447 647 630 701 καινόν
662 665 714 701 τι
772 652 863 702 καὶ
917 643 1368 720 φρικωδέστατον.
1413 650 1570 704 Ἀλλὰ
1606 651 1702 703 καὶ
1746 670 1757 675 ε

164 740 457 808 προσέχειν
496 738 611 791 δέον
644 740 734 793 τὸν
768 741 890 806 νοῦν
912 757 927 772 ·
961 742 1051 792 καὶ
1082 744 1188 810 γὰρ
1233 743 1383 794 οὐδὲν
1419 735 1580 812 ἦττον
1611 741 1702 793 τοῦ

161 829 355 895 φόϐου,
399 831 492 882 καὶ
538 829 694 898 ἡδονῇ
753 833 1120 899 συγκέκραται
1173 833 1232 887 τὸ
1281 833 1563 901 διήγημαο
1613 832 1705 884 δύο

160 918 310 980 τινὲς
344 917 555 985 ἄνδρες,
584 917 766 971 λευκοὶ
795 917 891 987 τὴν
933 921 1144 989 στολὴν,
1180 920 1398 989 φοϐεροὶ
1436 921 1532 990 τήν
1559 920 1703 988 ὄψιν,

163 1009 453 1077 οὐρανόθεν
512 1009 694 1074 ἔδοξαν
725 1008 870 1078 αύτῷ
897 1010 1205 1064 κατελθεῐνο
1239 1010 1334 1064 καὶ
1367 1009 1443 1080 τῷ
1477 1011 1696 1080 μεγάλῳ

166 1099 365 1166 τούτῳ,
416 1100 510 1152 καὶ
555 1099 704 1168 αύτῷ
762 1100 1155 1169 προσεύχεσθαι
1209 1101 1529 1170 φαινομένῳ,
1565 1101 1705 1154 κατὰ

170 1189 460 1256 πρόσωπον
493 1191 841 1257 προσελθεῖν·
873 1186 948 1246 ὧν
975 1192 1004 1246 ό
1031 1195 1150 1261 μὲν,
1183 1194 1367 1264 τόμον,
1407 1193 1596 1262 ἅτερος
1625 1192 1702 1255 δὲ,

171 1276 322 1338 κλεῖς
359 1279 606 1346 κατέχειν
651 1277 838 1348 ἐῴκειο
881 1278 970 1332 τὸν
1008 1279 1254 1348 Ἰωάννην
1298 1279 1376 1346 δὲ,
1421 1278 1481 1331 τὸ
1522 1278 1706 1332 καινὸν

171 1367 353 1418 αὐτῶν
407 1366 500 1418 τοῦ
550 1367 722 1431 εῐδους
753 1367 1194 1434 καταπλαγέντα,
1225 1368 1373 1436 φόϐῳ
1398 1365 1667 1437 ληφθῆναι
1691 1384 1704 1398 ο

169 1458 294 1517 τοὺς
327 1455 406 1520 δὲ,
437 1456 545 1510 τῶν
593 1459 788 1526 χειρῶν
838 1457 1280 1528 ιπιλαϐομένους,
1329 1458 1704 1526 διαναστῆσαι,

170 1547 320 1599 λύειν
349 1563 409 1598 τε
444 1547 538 1599 τὸν
568 1546 733 1613 φόϐον
763 1546 931 1616 αὐτῷ,
970 1549 1060 1601 καὶ
1112 1549 1335 1621 θαρῤεῐν
1363 1548 1668 1617 ὲγκελεύειν
1691 1565 1704 1578 ·

171 1635 252 1713 τῷ
298 1635 376 1696 δὲ,
409 1637 697 1706 πυθομένῳ
743 1637 888 1700 ⁴ιῑίνες
923 1639 988 1692 ἂν
1028 1633 1159 1702 εἶεν,
1213 1640 1268 1696 οῐ
1293 1657 1356 1707 γε
1384 1631 1710 1711 τηλικαύτης

170 1722 324 1790 δόξης
349 1723 659 1792 ἠξιωμένοι,
692 1724 826 1793 πρὸς
858 1725 1019 1779 αὐτὸν
1053 1726 1362 1794 ἐληλύθασι,
1394 1725 1479 1785 Μὴ
1517 1725 1707 1792 φοϐοῦ,

174 1812 392 1875 τούτους
433 1815 641 1867 εἰπεῖν·
685 1814 813 1877 οἵδε,
861 1817 1019 1884 ήμεῐς
1061 1816 1268 1885 ἥκομέν
1307 1834 1386 1869 σοι
1434 1815 1708 1884 πεμφθέν-

175 1919 269 1955 τες
315 1903 466 1973 παρὰ
496 1904 732 1972 Χριστοῦ
761 1920 776 1935 ο
818 1880 931 1958 εἶτα
975 1904 1064 1958 τὸν
1089 1880 1200 1974 ⁷μὲν
1232 1907 1328 1972 τὴν
1360 1880 1708 1976 χεῖρα-ἐκτεί-
1741 1880 1781 1933 Β

177 2011 358 2057 νοντα,
403 1993 492 2046 τὸν
519 1996 683 2062 τόμον
736 1996 1040 2060 ἐπιδιδόναι,
1095 1997 1253 2064 Δέξαι
1283 2016 1342 2050 τε
1395 1999 1616 2066 λέγοντα
1653 2002 1712 2050 τδ

181 2081 380 2148 βιϐλίον
397 2099 412 2116 ·
449 2083 587 2150 Ἐγὼ
613 2084 718 2152 γὰρ
758 2084 1028 2155 Ἰωάννης,
1050 2079 1200 2156 ᾧπερ
1229 2087 1371 2155 ήτοῦ
1395 2089 1526 2140 Θεοῦ
1555 2088 1713 2159 σοφία

180 2173 242 2224 τὸ
264 2173 454 2240 στῆθος
484 2174 674 2242 ἀνῆκε,
719 2175 813 2229 καὶ
856 2175 1135 2233 ἐπιπεσεῖν
1189 2177 1333 2246 αὐτῷ
1362 2177 1710 2245 παρεδέξατο.

182 2263 340 2324 Ἤτις
372 2263 426 2318 δέ
463 2279 543 2316 σοι
570 2250 664 2319 καὶ
693 2265 761 2318 δι’
793 2265 948 2335 ήμῶν
983 2266 1051 2319 τὰ
1074 2266 1180 2318 τῶν
1215 2267 1446 2335 Γραφῶν
1473 2267 1714 2336 εῠληπτα

181 2349 338 2417 θήσει
362 2367 377 2380 °
404 2350 495 2403 καὶ
526 2353 925 2421 χειραγωγήσει
951 2353 1152 2423 ταύτης
1184 2355 1320 2423 πρὸς
1348 2354 1444 2422 τὴν
1487 2356 1712 2423 ἐπίγνω-

183 2457 269 2493 σιν
290 2458 303 2472 ·
343 2444 452 2493 τὸν.
481 2443 526 2494 δ’
554 2443 728 2518 ἄλλον,
761 2443 938 2506 Δέξαι,
987 2447 1078 2498 καὶ
1121 2443 1219 2513 τὴν
1274 2447 1427 2514 χεῖρα
1456 2444 1712 2513 ὀρέγοντα

182 2527 506 2591 φάναι,·τὰς
543 2528 596 2580 δὲ
628 2530 725 2592 τὰς
776 2529 956 2589 κλεῖς·
991 2531 1090 2600 ἐμὲ
1138 2531 1193 2584 δὲ
1228 2533 1430 2602 Πέτρον
1467 2534 1596 2597 ἶσοι,
1626 2536 1714 2586 τὸν

186 2619 336 2686 παρὰ
394 2618 525 2671 Θεοῦ
582 2619 780 2683 ταύτας
833 2621 1353 2690 ὲγχειρισθένταοδν
1384 2624 1476 2676 καὶ
1527 2624 1620 2675 νῦν
1647 2624 1713 2676 δι’

181 2707 316 2774 ἐμοῦ
355 2707 593 2771 πίστευε,
645 2710 744 2777 τῆς
772 2710 940 2779 αὐτῆς
967 2728 1024 2762 σε
1058 2712 1276 2781 χάριτος
1293 2712 1541 2776 ἀξιοῦντα
1563 2730 1578 2746 ο
1614 2714 1716 2768 ὦσ-

181 2812 242 2847 τε
267 2797 362 2848 ὅσα
387 2797 452 2849 ἂν
484 2797 650 2868 δήσῃς
672 2797 900 2871 ή-λύσῃς
935 2799 1026 2851 ἐπὶ
1049 2802 1144 2869 τῆς
1166 2801 1286 2867 γῆς,
1329 2800 1436 2855 tuo.
1460 2800 1716 2870 δεδεμένα

181 2885 353 2939 ταῦτα
381 2882 516 2940 εἶναι
543 2887 574 2954 ἢ
602 2878 864 2954 λέλυμένα
899 2890 991 2942 καὶ
1013 2890 1068 2941 ὲν
1095 2893 1202 2952 τοῖς
1231 2891 1716 2960 οὖρανοῖς.”Εγνως

185 2977 292 3047 ἄρα
323 2979 423 3029 κάν
452 2977 676 3038 τούτοις.
706 2979 807 3038 ὅτι,
830 2979 858 3030 ὀ
881 2979 998 3046 μὲν,
1030 2980 1127 3046 τὴν
1149 2977 1256 3032 τῶν
1286 2981 1516 3049 Γραφῶν
1544 2981 1721 3050 ἑρμη-

184 3067 334 3116 νείαν
361 3064 623 3134 εὔληπτον
644 3062 782 3119 εἶναι
813 3066 982 3136 αὐτῷ,
1012 3066 1106 3119 καὶ
1130 3066 1227 3136 τὴν
1257 3067 1458 3143 τούτων
1488 3069 1717 3136 ιπίγνω-

1805 647 1950 712 deat,
1983 650 2054 702 ita
2099 658 2154 703 et
2184 649 2373 704 audire
2406 663 2601 704 novum
2633 651 2898 716 videatur,
2932 651 3109 718 itaque
3138 664 3334 705 novum

1805 737 2055 804 quiddam
2088 747 2138 791 et
2175 739 2399 796 horrore
2423 739 2634 807 plenum
2665 739 2900 794 audisse.
2933 737 3193 793 Caeterum
3223 739 3339 790 ani-

1805 825 2244 879 madvertendum
2279 825 2420 894 quod
2458 826 2581 882 huic
2629 828 2925 883 narrationi
2966 841 3118 897 teque
3171 826 3330 881 mista

1805 925 1932 972 sunt
1969 920 2129 973 timor
2160 929 2213 973 et
2240 920 2441 974 laetitia.
2473 920 2586 976 Duo
2622 920 2837 990 quidam
2877 920 2972 974 viri
3003 920 3121 973 alba
3151 918 3331 973 amicti

1809 1017 1972 1072 veste,
2007 1018 2220 1078 aspectu
2279 1009 2552 1071 horriﬁco,
2604 1009 2701 1063 visi
2733 1017 2858 1064 sunt
2904 1009 2953 1064 ei
2984 1009 3050 1064 de
3077 1010 3216 1063 ctelo
3244 1008 3335 1061 de-

1805 1100 2079 1164 scendere,
2100 1099 2329 1168 huicque
2357 1101 2612 1168 praclaro
2635 1099 2900 1154 viro’dum
2928 1103 3108 1154 oraret
3128 1099 3184 1152 in
3209 1112 3337 1152 con-

1806 1197 2048 1257 spectum
2084 1189 2320 1255 venisse,
2345 1203 2570 1257 quorum
2601 1189 2735 1243 alter
2757 1189 3032 1254 volumen,
3063 1189 3200 1243 alter
3226 1187 3336 1242 cla-

1807 1292 1897 1333 ves
1929 1279 2178 1334 manibus
2200 1280 2477 1334 continere
2500 1278 2800 1333 videbatur.
2827 1279 3072 1349 Cumque
3102 1277 3338 1335 Joannes

1808 1369 1946 1422 hanc
1979 1383 2169 1422 novam
2204 1369 2437 1441 speciem
2465 1370 2774 1432 miraretur,
2814 1369 3008 1424 timore
3042 1383 3163 1424 esse
3215 1383 3340 1424 cor-

1809 1467 2016 1526 replum
2049 1473 2064 1511 :
2105 1458 2204 1511 hos
2242 1471 2368 1512 vero
2399 1458 2645 1514 manibus
2680 1458 3076 1528 apprehensum
3101 1459 3341 1514 erexisse

1809 1557 1863 1601 ct
1908 1556 2105 1603 metum
2157 1548 2498 1613 abstersisse,
2535 1550 2780 1618 bonoque
2837 1549 3018 1604 animo
3066 1564 3188 1604 eum
3223 1563 3342 1604 esse

1807 1637 2036 1706 iussisse
2066 1654 2101 1708 ;,
2123 1641 2458 1708 percontanti
2509 1641 2734 1710 quinam
2765 1647 2947 1696 essent
2980 1639 3017 1693 ii
3059 1637 3160 1695 viri
3194 1647 3338 1693 tanta

1820 1730 2026 1797 praediti
2060 1730 2252 1800 gloria,
2284 1730 2377 1798 qui
2404 1729 2658 1785 accedere
2686 1729 2753 1784 ad
2785 1745 2843 1785 se
2885 1729 3084 1798 dignati
3116 1740 3288 1782 essent
3324 1744 3339 1785 :

1810 1817 1884 1874 Ne
1901 1820 2112 1886 timeas,
2128 1833 2218 1874 eos
2243 1819 2462 1884 dixisse,
2483 1833 2580 1874 nos
2597 1819 2842 1874 venimus
2868 1833 2896 1872 a
2917 1818 3132 1872 Christo
3162 1815 3339 1869 missi.

1814 1912 2063 1968 Alterum
2075 1919 2261 1982 postea
2294 1910 2456 1966 manu
2481 1918 2734 1979 protensa
2757 1910 3006 1965 volumen
3038 1905 3340 1972 tradidisse,

1813 2003 2076 2058 dicentem
2119 2018 2136 2058 ε
2171 2003 2334 2057 Sume
2373 2002 2590 2067 librum,
2635 2016 2760 2056 nam
2810 2014 2908 2070 ego
2953 2014 3072 2055 sum
3112 1997 3344 2053 Joannes

1814 2094 1899 2147 cui
1931 2094 2189 2161 sapientia
2233 2091 2324 2146 Dei
2376 2101 2561 2162 pectus
2611 2091 2857 2156 tradidit,
2889 2091 2941 2144 in
2981 2089 3122 2159 quod
3155 2098 3209 2143 et
3257 2103 3344 2143 re—

1813 2184 2066 2238 cumbere
2113 2183 2303 2245 voluit,
2357 2197 2473 2249 quae
2509 2182 2725 2248 quidem
2761 2190 2812 2236 te
2860 2191 2914 2236 et
2967 2195 3059 2249 per
3127 2195 3227 2234 nos
3275 2179 3342 2233 ad

1816 2275 2124 2343 Scripturas
2179 2273 2578 2343 pernosceridas
2626 2272 2879 2328 idoneum
2935 2271 3138 2335 reddet,
3189 2277 3242 2323 et
3297 2280 3347 2323 te.

1815 2363 1966 2429 quasi
2000 2376 2159 2415 manu
2215 2359 2379 2419 ducet
2423 2361 2488 2413 ad
2517 2358 2655 2427 eius
2701 2359 3075 2429 cognitionem.
3109 2357 3345 2412 Alterum

1769 2468 1772 2471 κ
1814 2467 1937 2506 vero
1983 2464 2141 2504 manu
2182 2459 2443 2504 extensa:
2506 2450 2694 2514 Sume,
2743 2447 2966 2514 dixisse,
3001 2449 3098 2501 has
3146 2448 3345 2509 claves,

1817 2555 2005 2608 meque
2032 2538 2249 2594 Petrum
2273 2553 2392 2595 esse
2419 2540 2574 2607 scito,
2603 2540 2690 2595 cui
2716 2537 2859 2593 Deus
2881 2538 3058 2593 claves
3081 2537 3133 2592 iu
3160 2552 3347 2589 manus

1816 2628 2056 2695 tradidit,
2090 2642 2250 2698 quem
2291 2641 2453 2691 nunc,
2486 2641 2581 2696 per
2614 2641 2718 2691 me,
2745 2625 2905 2680 crede
2936 2633 2985 2678 te
3007 2623 3192 2678 eadem
3223 2637 3346 2691 gra-

1815 2719 1888 2772 tia
1919 2733 2026 2787 qua
2072 2733 2179 2781 me,
2229 2717 2545 2787 participem
2578 2715 2774 2771 facere.
2808 2716 2982 2779 Quare
3012 2725 3348 2781 quaecunque

1819 2807 2070 2874 ligaveris
2095 2808 2175 2860 vel
2215 2806 2439 2861 solveris
2468 2820 2626 2873 super
2659 2815 2876 2870 terram,
2904 2814 3064 2858 erunt
3106 2815 3169 2856 ea
3193 2801 3347 2870 ligata

1819 2897 1902 2952 vel
1935 2897 2111 2952 soluta
2135 2905 2188 2949 et
2210 2897 2265 2949 in
2293 2895 2466 2950 cmlis.
2496 2912 2514 2946 ι
2547 2893 2735 2948 Nonne
2761 2891 3120 2962 deprehendis
3150 2905 3212 2945 ex
3245 2891 3349 2950 his,

1819 2989 2060 3055 alterum,
2095 3001 2198 3041 una
2232 3001 2354 3042 cum
2391 2999 2611 3040 munere
2642 2984 2946 3053 Scripturas
2994 2980 3152 3036 facile
3182 2980 3351 3034 inter-

1821 3077 2088 3146 pretandi,
2121 3083 2176 3130 et
2213 3075 2408 3129 herum
2443 3073 2847 3143 intelligentiam
2871 3088 2902 3126 a
2927 3072 3112 3126 datore
3143 3071 3356 3140 sapien-

185 3171 270 3206 σιν
309 3157 455 3224 παρὰ
486 3157 576 3209 τοῦ
608 3159 706 3225 τῆς
740 3159 929 3226 σοφίας
952 3157 1188 3229 χορηγοῦ
1222 3159 1531 3229 ἐδωρήσατο
1556 3176 1570 3192 ⁸
1601 3163 1629 3214 ό
1664 3161 1718 3214 δὲ

1823 3165 1906 3219 tia:
1950 3158 2254 3234 adiunxisse
2283 3164 2307 3217 ἲ
2337 3164 2565 3218 alterum
2603 3177 2728 3218 vero
2775 3176 2881 3216 una
2930 3176 3052 3217 cum
3101 3160 3352 3214 facultate

189 3249 287 3300 σὺν
320 3246 395 3317 τῷ
425 3247 568 3300 λύειν
593 3249 686 3303 καὶ
717 3250 954 3319 δεσμεῖν,
989 3251 1080 3304 καὶ
1115 3249 1191 3321 τῷ
1220 3252 1418 3316 γνῶναι
1445 3252 1540 3306 καὶ
1567 3249 1719 3304 εὐσεο

188 3339 299 3398 εῶς
330 3342 598 3390 πιστεύειν
635 3337 842 3416 Ἰησοῦν
887 3339 1120 3407 Χριστὸν
1167 3341 1260 3395 τὸν
1312 3342 1438 3395 Υίὺν
1466 3343 1558 3396 τοῦ
1589 3343 1720 3395 Θεοῦ

188 3429 257 3479 δι’
310 3428 468 3507 αὑτοῦ
501 3428 844 3495 ὲγκελεύεται
869 3447 884 3462 ·
921 3431 1166 3499 πείσθητι
1222 3431 1426 3497 λοιπόν,
1467 3433 1548 3486 δτι
1595 3432 1721 3486 ἄνευ

187 3519 289 3587 τῆς
334 3519 425 3571 τοῦ
489 3520 692 3588 Πέτρου
727 3520 1000 3588 ὑποταγῆς
1049 3521 1286 3590 σωθῆναι
1337 3507 1590 3594 ούδύνῃ,
1631 3523 1724 3576 καὶ

187 3608 436 3668 εἰκότωςο
467 3610 668 3670 ἐκεῖνος
716 3612 818 3676 γάρ
853 3612 998 3662 ἐστιν
1030 3612 1061 3677 ή
1108 3611 1246 3677 θύρα
1284 3613 1382 3675 τῆς
1423 3614 1721 3678 σωτηρταςο

184 3700 215 3749 ὁ
265 3697 337 3765 μὴ
387 3693 759 3766 εἰσερχόμενος
797 3697 863 3750 δι’
911 3699 1073 3749 αὐτοῦ
1129 3699 1207 3760 εἰς
1236 3699 1332 3766 τὴν
1362 3700 1460 3767 τῆς
1492 3701 1721 3762 πίστεως

186 3788 497 3852 ἐπίγνωσιν,
521 3789 816 3848 τουτέστιν,
863 3787 948 3839 ἵνα
1003 3786 1243 3858 γινώσκῃ
1292 3788 1452 3841 αὑτὸν
1485 3803 1720 3855 τοποτη-
1754 3815 1759 3820 ι

187 3877 358 3946 ρητὴν
383 3876 474 3928 τοῦ
519 3876 774 3943 Χριστοῦ,
802 3878 862 3928 οὗ
904 3876 1126 3930 δύναται
1172 3877 1348 3947 εὑρεῖν
1382 3895 1510 3930 ποτε
1546 3894 1723 3946 σωτη-

188 3970 329 4034 ρῖαν.
364 3967 571 4034 ’Ὠσπερ
603 3968 710 4036 γάρ
741 3983 902 4037 φησιν
933 3967 961 4018 ὁ
1007 3968 1260 4036 Χριστὸς,
1301 3986 1320 4019 ι
1362 3968 1507 4034 Ἐγώ
1548 3950 1660 4037 εἰμι
1691 3972 1723 4039 ή

185 4061 353 4126 θύρα,
379 4061 405 4111 ό
435 4059 507 4127 μή
537 4059 908 4126 εἰσερχόμενος
939 4059 1023 4110 διὰ
1056 4060 1152 4126 τῆς
1181 4050 1373 4127 θύρας,
1402 4059 1534 4112 ἀλλὰ
1562 4060 1724 4112 ἀλλα-

184 4148 340 4218 χόθεν
361 4147 675 4208 ἀναϐαίνων,
705 4149 906 4208 ἐκεῖνος
931 4147 1166 4214 κλέπτης
1187 4149 1302 4199 ἐστὶ
1328 4149 1419 4200 καὶ
1433 4148 1632 4218 λῃστής
1655 4165 1668 4179 ·
1701 4168 1718 4198 ι

184 4237 334 4290 οὕτω
367 4235 459 4288 καὶ
493 4237 518 4287 ό
546 4235 782 4302 διάδοχος
820 4234 983 4286 αὐτοῦ
1020 4235 1220 4304 Πέτρος
1258 4235 1420 4302 φησίν
1442 4251 1456 4266 ο
1492 4255 1510 4285 ‹
1556 4236 1615 4287 '0
1653 4237 1725 4304 μὴ

187 4322 458 4376 πιστεύων
500 4322 568 4373 δι’
600 4321 756 4392 ἐμοῦ-ἢ
778 4321 870 4373 τὸν
902 4321 1026 4372 Υῐδν
1058 4323 1148 4374 τοῦ
1178 4321 1408 4390 ἀοράτου
1461 4323 1594 4376 Θεοῦ
1634 4329 1726 4376 καὶ

186 4412 400 4481 Πατρδς
429 4411 749 4477 γεννηθέντα
799 4413 976 4481 σαρκὶ,
1034 4411 1124 4464 καὶ
1159 4412 1415 4476 παθόντα,
1449 4412 1542 4465 καὶ
1591 4416 1723 4466 ἁναο

1823 3253 2060 3309 solvendi
2105 3263 2158 3306 et
2217 3252 2413 3319 ligandi
2447 3262 2500 3306 et
2547 3249 2902 3318 intelligendi,
2937 3247 3259 3315 iniunxisse,
3298 3256 3352 3301 et

1821 3340 1906 3408 pie
1935 3339 1988 3392 in
2014 3337 2194 3393 Jesum
2225 3336 2498 3393 Christum
2528 3336 2617 3391 Dei
2646 3336 2841 3392 Filium
2867 3323 2959 3402 per
2976 3351 3097 3390 eum
3123 3337 3351 3404 creden-

1823 3430 1875 3486 di
1903 3429 2158 3485 ?Credite
2184 3429 2237 3483 in
2273 3438 2555 3499 posterum
2580 3429 2718 3498 quod
2753 3430 2870 3483 sine
2899 3427 3198 3483 obedientia
3229 3441 3355 3492 erga

1822 3520 2038 3575 Petrum
2069 3519 2264 3572 salvari
2296 3535 2398 3572 non
2435 3521 2678 3588 potestis.
2713 3517 2776 3570 Et
2795 3519 2917 3585 jure
2946 3516 3182 3587 quidem.
3218 3514 3350 3567 Nam

1824 3610 1868 3660 is
1898 3617 1978 3662 est
2011 3617 2159 3677 porta
2211 3609 2420 3661 salutis.
2454 3606 2554 3671 Qui
2602 3621 2697 3674 per
2734 3621 2855 3659 eum
2903 3606 2955 3658 in
2989 3605 3350 3672 cognitionem

1824 3698 1939 3751 ﬁdei
1971 3712 2076 3750 non
2116 3696 2430 3764 ingreditur,
2463 3696 2514 3748 id
2543 3704 2645 3758 est,
2683 3701 2741 3748 ut
2780 3709 2901 3749 eum
2953 3702 3209 3760 agnoscat
3234 3709 3355 3766 esse

1821 3787 2016 3842 Christi
2044 3787 2324 3848 vicarium,
2365 3800 2466 3839 nou
2494 3787 2690 3854 poterit
2720 3799 2951 3854 unquam
2979 3785 3201 3839 salutem
3224 3799 3359 3838 eon-

1823 3878 1995 3944 sequi.
2017 3876 2169 3936 Nam.
2194 3885 2250 3929 ut
2273 3876 2514 3930 Christus
2538 3875 2732 3944 inquit,
2760 3892 2778 3925 ι
2823 3875 2928 3941 Ego
2960 3889 3077 3929 sum
3113 3868 3309 3929 hstium
3337 3891 3352 3942 ;

1823 3969 1912 4038 qui
1959 3983 2061 4021 non
2115 3967 2276 4022 intrat
2305 3981 2396 4033 per
2429 3966 2649 4029 ostium,
2679 3965 2772 4020 sed
2813 3965 3027 4020 aliunde
3073 3979 3351 4018 ascensum

1824 4071 1992 4128 parat,
2025 4060 2109 4112 fur
2146 4069 2227 4112 ea
2250 4068 2304 4111 et
2330 4058 2466 4112 latro
2491 4057 2539 4104 μ
2568 4074 2583 4124 ;
2616 4076 2634 4109 ι
2677 4058 2746 4112 ita
2779 4066 2830 4112 et
2861 4055 3051 4111 Petrus
3077 4057 3194 4125 ejus
3230 4071 3358 4109 sur-

1824 4166 2005 4205 cessor
2033 4150 2160 4202 dicit
2189 4135 2206 4200 ἐ
2240 4166 2258 4198 r
2284 4148 2382 4211 Qui
2415 4163 2517 4199 non
2541 4148 2815 4214 creditper
2841 4162 2923 4200 me
2953 4146 3145 4200 Filium
3173 4147 3358 4199 invisi-

1826 4241 1945 4293 bilis
1987 4239 2075 4292 Dei
2106 4247 2158 4290 ct
2187 4237 2356 4291 Patris
2381 4237 2436 4313 in
2467 4250 2629 4290 carne
2659 4235 2919 4303 genitum,
2945 4235 3036 4303 qui
3067 4247 3254 4302 passus
3279 4243 3362 4285 est

1824 4337 1876 4381 et
1913 4328 2224 4386 resurrexit,
2263 4335 2317 4377 et
2369 4335 2560 4379 caetera
2598 4317 3020 4394 dispensationis
3068 4324 3346 4392 mysteria.

1833 4418 1915 4469 hic
1949 4400 2233 4469 haereticus
2263 4423 2342 4467 est
2369 4424 2421 4466 et
2451 4415 2648 4468 salvari
2683 4414 2827 4466 nullo
2856 4427 3090 4484 unquam
3124 4423 3361 4483 tempere

188 4503 413 4563 στάντα,
449 4501 540 4552 καὶ
574 4498 736 4552 τᾶλλα
764 4499 858 4568 τῆς
889 4498 1199 4567 οἰκονομίας
1247 4502 1539 4570 μυστήρια,
1578 4498 1719 4562 οὗτος

1832 4505 2046 4574 poterit.
2083 4520 2101 4552 ι
2140 4501 2261 4558 llaec
2291 4501 2457 4572 igitur
2486 4503 2549 4556 et
2564 4499 2689 4554 talia
2726 4509 2989 4564 tenentes,
3017 4513 3244 4569 quorum
3277 4516 3362 4551 re-

187 4591 460 4660 αίρετικός
501 4591 634 4656 ἔστι,
681 4591 775 4642 καὶ
819 4589 1055 4658 σωθῆναι
1103 4588 1353 4642 οὐδέποτε
1380 4590 1724 4659 δυνήσεται.»

187 4685 374 4738 Ταῦτα
397 4683 573 4735 τοίνυν
599 4683 690 4735 καὶ
722 4681 854 4733 ἄλλα
887 4680 923 4734 a
954 4680 1166 4750 πλήρης
1187 4681 1333 4733 πᾶσα
1355 4678 1459 4732 τῶν
1483 4679 1731 4734 διδασκάι

184 4780 300 4826 λων
331 4774 514 4842 γραφή
568 4771 800 4842 ἔχοντες,
835 4772 900 4840 τῇ
945 4767 1240 4838 Ἐκκλησία
1297 4768 1728 4837 ὑποτασσώμεθα

188 4867 287 4917 καὶ
334 4865 390 4914 εν
423 4861 555 4928 αὐτῇ
587 4860 854 4930 μένωμεν,
902 4859 993 4911 καὶ
1045 4858 1106 4909 ὲν
1153 4860 1219 4928 τῇ
1257 4857 1502 4931 ύποταγῇ
1561 4858 1730 4925 αὐτῆς

188 4949 476 5018 εὐχώμεθα
509 4947 775 5016 διαμεῖναι
818 4947 898 5007 είς
927 4944 1218 4998 τδναίῶνα
1250 4945 1340 4996 τὸν
1373 4944 1604 5006 ἅπαντα,
1642 4944 1728 4996 ἴνα

188 5039 353 5092 ἵλεων
381 5039 469 5091 τδν
519 5038 715 5106 Κύριον
745 5035 991 5104 εὕρωμεν
1020 5036 1079 5086 εν
1123 5036 1188 5102 τῇ
1221 5035 1401 5104 ἡμέρᾳ
1429 5035 1492 5101 τῇ
1525 5024 1731 5100 φοϐερᾷ

188 5127 291 5195 τῆς
317 5127 736 5186 ὰνταποδόσεως.
767 5123 1000 5186 Γένοιτο,
1028 5122 1260 5190 γένοιτο.

916 5215 1010 5269 ΙΘθ.

801 5307 1122 5375 Ἑπίλογος.

271 5399 407 5466 Ἤδη
458 5397 592 5450 κατὰ
663 5397 885 5451 δυνατὸν
943 5398 1042 5468 τὴν
1107 5396 1380 5468 ἡμετέραν
1437 5394 1728 5464 ὑπόσχεσιν

193 5489 612 5560 ἑπληρὼσαμεν,
646 5474 1252 5564 ὑπεραπολογησάμενοι
1296 5484 1403 5539 τῶν
1435 5488 1489 5538 ἐν
1513 5485 1588 5554 τῷ
1617 5487 1727 5555 ὅρῳ

195 5585 296 5652 τῆς
329 5583 382 5632 ὲν
411 5577 715 5647 Φλωρεντίᾳ
741 5579 951 5632 συνόδου
981 5582 1136 5632 πέντε
1163 5577 1397 5646 ἄρθρων.
1421 5567 1732 5643 Είρὴκαμεν

199 5675 256 5725 δὲ
284 5669 472 5726 ταῦτα,
505 5668 613 5721 ἀπὺ
651 5667 762 5719 τῶν
787 5668 977 5720 κοινῶν
1001 5667 1256 5738 Πατέρων
1285 5665 1375 5718 καὶ
1409 5663 1734 5726 διδασκάλων

201 5759 456 5819 λαϐόντες
481 5742 749 5825 ἀφορμὰς,
783 5755 875 5820 οὓς
902 5759 935 5827 ή
970 5757 1257 5827 Ἐκκλησία
1288 5753 1498 5820 δοξάζει
1528 5752 1734 5821 ἁγίους,

269 5872 314 5904 ⁸⁵
339 5869 488 5928 Joan.
517 5885 564 5932 ς,
583 5870 642 5924 ‘l.

1832 4593 1978 4648 ferta:
2025 4603 2149 4647 sunt
2177 4606 2367 4646 omnes
2418 4592 2699 4645 doctorum
2753 4589 3053 4658 scriptum,
3114 4587 3363 4642 Ecclesiae

1831 4685 2156 4753 subjicimur
2186 4682 2240 4736 in
2271 4696 2440 4750 eaque
2467 4683 2863 4752 permanemus,
2899 4689 2951 4734 et
2983 4679 3037 4733 in
3059 4678 3362 4733 obedientia

1827 4775 1946 4848 ejus
1991 4773 2275 4842 persistere
2329 4774 2381 4827 iu
2415 4772 2594 4826 omnia
2654 4773 2846 4826 secula
2895 4768 3245 4839 deprecamur
3306 4779 3364 4821 ut

1830 4864 2120 4933 prepitinm
2151 4861 2316 4915 Deum
2365 4863 2744 4916 naneiscamur
2777 4860 2830 4913 in
2858 4859 3131 4914 tremenda
3163 4859 3247 4914 die
3282 4872 3366 4913 re-

1837 4945 2160 5029 tributionis.
2212 4950 2350 5018 Fiat,
2394 4951 2498 5007 ﬂat.
2883 4949 2886 4951 “

2519 5211 2658 5266 ΜΧ.

2449 5301 2715 5371 Epilogus.

1901 5391 2018 5450 Jam
2073 5399 2248 5467 quoad
2284 5396 2400 5466 ejus
2450 5393 2565 5449 ﬁeri
2607 5392 2781 5462 potuit
2824 5393 3170 5462 pmstitimus
3219 5396 3368 5464 quod

1834 5486 2054 5553 polliciti
2107 5497 2309 5548 sumus,
2345 5483 2502 5538 allata
2581 5482 2645 5535 ad
2704 5481 2940 5549 quinque
2991 5481 3247 5537 articulos
3277 5498 3370 5537 re-

1842 5574 2151 5641 sponsione,
2188 5571 2276 5642 qui
2310 5571 2360 5625 in
2396 5573 2610 5626 decreto
2639 5569 2963 5625 Florentium
3007 5571 3197 5641 synodi
3228 5587 3365 5627 con-

1841 5664 2101 5718 tinentur.
2141 5660 2576 5733 Conscripsimus
2623 5675 2749 5714 vero
2782 5661 2892 5715 haec
2937 5675 2965 5715 a
2991 5665 3367 5720 communibus

1842 5753 2092 5810 Patril’ms
2140 5769 2202 5808 ac
2261 5752 2566 5808 doctoribus
2617 5750 2892 5818 desumpta
2949 5755 3193 5820 materia,
3226 5769 3364 5826 quos
