  <div class='ocr_page' id='page_1' title='image "/cluster/home/n/w/nwhite01/storage/ocr_20150623/159/njp.32101077773248/015.png"; bbox 0 0 1934 3074; ppageno 0'>
   <div class='ocr_carea' id='block_1_1' title="bbox 142 124 1764 159">
    <p class='ocr_par' dir='ltr' id='par_1_1' title="bbox 142 124 1764 159">
     <span class='ocr_line' id='line_1_1' title="bbox 142 124 1764 159; baseline 0.001 -4"><span class='ocrx_word' id='word_1_1' title='bbox 142 127 178 156; x_wconf 74' lang='lat'><strong>2&#39;)</strong></span> <span class='ocrx_word' id='word_1_2' title='bbox 700 128 852 158; x_wconf 77' lang='lat' dir='ltr'><strong>LAONlCI</strong></span> <span class='ocrx_word' id='word_1_3' title='bbox 872 127 1168 159; x_wconf 66' lang='lat' dir='ltr'><strong>CHALCOCONDYL</strong></span> <span class='ocrx_word' id='word_1_4' title='bbox 1175 128 1205 158; x_wconf 78' lang='grc' dir='ltr'><strong>ιΕ</strong></span> <span class='ocrx_word' id='word_1_5' title='bbox 1724 124 1764 157; x_wconf 58' lang='grc'><strong>24·</strong></span> 
     </span>
    </p>
   </div>
   <div class='ocr_carea' id='block_1_2' title="bbox 143 181 925 220">
    <p class='ocr_par' dir='ltr' id='par_1_2' title="bbox 143 181 920 218">
     <span class='ocr_line' id='line_1_2' title="bbox 143 181 920 218; baseline 0.004 -11"><span class='ocrx_word' id='word_1_6' title='bbox 143 182 214 207; x_wconf 84' lang='lat' dir='ltr'><strong>rium</strong></span> <span class='ocrx_word' id='word_1_7' title='bbox 245 181 511 215; x_wconf 86' lang='lat' dir='ltr'><strong>acciperent,brevi</strong></span> <span class='ocrx_word' id='word_1_8' title='bbox 541 182 599 210; x_wconf 86' lang='lat' dir='ltr'><strong>suis</strong></span> <span class='ocrx_word' id='word_1_9' title='bbox 626 183 807 210; x_wconf 80' lang='lat' dir='ltr'><strong>maximarum</strong></span> <span class='ocrx_word' id='word_1_10' title='bbox 838 191 920 218; x_wconf 91' lang='lat' dir='ltr'><strong>opum</strong></span> 
     </span>
    </p>
   </div>
   <div class='ocr_carea' id='block_1_3' title="bbox 977 181 1759 220">
    <p class='ocr_par' dir='ltr' id='par_1_3' title="bbox 977 183 1759 220">
     <span class='ocr_line' id='line_1_3' title="bbox 977 183 1759 220; baseline 0 -9"><span class='ocrx_word' id='word_1_11' title='bbox 977 185 1102 216; x_wconf 75' lang='grc' dir='ltr'>λαϐόντα,</span> <span class='ocrx_word' id='word_1_12' title='bbox 1121 185 1167 211; x_wconf 73' lang='grc' dir='ltr'>ἐπὶ</span> <span class='ocrx_word' id='word_1_13' title='bbox 1187 185 1236 218; x_wconf 77' lang='grc' dir='ltr'>τῆς</span> <span class='ocrx_word' id='word_1_14' title='bbox 1250 184 1337 219; x_wconf 82' lang='grc' dir='ltr'>ταύτῃ</span> <span class='ocrx_word' id='word_1_15' title='bbox 1352 183 1452 218; x_wconf 73' lang='grc' dir='ltr'>ὁμόρου</span> <span class='ocrx_word' id='word_1_16' title='bbox 1466 183 1559 219; x_wconf 82' lang='grc' dir='ltr'>χώρας</span> <span class='ocrx_word' id='word_1_17' title='bbox 1579 185 1759 220; x_wconf 73' lang='grc' dir='ltr'><strong>καταστροφῇ</strong></span> 
     </span>
    </p>
   </div>
   <div class='ocr_carea' id='block_1_4' title="bbox 141 227 923 263">
    <p class='ocr_par' dir='ltr' id='par_1_4' title="bbox 141 227 923 263">
     <span class='ocr_line' id='line_1_4' title="bbox 141 227 923 263; baseline 0.004 -10"><span class='ocrx_word' id='word_1_18' title='bbox 141 231 237 254; x_wconf 81' lang='lat' dir='ltr'><strong>auctor</strong></span> <span class='ocrx_word' id='word_1_19' title='bbox 258 227 319 254; x_wconf 85' lang='lat' dir='ltr'><strong>fuit.</strong></span> <span class='ocrx_word' id='word_1_20' title='bbox 346 227 448 254; x_wconf 80' lang='lat' dir='ltr'><strong>Deinde</strong></span> <span class='ocrx_word' id='word_1_21' title='bbox 476 236 537 255; x_wconf 91' lang='lat' dir='ltr'><strong>cum</strong></span> <span class='ocrx_word' id='word_1_22' title='bbox 552 227 675 263; x_wconf 77' lang='lat' dir='ltr'><strong>quotidie</strong></span> <span class='ocrx_word' id='word_1_23' title='bbox 698 227 834 255; x_wconf 81' lang='lat' dir='ltr'><strong>Nomades</strong></span> <span class='ocrx_word' id='word_1_24' title='bbox 863 230 923 263; x_wconf 87' lang='lat' dir='ltr'><strong>plu-</strong></span> 
     </span>
    </p>
   </div>
   <div class='ocr_carea' id='block_1_5' title="bbox 140 273 922 307">
    <p class='ocr_par' dir='ltr' id='par_1_5' title="bbox 140 273 922 307">
     <span class='ocr_line' id='line_1_5' title="bbox 140 273 922 307; baseline 0.003 -8"><span class='ocrx_word' id='word_1_25' title='bbox 140 273 203 300; x_wconf 88' lang='lat' dir='ltr'><strong>rimi</strong></span> <span class='ocrx_word' id='word_1_26' title='bbox 217 273 251 300; x_wconf 86' lang='lat' dir='ltr'><strong>ad</strong></span> <span class='ocrx_word' id='word_1_27' title='bbox 265 274 355 307; x_wconf 82' lang='lat' dir='ltr'><strong>ipsum</strong></span> <span class='ocrx_word' id='word_1_28' title='bbox 383 273 564 305; x_wconf 83' lang='lat' dir='ltr'><strong>conﬂuerent.</strong></span> <span class='ocrx_word' id='word_1_29' title='bbox 591 279 618 301; x_wconf 90' lang='lat' dir='ltr'><strong>et</strong></span> <span class='ocrx_word' id='word_1_30' title='bbox 632 274 660 301; x_wconf 91' lang='lat' dir='ltr'><strong>in</strong></span> <span class='ocrx_word' id='word_1_31' title='bbox 687 274 748 300; x_wconf 87' lang='lat' dir='ltr'><strong>belli</strong></span> <span class='ocrx_word' id='word_1_32' title='bbox 765 275 922 302; x_wconf 71' lang='lat' dir='ltr'><strong>societatem</strong></span> 
     </span>
    </p>
   </div>
   <div class='ocr_carea' id='block_1_6' title="bbox 141 314 922 352">
    <p class='ocr_par' dir='ltr' id='par_1_6' title="bbox 141 314 922 352">
     <span class='ocr_line' id='line_1_6' title="bbox 141 314 922 352; baseline 0.003 -7"><span class='ocrx_word' id='word_1_33' title='bbox 141 314 274 346; x_wconf 75' lang='lat' dir='ltr'><strong>adversus</strong></span> <span class='ocrx_word' id='word_1_34' title='bbox 301 320 434 348; x_wconf 80' lang='lat' dir='ltr'><strong>ﬁnitimos</strong></span> <span class='ocrx_word' id='word_1_35' title='bbox 456 321 678 352; x_wconf 86' lang='lat' dir='ltr'><strong>admitterentur,</strong></span> <span class='ocrx_word' id='word_1_36' title='bbox 695 321 805 348; x_wconf 85' lang='lat' dir='ltr'><strong>tandem</strong></span> <span class='ocrx_word' id='word_1_37' title='bbox 824 322 922 348; x_wconf 89' lang='lat' dir='ltr'><strong>mirum</strong></span> 
     </span>
    </p>
   </div>
   <div class='ocr_carea' id='block_1_7' title="bbox 141 365 925 400">
    <p class='ocr_par' dir='ltr' id='par_1_7' title="bbox 141 365 925 400">
     <span class='ocr_line' id='line_1_7' title="bbox 141 365 925 400; baseline 0.004 -10"><span class='ocrx_word' id='word_1_38' title='bbox 141 365 168 391; x_wconf 92' lang='lat' dir='ltr'><strong>in</strong></span> <span class='ocrx_word' id='word_1_39' title='bbox 185 365 293 392; x_wconf 87' lang='lat' dir='ltr'><strong>modum</strong></span> <span class='ocrx_word' id='word_1_40' title='bbox 307 366 413 400; x_wconf 89' lang='lat' dir='ltr'><strong>imperii</strong></span> <span class='ocrx_word' id='word_1_41' title='bbox 436 366 478 393; x_wconf 87' lang='lat' dir='ltr'><strong>sui</strong></span> <span class='ocrx_word' id='word_1_42' title='bbox 499 367 631 400; x_wconf 65' lang='lat' dir='ltr'><strong>pommria</strong></span> <span class='ocrx_word' id='word_1_43' title='bbox 642 372 845 400; x_wconf 89' lang='lat' dir='ltr'><strong>promovernnt.</strong></span> <span class='ocrx_word' id='word_1_44' title='bbox 859 366 925 393; x_wconf 88' lang='lat' dir='ltr'><strong>Pro—</strong></span> 
     </span>
    </p>
   </div>
   <div class='ocr_carea' id='block_1_8' title="bbox 141 412 924 446">
    <p class='ocr_par' dir='ltr' id='par_1_8' title="bbox 141 412 924 446">
     <span class='ocr_line' id='line_1_8' title="bbox 141 412 924 446; baseline 0.005 -10"><span class='ocrx_word' id='word_1_45' title='bbox 141 415 203 445; x_wconf 81' lang='lat' dir='ltr'><strong>pter</strong></span> <span class='ocrx_word' id='word_1_46' title='bbox 223 420 266 439; x_wconf 80' lang='lat' dir='ltr'><strong>res</strong></span> <span class='ocrx_word' id='word_1_47' title='bbox 285 412 394 439; x_wconf 64' lang='lat' dir='ltr'><strong>fortiter</strong></span> <span class='ocrx_word' id='word_1_48' title='bbox 407 418 497 446; x_wconf 76' lang='lat' dir='ltr'><strong>gestas</strong></span> <span class='ocrx_word' id='word_1_49' title='bbox 512 414 594 440; x_wconf 83' lang='lat' dir='ltr'><strong>etiam</strong></span> <span class='ocrx_word' id='word_1_50' title='bbox 617 413 739 439; x_wconf 69' lang='lat' dir='ltr'><strong>Aladium</strong></span> <span class='ocrx_word' id='word_1_51' title='bbox 752 413 852 440; x_wconf 84' lang='lat' dir='ltr'><strong>charus</strong></span> <span class='ocrx_word' id='word_1_52' title='bbox 878 420 924 440; x_wconf 86' lang='lat' dir='ltr'><strong>ac-</strong></span> 
     </span>
    </p>
   </div>
   <div class='ocr_carea' id='block_1_9' title="bbox 141 458 923 493">
    <p class='ocr_par' dir='ltr' id='par_1_9' title="bbox 141 458 923 493">
     <span class='ocr_line' id='line_1_9' title="bbox 141 458 923 493; baseline 0.004 -11"><span class='ocrx_word' id='word_1_53' title='bbox 141 463 295 492; x_wconf 81' lang='lat' dir='ltr'><strong>ceptusque</strong></span> <span class='ocrx_word' id='word_1_54' title='bbox 314 464 383 485; x_wconf 81' lang='lat' dir='ltr'><strong>erat.</strong></span> <span class='ocrx_word' id='word_1_55' title='bbox 409 458 535 493; x_wconf 90' lang='lat' dir='ltr'><strong>Suntqui</strong></span> <span class='ocrx_word' id='word_1_56' title='bbox 562 459 713 486; x_wconf 80' lang='lat' dir='ltr'><strong>litterarum</strong></span> <span class='ocrx_word' id='word_1_57' title='bbox 739 458 923 485; x_wconf 76' lang='lat' dir='ltr'><strong>monumentis</strong></span> 
     </span>
    </p>
   </div>
   <div class='ocr_carea' id='block_1_10' title="bbox 142 503 923 539">
    <p class='ocr_par' dir='ltr' id='par_1_10' title="bbox 142 503 923 539">
     <span class='ocr_line' id='line_1_10' title="bbox 142 503 923 539; baseline 0.004 -10"><span class='ocrx_word' id='word_1_58' title='bbox 142 503 273 538; x_wconf 76' lang='lat' dir='ltr'><strong>scripturn</strong></span> <span class='ocrx_word' id='word_1_59' title='bbox 303 505 447 539; x_wconf 77' lang='lat' dir='ltr'><strong>reliquere,</strong></span> <span class='ocrx_word' id='word_1_60' title='bbox 469 505 633 539; x_wconf 68' lang='lat' dir='ltr'><strong>Ogusiorum</strong></span> <span class='ocrx_word' id='word_1_61' title='bbox 665 505 766 531; x_wconf 80' lang='lat' dir='ltr'><strong>tribum</strong></span> <span class='ocrx_word' id='word_1_62' title='bbox 792 504 923 538; x_wconf 76' lang='lat' dir='ltr'><strong>auspiciis</strong></span> 
     </span>
    </p>
   </div>
   <div class='ocr_carea' id='block_1_11' title="bbox 140 549 923 585">
    <p class='ocr_par' dir='ltr' id='par_1_11' title="bbox 140 549 923 585">
     <span class='ocr_line' id='line_1_11' title="bbox 140 549 923 585; baseline 0.001 -9"><span class='ocrx_word' id='word_1_63' title='bbox 140 549 281 583; x_wconf 80' lang='lat' dir='ltr'><strong>ductuque</strong></span> <span class='ocrx_word' id='word_1_64' title='bbox 297 551 457 585; x_wconf 72' lang='lat' dir='ltr'><strong>Orthogulis</strong></span> <span class='ocrx_word' id='word_1_65' title='bbox 480 552 538 579; x_wconf 84' lang='lat' dir='ltr'><strong>loca</strong></span> <span class='ocrx_word' id='word_1_66' title='bbox 565 552 642 585; x_wconf 80' lang='lat' dir='ltr'><strong>juxta</strong></span> <span class='ocrx_word' id='word_1_67' title='bbox 666 551 786 578; x_wconf 83' lang='lat' dir='ltr'><strong>Taurum</strong></span> <span class='ocrx_word' id='word_1_68' title='bbox 821 551 923 578; x_wconf 82' lang='lat' dir='ltr'><strong>munita</strong></span> 
     </span>
    </p>
   </div>
   <div class='ocr_carea' id='block_1_12' title="bbox 979 229 1763 266">
    <p class='ocr_par' dir='ltr' id='par_1_12' title="bbox 979 229 1763 266">
     <span class='ocr_line' id='line_1_12' title="bbox 979 229 1763 266; baseline 0 -9"><span class='ocrx_word' id='word_1_69' title='bbox 979 231 1101 257; x_wconf 69' lang='grc' dir='ltr'>ἐντεῦθεν</span> <span class='ocrx_word' id='word_1_70' title='bbox 1113 231 1270 266; x_wconf 78' lang='grc' dir='ltr'><strong>ὡρμῆσθαι,</strong></span> <span class='ocrx_word' id='word_1_71' title='bbox 1281 231 1327 256; x_wconf 75' lang='grc' dir='ltr'>καὶ</span> <span class='ocrx_word' id='word_1_72' title='bbox 1338 230 1400 261; x_wconf 82' lang='grc' dir='ltr'>τούς</span> <span class='ocrx_word' id='word_1_73' title='bbox 1413 238 1444 263; x_wconf 83' lang='grc' dir='ltr'><strong>γε</strong></span> <span class='ocrx_word' id='word_1_74' title='bbox 1462 229 1596 265; x_wconf 79' lang='grc' dir='ltr'><strong>Ἐλλήνων</strong></span> <span class='ocrx_word' id='word_1_75' title='bbox 1606 230 1763 265; x_wconf 74' lang='grc' dir='ltr'><strong>περιοίκους</strong></span> 
     </span>
    </p>
   </div>
   <div class='ocr_carea' id='block_1_13' title="bbox 979 275 1763 311">
    <p class='ocr_par' dir='ltr' id='par_1_13' title="bbox 979 275 1763 311">
     <span class='ocr_line' id='line_1_13' title="bbox 979 275 1763 311; baseline 0 -8"><span class='ocrx_word' id='word_1_76' title='bbox 979 277 1067 310; x_wconf 65' lang='grc' dir='ltr'>ἐγειν,</span> <span class='ocrx_word' id='word_1_77' title='bbox 1088 277 1134 303; x_wconf 78' lang='grc' dir='ltr'>καὶ</span> <span class='ocrx_word' id='word_1_78' title='bbox 1159 276 1206 302; x_wconf 73' lang='grc' dir='ltr'><strong>ἐπὶ</strong></span> <span class='ocrx_word' id='word_1_79' title='bbox 1231 275 1303 310; x_wconf 79' lang='grc' dir='ltr'>μέγα</span> <span class='ocrx_word' id='word_1_80' title='bbox 1320 276 1445 310; x_wconf 84' lang='grc' dir='ltr'>χωρῆσαι</span> <span class='ocrx_word' id='word_1_81' title='bbox 1468 275 1620 309; x_wconf 83' lang='grc' dir='ltr'>δυνάμεως.</span> <span class='ocrx_word' id='word_1_82' title='bbox 1645 276 1689 306; x_wconf 80' lang='grc' dir='ltr'>Ὧς</span> <span class='ocrx_word' id='word_1_83' title='bbox 1713 276 1763 311; x_wconf 68' lang='grc' dir='ltr'>μὲν</span> 
     </span>
    </p>
   </div>
   <div class='ocr_carea' id='block_1_14' title="bbox 978 319 1763 356">
    <p class='ocr_par' dir='ltr' id='par_1_14' title="bbox 978 319 1763 356">
     <span class='ocr_line' id='line_1_14' title="bbox 978 319 1763 356; baseline -0.003 -9"><span class='ocrx_word' id='word_1_84' title='bbox 978 320 1024 347; x_wconf 79' lang='grc' dir='ltr'>οὖν</span> <span class='ocrx_word' id='word_1_85' title='bbox 1045 321 1131 356; x_wconf 81' lang='grc' dir='ltr'>ἀρχὴν</span> <span class='ocrx_word' id='word_1_86' title='bbox 1145 320 1207 355; x_wconf 75' lang='grc' dir='ltr'>ἔσχε</span> <span class='ocrx_word' id='word_1_87' title='bbox 1224 320 1330 351; x_wconf 77' lang='grc' dir='ltr'><strong>τούτοις</strong></span> <span class='ocrx_word' id='word_1_88' title='bbox 1344 319 1378 346; x_wconf 76' lang='grc' dir='ltr'><strong>τὰ</strong></span> <span class='ocrx_word' id='word_1_89' title='bbox 1391 319 1555 354; x_wconf 73' lang='grc' dir='ltr'>πράγματα,</span> <span class='ocrx_word' id='word_1_90' title='bbox 1567 319 1614 346; x_wconf 70' lang='grc' dir='ltr'>καὶ</span> <span class='ocrx_word' id='word_1_91' title='bbox 1627 320 1665 350; x_wconf 84' lang='grc' dir='ltr'>ὡς</span> <span class='ocrx_word' id='word_1_92' title='bbox 1676 319 1763 355; x_wconf 77' lang='grc' dir='ltr'>ταύτῃ</span> 
     </span>
    </p>
   </div>
   <div class='ocr_carea' id='block_1_15' title="bbox 978 364 1762 402">
    <p class='ocr_par' dir='ltr' id='par_1_15' title="bbox 978 364 1762 402">
     <span class='ocr_line' id='line_1_15' title="bbox 978 364 1762 402; baseline -0.004 -10"><span class='ocrx_word' id='word_1_93' title='bbox 978 368 994 402; x_wconf 86' lang='grc' dir='ltr'>ἦ</span> <span class='ocrx_word' id='word_1_94' title='bbox 1008 367 1075 402; x_wconf 82' lang='grc' dir='ltr'>ἄλλῃ</span> <span class='ocrx_word' id='word_1_95' title='bbox 1093 366 1210 400; x_wconf 74' lang='grc' dir='ltr'>ἐγένετο,</span> <span class='ocrx_word' id='word_1_96' title='bbox 1233 365 1283 391; x_wconf 81' lang='grc' dir='ltr'>οὐκ</span> <span class='ocrx_word' id='word_1_97' title='bbox 1304 365 1338 391; x_wconf 85' lang='grc' dir='ltr'><strong>ἃν</strong></span> <span class='ocrx_word' id='word_1_98' title='bbox 1359 364 1430 391; x_wconf 80' lang='grc' dir='ltr'>οὕτω</span> <span class='ocrx_word' id='word_1_99' title='bbox 1447 364 1546 399; x_wconf 75' lang='grc' dir='ltr'><strong>ῥᾳδίως</strong></span> <span class='ocrx_word' id='word_1_100' title='bbox 1558 364 1646 390; x_wconf 75' lang='grc' dir='ltr'>εἰπεῖν</span> <span class='ocrx_word' id='word_1_101' title='bbox 1661 364 1762 399; x_wconf 74' lang='grc' dir='ltr'>ἔχοιμι,</span> 
     </span>
    </p>
   </div>
   <div class='ocr_carea' id='block_1_16' title="bbox 979 408 1762 446">
    <p class='ocr_par' dir='ltr' id='par_1_16' title="bbox 979 408 1762 446">
     <span class='ocr_line' id='line_1_16' title="bbox 979 408 1762 446; baseline -0.005 -8"><span class='ocrx_word' id='word_1_102' title='bbox 979 412 1032 438; x_wconf 78' lang='grc' dir='ltr'><strong>ὑπὸ</strong></span> <span class='ocrx_word' id='word_1_103' title='bbox 1049 412 1154 438; x_wconf 79' lang='grc' dir='ltr'>πολλῶν</span> <span class='ocrx_word' id='word_1_104' title='bbox 1168 412 1259 446; x_wconf 82' lang='grc' dir='ltr'>μέντοι</span> <span class='ocrx_word' id='word_1_105' title='bbox 1275 410 1422 445; x_wconf 82' lang='grc' dir='ltr'>λεγόμενα.</span> <span class='ocrx_word' id='word_1_106' title='bbox 1437 409 1532 435; x_wconf 77' lang='grc' dir='ltr'>Ταῦτα</span> <span class='ocrx_word' id='word_1_107' title='bbox 1548 409 1577 435; x_wconf 75' lang='grc' dir='ltr'><strong>δὲ</strong></span> <span class='ocrx_word' id='word_1_108' title='bbox 1592 409 1622 440; x_wconf 74' lang='grc' dir='ltr'>ἐς</span> <span class='ocrx_word' id='word_1_109' title='bbox 1634 408 1762 435; x_wconf 78' lang='grc' dir='ltr'>τοσοῦτον</span> 
     </span>
    </p>
   </div>
   <div class='ocr_carea' id='block_1_17' title="bbox 979 454 1762 492">
    <p class='ocr_par' dir='ltr' id='par_1_17' title="bbox 979 454 1762 492">
     <span class='ocr_line' id='line_1_17' title="bbox 979 454 1762 492; baseline -0.005 -9"><span class='ocrx_word' id='word_1_110' title='bbox 979 457 1202 492; x_wconf 66' lang='grc' dir='ltr'>ἐπιμνησαίμενος</span> <span class='ocrx_word' id='word_1_111' title='bbox 1223 455 1354 490; x_wconf 76' lang='grc' dir='ltr'><strong>παρίημι.</strong></span> <span class='ocrx_word' id='word_1_112' title='bbox 1376 455 1420 486; x_wconf 85' lang='grc' dir='ltr'>Ὠς</span> <span class='ocrx_word' id='word_1_113' title='bbox 1445 455 1473 481; x_wconf 79' lang='grc' dir='ltr'><strong>δὲ</strong></span> <span class='ocrx_word' id='word_1_114' title='bbox 1496 455 1692 490; x_wconf 76' lang='grc' dir='ltr'>Ὀτουμανὶδας</span> <span class='ocrx_word' id='word_1_115' title='bbox 1713 454 1762 487; x_wconf 78' lang='grc' dir='ltr'>τῆς</span> 
     </span>
    </p>
   </div>
   <div class='ocr_carea' id='block_1_18' title="bbox 984 501 1763 539">
    <p class='ocr_par' dir='ltr' id='par_1_18' title="bbox 984 501 1763 539">
     <span class='ocr_line' id='line_1_18' title="bbox 984 501 1763 539; baseline -0.005 -8"><span class='ocrx_word' id='word_1_116' title='bbox 984 505 1134 538; x_wconf 77' lang='grc' dir='ltr'>Ὄτουζίων</span> <span class='ocrx_word' id='word_1_117' title='bbox 1159 505 1256 539; x_wconf 87' lang='grc' dir='ltr'>μοίρας</span> <span class='ocrx_word' id='word_1_118' title='bbox 1279 504 1327 530; x_wconf 73' lang='grc' dir='ltr'><strong>ἐπὶ</strong></span> <span class='ocrx_word' id='word_1_119' title='bbox 1343 503 1421 539; x_wconf 80' lang='grc' dir='ltr'><strong>τήνδε</strong></span> <span class='ocrx_word' id='word_1_120' title='bbox 1446 503 1575 537; x_wconf 81' lang='grc' dir='ltr'>ἀφίκοντο</span> <span class='ocrx_word' id='word_1_121' title='bbox 1590 502 1640 537; x_wconf 72' lang='grc' dir='ltr'>τὴν</span> <span class='ocrx_word' id='word_1_122' title='bbox 1663 501 1763 537; x_wconf 78' lang='grc' dir='ltr'><strong>ἀρχὴν,</strong></span> 
     </span>
    </p>
   </div>
   <div class='ocr_carea' id='block_1_19' title="bbox 978 547 1345 585">
    <p class='ocr_par' dir='ltr' id='par_1_19' title="bbox 978 547 1345 585">
     <span class='ocr_line' id='line_1_19' title="bbox 978 547 1345 585; baseline -0.003 -8"><span class='ocrx_word' id='word_1_123' title='bbox 978 547 1029 577; x_wconf 80' lang='grc' dir='ltr'><strong>ὦδε</strong></span> <span class='ocrx_word' id='word_1_124' title='bbox 1047 551 1175 584; x_wconf 81' lang='grc' dir='ltr'>γενέσθαι</span> <span class='ocrx_word' id='word_1_125' title='bbox 1191 551 1345 585; x_wconf 71' lang='grc' dir='ltr'>ἐπυθόμην.</span> 
     </span>
    </p>
   </div>
   <div class='ocr_carea' id='block_1_20' title="bbox 140 595 1762 632">
    <p class='ocr_par' dir='ltr' id='par_1_20' title="bbox 140 595 1762 632">
     <span class='ocr_line' id='line_1_20' title="bbox 140 595 1762 632; baseline 0 -11"><span class='ocrx_word' id='word_1_126' title='bbox 140 603 312 630; x_wconf 71' lang='lat' dir='ltr'><strong>occupasse.</strong></span> <span class='ocrx_word' id='word_1_127' title='bbox 335 604 361 625; x_wconf 83' lang='lat' dir='ltr'><strong>et</strong></span> <span class='ocrx_word' id='word_1_128' title='bbox 386 598 450 625; x_wconf 85' lang='lat' dir='ltr'><strong>hinc</strong></span> <span class='ocrx_word' id='word_1_129' title='bbox 465 599 550 625; x_wconf 85' lang='lat' dir='ltr'><strong>armis</strong></span> <span class='ocrx_word' id='word_1_130' title='bbox 564 599 713 625; x_wconf 82' lang='lat' dir='ltr'><strong>instructos</strong></span> <span class='ocrx_word' id='word_1_131' title='bbox 727 601 932 632; x_wconf 81' lang='lat' dir='ltr'><strong>procurrentes.</strong></span> <span class='ocrx_word' id='word_1_132' title='bbox 954 597 1098 624; x_wconf 82' lang='lat' dir='ltr'><strong>ﬁnitimam</strong></span> <span class='ocrx_word' id='word_1_133' title='bbox 1125 597 1262 632; x_wconf 78' lang='lat' dir='ltr'><strong>regionem</strong></span> <span class='ocrx_word' id='word_1_134' title='bbox 1289 596 1452 630; x_wconf 68' lang='lat' dir='ltr'><strong>subiugasse</strong></span> <span class='ocrx_word' id='word_1_135' title='bbox 1467 604 1474 622; x_wconf 89' lang='lat'>:</span> <span class='ocrx_word' id='word_1_136' title='bbox 1492 595 1602 623; x_wconf 55' lang='lat' dir='ltr'><strong>Graeco:</strong></span> <span class='ocrx_word' id='word_1_137' title='bbox 1634 595 1693 630; x_wconf 79' lang='lat' dir='ltr'><strong>ejus</strong></span> <span class='ocrx_word' id='word_1_138' title='bbox 1717 602 1762 622; x_wconf 87' lang='lat' dir='ltr'><strong>re-</strong></span> 
     </span>
    </p>
   </div>
   <div class='ocr_carea' id='block_1_21' title="bbox 139 640 1763 679">
    <p class='ocr_par' dir='ltr' id='par_1_21' title="bbox 139 640 1763 679">
     <span class='ocr_line' id='line_1_21' title="bbox 139 640 1763 679; baseline -0.001 -10"><span class='ocrx_word' id='word_1_139' title='bbox 139 643 230 678; x_wconf 69' lang='lat' dir='ltr'><strong>gionis</strong></span> <span class='ocrx_word' id='word_1_140' title='bbox 246 645 354 672; x_wconf 82' lang='lat' dir='ltr'><strong>accolas</strong></span> <span class='ocrx_word' id='word_1_141' title='bbox 378 645 525 677; x_wconf 81' lang='lat' dir='ltr'><strong>devicisse,</strong></span> <span class='ocrx_word' id='word_1_142' title='bbox 561 652 667 678; x_wconf 87' lang='lat' dir='ltr'><strong>suoque</strong></span> <span class='ocrx_word' id='word_1_143' title='bbox 702 645 818 679; x_wconf 91' lang='lat' dir='ltr'><strong>imperio</strong></span> <span class='ocrx_word' id='word_1_144' title='bbox 843 644 962 671; x_wconf 77' lang='lat' dir='ltr'><strong>maxima</strong></span> <span class='ocrx_word' id='word_1_145' title='bbox 983 644 1116 678; x_wconf 76' lang='lat' dir='ltr'><strong>adjecissc</strong></span> <span class='ocrx_word' id='word_1_146' title='bbox 1134 644 1313 671; x_wconf 81' lang='lat' dir='ltr'><strong>incrementa.</strong></span> <span class='ocrx_word' id='word_1_147' title='bbox 1334 643 1401 675; x_wconf 66' lang='lat' dir='ltr'><strong>Qua-</strong></span> <span class='ocrx_word' id='word_1_148' title='bbox 1417 648 1509 670; x_wconf 72' lang='lat' dir='ltr'><strong>autem</strong></span> <span class='ocrx_word' id='word_1_149' title='bbox 1538 643 1635 669; x_wconf 90' lang='lat' dir='ltr'><strong>horum</strong></span> <span class='ocrx_word' id='word_1_150' title='bbox 1653 642 1686 669; x_wconf 89' lang='lat' dir='ltr'><strong>ah</strong></span> <span class='ocrx_word' id='word_1_151' title='bbox 1710 640 1763 668; x_wconf 86' lang='lat' dir='ltr'><strong>ini-</strong></span> 
     </span>
    </p>
   </div>
   <div class='ocr_carea' id='block_1_22' title="bbox 138 687 1764 724">
    <p class='ocr_par' dir='ltr' id='par_1_22' title="bbox 138 687 1764 724">
     <span class='ocr_line' id='line_1_22' title="bbox 138 687 1764 724; baseline -0.001 -9"><span class='ocrx_word' id='word_1_152' title='bbox 138 690 179 716; x_wconf 92' lang='lat' dir='ltr'><strong>tio</strong></span> <span class='ocrx_word' id='word_1_153' title='bbox 210 689 291 717; x_wconf 83' lang='lat' dir='ltr'><strong>fuerit</strong></span> <span class='ocrx_word' id='word_1_154' title='bbox 305 691 441 723; x_wconf 80' lang='lat' dir='ltr'><strong>conditio,</strong></span> <span class='ocrx_word' id='word_1_155' title='bbox 473 691 579 723; x_wconf 66' lang='lat' dir='ltr'><strong>adhaac,</strong></span> <span class='ocrx_word' id='word_1_156' title='bbox 599 698 699 718; x_wconf 78' lang='lat' dir='ltr'><strong>verane</strong></span> <span class='ocrx_word' id='word_1_157' title='bbox 720 691 776 717; x_wconf 88' lang='lat' dir='ltr'><strong>sint</strong></span> <span class='ocrx_word' id='word_1_158' title='bbox 791 697 825 717; x_wconf 87' lang='lat' dir='ltr'><strong>an</strong></span> <span class='ocrx_word' id='word_1_159' title='bbox 859 690 925 717; x_wconf 85' lang='lat' dir='ltr'><strong>falsa</strong></span> <span class='ocrx_word' id='word_1_160' title='bbox 945 698 1005 724; x_wconf 69' lang='lat' dir='ltr'><strong>quae</strong></span> <span class='ocrx_word' id='word_1_161' title='bbox 1024 690 1057 716; x_wconf 90' lang='lat' dir='ltr'><strong>de</strong></span> <span class='ocrx_word' id='word_1_162' title='bbox 1075 690 1143 724; x_wconf 82' lang='lat' dir='ltr'><strong>ipsis</strong></span> <span class='ocrx_word' id='word_1_163' title='bbox 1168 690 1248 717; x_wconf 89' lang='lat' dir='ltr'><strong>modo</strong></span> <span class='ocrx_word' id='word_1_164' title='bbox 1280 690 1471 723; x_wconf 80' lang='lat' dir='ltr'><strong>exposuimus,</strong></span> <span class='ocrx_word' id='word_1_165' title='bbox 1501 697 1556 716; x_wconf 87' lang='lat' dir='ltr'><strong>non</strong></span> <span class='ocrx_word' id='word_1_166' title='bbox 1588 687 1667 715; x_wconf 80' lang='lat' dir='ltr'><strong>facile</strong></span> <span class='ocrx_word' id='word_1_167' title='bbox 1692 688 1764 713; x_wconf 74' lang='lat' dir='ltr'><strong>adir-</strong></span> 
     </span>
    </p>
   </div>
   <div class='ocr_carea' id='block_1_23' title="bbox 139 736 1763 772">
    <p class='ocr_par' dir='ltr' id='par_1_23' title="bbox 139 736 1763 772">
     <span class='ocr_line' id='line_1_23' title="bbox 139 736 1763 772; baseline 0.001 -10"><span class='ocrx_word' id='word_1_168' title='bbox 139 743 216 762; x_wconf 85' lang='lat' dir='ltr'><strong>mare</strong></span> <span class='ocrx_word' id='word_1_169' title='bbox 231 737 482 772; x_wconf 77' lang='lat' dir='ltr'><strong>ausim:quamvis</strong></span> <span class='ocrx_word' id='word_1_170' title='bbox 505 737 615 771; x_wconf 85' lang='lat' dir='ltr'><strong>plurimi</strong></span> <span class='ocrx_word' id='word_1_171' title='bbox 637 738 784 772; x_wconf 82' lang='lat' dir='ltr'><strong>scriptores</strong></span> <span class='ocrx_word' id='word_1_172' title='bbox 808 745 840 765; x_wconf 88' lang='lat' dir='ltr'><strong>ea</strong></span> <span class='ocrx_word' id='word_1_173' title='bbox 866 738 1126 770; x_wconf 86' lang='lat' dir='ltr'><strong>commemorarint;</strong></span> <span class='ocrx_word' id='word_1_174' title='bbox 1147 738 1260 772; x_wconf 84' lang='lat' dir='ltr'><strong>proinde</strong></span> <span class='ocrx_word' id='word_1_175' title='bbox 1284 745 1346 764; x_wconf 94' lang='lat' dir='ltr'><strong>cum</strong></span> <span class='ocrx_word' id='word_1_176' title='bbox 1377 745 1409 764; x_wconf 86' lang='lat' dir='ltr'><strong>ea</strong></span> <span class='ocrx_word' id='word_1_177' title='bbox 1433 738 1567 764; x_wconf 77' lang='lat' dir='ltr'><strong>hactenus</strong></span> <span class='ocrx_word' id='word_1_178' title='bbox 1593 738 1627 764; x_wconf 91' lang='lat' dir='ltr'><strong>ab</strong></span> <span class='ocrx_word' id='word_1_179' title='bbox 1659 736 1763 772; x_wconf 80' lang='lat' dir='ltr'><strong>origine</strong></span> 
     </span>
    </p>
   </div>
   <div class='ocr_carea' id='block_1_24' title="bbox 140 782 1761 818">
    <p class='ocr_par' dir='ltr' id='par_1_24' title="bbox 140 782 1761 818">
     <span class='ocr_line' id='line_1_24' title="bbox 140 782 1761 818; baseline 0.002 -11"><span class='ocrx_word' id='word_1_180' title='bbox 140 783 305 816; x_wconf 80' lang='lat' dir='ltr'><strong>repetierim,</strong></span> <span class='ocrx_word' id='word_1_181' title='bbox 322 791 393 811; x_wconf 90' lang='lat' dir='ltr'><strong>nunc</strong></span> <span class='ocrx_word' id='word_1_182' title='bbox 409 783 526 818; x_wconf 82' lang='lat' dir='ltr'><strong>amplius</strong></span> <span class='ocrx_word' id='word_1_183' title='bbox 541 783 634 810; x_wconf 86' lang='lat' dir='ltr'><strong>dehis</strong></span> <span class='ocrx_word' id='word_1_184' title='bbox 665 783 748 810; x_wconf 86' lang='lat' dir='ltr'><strong>verba</strong></span> <span class='ocrx_word' id='word_1_185' title='bbox 779 784 871 810; x_wconf 84' lang='lat' dir='ltr'><strong>facere</strong></span> <span class='ocrx_word' id='word_1_186' title='bbox 908 784 1086 817; x_wconf 85' lang='lat' dir='ltr'><strong>supersedeo.</strong></span> <span class='ocrx_word' id='word_1_187' title='bbox 1119 784 1256 816; x_wconf 85' lang='lat' dir='ltr'><strong>Quantum</strong></span> <span class='ocrx_word' id='word_1_188' title='bbox 1292 791 1357 810; x_wconf 79' lang='lat' dir='ltr'><strong>vero</strong></span> <span class='ocrx_word' id='word_1_189' title='bbox 1383 783 1480 810; x_wconf 87' lang='lat' dir='ltr'><strong>attinet</strong></span> <span class='ocrx_word' id='word_1_190' title='bbox 1508 782 1542 809; x_wconf 77' lang='lat' dir='ltr'><strong>ad</strong></span> <span class='ocrx_word' id='word_1_191' title='bbox 1571 783 1761 814; x_wconf 85' lang='lat' dir='ltr'><strong>Otomanidas,</strong></span> 
     </span>
    </p>
   </div>
   <div class='ocr_carea' id='block_1_25' title="bbox 140 828 1725 865">
    <p class='ocr_par' dir='ltr' id='par_1_25' title="bbox 140 828 1725 865">
     <span class='ocr_line' id='line_1_25' title="bbox 140 828 1725 865; baseline -0.001 -9"><span class='ocrx_word' id='word_1_192' title='bbox 140 837 171 856; x_wconf 79' lang='lat' dir='ltr'><strong>ex</strong></span> <span class='ocrx_word' id='word_1_193' title='bbox 199 829 300 856; x_wconf 88' lang='lat' dir='ltr'><strong>familia</strong></span> <span class='ocrx_word' id='word_1_194' title='bbox 326 829 493 864; x_wconf 72' lang='lat' dir='ltr'><strong>Oguziorum</strong></span> <span class='ocrx_word' id='word_1_195' title='bbox 510 835 595 862; x_wconf 84' lang='lat' dir='ltr'><strong>ortos,</strong></span> <span class='ocrx_word' id='word_1_196' title='bbox 624 835 653 858; x_wconf 89' lang='lat' dir='ltr'><strong>ut</strong></span> <span class='ocrx_word' id='word_1_197' title='bbox 677 831 709 857; x_wconf 87' lang='lat' dir='ltr'><strong>ad</strong></span> <span class='ocrx_word' id='word_1_198' title='bbox 740 831 923 858; x_wconf 85' lang='lat' dir='ltr'><strong>clarissimum</strong></span> <span class='ocrx_word' id='word_1_199' title='bbox 945 831 995 858; x_wconf 91' lang='lat' dir='ltr'><strong>hoc</strong></span> <span class='ocrx_word' id='word_1_200' title='bbox 1009 830 1153 865; x_wconf 89' lang='lat' dir='ltr'><strong>imperium</strong></span> <span class='ocrx_word' id='word_1_201' title='bbox 1168 830 1316 862; x_wconf 83' lang='lat' dir='ltr'><strong>evaserint,</strong></span> <span class='ocrx_word' id='word_1_202' title='bbox 1335 836 1406 856; x_wconf 91' lang='lat' dir='ltr'><strong>nunc</strong></span> <span class='ocrx_word' id='word_1_203' title='bbox 1427 829 1576 863; x_wconf 72' lang='lat' dir='ltr'><strong>explanare</strong></span> <span class='ocrx_word' id='word_1_204' title='bbox 1599 828 1725 856; x_wconf 83' lang='lat' dir='ltr'><strong>instituo.</strong></span> 
     </span>
    </p>
   </div>
   <div class='ocr_carea' id='block_1_26' title="bbox 177 874 925 912">
    <p class='ocr_par' dir='ltr' id='par_1_26' title="bbox 177 876 924 912">
     <span class='ocr_line' id='line_1_26' title="bbox 177 876 924 912; baseline -0.001 -8"><span class='ocrx_word' id='word_1_205' title='bbox 177 877 260 905; x_wconf 78' lang='lat' dir='ltr'><strong>Vicus</strong></span> <span class='ocrx_word' id='word_1_206' title='bbox 275 882 318 905; x_wconf 88' lang='lat' dir='ltr'><strong>est</strong></span> <span class='ocrx_word' id='word_1_207' title='bbox 336 878 412 912; x_wconf 83' lang='lat' dir='ltr'><strong>juxta</strong></span> <span class='ocrx_word' id='word_1_208' title='bbox 426 877 551 912; x_wconf 80' lang='lat' dir='ltr'><strong>Mysiam,</strong></span> <span class='ocrx_word' id='word_1_209' title='bbox 564 885 646 912; x_wconf 84' lang='lat' dir='ltr'><strong>quem</strong></span> <span class='ocrx_word' id='word_1_210' title='bbox 674 876 805 912; x_wconf 82' lang='lat' dir='ltr'><strong>Sogutam</strong></span> <span class='ocrx_word' id='word_1_211' title='bbox 830 876 924 903; x_wconf 66' lang='lat' dir='ltr'><strong>incola:</strong></span> 
     </span>
    </p>
   </div>
   <div class='ocr_carea' id='block_1_27' title="bbox 977 874 1762 912">
    <p class='ocr_par' dir='ltr' id='par_1_27' title="bbox 1012 874 1762 910">
     <span class='ocr_line' id='line_1_27' title="bbox 1012 874 1762 910; baseline -0.001 -8"><span class='ocrx_word' id='word_1_212' title='bbox 1012 876 1089 902; x_wconf 83' lang='grc' dir='ltr'>’Ἐστι</span> <span class='ocrx_word' id='word_1_213' title='bbox 1104 876 1224 910; x_wconf 80' lang='grc' dir='ltr'>Σογούτη</span> <span class='ocrx_word' id='word_1_214' title='bbox 1249 875 1326 910; x_wconf 82' lang='grc' dir='ltr'>παρὰ</span> <span class='ocrx_word' id='word_1_215' title='bbox 1346 875 1453 902; x_wconf 77' lang='grc' dir='ltr'><strong>Μυσίαν</strong></span> <span class='ocrx_word' id='word_1_216' title='bbox 1476 874 1558 909; x_wconf 76' lang='grc' dir='ltr'>κώμη</span> <span class='ocrx_word' id='word_1_217' title='bbox 1570 874 1642 901; x_wconf 80' lang='grc' dir='ltr'>οὕτω</span> <span class='ocrx_word' id='word_1_218' title='bbox 1661 875 1762 902; x_wconf 79' lang='grc' dir='ltr'>καλου-</span> 
     </span>
    </p>
   </div>
   <div class='ocr_carea' id='block_1_28' title="bbox 139 920 924 957">
    <p class='ocr_par' dir='ltr' id='par_1_28' title="bbox 139 920 924 957">
     <span class='ocr_line' id='line_1_28' title="bbox 139 920 924 957; baseline -0.001 -8"><span class='ocrx_word' id='word_1_219' title='bbox 139 927 251 953; x_wconf 84' lang='lat' dir='ltr'><strong>vocant.</strong></span> <span class='ocrx_word' id='word_1_220' title='bbox 269 923 315 950; x_wconf 89' lang='lat' dir='ltr'><strong>ubi</strong></span> <span class='ocrx_word' id='word_1_221' title='bbox 333 927 376 949; x_wconf 90' lang='lat' dir='ltr'><strong>est</strong></span> <span class='ocrx_word' id='word_1_222' title='bbox 389 927 415 950; x_wconf 84' lang='lat' dir='ltr'><strong>et</strong></span> <span class='ocrx_word' id='word_1_223' title='bbox 428 922 528 949; x_wconf 79' lang='lat' dir='ltr'><strong>fluvius</strong></span> <span class='ocrx_word' id='word_1_224' title='bbox 546 922 668 957; x_wconf 72' lang='lat' dir='ltr'><strong>ejusdem</strong></span> <span class='ocrx_word' id='word_1_225' title='bbox 694 922 824 954; x_wconf 67' lang='lat' dir='ltr'><strong>nominis,</strong></span> <span class='ocrx_word' id='word_1_226' title='bbox 841 920 924 948; x_wconf 79' lang='lat' dir='ltr'><strong>Vicus</strong></span> 
     </span>
    </p>
   </div>
   <div class='ocr_carea' id='block_1_29' title="bbox 138 967 925 1003">
    <p class='ocr_par' dir='ltr' id='par_1_29' title="bbox 138 967 925 1003">
     <span class='ocr_line' id='line_1_29' title="bbox 138 967 925 1003; baseline 0 -9"><span class='ocrx_word' id='word_1_227' title='bbox 138 967 187 994; x_wconf 88' lang='lat' dir='ltr'><strong>ille</strong></span> <span class='ocrx_word' id='word_1_228' title='bbox 202 976 292 995; x_wconf 83' lang='lat' dir='ltr'><strong>rerum</strong></span> <span class='ocrx_word' id='word_1_229' title='bbox 307 969 431 995; x_wconf 88' lang='lat' dir='ltr'><strong>omnium</strong></span> <span class='ocrx_word' id='word_1_230' title='bbox 467 967 612 995; x_wconf 84' lang='lat' dir='ltr'><strong>adﬂuentia</strong></span> <span class='ocrx_word' id='word_1_231' title='bbox 638 967 732 1003; x_wconf 80' lang='lat' dir='ltr'><strong>pollet,</strong></span> <span class='ocrx_word' id='word_1_232' title='bbox 755 971 877 994; x_wconf 85' lang='lat' dir='ltr'><strong>remotus</strong></span> <span class='ocrx_word' id='word_1_233' title='bbox 910 974 925 994; x_wconf 87' lang='lat' dir='ltr'><strong>a</strong></span> 
     </span>
    </p>
   </div>
   <div class='ocr_carea' id='block_1_30' title="bbox 140 1012 926 1048">
    <p class='ocr_par' dir='ltr' id='par_1_30' title="bbox 140 1012 926 1048">
     <span class='ocr_line' id='line_1_30' title="bbox 140 1012 926 1048; baseline 0 -8"><span class='ocrx_word' id='word_1_234' title='bbox 140 1014 209 1041; x_wconf 89' lang='lat' dir='ltr'><strong>mari</strong></span> <span class='ocrx_word' id='word_1_235' title='bbox 223 1014 332 1042; x_wconf 84' lang='lat' dir='ltr'><strong>Euxino</strong></span> <span class='ocrx_word' id='word_1_236' title='bbox 349 1015 477 1041; x_wconf 77' lang='lat' dir='ltr'><strong>ducentis</strong></span> <span class='ocrx_word' id='word_1_237' title='bbox 489 1014 689 1048; x_wconf 80' lang='lat' dir='ltr'><strong>quinquaginta</strong></span> <span class='ocrx_word' id='word_1_238' title='bbox 708 1013 815 1040; x_wconf 84' lang='lat' dir='ltr'><strong>stadiis.</strong></span> <span class='ocrx_word' id='word_1_239' title='bbox 831 1012 926 1041; x_wconf 77' lang='lat' dir='ltr'><strong>Potest</strong></span> 
     </span>
    </p>
   </div>
   <div class='ocr_carea' id='block_1_31' title="bbox 139 1058 922 1092">
    <p class='ocr_par' dir='ltr' id='par_1_31' title="bbox 139 1058 922 1092">
     <span class='ocr_line' id='line_1_31' title="bbox 139 1058 922 1092; baseline -0.001 -7"><span class='ocrx_word' id='word_1_240' title='bbox 139 1059 211 1085; x_wconf 85' lang='lat' dir='ltr'><strong>idem</strong></span> <span class='ocrx_word' id='word_1_241' title='bbox 225 1059 302 1085; x_wconf 81' lang='lat' dir='ltr'><strong>locus</strong></span> <span class='ocrx_word' id='word_1_242' title='bbox 315 1059 378 1086; x_wconf 79' lang='lat' dir='ltr'><strong>ltea:</strong></span> <span class='ocrx_word' id='word_1_243' title='bbox 391 1059 471 1086; x_wconf 83' lang='lat' dir='ltr'><strong>vicus</strong></span> <span class='ocrx_word' id='word_1_244' title='bbox 489 1059 635 1086; x_wconf 89' lang='lat' dir='ltr'><strong>nominari.</strong></span> <span class='ocrx_word' id='word_1_245' title='bbox 654 1058 683 1085; x_wconf 86' lang='lat' dir='ltr'><strong>ln</strong></span> <span class='ocrx_word' id='word_1_246' title='bbox 702 1058 771 1085; x_wconf 83' lang='lat' dir='ltr'><strong>hane</strong></span> <span class='ocrx_word' id='word_1_247' title='bbox 785 1058 922 1092; x_wconf 78' lang='lat' dir='ltr'><strong>regionem</strong></span> 
     </span>
    </p>
   </div>
   <div class='ocr_carea' id='block_1_32' title="bbox 139 1094 923 1139">
    <p class='ocr_par' dir='ltr' id='par_1_32' title="bbox 139 1094 923 1139">
     <span class='ocr_line' id='line_1_32' title="bbox 139 1094 923 1139; baseline -0.003 -7"><span class='ocrx_word' id='word_1_248' title='bbox 139 1112 202 1132; x_wconf 84' lang='lat' dir='ltr'><strong>cum</strong></span> <span class='ocrx_word' id='word_1_249' title='bbox 221 1104 316 1139; x_wconf 72' lang='lat' dir='ltr'><strong>Oguzii</strong></span> <span class='ocrx_word' id='word_1_250' title='bbox 329 1109 529 1138; x_wconf 80' lang='lat' dir='ltr'><strong>penetrassent,</strong></span> <span class='ocrx_word' id='word_1_251' title='bbox 543 1104 728 1138; x_wconf 81' lang='lat' dir='ltr'><strong>ibialiquanto</strong></span> <span class='ocrx_word' id='word_1_252' title='bbox 742 1094 865 1138; x_wconf 82' lang='lat' dir='ltr'><strong>tempore</strong></span> <span class='ocrx_word' id='word_1_253' title='bbox 875 1103 923 1130; x_wconf 85' lang='lat' dir='ltr'><strong>ha-</strong></span> 
     </span>
    </p>
   </div>
   <div class='ocr_carea' id='block_1_33' title="bbox 140 1149 923 1186">
    <p class='ocr_par' dir='ltr' id='par_1_33' title="bbox 140 1149 923 1186">
     <span class='ocr_line' id='line_1_33' title="bbox 140 1149 923 1186; baseline 0 -8"><span class='ocrx_word' id='word_1_254' title='bbox 140 1151 274 1178; x_wconf 82' lang='lat' dir='ltr'><strong>bitarunt.</strong></span> <span class='ocrx_word' id='word_1_255' title='bbox 293 1151 317 1186; x_wconf 83' lang='grc'>7</span> <span class='ocrx_word' id='word_1_256' title='bbox 331 1149 497 1178; x_wconf 82' lang='lat' dir='ltr'><strong>Ottomanus</strong></span> <span class='ocrx_word' id='word_1_257' title='bbox 513 1156 602 1177; x_wconf 90' lang='lat' dir='ltr'><strong>autem</strong></span> <span class='ocrx_word' id='word_1_258' title='bbox 616 1150 665 1185; x_wconf 76' lang='lat' dir='ltr'><strong>t9),</strong></span> <span class='ocrx_word' id='word_1_259' title='bbox 675 1150 832 1184; x_wconf 78' lang='lat' dir='ltr'><strong>Orthogulis</strong></span> <span class='ocrx_word' id='word_1_260' title='bbox 842 1149 923 1178; x_wconf 82' lang='lat' dir='ltr'><strong>(ilius.</strong></span> 
     </span>
    </p>
   </div>
   <div class='ocr_carea' id='block_1_34' title="bbox 143 1195 925 1231">
    <p class='ocr_par' dir='ltr' id='par_1_34' title="bbox 143 1195 925 1231">
     <span class='ocr_line' id='line_1_34' title="bbox 143 1195 925 1231; baseline 0.001 -10"><span class='ocrx_word' id='word_1_261' title='bbox 143 1196 223 1222; x_wconf 90' lang='lat' dir='ltr'><strong>initio</strong></span> <span class='ocrx_word' id='word_1_262' title='bbox 234 1203 285 1223; x_wconf 87' lang='lat' dir='ltr'><strong>non</strong></span> <span class='ocrx_word' id='word_1_263' title='bbox 296 1196 441 1224; x_wconf 81' lang='lat' dir='ltr'><strong>admodum</strong></span> <span class='ocrx_word' id='word_1_264' title='bbox 454 1197 583 1224; x_wconf 86' lang='lat' dir='ltr'><strong>secundis</strong></span> <span class='ocrx_word' id='word_1_265' title='bbox 592 1197 723 1231; x_wconf 74' lang='lat' dir='ltr'><strong>agebatur</strong></span> <span class='ocrx_word' id='word_1_266' title='bbox 731 1196 845 1223; x_wconf 68' lang='lat' dir='ltr'><strong>fortuna:</strong></span> <span class='ocrx_word' id='word_1_267' title='bbox 857 1195 925 1222; x_wconf 83' lang='lat' dir='ltr'><strong>ﬂati-</strong></span> 
     </span>
    </p>
   </div>
   <div class='ocr_carea' id='block_1_35' title="bbox 137 1241 924 1277">
    <p class='ocr_par' dir='ltr' id='par_1_35' title="bbox 137 1241 924 1277">
     <span class='ocr_line' id='line_1_35' title="bbox 137 1241 924 1277; baseline -0.003 -7"><span class='ocrx_word' id='word_1_268' title='bbox 137 1241 202 1270; x_wconf 89' lang='lat' dir='ltr'><strong>bus.</strong></span> <span class='ocrx_word' id='word_1_269' title='bbox 213 1242 328 1269; x_wconf 89' lang='lat' dir='ltr'><strong>Proinde</strong></span> <span class='ocrx_word' id='word_1_270' title='bbox 339 1251 399 1270; x_wconf 76' lang='lat' dir='ltr'><strong>cum</strong></span> <span class='ocrx_word' id='word_1_271' title='bbox 409 1246 480 1270; x_wconf 77' lang='lat' dir='ltr'><strong>esset</strong></span> <span class='ocrx_word' id='word_1_272' title='bbox 491 1243 583 1270; x_wconf 76' lang='lat' dir='ltr'><strong>animo</strong></span> <span class='ocrx_word' id='word_1_273' title='bbox 595 1243 698 1269; x_wconf 86' lang='lat' dir='ltr'><strong>liberali</strong></span> <span class='ocrx_word' id='word_1_274' title='bbox 711 1247 738 1270; x_wconf 92' lang='lat' dir='ltr'><strong>et</strong></span> <span class='ocrx_word' id='word_1_275' title='bbox 753 1242 814 1268; x_wconf 79' lang='lat' dir='ltr'><strong>forti</strong></span> <span class='ocrx_word' id='word_1_276' title='bbox 829 1241 924 1277; x_wconf 69' lang='lat' dir='ltr'><strong>praedi-</strong></span> 
     </span>
    </p>
   </div>
   <div class='ocr_carea' id='block_1_36' title="bbox 139 1287 923 1324">
    <p class='ocr_par' dir='ltr' id='par_1_36' title="bbox 139 1287 923 1324">
     <span class='ocr_line' id='line_1_36' title="bbox 139 1287 923 1324; baseline -0.001 -9"><span class='ocrx_word' id='word_1_277' title='bbox 139 1289 319 1324; x_wconf 32' lang='lat' dir='ltr'><strong>tus,.animos</strong></span> <span class='ocrx_word' id='word_1_278' title='bbox 335 1296 429 1316; x_wconf 83' lang='lat' dir='ltr'><strong>eorum</strong></span> <span class='ocrx_word' id='word_1_279' title='bbox 440 1289 486 1324; x_wconf 90' lang='lat' dir='ltr'><strong>qui</strong></span> <span class='ocrx_word' id='word_1_280' title='bbox 501 1289 528 1315; x_wconf 87' lang='lat' dir='ltr'><strong>in</strong></span> <span class='ocrx_word' id='word_1_281' title='bbox 544 1289 604 1315; x_wconf 81' lang='lat' dir='ltr'><strong>vico</strong></span> <span class='ocrx_word' id='word_1_282' title='bbox 617 1288 745 1323; x_wconf 74' lang='lat' dir='ltr'><strong>agebant,</strong></span> <span class='ocrx_word' id='word_1_283' title='bbox 761 1287 858 1322; x_wconf 80' lang='lat' dir='ltr'><strong>opibus</strong></span> <span class='ocrx_word' id='word_1_284' title='bbox 874 1288 923 1315; x_wconf 86' lang='lat' dir='ltr'><strong>sibi</strong></span> 
     </span>
    </p>
   </div>
   <div class='ocr_carea' id='block_1_37' title="bbox 140 1333 925 1369">
    <p class='ocr_par' dir='ltr' id='par_1_37' title="bbox 140 1333 925 1369">
     <span class='ocr_line' id='line_1_37' title="bbox 140 1333 925 1369; baseline -0.001 -8"><span class='ocrx_word' id='word_1_285' title='bbox 140 1335 279 1366; x_wconf 66' lang='lat' dir='ltr'><strong>conciliat.</strong></span> <span class='ocrx_word' id='word_1_286' title='bbox 297 1335 428 1369; x_wconf 82' lang='lat' dir='ltr'><strong>brevique</strong></span> <span class='ocrx_word' id='word_1_287' title='bbox 450 1335 502 1362; x_wconf 89' lang='lat' dir='ltr'><strong>sibi</strong></span> <span class='ocrx_word' id='word_1_288' title='bbox 519 1335 713 1362; x_wconf 70' lang='lat' dir='ltr'><strong>devotissimos</strong></span> <span class='ocrx_word' id='word_1_289' title='bbox 731 1334 836 1361; x_wconf 79' lang='lat' dir='ltr'><strong>habuit.</strong></span> <span class='ocrx_word' id='word_1_290' title='bbox 857 1333 925 1361; x_wconf 87' lang='lat' dir='ltr'><strong>Hine</strong></span> 
     </span>
    </p>
   </div>
   <div class='ocr_carea' id='block_1_38' title="bbox 140 1380 923 1412">
    <p class='ocr_par' dir='ltr' id='par_1_38' title="bbox 140 1380 923 1412">
     <span class='ocr_line' id='line_1_38' title="bbox 140 1380 923 1412; baseline -0.001 -5"><span class='ocrx_word' id='word_1_291' title='bbox 140 1388 203 1407; x_wconf 80' lang='lat' dir='ltr'><strong>com</strong></span> <span class='ocrx_word' id='word_1_292' title='bbox 224 1380 297 1407; x_wconf 89' lang='lat' dir='ltr'><strong>odiis</strong></span> <span class='ocrx_word' id='word_1_293' title='bbox 318 1384 459 1408; x_wconf 76' lang='lat' dir='ltr'><strong>certarent</strong></span> <span class='ocrx_word' id='word_1_294' title='bbox 488 1380 627 1407; x_wconf 87' lang='lat' dir='ltr'><strong>continuis</strong></span> <span class='ocrx_word' id='word_1_295' title='bbox 644 1380 774 1407; x_wconf 80' lang='lat' dir='ltr'><strong>adversus</strong></span> <span class='ocrx_word' id='word_1_296' title='bbox 796 1380 923 1412; x_wconf 72' lang='lat' dir='ltr'><strong>Graecos,</strong></span> 
     </span>
    </p>
   </div>
   <div class='ocr_carea' id='block_1_39' title="bbox 139 1425 924 1461">
    <p class='ocr_par' dir='ltr' id='par_1_39' title="bbox 139 1425 924 1461">
     <span class='ocr_line' id='line_1_39' title="bbox 139 1425 924 1461; baseline -0.001 -8"><span class='ocrx_word' id='word_1_297' title='bbox 139 1425 263 1453; x_wconf 89' lang='lat' dir='ltr'><strong>omnium</strong></span> <span class='ocrx_word' id='word_1_298' title='bbox 281 1433 396 1454; x_wconf 79' lang='lat' dir='ltr'><strong>assensu</strong></span> <span class='ocrx_word' id='word_1_299' title='bbox 428 1427 578 1461; x_wconf 85' lang='lat' dir='ltr'><strong>imperatOr</strong></span> <span class='ocrx_word' id='word_1_300' title='bbox 594 1427 748 1454; x_wconf 87' lang='lat' dir='ltr'><strong>declaratus</strong></span> <span class='ocrx_word' id='word_1_301' title='bbox 767 1431 819 1454; x_wconf 88' lang='lat' dir='ltr'><strong>est.</strong></span> <span class='ocrx_word' id='word_1_302' title='bbox 848 1425 924 1453; x_wconf 86' lang='lat' dir='ltr'><strong>Bello</strong></span> 
     </span>
    </p>
   </div>
   <div class='ocr_carea' id='block_1_40' title="bbox 140 1471 924 1507">
    <p class='ocr_par' dir='ltr' id='par_1_40' title="bbox 140 1471 924 1507">
     <span class='ocr_line' id='line_1_40' title="bbox 140 1471 924 1507; baseline -0.001 -8"><span class='ocrx_word' id='word_1_303' title='bbox 140 1473 235 1507; x_wconf 80' lang='lat' dir='ltr'><strong>itaque</strong></span> <span class='ocrx_word' id='word_1_304' title='bbox 250 1472 364 1499; x_wconf 79' lang='lat' dir='ltr'><strong>adortus</strong></span> <span class='ocrx_word' id='word_1_305' title='bbox 378 1471 502 1504; x_wconf 65' lang='lat' dir='ltr'><strong>Graecos,</strong></span> <span class='ocrx_word' id='word_1_306' title='bbox 515 1472 562 1507; x_wconf 91' lang='lat' dir='ltr'><strong>qui</strong></span> <span class='ocrx_word' id='word_1_307' title='bbox 579 1472 609 1499; x_wconf 87' lang='lat' dir='ltr'><strong>in</strong></span> <span class='ocrx_word' id='word_1_308' title='bbox 633 1479 665 1499; x_wconf 86' lang='lat' dir='ltr'><strong>ea</strong></span> <span class='ocrx_word' id='word_1_309' title='bbox 684 1471 796 1507; x_wconf 78' lang='lat' dir='ltr'><strong>regione</strong></span> <span class='ocrx_word' id='word_1_310' title='bbox 819 1471 924 1498; x_wconf 78' lang='lat' dir='ltr'><strong>habita-</strong></span> 
     </span>
    </p>
   </div>
   <div class='ocr_carea' id='block_1_41' title="bbox 141 1518 924 1553">
    <p class='ocr_par' dir='ltr' id='par_1_41' title="bbox 141 1518 924 1553">
     <span class='ocr_line' id='line_1_41' title="bbox 141 1518 924 1553; baseline -0.001 -8"><span class='ocrx_word' id='word_1_311' title='bbox 141 1519 218 1550; x_wconf 79' lang='lat' dir='ltr'><strong>bant,</strong></span> <span class='ocrx_word' id='word_1_312' title='bbox 230 1526 283 1545; x_wconf 91' lang='lat' dir='ltr'><strong>non</strong></span> <span class='ocrx_word' id='word_1_313' title='bbox 304 1518 379 1552; x_wconf 89' lang='lat' dir='ltr'><strong>prius</strong></span> <span class='ocrx_word' id='word_1_314' title='bbox 390 1518 488 1553; x_wconf 74' lang='lat' dir='ltr'><strong>prtelio</strong></span> <span class='ocrx_word' id='word_1_315' title='bbox 502 1519 630 1551; x_wconf 84' lang='lat' dir='ltr'><strong>excessit,</strong></span> <span class='ocrx_word' id='word_1_316' title='bbox 647 1525 728 1553; x_wconf 85' lang='lat' dir='ltr'><strong>quam</strong></span> <span class='ocrx_word' id='word_1_317' title='bbox 745 1525 806 1545; x_wconf 90' lang='lat' dir='ltr'><strong>cum</strong></span> <span class='ocrx_word' id='word_1_318' title='bbox 830 1525 924 1544; x_wconf 87' lang='lat' dir='ltr'><strong>omnes</strong></span> 
     </span>
    </p>
   </div>
   <div class='ocr_carea' id='block_1_42' title="bbox 977 918 1760 956">
    <p class='ocr_par' dir='ltr' id='par_1_42' title="bbox 977 918 1760 956">
     <span class='ocr_line' id='line_1_42' title="bbox 977 918 1760 956; baseline -0.001 -9"><span class='ocrx_word' id='word_1_319' title='bbox 977 922 1047 955; x_wconf 81' lang='grc' dir='ltr'>μένη</span> <span class='ocrx_word' id='word_1_320' title='bbox 1067 918 1216 956; x_wconf 68' lang='grc' dir='ltr'>εὖδαίμωνζ</span> <span class='ocrx_word' id='word_1_321' title='bbox 1242 922 1289 948; x_wconf 63' lang='grc' dir='ltr'><strong>καὶ</strong></span> <span class='ocrx_word' id='word_1_322' title='bbox 1316 921 1438 954; x_wconf 81' lang='grc' dir='ltr'>ποταμὸς</span> <span class='ocrx_word' id='word_1_323' title='bbox 1463 921 1527 955; x_wconf 75' lang='grc' dir='ltr'>παρ’</span> <span class='ocrx_word' id='word_1_324' title='bbox 1541 921 1609 955; x_wconf 73' lang='grc' dir='ltr'>αὖτῇ</span> <span class='ocrx_word' id='word_1_325' title='bbox 1624 920 1697 947; x_wconf 72' lang='grc' dir='ltr'>οὕτω</span> <span class='ocrx_word' id='word_1_326' title='bbox 1709 929 1760 947; x_wconf 86' lang='grc' dir='ltr'>κα-</span> 
     </span>
    </p>
   </div>
   <div class='ocr_carea' id='block_1_43' title="bbox 976 965 1758 1002">
    <p class='ocr_par' dir='ltr' id='par_1_43' title="bbox 976 965 1758 1002">
     <span class='ocr_line' id='line_1_43' title="bbox 976 965 1758 1002; baseline 0 -10"><span class='ocrx_word' id='word_1_327' title='bbox 976 967 1115 1001; x_wconf 80' lang='grc' dir='ltr'>λούμενος.</span> <span class='ocrx_word' id='word_1_328' title='bbox 1132 967 1222 1001; x_wconf 76' lang='grc' dir='ltr'>Διέχει</span> <span class='ocrx_word' id='word_1_329' title='bbox 1238 967 1267 993; x_wconf 67' lang='grc' dir='ltr'><strong>δὲ</strong></span> <span class='ocrx_word' id='word_1_330' title='bbox 1283 967 1337 993; x_wconf 83' lang='grc' dir='ltr'><strong>ἀπὸ</strong></span> <span class='ocrx_word' id='word_1_331' title='bbox 1354 967 1490 1002; x_wconf 75' lang='grc' dir='ltr'><strong>θαλάττης</strong></span> <span class='ocrx_word' id='word_1_332' title='bbox 1505 966 1555 1000; x_wconf 81' lang='grc' dir='ltr'>τῆς</span> <span class='ocrx_word' id='word_1_333' title='bbox 1569 966 1615 992; x_wconf 87' lang='grc' dir='ltr'>τοῦ</span> <span class='ocrx_word' id='word_1_334' title='bbox 1632 965 1758 997; x_wconf 71' lang='grc' dir='ltr'>Εὐξείνου</span> 
     </span>
    </p>
   </div>
   <div class='ocr_carea' id='block_1_44' title="bbox 976 1013 1758 1047">
    <p class='ocr_par' dir='ltr' id='par_1_44' title="bbox 976 1013 1758 1047">
     <span class='ocr_line' id='line_1_44' title="bbox 976 1013 1758 1047; baseline -0.003 -7"><span class='ocrx_word' id='word_1_335' title='bbox 976 1015 1075 1040; x_wconf 73' lang='grc' dir='ltr'>πόντου</span> <span class='ocrx_word' id='word_1_336' title='bbox 1093 1013 1218 1045; x_wconf 76' lang='grc' dir='ltr'><strong>σταδίους</strong></span> <span class='ocrx_word' id='word_1_337' title='bbox 1240 1013 1307 1039; x_wconf 72' lang='grc' dir='ltr'>ὡσεὶ</span> <span class='ocrx_word' id='word_1_338' title='bbox 1331 1013 1503 1047; x_wconf 80' lang='grc' dir='ltr'>πεντήκοντα</span> <span class='ocrx_word' id='word_1_339' title='bbox 1525 1013 1572 1038; x_wconf 75' lang='grc' dir='ltr'>καὶ</span> <span class='ocrx_word' id='word_1_340' title='bbox 1593 1013 1758 1044; x_wconf 81' lang='grc' dir='ltr'>διακοσίους·</span> 
     </span>
    </p>
   </div>
   <div class='ocr_carea' id='block_1_45' title="bbox 976 1060 1758 1096">
    <p class='ocr_par' dir='ltr' id='par_1_45' title="bbox 976 1060 1758 1096">
     <span class='ocr_line' id='line_1_45' title="bbox 976 1060 1758 1096; baseline -0.001 -9"><span class='ocrx_word' id='word_1_341' title='bbox 976 1062 1084 1088; x_wconf 85' lang='grc' dir='ltr'>καλοῖτο</span> <span class='ocrx_word' id='word_1_342' title='bbox 1105 1061 1128 1087; x_wconf 83' lang='grc' dir='ltr'><strong>δ’</strong></span> <span class='ocrx_word' id='word_1_343' title='bbox 1153 1062 1185 1088; x_wconf 86' lang='grc' dir='ltr'>ἂν</span> <span class='ocrx_word' id='word_1_344' title='bbox 1209 1061 1279 1096; x_wconf 76' lang='grc' dir='ltr'>αὕτη</span> <span class='ocrx_word' id='word_1_345' title='bbox 1309 1061 1409 1091; x_wconf 81' lang='grc' dir='ltr'>Ἰταίας</span> <span class='ocrx_word' id='word_1_346' title='bbox 1429 1060 1519 1095; x_wconf 84' lang='grc' dir='ltr'>κώμη.</span> <span class='ocrx_word' id='word_1_347' title='bbox 1547 1060 1589 1091; x_wconf 84' lang='grc' dir='ltr'>Ἐς</span> <span class='ocrx_word' id='word_1_348' title='bbox 1606 1060 1709 1095; x_wconf 84' lang='grc' dir='ltr'>ταύτην</span> <span class='ocrx_word' id='word_1_349' title='bbox 1729 1060 1758 1086; x_wconf 72' lang='grc' dir='ltr'><strong>δὲ</strong></span> 
     </span>
    </p>
   </div>
   <div class='ocr_carea' id='block_1_46' title="bbox 975 1106 1759 1143">
    <p class='ocr_par' dir='ltr' id='par_1_46' title="bbox 975 1106 1759 1143">
     <span class='ocr_line' id='line_1_46' title="bbox 975 1106 1759 1143; baseline -0.001 -9"><span class='ocrx_word' id='word_1_350' title='bbox 975 1109 1025 1142; x_wconf 85' lang='grc' dir='ltr'>τὴν</span> <span class='ocrx_word' id='word_1_351' title='bbox 1044 1107 1139 1143; x_wconf 83' lang='grc' dir='ltr'>χώραν</span> <span class='ocrx_word' id='word_1_352' title='bbox 1151 1108 1336 1143; x_wconf 78' lang='grc' dir='ltr'><strong>ἀφικομένους</strong></span> <span class='ocrx_word' id='word_1_353' title='bbox 1354 1107 1418 1138; x_wconf 81' lang='grc' dir='ltr'>τοὺς</span> <span class='ocrx_word' id='word_1_354' title='bbox 1440 1106 1596 1141; x_wconf 78' lang='grc' dir='ltr'>Ὀγουξὶους</span> <span class='ocrx_word' id='word_1_355' title='bbox 1621 1107 1759 1140; x_wconf 72' lang='grc' dir='ltr'>ἐνοικῆσαι</span> 
     </span>
    </p>
   </div>
   <div class='ocr_carea' id='block_1_47' title="bbox 975 1152 1760 1188">
    <p class='ocr_par' dir='ltr' id='par_1_47' title="bbox 975 1152 1760 1188">
     <span class='ocr_line' id='line_1_47' title="bbox 975 1152 1760 1188; baseline -0.003 -8"><span class='ocrx_word' id='word_1_356' title='bbox 975 1154 1022 1180; x_wconf 83' lang='grc' dir='ltr'><strong>ὲπί</strong></span> <span class='ocrx_word' id='word_1_357' title='bbox 1036 1163 1097 1180; x_wconf 86' lang='grc' dir='ltr'>τινα</span> <span class='ocrx_word' id='word_1_358' title='bbox 1115 1154 1222 1188; x_wconf 77' lang='grc' dir='ltr'>χρόνον,</span> <span class='ocrx_word' id='word_1_359' title='bbox 1253 1153 1471 1188; x_wconf 32' lang='grc' dir='ltr'>Ὀτουμάνουνδὲ</span> <span class='ocrx_word' id='word_1_360' title='bbox 1493 1153 1539 1179; x_wconf 75' lang='grc' dir='ltr'><strong>τὸν</strong></span> <span class='ocrx_word' id='word_1_361' title='bbox 1555 1152 1760 1188; x_wconf 83' lang='grc' dir='ltr'>Ὀρθογρούλεω</span> 
     </span>
    </p>
   </div>
   <div class='ocr_carea' id='block_1_48' title="bbox 976 1198 1761 1233">
    <p class='ocr_par' dir='ltr' id='par_1_48' title="bbox 976 1198 1761 1233">
     <span class='ocr_line' id='line_1_48' title="bbox 976 1198 1761 1233; baseline -0.003 -7"><span class='ocrx_word' id='word_1_362' title='bbox 976 1200 1069 1231; x_wconf 81' lang='grc' dir='ltr'>παῖδα,</span> <span class='ocrx_word' id='word_1_363' title='bbox 1092 1199 1123 1226; x_wconf 87' lang='grc' dir='ltr'>οὐ</span> <span class='ocrx_word' id='word_1_364' title='bbox 1148 1200 1218 1227; x_wconf 75' lang='grc' dir='ltr'>πάνυ</span> <span class='ocrx_word' id='word_1_365' title='bbox 1238 1207 1279 1226; x_wconf 79' lang='grc' dir='ltr'><strong>τοι</strong></span> <span class='ocrx_word' id='word_1_366' title='bbox 1301 1199 1331 1225; x_wconf 82' lang='grc' dir='ltr'>εὖ</span> <span class='ocrx_word' id='word_1_367' title='bbox 1351 1199 1506 1233; x_wconf 84' lang='grc' dir='ltr'>πράττοντα</span> <span class='ocrx_word' id='word_1_368' title='bbox 1530 1198 1579 1233; x_wconf 80' lang='grc' dir='ltr'>τὴν</span> <span class='ocrx_word' id='word_1_369' title='bbox 1605 1198 1694 1233; x_wconf 84' lang='grc' dir='ltr'>ἀρχὴν</span> <span class='ocrx_word' id='word_1_370' title='bbox 1716 1206 1761 1232; x_wconf 76' lang='grc' dir='ltr'>γε-</span> 
     </span>
    </p>
   </div>
   <div class='ocr_carea' id='block_1_49' title="bbox 975 1243 1760 1280">
    <p class='ocr_par' dir='ltr' id='par_1_49' title="bbox 975 1243 1760 1280">
     <span class='ocr_line' id='line_1_49' title="bbox 975 1243 1760 1280; baseline -0.004 -8"><span class='ocrx_word' id='word_1_371' title='bbox 975 1245 1069 1272; x_wconf 78' lang='grc' dir='ltr'>νέσθαι</span> <span class='ocrx_word' id='word_1_372' title='bbox 1084 1247 1133 1280; x_wconf 86' lang='grc' dir='ltr'>τήν</span> <span class='ocrx_word' id='word_1_373' title='bbox 1151 1254 1180 1271; x_wconf 83' lang='grc' dir='ltr'><strong>τε</strong></span> <span class='ocrx_word' id='word_1_374' title='bbox 1203 1245 1295 1280; x_wconf 81' lang='grc' dir='ltr'>ψυχὴν</span> <span class='ocrx_word' id='word_1_375' title='bbox 1314 1243 1556 1279; x_wconf 64' lang='grc' dir='ltr'><strong>ἐλευθερώτατον,</strong></span> <span class='ocrx_word' id='word_1_376' title='bbox 1574 1244 1620 1270; x_wconf 79' lang='grc' dir='ltr'><strong>καὶ</strong></span> <span class='ocrx_word' id='word_1_377' title='bbox 1643 1244 1707 1275; x_wconf 77' lang='grc' dir='ltr'>τοὺς</span> <span class='ocrx_word' id='word_1_378' title='bbox 1730 1244 1760 1269; x_wconf 71' lang='grc' dir='ltr'>ἐν</span> 
     </span>
    </p>
   </div>
   <div class='ocr_carea' id='block_1_50' title="bbox 975 1287 1760 1326">
    <p class='ocr_par' dir='ltr' id='par_1_50' title="bbox 975 1287 1760 1326">
     <span class='ocr_line' id='line_1_50' title="bbox 975 1287 1760 1326; baseline -0.003 -9"><span class='ocrx_word' id='word_1_379' title='bbox 975 1293 1008 1326; x_wconf 82' lang='grc' dir='ltr'>τῇ</span> <span class='ocrx_word' id='word_1_380' title='bbox 1021 1290 1101 1325; x_wconf 80' lang='grc' dir='ltr'>κώμῃ</span> <span class='ocrx_word' id='word_1_381' title='bbox 1116 1289 1363 1325; x_wconf 75' lang='grc' dir='ltr'>φιλοφρονούμενον</span> <span class='ocrx_word' id='word_1_382' title='bbox 1373 1290 1404 1316; x_wconf 80' lang='grc' dir='ltr'>ἐκ</span> <span class='ocrx_word' id='word_1_383' title='bbox 1416 1290 1470 1316; x_wconf 86' lang='grc' dir='ltr'>τῶν</span> <span class='ocrx_word' id='word_1_384' title='bbox 1483 1290 1641 1324; x_wconf 75' lang='grc' dir='ltr'>προσόντων</span> <span class='ocrx_word' id='word_1_385' title='bbox 1654 1289 1692 1318; x_wconf 82' lang='grc' dir='ltr'><strong>ὡς</strong></span> <span class='ocrx_word' id='word_1_386' title='bbox 1703 1287 1760 1316; x_wconf 78' lang='grc' dir='ltr'>οἷόν</span> 
     </span>
    </p>
   </div>
   <div class='ocr_carea' id='block_1_51' title="bbox 975 1334 1760 1372">
    <p class='ocr_par' dir='ltr' id='par_1_51' title="bbox 975 1334 1760 1372">
     <span class='ocr_line' id='line_1_51' title="bbox 975 1334 1760 1372; baseline -0.003 -10"><span class='ocrx_word' id='word_1_387' title='bbox 975 1337 999 1362; x_wconf 83' lang='grc' dir='ltr'>τ’</span> <span class='ocrx_word' id='word_1_388' title='bbox 1012 1334 1046 1372; x_wconf 78' lang='grc' dir='ltr'>ἦν</span> <span class='ocrx_word' id='word_1_389' title='bbox 1065 1337 1186 1371; x_wconf 79' lang='grc' dir='ltr'>μάλιστα</span> <span class='ocrx_word' id='word_1_390' title='bbox 1209 1336 1284 1371; x_wconf 80' lang='grc' dir='ltr'>αὐτῷ</span> <span class='ocrx_word' id='word_1_391' title='bbox 1305 1335 1368 1368; x_wconf 88' lang='grc' dir='ltr'>τούς</span> <span class='ocrx_word' id='word_1_392' title='bbox 1382 1344 1413 1361; x_wconf 85' lang='grc' dir='ltr'><strong>τε</strong></span> <span class='ocrx_word' id='word_1_393' title='bbox 1433 1336 1463 1362; x_wconf 82' lang='grc' dir='ltr'>ἐν</span> <span class='ocrx_word' id='word_1_394' title='bbox 1486 1337 1518 1370; x_wconf 78' lang='grc' dir='ltr'>τῇ</span> <span class='ocrx_word' id='word_1_395' title='bbox 1543 1335 1626 1371; x_wconf 81' lang='grc' dir='ltr'>κώμῃ</span> <span class='ocrx_word' id='word_1_396' title='bbox 1640 1335 1760 1369; x_wconf 79' lang='grc' dir='ltr'>ἀνακτή-</span> 
     </span>
    </p>
   </div>
   <div class='ocr_carea' id='block_1_52' title="bbox 976 1379 1760 1416">
    <p class='ocr_par' dir='ltr' id='par_1_52' title="bbox 976 1379 1760 1416">
     <span class='ocr_line' id='line_1_52' title="bbox 976 1379 1760 1416; baseline 0.003 -11"><span class='ocrx_word' id='word_1_397' title='bbox 976 1381 1084 1406; x_wconf 77' lang='grc' dir='ltr'>σασθαι.</span> <span class='ocrx_word' id='word_1_398' title='bbox 1104 1380 1183 1405; x_wconf 83' lang='grc' dir='ltr'>Ὥστε</span> <span class='ocrx_word' id='word_1_399' title='bbox 1206 1381 1339 1414; x_wconf 80' lang='grc' dir='ltr'>διαφορᾶς</span> <span class='ocrx_word' id='word_1_400' title='bbox 1355 1380 1431 1414; x_wconf 86' lang='grc' dir='ltr'>σφίσι</span> <span class='ocrx_word' id='word_1_401' title='bbox 1456 1379 1524 1415; x_wconf 76' lang='grc' dir='ltr'>πρὸς</span> <span class='ocrx_word' id='word_1_402' title='bbox 1542 1380 1606 1410; x_wconf 77' lang='grc' dir='ltr'>τοὺς</span> <span class='ocrx_word' id='word_1_403' title='bbox 1624 1381 1760 1416; x_wconf 82' lang='grc' dir='ltr'>Ἐλλήνων</span> 
     </span>
    </p>
   </div>
   <div class='ocr_carea' id='block_1_53' title="bbox 975 1426 1760 1461">
    <p class='ocr_par' dir='ltr' id='par_1_53' title="bbox 975 1426 1760 1461">
     <span class='ocr_line' id='line_1_53' title="bbox 975 1426 1760 1461; baseline 0.003 -10"><span class='ocrx_word' id='word_1_404' title='bbox 975 1426 1065 1452; x_wconf 87' lang='grc' dir='ltr'>αὐτῶν</span> <span class='ocrx_word' id='word_1_405' title='bbox 1076 1426 1235 1461; x_wconf 73' lang='grc' dir='ltr'>περιοίκους</span> <span class='ocrx_word' id='word_1_406' title='bbox 1250 1426 1409 1461; x_wconf 74' lang='grc' dir='ltr'><strong>γενομένης,</strong></span> <span class='ocrx_word' id='word_1_407' title='bbox 1422 1426 1550 1461; x_wconf 80' lang='grc' dir='ltr'>ἡγεῖσθαι</span> <span class='ocrx_word' id='word_1_408' title='bbox 1565 1426 1686 1452; x_wconf 79' lang='grc' dir='ltr'>κελεύειν</span> <span class='ocrx_word' id='word_1_409' title='bbox 1697 1427 1760 1458; x_wconf 79' lang='grc' dir='ltr'>τοὺς</span> 
     </span>
    </p>
   </div>
   <div class='ocr_carea' id='block_1_54' title="bbox 976 1471 1760 1507">
    <p class='ocr_par' dir='ltr' id='par_1_54' title="bbox 976 1471 1760 1507">
     <span class='ocr_line' id='line_1_54' title="bbox 976 1471 1760 1507; baseline 0.003 -10"><span class='ocrx_word' id='word_1_410' title='bbox 976 1471 1003 1497; x_wconf 82' lang='grc' dir='ltr'>ὲν</span> <span class='ocrx_word' id='word_1_411' title='bbox 1017 1472 1050 1506; x_wconf 84' lang='grc' dir='ltr'><strong>τῇ</strong></span> <span class='ocrx_word' id='word_1_412' title='bbox 1062 1471 1138 1497; x_wconf 65' lang='grc' dir='ltr'>πόλει</span> <span class='ocrx_word' id='word_1_413' title='bbox 1158 1471 1325 1505; x_wconf 84' lang='grc' dir='ltr'>Ὀτουμάνον</span> <span class='ocrx_word' id='word_1_414' title='bbox 1345 1472 1391 1498; x_wconf 76' lang='grc' dir='ltr'>τὸν</span> <span class='ocrx_word' id='word_1_415' title='bbox 1408 1471 1623 1507; x_wconf 76' lang='grc' dir='ltr'>Ὀρθογρούλεω·</span> <span class='ocrx_word' id='word_1_416' title='bbox 1642 1472 1689 1499; x_wconf 77' lang='grc' dir='ltr'>καὶ</span> <span class='ocrx_word' id='word_1_417' title='bbox 1708 1481 1760 1506; x_wconf 84' lang='grc' dir='ltr'>μα·</span> 
     </span>
    </p>
   </div>
   <div class='ocr_carea' id='block_1_55' title="bbox 975 1517 1705 1554">
    <p class='ocr_par' dir='ltr' id='par_1_55' title="bbox 975 1517 1705 1554">
     <span class='ocr_line' id='line_1_55' title="bbox 975 1517 1705 1554; baseline 0.003 -11"><span class='ocrx_word' id='word_1_418' title='bbox 975 1517 1136 1552; x_wconf 81' lang='grc' dir='ltr'>χεσάμενον,</span> <span class='ocrx_word' id='word_1_419' title='bbox 1155 1517 1311 1551; x_wconf 71' lang='grc' dir='ltr'>τρέψασθαι</span> <span class='ocrx_word' id='word_1_420' title='bbox 1327 1526 1357 1543; x_wconf 83' lang='grc' dir='ltr'><strong>τε</strong></span> <span class='ocrx_word' id='word_1_421' title='bbox 1374 1518 1437 1548; x_wconf 71' lang='grc' dir='ltr'>τοὺς</span> <span class='ocrx_word' id='word_1_422' title='bbox 1456 1519 1543 1554; x_wconf 81' lang='grc' dir='ltr'>ταύτῃ</span> <span class='ocrx_word' id='word_1_423' title='bbox 1560 1518 1705 1551; x_wconf 82' lang='grc' dir='ltr'>Ἕλληνας.</span> 
     </span>
    </p>
   </div>
   <div class='ocr_carea' id='block_1_56' title="bbox 142 1565 1755 1602">
    <p class='ocr_par' dir='ltr' id='par_1_56' title="bbox 142 1565 1755 1602">
     <span class='ocr_line' id='line_1_56' title="bbox 142 1565 1755 1602; baseline 0.001 -9"><span class='ocrx_word' id='word_1_424' title='bbox 142 1571 187 1593; x_wconf 86' lang='lat' dir='ltr'><strong>aut</strong></span> <span class='ocrx_word' id='word_1_425' title='bbox 210 1566 368 1599; x_wconf 83' lang='lat' dir='ltr'><strong>cecidisset,</strong></span> <span class='ocrx_word' id='word_1_426' title='bbox 387 1569 435 1594; x_wconf 88' lang='lat' dir='ltr'><strong>aut</strong></span> <span class='ocrx_word' id='word_1_427' title='bbox 459 1566 590 1601; x_wconf 78' lang='lat' dir='ltr'><strong>fugasset.</strong></span> <span class='ocrx_word' id='word_1_428' title='bbox 632 1566 700 1594; x_wconf 80' lang='lat' dir='ltr'><strong>Hinc</strong></span> <span class='ocrx_word' id='word_1_429' title='bbox 728 1574 856 1602; x_wconf 80' lang='lat' dir='ltr'><strong>prospere</strong></span> <span class='ocrx_word' id='word_1_430' title='bbox 885 1565 1098 1593; x_wconf 83' lang='lat' dir='ltr'><strong>succedentibus</strong></span> <span class='ocrx_word' id='word_1_431' title='bbox 1133 1565 1223 1597; x_wconf 89' lang='lat' dir='ltr'><strong>rebus,</strong></span> <span class='ocrx_word' id='word_1_432' title='bbox 1261 1566 1392 1593; x_wconf 85' lang='lat' dir='ltr'><strong>victorias</strong></span> <span class='ocrx_word' id='word_1_433' title='bbox 1421 1567 1553 1602; x_wconf 84' lang='lat' dir='ltr'><strong>plurimas</strong></span> <span class='ocrx_word' id='word_1_434' title='bbox 1581 1567 1684 1595; x_wconf 69' lang='lat' dir='ltr'><strong>Graecis</strong></span> <span class='ocrx_word' id='word_1_435' title='bbox 1706 1574 1755 1594; x_wconf 80' lang='lat' dir='ltr'><strong>ex-</strong></span> 
     </span>
    </p>
   </div>
   <div class='ocr_carea' id='block_1_57' title="bbox 142 1613 237 1641">
    <p class='ocr_par' dir='ltr' id='par_1_57' title="bbox 142 1613 237 1641">
     <span class='ocr_line' id='line_1_57' title="bbox 142 1613 237 1641; baseline 0.021 -2"><span class='ocrx_word' id='word_1_436' title='bbox 142 1613 237 1641; x_wconf 88' lang='lat' dir='ltr'><strong>torsit.</strong></span> 
     </span>
    </p>
   </div>
   <div class='ocr_carea' id='block_1_58' title="bbox 177 1658 925 1698">
    <p class='ocr_par' dir='ltr' id='par_1_58' title="bbox 177 1661 922 1697">
     <span class='ocr_line' id='line_1_58' title="bbox 177 1661 922 1697; baseline 0.003 -10"><span class='ocrx_word' id='word_1_437' title='bbox 177 1661 246 1688; x_wconf 85' lang='lat' dir='ltr'><strong>Cum</strong></span> <span class='ocrx_word' id='word_1_438' title='bbox 262 1665 353 1689; x_wconf 85' lang='lat' dir='ltr'><strong>autem</strong></span> <span class='ocrx_word' id='word_1_439' title='bbox 371 1662 440 1689; x_wconf 87' lang='lat' dir='ltr'><strong>fama</strong></span> <span class='ocrx_word' id='word_1_440' title='bbox 455 1662 575 1689; x_wconf 86' lang='lat' dir='ltr'><strong>nominis</strong></span> <span class='ocrx_word' id='word_1_441' title='bbox 593 1662 633 1690; x_wconf 93' lang='lat' dir='ltr'><strong>sui</strong></span> <span class='ocrx_word' id='word_1_442' title='bbox 652 1662 777 1697; x_wconf 79' lang='lat' dir='ltr'><strong>regiones</strong></span> <span class='ocrx_word' id='word_1_443' title='bbox 790 1662 922 1697; x_wconf 84' lang='lat' dir='ltr'><strong>plurimas</strong></span> 
     </span>
    </p>
   </div>
   <div class='ocr_carea' id='block_1_59' title="bbox 977 1658 1757 1698">
    <p class='ocr_par' dir='ltr' id='par_1_59' title="bbox 1009 1658 1757 1698">
     <span class='ocr_line' id='line_1_59' title="bbox 1009 1658 1757 1698; baseline 0.003 -12"><span class='ocrx_word' id='word_1_444' title='bbox 1009 1658 1065 1686; x_wconf 78' lang='grc' dir='ltr'><strong>Καὶ</strong></span> <span class='ocrx_word' id='word_1_445' title='bbox 1081 1658 1136 1685; x_wconf 79' lang='grc' dir='ltr'><strong>ἀπὸ</strong></span> <span class='ocrx_word' id='word_1_446' title='bbox 1150 1658 1245 1685; x_wconf 78' lang='grc' dir='ltr'>τούτου</span> <span class='ocrx_word' id='word_1_447' title='bbox 1262 1659 1440 1694; x_wconf 76' lang='grc' dir='ltr'>ὁρμωμένους</span> <span class='ocrx_word' id='word_1_448' title='bbox 1459 1660 1584 1698; x_wconf 72' lang='grc' dir='ltr'><strong>ἐπιπολὺ,</strong></span> <span class='ocrx_word' id='word_1_449' title='bbox 1601 1661 1757 1693; x_wconf 73' lang='grc' dir='ltr'><strong>ἐπεξελθεῖν</strong></span> 
     </span>
    </p>
   </div>
   <div class='ocr_carea' id='block_1_60' title="bbox 143 1708 924 1743">
    <p class='ocr_par' dir='ltr' id='par_1_60' title="bbox 143 1708 924 1743">
     <span class='ocr_line' id='line_1_60' title="bbox 143 1708 924 1743; baseline 0 -9"><span class='ocrx_word' id='word_1_450' title='bbox 143 1708 322 1743; x_wconf 79' lang='lat' dir='ltr'><strong>implevisset,</strong></span> <span class='ocrx_word' id='word_1_451' title='bbox 337 1709 419 1736; x_wconf 84' lang='lat' dir='ltr'><strong>etiam</strong></span> <span class='ocrx_word' id='word_1_452' title='bbox 449 1708 520 1742; x_wconf 92' lang='lat' dir='ltr'><strong>apud</strong></span> <span class='ocrx_word' id='word_1_453' title='bbox 541 1709 683 1736; x_wconf 85' lang='lat' dir='ltr'><strong>Aladinam</strong></span> <span class='ocrx_word' id='word_1_454' title='bbox 701 1708 820 1735; x_wconf 82' lang='lat' dir='ltr'><strong>maxima</strong></span> <span class='ocrx_word' id='word_1_455' title='bbox 840 1708 924 1742; x_wconf 76' lang='lat' dir='ltr'><strong>gloria</strong></span> 
     </span>
    </p>
   </div>
   <div class='ocr_carea' id='block_1_61' title="bbox 142 1754 926 1790">
    <p class='ocr_par' dir='ltr' id='par_1_61' title="bbox 142 1754 926 1790">
     <span class='ocr_line' id='line_1_61' title="bbox 142 1754 926 1790; baseline 0 -10"><span class='ocrx_word' id='word_1_456' title='bbox 142 1754 240 1788; x_wconf 77' lang='lat' dir='ltr'><strong>viguit,</strong></span> <span class='ocrx_word' id='word_1_457' title='bbox 255 1760 363 1782; x_wconf 87' lang='lat' dir='ltr'><strong>creatus</strong></span> <span class='ocrx_word' id='word_1_458' title='bbox 378 1755 411 1782; x_wconf 89' lang='lat' dir='ltr'><strong>ah</strong></span> <span class='ocrx_word' id='word_1_459' title='bbox 425 1756 485 1790; x_wconf 88' lang='lat' dir='ltr'><strong>ipso</strong></span> <span class='ocrx_word' id='word_1_460' title='bbox 500 1755 566 1787; x_wconf 77' lang='lat' dir='ltr'><strong>dux,</strong></span> <span class='ocrx_word' id='word_1_461' title='bbox 582 1763 643 1782; x_wconf 89' lang='lat' dir='ltr'><strong>eum</strong></span> <span class='ocrx_word' id='word_1_462' title='bbox 659 1755 780 1790; x_wconf 85' lang='lat' dir='ltr'><strong>undique</strong></span> <span class='ocrx_word' id='word_1_463' title='bbox 790 1754 926 1789; x_wconf 67' lang='lat' dir='ltr'><strong>praeclaris</strong></span> 
     </span>
    </p>
   </div>
   <div class='ocr_carea' id='block_1_62' title="bbox 143 1799 926 1835">
    <p class='ocr_par' dir='ltr' id='par_1_62' title="bbox 143 1799 926 1835">
     <span class='ocr_line' id='line_1_62' title="bbox 143 1799 926 1835; baseline -0.001 -8"><span class='ocrx_word' id='word_1_464' title='bbox 143 1799 224 1827; x_wconf 82' lang='lat' dir='ltr'><strong>editis</strong></span> <span class='ocrx_word' id='word_1_465' title='bbox 242 1799 412 1827; x_wconf 67' lang='lat' dir='ltr'><strong>facinoribus</strong></span> <span class='ocrx_word' id='word_1_466' title='bbox 436 1808 481 1828; x_wconf 87' lang='lat' dir='ltr'><strong>res</strong></span> <span class='ocrx_word' id='word_1_467' title='bbox 500 1800 606 1827; x_wconf 85' lang='lat' dir='ltr'><strong>fortiter</strong></span> <span class='ocrx_word' id='word_1_468' title='bbox 625 1801 765 1835; x_wconf 77' lang='lat' dir='ltr'><strong>gessisset.</strong></span> <span class='ocrx_word' id='word_1_469' title='bbox 794 1799 926 1827; x_wconf 83' lang='lat' dir='ltr'><strong>Defuncto</strong></span> 
     </span>
    </p>
   </div>
   <div class='ocr_carea' id='block_1_63' title="bbox 143 1847 926 1884">
    <p class='ocr_par' dir='ltr' id='par_1_63' title="bbox 143 1847 926 1884">
     <span class='ocr_line' id='line_1_63' title="bbox 143 1847 926 1884; baseline 0.001 -10"><span class='ocrx_word' id='word_1_470' title='bbox 143 1854 208 1882; x_wconf 73' lang='lat' dir='ltr'><strong>rege</strong></span> <span class='ocrx_word' id='word_1_471' title='bbox 241 1847 368 1879; x_wconf 75' lang='lat' dir='ltr'><strong>Aladina,</strong></span> <span class='ocrx_word' id='word_1_472' title='bbox 401 1847 540 1875; x_wconf 78' lang='lat' dir='ltr'><strong>discordia</strong></span> <span class='ocrx_word' id='word_1_473' title='bbox 577 1848 648 1875; x_wconf 74' lang='lat' dir='ltr'><strong>inter</strong></span> <span class='ocrx_word' id='word_1_474' title='bbox 677 1848 753 1884; x_wconf 71' lang='lat' dir='ltr'><strong>regni</strong></span> <span class='ocrx_word' id='word_1_475' title='bbox 781 1848 926 1882; x_wconf 85' lang='lat' dir='ltr'><strong>optimates</strong></span> 
     </span>
    </p>
   </div>
   <div class='ocr_carea' id='block_1_64' title="bbox 143 1893 926 1929">
    <p class='ocr_par' dir='ltr' id='par_1_64' title="bbox 143 1893 926 1929">
     <span class='ocr_line' id='line_1_64' title="bbox 143 1893 926 1929; baseline 0 -8"><span class='ocrx_word' id='word_1_476' title='bbox 143 1899 237 1921; x_wconf 74' lang='lat' dir='ltr'><strong>exorta</strong></span> <span class='ocrx_word' id='word_1_477' title='bbox 262 1898 314 1921; x_wconf 88' lang='lat' dir='ltr'><strong>est.</strong></span> <span class='ocrx_word' id='word_1_478' title='bbox 342 1893 511 1929; x_wconf 78' lang='lat' dir='ltr'><strong>Orthogulus</strong></span> <span class='ocrx_word' id='word_1_479' title='bbox 537 1895 677 1922; x_wconf 84' lang='lat' dir='ltr'><strong>adhibitus</strong></span> <span class='ocrx_word' id='word_1_480' title='bbox 694 1895 721 1922; x_wconf 93' lang='lat' dir='ltr'><strong>in</strong></span> <span class='ocrx_word' id='word_1_481' title='bbox 746 1894 926 1928; x_wconf 82' lang='lat' dir='ltr'><strong>colloquium,</strong></span> 
     </span>
    </p>
   </div>
   <div class='ocr_carea' id='block_1_65' title="bbox 144 1939 927 1974">
    <p class='ocr_par' dir='ltr' id='par_1_65' title="bbox 144 1939 927 1974">
     <span class='ocr_line' id='line_1_65' title="bbox 144 1939 927 1974; baseline 0 -7"><span class='ocrx_word' id='word_1_482' title='bbox 144 1947 208 1967; x_wconf 82' lang='lat' dir='ltr'><strong>cum</strong></span> <span class='ocrx_word' id='word_1_483' title='bbox 227 1940 342 1967; x_wconf 87' lang='lat' dir='ltr'><strong>multum</strong></span> <span class='ocrx_word' id='word_1_484' title='bbox 367 1940 497 1974; x_wconf 83' lang='lat' dir='ltr'><strong>temporis</strong></span> <span class='ocrx_word' id='word_1_485' title='bbox 525 1939 700 1967; x_wconf 86' lang='lat' dir='ltr'><strong>deliberando</strong></span> <span class='ocrx_word' id='word_1_486' title='bbox 717 1944 791 1968; x_wconf 83' lang='lat' dir='ltr'><strong>esset</strong></span> <span class='ocrx_word' id='word_1_487' title='bbox 816 1940 927 1967; x_wconf 85' lang='lat' dir='ltr'><strong>absum-</strong></span> 
     </span>
    </p>
   </div>
   <div class='ocr_carea' id='block_1_66' title="bbox 144 1986 927 2022">
    <p class='ocr_par' dir='ltr' id='par_1_66' title="bbox 144 1986 927 2022">
     <span class='ocr_line' id='line_1_66' title="bbox 144 1986 927 2022; baseline 0 -10"><span class='ocrx_word' id='word_1_488' title='bbox 144 1990 232 2021; x_wconf 82' lang='lat' dir='ltr'><strong>ptum,</strong></span> <span class='ocrx_word' id='word_1_489' title='bbox 260 1986 369 2014; x_wconf 81' lang='lat' dir='ltr'><strong>tandem</strong></span> <span class='ocrx_word' id='word_1_490' title='bbox 394 1986 450 2014; x_wconf 84' lang='lat' dir='ltr'><strong>icto</strong></span> <span class='ocrx_word' id='word_1_491' title='bbox 479 1986 580 2014; x_wconf 71' lang='lat' dir='ltr'><strong>ftedere</strong></span> <span class='ocrx_word' id='word_1_492' title='bbox 605 1987 740 2021; x_wconf 81' lang='lat' dir='ltr'><strong>promisit,</strong></span> <span class='ocrx_word' id='word_1_493' title='bbox 766 1995 796 2014; x_wconf 89' lang='lat' dir='ltr'><strong>se</strong></span> <span class='ocrx_word' id='word_1_494' title='bbox 818 1987 886 2022; x_wconf 79' lang='lat' dir='ltr'><strong>ipsis</strong></span> <span class='ocrx_word' id='word_1_495' title='bbox 901 1989 927 2013; x_wconf 90' lang='lat' dir='ltr'><strong>el.</strong></span> 
     </span>
    </p>
   </div>
   <div class='ocr_carea' id='block_1_67' title="bbox 142 2032 926 2068">
    <p class='ocr_par' dir='ltr' id='par_1_67' title="bbox 142 2032 926 2068">
     <span class='ocr_line' id='line_1_67' title="bbox 142 2032 926 2068; baseline -0.003 -7"><span class='ocrx_word' id='word_1_496' title='bbox 142 2033 250 2061; x_wconf 83' lang='lat' dir='ltr'><strong>socium</strong></span> <span class='ocrx_word' id='word_1_497' title='bbox 277 2033 435 2060; x_wconf 76' lang='lat' dir='ltr'><strong>auxiliarem</strong></span> <span class='ocrx_word' id='word_1_498' title='bbox 458 2032 527 2064; x_wconf 87' lang='lat' dir='ltr'><strong>fore,</strong></span> <span class='ocrx_word' id='word_1_499' title='bbox 555 2041 718 2068; x_wconf 87' lang='lat' dir='ltr'><strong>quocunque</strong></span> <span class='ocrx_word' id='word_1_500' title='bbox 746 2034 773 2060; x_wconf 89' lang='lat' dir='ltr'><strong>in</strong></span> <span class='ocrx_word' id='word_1_501' title='bbox 802 2033 926 2060; x_wconf 87' lang='lat' dir='ltr'><strong>militiam</strong></span> 
     </span>
    </p>
   </div>
   <div class='ocr_carea' id='block_1_68' title="bbox 144 2079 928 2114">
    <p class='ocr_par' dir='ltr' id='par_1_68' title="bbox 144 2079 928 2114">
     <span class='ocr_line' id='line_1_68' title="bbox 144 2079 928 2114; baseline 0 -8"><span class='ocrx_word' id='word_1_502' title='bbox 144 2079 378 2114; x_wconf 79' lang='lat' dir='ltr'><strong>proﬁciscantur:</strong></span> <span class='ocrx_word' id='word_1_503' title='bbox 397 2079 449 2106; x_wconf 87' lang='lat' dir='ltr'><strong>hac</strong></span> <span class='ocrx_word' id='word_1_504' title='bbox 476 2083 565 2107; x_wconf 88' lang='lat' dir='ltr'><strong>tamen</strong></span> <span class='ocrx_word' id='word_1_505' title='bbox 587 2080 755 2111; x_wconf 85' lang='lat' dir='ltr'><strong>conditione,</strong></span> <span class='ocrx_word' id='word_1_506' title='bbox 784 2083 815 2106; x_wconf 82' lang='lat' dir='ltr'><strong>ut</strong></span> <span class='ocrx_word' id='word_1_507' title='bbox 844 2087 928 2113; x_wconf 86' lang='lat' dir='ltr'><strong>quas-</strong></span> 
     </span>
    </p>
   </div>
   <div class='ocr_carea' id='block_1_69' title="bbox 144 2125 927 2161">
    <p class='ocr_par' dir='ltr' id='par_1_69' title="bbox 144 2125 927 2161">
     <span class='ocr_line' id='line_1_69' title="bbox 144 2125 927 2161; baseline 0.001 -9"><span class='ocrx_word' id='word_1_508' title='bbox 144 2133 254 2160; x_wconf 84' lang='lat' dir='ltr'><strong>cunque</strong></span> <span class='ocrx_word' id='word_1_509' title='bbox 269 2125 405 2161; x_wconf 74' lang='lat' dir='ltr'><strong>regiones,</strong></span> <span class='ocrx_word' id='word_1_510' title='bbox 433 2126 589 2161; x_wconf 86' lang='lat' dir='ltr'><strong>conjunctis</strong></span> <span class='ocrx_word' id='word_1_511' title='bbox 614 2126 712 2160; x_wconf 82' lang='lat' dir='ltr'><strong>eopiis,</strong></span> <span class='ocrx_word' id='word_1_512' title='bbox 740 2133 790 2152; x_wconf 86' lang='lat' dir='ltr'><strong>suo</strong></span> <span class='ocrx_word' id='word_1_513' title='bbox 814 2126 927 2160; x_wconf 89' lang='lat' dir='ltr'><strong>imperio</strong></span> 
     </span>
    </p>
   </div>
   <div class='ocr_carea' id='block_1_70' title="bbox 144 2170 926 2206">
    <p class='ocr_par' dir='ltr' id='par_1_70' title="bbox 144 2170 926 2206">
     <span class='ocr_line' id='line_1_70' title="bbox 144 2170 926 2206; baseline -0.003 -8"><span class='ocrx_word' id='word_1_514' title='bbox 144 2171 331 2206; x_wconf 82' lang='lat' dir='ltr'><strong>adjunxerint,</strong></span> <span class='ocrx_word' id='word_1_515' title='bbox 366 2179 413 2198; x_wconf 89' lang='lat' dir='ltr'><strong>eas</strong></span> <span class='ocrx_word' id='word_1_516' title='bbox 442 2171 513 2199; x_wconf 89' lang='lat' dir='ltr'><strong>inter</strong></span> <span class='ocrx_word' id='word_1_517' title='bbox 542 2179 602 2199; x_wconf 87' lang='lat' dir='ltr'><strong>sese</strong></span> <span class='ocrx_word' id='word_1_518' title='bbox 630 2171 725 2205; x_wconf 86' lang='lat' dir='ltr'><strong>partiri</strong></span> <span class='ocrx_word' id='word_1_519' title='bbox 737 2170 830 2198; x_wconf 72' lang='lat' dir='ltr'><strong>velint.</strong></span> <span class='ocrx_word' id='word_1_520' title='bbox 858 2170 926 2197; x_wconf 90' lang='lat' dir='ltr'><strong>Cum</strong></span> 
     </span>
    </p>
   </div>
   <div class='ocr_carea' id='block_1_71' title="bbox 146 2216 926 2253">
    <p class='ocr_par' dir='ltr' id='par_1_71' title="bbox 146 2216 926 2253">
     <span class='ocr_line' id='line_1_71' title="bbox 146 2216 926 2253; baseline -0.001 -9"><span class='ocrx_word' id='word_1_521' title='bbox 146 2219 240 2253; x_wconf 80' lang='lat' dir='ltr'><strong>igitur,</strong></span> <span class='ocrx_word' id='word_1_522' title='bbox 265 2222 296 2244; x_wconf 88' lang='lat' dir='ltr'><strong>ut</strong></span> <span class='ocrx_word' id='word_1_523' title='bbox 318 2217 419 2245; x_wconf 66' lang='lat' dir='ltr'><strong>ledere</strong></span> <span class='ocrx_word' id='word_1_524' title='bbox 449 2217 602 2250; x_wconf 83' lang='lat' dir='ltr'><strong>tenebatur,</strong></span> <span class='ocrx_word' id='word_1_525' title='bbox 633 2216 771 2245; x_wconf 89' lang='lat' dir='ltr'><strong>communi</strong></span> <span class='ocrx_word' id='word_1_526' title='bbox 789 2223 926 2243; x_wconf 86' lang='lat' dir='ltr'><strong>consensu</strong></span> 
     </span>
    </p>
   </div>
   <div class='ocr_carea' id='block_1_72' title="bbox 145 2263 926 2298">
    <p class='ocr_par' dir='ltr' id='par_1_72' title="bbox 145 2263 926 2298">
     <span class='ocr_line' id='line_1_72' title="bbox 145 2263 926 2298; baseline -0.001 -8"><span class='ocrx_word' id='word_1_527' title='bbox 145 2264 305 2298; x_wconf 86' lang='lat' dir='ltr'><strong>viribusque</strong></span> <span class='ocrx_word' id='word_1_528' title='bbox 321 2263 515 2291; x_wconf 87' lang='lat' dir='ltr'><strong>communibus</strong></span> <span class='ocrx_word' id='word_1_529' title='bbox 530 2263 600 2290; x_wconf 86' lang='lat' dir='ltr'><strong>bella</strong></span> <span class='ocrx_word' id='word_1_530' title='bbox 613 2263 836 2297; x_wconf 76' lang='lat' dir='ltr'><strong>aggrederentur,</strong></span> <span class='ocrx_word' id='word_1_531' title='bbox 853 2266 926 2289; x_wconf 85' lang='lat' dir='ltr'><strong>tanta</strong></span> 
     </span>
    </p>
   </div>
   <div class='ocr_carea' id='block_1_73' title="bbox 146 2304 928 2344">
    <p class='ocr_par' dir='ltr' id='par_1_73' title="bbox 146 2304 928 2344">
     <span class='ocr_line' id='line_1_73' title="bbox 146 2304 928 2344; baseline -0.005 -9"><span class='ocrx_word' id='word_1_532' title='bbox 146 2309 233 2344; x_wconf 85' lang='lat' dir='ltr'><strong>ipsius</strong></span> <span class='ocrx_word' id='word_1_533' title='bbox 251 2309 322 2335; x_wconf 85' lang='lat' dir='ltr'><strong>inter</strong></span> <span class='ocrx_word' id='word_1_534' title='bbox 341 2315 437 2335; x_wconf 88' lang='lat' dir='ltr'><strong>omnes</strong></span> <span class='ocrx_word' id='word_1_535' title='bbox 453 2308 542 2334; x_wconf 89' lang='lat' dir='ltr'><strong>virtus</strong></span> <span class='ocrx_word' id='word_1_536' title='bbox 557 2306 680 2338; x_wconf 84' lang='lat' dir='ltr'><strong>emicuit,</strong></span> <span class='ocrx_word' id='word_1_537' title='bbox 709 2309 740 2332; x_wconf 88' lang='lat' dir='ltr'><strong>ut.</strong></span> <span class='ocrx_word' id='word_1_538' title='bbox 753 2305 827 2332; x_wconf 75' lang='lat' dir='ltr'><strong>brevi</strong></span> <span class='ocrx_word' id='word_1_539' title='bbox 842 2304 928 2340; x_wconf 91' lang='lat' dir='ltr'><strong>pluri-</strong></span> 
     </span>
    </p>
   </div>
   <div class='ocr_carea' id='block_1_74' title="bbox 145 2342 964 2388">
    <p class='ocr_par' dir='ltr' id='par_1_74' title="bbox 145 2342 964 2388">
     <span class='ocr_line' id='line_1_74' title="bbox 145 2342 964 2388; baseline -0.005 -8"><span class='ocrx_word' id='word_1_540' title='bbox 145 2342 205 2381; x_wconf 76' lang='lat' dir='ltr'><strong>mas</strong></span> <span class='ocrx_word' id='word_1_541' title='bbox 217 2361 283 2388; x_wconf 86' lang='lat' dir='ltr'><strong>opes</strong></span> <span class='ocrx_word' id='word_1_542' title='bbox 297 2353 464 2388; x_wconf 82' lang='lat' dir='ltr'><strong>acquireret,</strong></span> <span class='ocrx_word' id='word_1_543' title='bbox 478 2359 647 2387; x_wconf 74' lang='lat' dir='ltr'><strong>regnumque</strong></span> <span class='ocrx_word' id='word_1_544' title='bbox 659 2350 710 2379; x_wconf 88' lang='lat' dir='ltr'><strong>sibi</strong></span> <span class='ocrx_word' id='word_1_545' title='bbox 727 2354 834 2385; x_wconf 83' lang='lat' dir='ltr'><strong>pararet</strong></span> <span class='ocrx_word' id='word_1_546' title='bbox 852 2349 926 2377; x_wconf 88' lang='lat' dir='ltr'><strong>haud</strong></span> <span class='ocrx_word' id='word_1_547' title='bbox 941 2342 964 2370; x_wconf 77' lang='grc'><strong>1)</strong></span> 
     </span>
    </p>
   </div>
   <div class='ocr_carea' id='block_1_75' title="bbox 145 2397 929 2435">
    <p class='ocr_par' dir='ltr' id='par_1_75' title="bbox 145 2397 929 2435">
     <span class='ocr_line' id='line_1_75' title="bbox 145 2397 929 2435; baseline -0.006 -8"><span class='ocrx_word' id='word_1_548' title='bbox 145 2399 360 2435; x_wconf 85' lang='lat' dir='ltr'><strong>aspernandum.</strong></span> <span class='ocrx_word' id='word_1_549' title='bbox 376 2398 408 2425; x_wconf 79' lang='lat' dir='ltr'><strong>Hi</strong></span> <span class='ocrx_word' id='word_1_550' title='bbox 422 2402 512 2425; x_wconf 89' lang='lat' dir='ltr'><strong>autem</strong></span> <span class='ocrx_word' id='word_1_551' title='bbox 529 2406 590 2425; x_wconf 90' lang='lat' dir='ltr'><strong>cum</strong></span> <span class='ocrx_word' id='word_1_552' title='bbox 607 2397 694 2424; x_wconf 87' lang='lat' dir='ltr'><strong>forent</strong></span> <span class='ocrx_word' id='word_1_553' title='bbox 718 2397 801 2424; x_wconf 85' lang='lat' dir='ltr'><strong>duces</strong></span> <span class='ocrx_word' id='word_1_554' title='bbox 816 2403 929 2423; x_wconf 87' lang='lat' dir='ltr'><strong>numero</strong></span> 
     </span>
    </p>
   </div>
   <div class='ocr_carea' id='block_1_76' title="bbox 145 2444 930 2482">
    <p class='ocr_par' dir='ltr' id='par_1_76' title="bbox 145 2444 930 2482">
     <span class='ocr_line' id='line_1_76' title="bbox 145 2444 930 2482; baseline -0.005 -8"><span class='ocrx_word' id='word_1_555' title='bbox 145 2452 261 2482; x_wconf 80' lang='lat' dir='ltr'><strong>septem,</strong></span> <span class='ocrx_word' id='word_1_556' title='bbox 286 2447 365 2474; x_wconf 87' lang='lat' dir='ltr'><strong>initio</strong></span> <span class='ocrx_word' id='word_1_557' title='bbox 381 2447 531 2481; x_wconf 71' lang='lat' dir='ltr'><strong>regionem,</strong></span> <span class='ocrx_word' id='word_1_558' title='bbox 550 2453 631 2480; x_wconf 89' lang='lat' dir='ltr'><strong>quam</strong></span> <span class='ocrx_word' id='word_1_559' title='bbox 653 2449 710 2471; x_wconf 88' lang='lat' dir='ltr'><strong>tum</strong></span> <span class='ocrx_word' id='word_1_560' title='bbox 729 2444 813 2472; x_wconf 84' lang='lat' dir='ltr'><strong>armis</strong></span> <span class='ocrx_word' id='word_1_561' title='bbox 838 2444 930 2479; x_wconf 78' lang='lat' dir='ltr'><strong>subje-</strong></span> 
     </span>
    </p>
   </div>
   <div class='ocr_carea' id='block_1_77' title="bbox 147 2489 927 2525">
    <p class='ocr_par' dir='ltr' id='par_1_77' title="bbox 147 2489 927 2525">
     <span class='ocr_line' id='line_1_77' title="bbox 147 2489 927 2525; baseline -0.008 -5"><span class='ocrx_word' id='word_1_562' title='bbox 147 2498 255 2525; x_wconf 83' lang='lat' dir='ltr'><strong>cerant,</strong></span> <span class='ocrx_word' id='word_1_563' title='bbox 274 2493 346 2520; x_wconf 84' lang='lat' dir='ltr'><strong>inter</strong></span> <span class='ocrx_word' id='word_1_564' title='bbox 362 2499 423 2520; x_wconf 86' lang='lat' dir='ltr'><strong>sese</strong></span> <span class='ocrx_word' id='word_1_565' title='bbox 439 2491 589 2518; x_wconf 86' lang='lat' dir='ltr'><strong>diviserunt</strong></span> <span class='ocrx_word' id='word_1_566' title='bbox 607 2499 614 2518; x_wconf 87' lang='lat'><strong>:</strong></span> <span class='ocrx_word' id='word_1_567' title='bbox 640 2494 734 2525; x_wconf 86' lang='lat' dir='ltr'><strong>postea</strong></span> <span class='ocrx_word' id='word_1_568' title='bbox 754 2489 927 2524; x_wconf 88' lang='lat' dir='ltr'><strong>partitionem</strong></span> 
     </span>
    </p>
   </div>
   <div class='ocr_carea' id='block_1_78' title="bbox 146 2535 928 2570">
    <p class='ocr_par' dir='ltr' id='par_1_78' title="bbox 146 2535 928 2570">
     <span class='ocr_line' id='line_1_78' title="bbox 146 2535 928 2570; baseline -0.006 -4"><span class='ocrx_word' id='word_1_569' title='bbox 146 2540 213 2566; x_wconf 79' lang='lat' dir='ltr'><strong>sorti</strong></span> <span class='ocrx_word' id='word_1_570' title='bbox 232 2539 447 2568; x_wconf 85' lang='lat' dir='ltr'><strong>committentes.</strong></span> <span class='ocrx_word' id='word_1_571' title='bbox 465 2537 618 2564; x_wconf 85' lang='lat' dir='ltr'><strong>Caramano</strong></span> <span class='ocrx_word' id='word_1_572' title='bbox 634 2535 768 2570; x_wconf 79' lang='lat' dir='ltr'><strong>obtigisse</strong></span> <span class='ocrx_word' id='word_1_573' title='bbox 795 2535 928 2562; x_wconf 87' lang='lat' dir='ltr'><strong>mediter-</strong></span> 
     </span>
    </p>
   </div>
   <div class='ocr_carea' id='block_1_79' title="bbox 143 2581 926 2620">
    <p class='ocr_par' dir='ltr' id='par_1_79' title="bbox 143 2581 926 2620">
     <span class='ocr_line' id='line_1_79' title="bbox 143 2581 926 2620; baseline -0.008 -7"><span class='ocrx_word' id='word_1_574' title='bbox 143 2593 255 2613; x_wconf 78' lang='lat' dir='ltr'><strong>raneam</strong></span> <span class='ocrx_word' id='word_1_575' title='bbox 267 2584 401 2620; x_wconf 66' lang='lat' dir='ltr'><strong>Phrygiae,</strong></span> <span class='ocrx_word' id='word_1_576' title='bbox 415 2583 540 2610; x_wconf 90' lang='lat' dir='ltr'><strong>Ciliciam</strong></span> <span class='ocrx_word' id='word_1_577' title='bbox 553 2589 651 2617; x_wconf 86' lang='lat' dir='ltr'><strong>usque.</strong></span> <span class='ocrx_word' id='word_1_578' title='bbox 664 2586 690 2609; x_wconf 90' lang='lat' dir='ltr'><strong>et</strong></span> <span class='ocrx_word' id='word_1_579' title='bbox 702 2581 926 2616; x_wconf 79' lang='lat' dir='ltr'><strong>Philadelphiam.</strong></span> 
     </span>
    </p>
   </div>
   <div class='ocr_carea' id='block_1_80' title="bbox 145 2628 927 2663">
    <p class='ocr_par' dir='ltr' id='par_1_80' title="bbox 145 2628 927 2663">
     <span class='ocr_line' id='line_1_80' title="bbox 145 2628 927 2663; baseline -0.006 -4"><span class='ocrx_word' id='word_1_580' title='bbox 145 2631 279 2659; x_wconf 83' lang='lat' dir='ltr'><strong>Sarchani</strong></span> <span class='ocrx_word' id='word_1_581' title='bbox 295 2638 356 2658; x_wconf 83' lang='lat' dir='ltr'><strong>sors</strong></span> <span class='ocrx_word' id='word_1_582' title='bbox 371 2629 474 2657; x_wconf 85' lang='lat' dir='ltr'><strong>addixit</strong></span> <span class='ocrx_word' id='word_1_583' title='bbox 492 2629 656 2655; x_wconf 91' lang='lat' dir='ltr'><strong>maritimam</strong></span> <span class='ocrx_word' id='word_1_584' title='bbox 681 2628 764 2656; x_wconf 79' lang='lat' dir='ltr'><strong>lonize</strong></span> <span class='ocrx_word' id='word_1_585' title='bbox 779 2629 927 2663; x_wconf 78' lang='lat' dir='ltr'><strong>regionem,</strong></span> 
     </span>
    </p>
   </div>
   <div class='ocr_carea' id='block_1_81' title="bbox 145 2673 927 2713">
    <p class='ocr_par' dir='ltr' id='par_1_81' title="bbox 145 2673 927 2713">
     <span class='ocr_line' id='line_1_81' title="bbox 145 2673 927 2713; baseline -0.006 -8"><span class='ocrx_word' id='word_1_586' title='bbox 145 2687 200 2713; x_wconf 86' lang='lat' dir='ltr'><strong>qua</strong></span> <span class='ocrx_word' id='word_1_587' title='bbox 216 2677 361 2713; x_wconf 86' lang='lat' dir='ltr'><strong>Smyrnam</strong></span> <span class='ocrx_word' id='word_1_588' title='bbox 377 2683 464 2710; x_wconf 85' lang='lat' dir='ltr'><strong>usque</strong></span> <span class='ocrx_word' id='word_1_589' title='bbox 477 2678 561 2710; x_wconf 88' lang='lat' dir='ltr'><strong>patet.</strong></span> <span class='ocrx_word' id='word_1_590' title='bbox 575 2674 660 2710; x_wconf 78' lang='lat' dir='ltr'><strong>Lydia</strong></span> <span class='ocrx_word' id='word_1_591' title='bbox 671 2682 756 2709; x_wconf 85' lang='lat' dir='ltr'><strong>usque</strong></span> <span class='ocrx_word' id='word_1_592' title='bbox 768 2674 801 2700; x_wconf 88' lang='lat' dir='ltr'><strong>ad</strong></span> <span class='ocrx_word' id='word_1_593' title='bbox 814 2673 927 2708; x_wconf 79' lang='lat' dir='ltr'><strong>Mysiam</strong></span> 
     </span>
    </p>
   </div>
   <div class='ocr_carea' id='block_1_82' title="bbox 144 2720 929 2756">
    <p class='ocr_par' dir='ltr' id='par_1_82' title="bbox 144 2720 929 2756">
     <span class='ocr_line' id='line_1_82' title="bbox 144 2720 929 2756; baseline -0.009 -4"><span class='ocrx_word' id='word_1_594' title='bbox 144 2724 255 2752; x_wconf 87' lang='lat' dir='ltr'><strong>obvenit</strong></span> <span class='ocrx_word' id='word_1_595' title='bbox 269 2723 384 2756; x_wconf 85' lang='lat' dir='ltr'><strong>Calami,</strong></span> <span class='ocrx_word' id='word_1_596' title='bbox 400 2726 427 2750; x_wconf 90' lang='lat' dir='ltr'><strong>et</strong></span> <span class='ocrx_word' id='word_1_597' title='bbox 439 2721 494 2749; x_wconf 84' lang='lat' dir='ltr'><strong>ﬁlio</strong></span> <span class='ocrx_word' id='word_1_598' title='bbox 511 2729 561 2749; x_wconf 88' lang='lat' dir='ltr'><strong>suo</strong></span> <span class='ocrx_word' id='word_1_599' title='bbox 575 2720 681 2749; x_wconf 86' lang='lat' dir='ltr'><strong>Carasi.</strong></span> <span class='ocrx_word' id='word_1_600' title='bbox 707 2720 861 2755; x_wconf 69' lang='lat' dir='ltr'><strong>Bithyniam</strong></span> <span class='ocrx_word' id='word_1_601' title='bbox 878 2726 929 2746; x_wconf 88' lang='lat' dir='ltr'><strong>au-</strong></span> 
     </span>
    </p>
   </div>
   <div class='ocr_carea' id='block_1_83' title="bbox 976 1704 1758 1741">
    <p class='ocr_par' dir='ltr' id='par_1_83' title="bbox 976 1704 1758 1741">
     <span class='ocr_line' id='line_1_83' title="bbox 976 1704 1758 1741; baseline 0.004 -10"><span class='ocrx_word' id='word_1_602' title='bbox 976 1714 1005 1731; x_wconf 82' lang='grc' dir='ltr'><strong>τε</strong></span> <span class='ocrx_word' id='word_1_603' title='bbox 1021 1705 1084 1736; x_wconf 77' lang='grc' dir='ltr'>τοὺς</span> <span class='ocrx_word' id='word_1_604' title='bbox 1109 1704 1254 1739; x_wconf 78' lang='grc' dir='ltr'>Ἕλληνας,</span> <span class='ocrx_word' id='word_1_605' title='bbox 1280 1705 1327 1731; x_wconf 75' lang='grc' dir='ltr'>καὶ</span> <span class='ocrx_word' id='word_1_606' title='bbox 1351 1706 1426 1741; x_wconf 61' lang='grc' dir='ltr'>παρὰ</span> <span class='ocrx_word' id='word_1_607' title='bbox 1444 1706 1568 1741; x_wconf 75' lang='grc' dir='ltr'>’Δλαδίνῃ</span> <span class='ocrx_word' id='word_1_608' title='bbox 1583 1705 1613 1733; x_wconf 77' lang='grc' dir='ltr'>εὖ</span> <span class='ocrx_word' id='word_1_609' title='bbox 1629 1707 1701 1741; x_wconf 80' lang='grc' dir='ltr'>μάλα</span> <span class='ocrx_word' id='word_1_610' title='bbox 1713 1708 1758 1734; x_wconf 77' lang='grc' dir='ltr'><strong>εὑ-</strong></span> 
     </span>
    </p>
   </div>
   <div class='ocr_carea' id='block_1_84' title="bbox 977 1750 1758 1788">
    <p class='ocr_par' dir='ltr' id='par_1_84' title="bbox 977 1750 1758 1788">
     <span class='ocr_line' id='line_1_84' title="bbox 977 1750 1758 1788; baseline 0.009 -13"><span class='ocrx_word' id='word_1_611' title='bbox 977 1750 1153 1786; x_wconf 75' lang='grc' dir='ltr'>φημούμενον</span> <span class='ocrx_word' id='word_1_612' title='bbox 1171 1750 1242 1785; x_wconf 80' lang='grc' dir='ltr'>μέγα</span> <span class='ocrx_word' id='word_1_613' title='bbox 1266 1751 1458 1786; x_wconf 73' lang='grc' dir='ltr'>εὐδοκιμῆσαι,</span> <span class='ocrx_word' id='word_1_614' title='bbox 1478 1753 1523 1779; x_wconf 76' lang='grc' dir='ltr'><strong>ἐπὶ</strong></span> <span class='ocrx_word' id='word_1_615' title='bbox 1547 1754 1713 1788; x_wconf 73' lang='grc' dir='ltr'>στρατηγίας</span> <span class='ocrx_word' id='word_1_616' title='bbox 1727 1763 1758 1781; x_wconf 80' lang='grc' dir='ltr'><strong>τε</strong></span> 
     </span>
    </p>
   </div>
   <div class='ocr_carea' id='block_1_85' title="bbox 977 1797 1758 1834">
    <p class='ocr_par' dir='ltr' id='par_1_85' title="bbox 977 1797 1758 1834">
     <span class='ocr_line' id='line_1_85' title="bbox 977 1797 1758 1834; baseline 0.006 -11"><span class='ocrx_word' id='word_1_617' title='bbox 977 1797 1186 1832; x_wconf 66' lang='grc' dir='ltr'>καθιστάμενον.</span> <span class='ocrx_word' id='word_1_618' title='bbox 1201 1799 1249 1825; x_wconf 66' lang='grc' dir='ltr'>καὶ</span> <span class='ocrx_word' id='word_1_619' title='bbox 1266 1797 1332 1833; x_wconf 74' lang='grc' dir='ltr'>ἔργα</span> <span class='ocrx_word' id='word_1_620' title='bbox 1345 1799 1575 1834; x_wconf 71' lang='grc' dir='ltr'>ἀποδεικνύμενον</span> <span class='ocrx_word' id='word_1_621' title='bbox 1590 1800 1655 1832; x_wconf 79' lang='grc' dir='ltr'>ἄξια</span> <span class='ocrx_word' id='word_1_622' title='bbox 1667 1800 1758 1834; x_wconf 81' lang='grc' dir='ltr'>λόγου.</span> 
     </span>
    </p>
   </div>
   <div class='ocr_carea' id='block_1_86' title="bbox 977 1844 1761 1880">
    <p class='ocr_par' dir='ltr' id='par_1_86' title="bbox 977 1844 1761 1880">
     <span class='ocr_line' id='line_1_86' title="bbox 977 1844 1761 1880; baseline 0.006 -11"><span class='ocrx_word' id='word_1_623' title='bbox 977 1844 1195 1879; x_wconf 79' lang='grc' dir='ltr'>Τελευτήσαντος</span> <span class='ocrx_word' id='word_1_624' title='bbox 1221 1844 1249 1870; x_wconf 76' lang='grc' dir='ltr'><strong>δὲ</strong></span> <span class='ocrx_word' id='word_1_625' title='bbox 1280 1844 1425 1872; x_wconf 78' lang='grc' dir='ltr'>Ἀλαδίνεω</span> <span class='ocrx_word' id='word_1_626' title='bbox 1455 1845 1598 1880; x_wconf 79' lang='grc' dir='ltr'>βασιλέως,</span> <span class='ocrx_word' id='word_1_627' title='bbox 1626 1848 1674 1873; x_wconf 77' lang='grc' dir='ltr'>καὶ</span> <span class='ocrx_word' id='word_1_628' title='bbox 1705 1847 1761 1874; x_wconf 84' lang='grc' dir='ltr'>τῶν</span> 
     </span>
    </p>
   </div>
   <div class='ocr_carea' id='block_1_87' title="bbox 977 1890 1758 1928">
    <p class='ocr_par' dir='ltr' id='par_1_87' title="bbox 977 1890 1758 1928">
     <span class='ocr_line' id='line_1_87' title="bbox 977 1890 1758 1928; baseline 0.004 -11"><span class='ocrx_word' id='word_1_629' title='bbox 977 1891 1095 1925; x_wconf 74' lang='grc' dir='ltr'>ἀρίστων</span> <span class='ocrx_word' id='word_1_630' title='bbox 1110 1890 1192 1918; x_wconf 70' lang='grc' dir='ltr'>αὑτοῦ</span> <span class='ocrx_word' id='word_1_631' title='bbox 1217 1891 1245 1922; x_wconf 81' lang='grc' dir='ltr'>ἐς</span> <span class='ocrx_word' id='word_1_632' title='bbox 1270 1891 1403 1926; x_wconf 78' lang='grc' dir='ltr'>διαφορὰν</span> <span class='ocrx_word' id='word_1_633' title='bbox 1429 1892 1521 1926; x_wconf 80' lang='grc' dir='ltr'>σφίσιν</span> <span class='ocrx_word' id='word_1_634' title='bbox 1537 1893 1758 1928; x_wconf 71' lang='grc' dir='ltr'>ἀφικνουμένων,</span> 
     </span>
    </p>
   </div>
   <div class='ocr_carea' id='block_1_88' title="bbox 977 1936 1760 1972">
    <p class='ocr_par' dir='ltr' id='par_1_88' title="bbox 977 1936 1760 1972">
     <span class='ocr_line' id='line_1_88' title="bbox 977 1936 1760 1972; baseline 0.005 -10"><span class='ocrx_word' id='word_1_635' title='bbox 977 1937 1086 1970; x_wconf 84' lang='grc' dir='ltr'>λέγεται</span> <span class='ocrx_word' id='word_1_636' title='bbox 1107 1936 1253 1970; x_wconf 79' lang='grc' dir='ltr'>ἀφικέσθαι</span> <span class='ocrx_word' id='word_1_637' title='bbox 1275 1937 1304 1968; x_wconf 82' lang='grc' dir='ltr'>ἐς</span> <span class='ocrx_word' id='word_1_638' title='bbox 1325 1937 1421 1970; x_wconf 77' lang='grc' dir='ltr'>λόγους</span> <span class='ocrx_word' id='word_1_639' title='bbox 1443 1939 1546 1970; x_wconf 78' lang='grc' dir='ltr'>αὐτοῖς,</span> <span class='ocrx_word' id='word_1_640' title='bbox 1572 1940 1620 1965; x_wconf 73' lang='grc' dir='ltr'>καὶ</span> <span class='ocrx_word' id='word_1_641' title='bbox 1643 1940 1760 1972; x_wconf 79' lang='grc' dir='ltr'>ἐκείνοις</span> 
     </span>
    </p>
   </div>
   <div class='ocr_carea' id='block_1_89' title="bbox 976 1982 1758 2019">
    <p class='ocr_par' dir='ltr' id='par_1_89' title="bbox 976 1982 1758 2019">
     <span class='ocr_line' id='line_1_89' title="bbox 976 1982 1758 2019; baseline 0.006 -12"><span class='ocrx_word' id='word_1_642' title='bbox 976 1982 1112 2017; x_wconf 80' lang='grc' dir='ltr'>ἀλλήλοις,</span> <span class='ocrx_word' id='word_1_643' title='bbox 1145 1982 1303 2017; x_wconf 76' lang='grc' dir='ltr'>ξυμμαχίαν</span> <span class='ocrx_word' id='word_1_644' title='bbox 1330 1991 1360 2009; x_wconf 86' lang='grc' dir='ltr'><strong>τε</strong></span> <span class='ocrx_word' id='word_1_645' title='bbox 1387 1983 1435 2009; x_wconf 78' lang='grc' dir='ltr'>καὶ</span> <span class='ocrx_word' id='word_1_646' title='bbox 1458 1984 1609 2019; x_wconf 79' lang='grc' dir='ltr'>ὁμαιχμίαν</span> <span class='ocrx_word' id='word_1_647' title='bbox 1640 1986 1758 2017; x_wconf 73' lang='grc' dir='ltr'>ἐκείνοις</span> 
     </span>
    </p>
   </div>
   <div class='ocr_carea' id='block_1_90' title="bbox 978 2028 1758 2066">
    <p class='ocr_par' dir='ltr' id='par_1_90' title="bbox 978 2028 1758 2066">
     <span class='ocr_line' id='line_1_90' title="bbox 978 2028 1758 2066; baseline 0.006 -13"><span class='ocrx_word' id='word_1_648' title='bbox 978 2028 1151 2063; x_wconf 75' lang='grc' dir='ltr'>συνθέμενον,</span> <span class='ocrx_word' id='word_1_649' title='bbox 1178 2028 1314 2063; x_wconf 77' lang='grc' dir='ltr'>ξυμϐῆναι</span> <span class='ocrx_word' id='word_1_650' title='bbox 1340 2029 1433 2060; x_wconf 81' lang='grc' dir='ltr'>αὐτοῖς</span> <span class='ocrx_word' id='word_1_651' title='bbox 1456 2030 1536 2064; x_wconf 69' lang='grc' dir='ltr'>ὅρκια</span> <span class='ocrx_word' id='word_1_652' title='bbox 1562 2031 1758 2066; x_wconf 79' lang='grc' dir='ltr'>ποιησάμενον,</span> 
     </span>
    </p>
   </div>
   <div class='ocr_carea' id='block_1_91' title="bbox 977 2071 1761 2113">
    <p class='ocr_par' dir='ltr' id='par_1_91' title="bbox 977 2071 1761 2113">
     <span class='ocr_line' id='line_1_91' title="bbox 977 2071 1761 2113; baseline 0.006 -13"><span class='ocrx_word' id='word_1_653' title='bbox 977 2074 1020 2108; x_wconf 77' lang='grc' dir='ltr'><strong>ἐφ’</strong></span> <span class='ocrx_word' id='word_1_654' title='bbox 1037 2071 1059 2108; x_wconf 83' lang='grc' dir='ltr'>ᾧ</span> <span class='ocrx_word' id='word_1_655' title='bbox 1072 2075 1140 2103; x_wconf 62' lang='grc' dir='ltr'>ὁμοῦ</span> <span class='ocrx_word' id='word_1_656' title='bbox 1153 2075 1256 2106; x_wconf 79' lang='grc' dir='ltr'>πάντας</span> <span class='ocrx_word' id='word_1_657' title='bbox 1271 2076 1347 2110; x_wconf 80' lang='grc' dir='ltr'>κοινῇ</span> <span class='ocrx_word' id='word_1_658' title='bbox 1371 2075 1559 2111; x_wconf 76' lang='grc' dir='ltr'>συνδιαφέρειν</span> <span class='ocrx_word' id='word_1_659' title='bbox 1570 2077 1615 2104; x_wconf 77' lang='grc' dir='ltr'>τὸν</span> <span class='ocrx_word' id='word_1_660' title='bbox 1630 2079 1761 2113; x_wconf 81' lang='grc' dir='ltr'>πόλεμον,</span> 
     </span>
    </p>
   </div>
   <div class='ocr_carea' id='block_1_92' title="bbox 978 2120 1759 2157">
    <p class='ocr_par' dir='ltr' id='par_1_92' title="bbox 978 2120 1759 2157">
     <span class='ocr_line' id='line_1_92' title="bbox 978 2120 1759 2157; baseline 0.008 -11"><span class='ocrx_word' id='word_1_661' title='bbox 978 2120 1025 2146; x_wconf 78' lang='grc' dir='ltr'>καὶ</span> <span class='ocrx_word' id='word_1_662' title='bbox 1040 2121 1275 2155; x_wconf 69' lang='grc' dir='ltr'>καταστρέφεσθαι</span> <span class='ocrx_word' id='word_1_663' title='bbox 1286 2121 1334 2156; x_wconf 81' lang='grc' dir='ltr'>τὴν</span> <span class='ocrx_word' id='word_1_664' title='bbox 1345 2121 1448 2156; x_wconf 72' lang='grc' dir='ltr'>χώραν,</span> <span class='ocrx_word' id='word_1_665' title='bbox 1460 2123 1526 2157; x_wconf 84' lang='grc' dir='ltr'>ὅσην</span> <span class='ocrx_word' id='word_1_666' title='bbox 1538 2123 1562 2149; x_wconf 82' lang='grc' dir='ltr'><strong>δ’</strong></span> <span class='ocrx_word' id='word_1_667' title='bbox 1570 2123 1604 2150; x_wconf 84' lang='grc' dir='ltr'>ἂν</span> <span class='ocrx_word' id='word_1_668' title='bbox 1615 2123 1759 2156; x_wconf 76' lang='grc' dir='ltr'>δύνωνται,</span> 
     </span>
    </p>
   </div>
   <div class='ocr_carea' id='block_1_93' title="bbox 977 2166 1761 2203">
    <p class='ocr_par' dir='ltr' id='par_1_93' title="bbox 977 2166 1761 2203">
     <span class='ocr_line' id='line_1_93' title="bbox 977 2166 1761 2203; baseline 0.006 -10"><span class='ocrx_word' id='word_1_669' title='bbox 977 2166 1041 2201; x_wconf 76' lang='grc' dir='ltr'>ὅσην</span> <span class='ocrx_word' id='word_1_670' title='bbox 1056 2166 1079 2192; x_wconf 79' lang='grc' dir='ltr'><strong>δ’</strong></span> <span class='ocrx_word' id='word_1_671' title='bbox 1101 2166 1134 2192; x_wconf 84' lang='grc' dir='ltr'>ἂν</span> <span class='ocrx_word' id='word_1_672' title='bbox 1165 2166 1335 2200; x_wconf 81' lang='grc' dir='ltr'>ὔπάγωνται,</span> <span class='ocrx_word' id='word_1_673' title='bbox 1361 2167 1527 2201; x_wconf 80' lang='grc' dir='ltr'>ἐπιελέσθαι,</span> <span class='ocrx_word' id='word_1_674' title='bbox 1547 2170 1622 2203; x_wconf 75' lang='grc' dir='ltr'>σφίσι</span> <span class='ocrx_word' id='word_1_675' title='bbox 1638 2172 1709 2198; x_wconf 75' lang='grc' dir='ltr'>κατὰ</span> <span class='ocrx_word' id='word_1_676' title='bbox 1725 2173 1761 2199; x_wconf 80' lang='grc' dir='ltr'>τὰ</span> 
     </span>
    </p>
   </div>
   <div class='ocr_carea' id='block_1_94' title="bbox 978 2213 1761 2253">
    <p class='ocr_par' dir='ltr' id='par_1_94' title="bbox 978 2213 1761 2253">
     <span class='ocr_line' id='line_1_94' title="bbox 978 2213 1761 2253; baseline 0.008 -14"><span class='ocrx_word' id='word_1_677' title='bbox 978 2213 1055 2246; x_wconf 83' lang='grc' dir='ltr'>κοινῆ</span> <span class='ocrx_word' id='word_1_678' title='bbox 1070 2214 1161 2247; x_wconf 81' lang='grc' dir='ltr'>σφίσιν</span> <span class='ocrx_word' id='word_1_679' title='bbox 1177 2214 1269 2246; x_wconf 80' lang='grc' dir='ltr'>αὐτοῖς</span> <span class='ocrx_word' id='word_1_680' title='bbox 1293 2215 1460 2250; x_wconf 80' lang='grc' dir='ltr'>δεδογμένα·</span> <span class='ocrx_word' id='word_1_681' title='bbox 1477 2217 1525 2243; x_wconf 72' lang='grc' dir='ltr'>καὶ</span> <span class='ocrx_word' id='word_1_682' title='bbox 1547 2217 1619 2243; x_wconf 76' lang='grc' dir='ltr'>οὕτω</span> <span class='ocrx_word' id='word_1_683' title='bbox 1645 2219 1678 2252; x_wconf 80' lang='grc' dir='ltr'><strong>δὴ</strong></span> <span class='ocrx_word' id='word_1_684' title='bbox 1702 2219 1761 2253; x_wconf 74' lang='grc' dir='ltr'>ἅμα</span> 
     </span>
    </p>
   </div>
   <div class='ocr_carea' id='block_1_95' title="bbox 977 2258 1762 2297">
    <p class='ocr_par' dir='ltr' id='par_1_95' title="bbox 977 2258 1762 2297">
     <span class='ocr_line' id='line_1_95' title="bbox 977 2258 1762 2297; baseline 0.008 -13"><span class='ocrx_word' id='word_1_685' title='bbox 977 2258 1093 2290; x_wconf 77' lang='grc' dir='ltr'>ἐκείνοις</span> <span class='ocrx_word' id='word_1_686' title='bbox 1113 2259 1260 2286; x_wconf 79' lang='grc' dir='ltr'>ἐλαύνοντα</span> <span class='ocrx_word' id='word_1_687' title='bbox 1275 2261 1514 2296; x_wconf 70' lang='grc' dir='ltr'>καταστρέψασθαι</span> <span class='ocrx_word' id='word_1_688' title='bbox 1536 2262 1629 2297; x_wconf 80' lang='grc' dir='ltr'>χώραν</span> <span class='ocrx_word' id='word_1_689' title='bbox 1645 2263 1696 2290; x_wconf 84' lang='grc' dir='ltr'>οὐκ</span> <span class='ocrx_word' id='word_1_690' title='bbox 1707 2264 1762 2290; x_wconf 83' lang='grc' dir='ltr'>ὀλί-</span> 
     </span>
    </p>
   </div>
   <div class='ocr_carea' id='block_1_96' title="bbox 978 2304 1762 2345">
    <p class='ocr_par' dir='ltr' id='par_1_96' title="bbox 978 2304 1762 2345">
     <span class='ocr_line' id='line_1_96' title="bbox 978 2304 1762 2345; baseline 0.01 -16"><span class='ocrx_word' id='word_1_691' title='bbox 978 2312 1040 2338; x_wconf 84' lang='grc' dir='ltr'>γην,</span> <span class='ocrx_word' id='word_1_692' title='bbox 1053 2305 1101 2331; x_wconf 77' lang='grc' dir='ltr'>καὶ</span> <span class='ocrx_word' id='word_1_693' title='bbox 1112 2304 1181 2339; x_wconf 79' lang='grc' dir='ltr'>ἔργα</span> <span class='ocrx_word' id='word_1_694' title='bbox 1196 2305 1427 2341; x_wconf 78' lang='grc' dir='ltr'>ἀποδεικνύμενον</span> <span class='ocrx_word' id='word_1_695' title='bbox 1439 2308 1555 2342; x_wconf 80' lang='grc' dir='ltr'>μεγάλα,</span> <span class='ocrx_word' id='word_1_696' title='bbox 1571 2309 1620 2335; x_wconf 78' lang='grc' dir='ltr'>καὶ</span> <span class='ocrx_word' id='word_1_697' title='bbox 1631 2310 1762 2345; x_wconf 79' lang='grc' dir='ltr'>χρήματα</span> 
     </span>
    </p>
   </div>
   <div class='ocr_carea' id='block_1_97' title="bbox 980 2349 1762 2391">
    <p class='ocr_par' dir='ltr' id='par_1_97' title="bbox 980 2349 1762 2391">
     <span class='ocr_line' id='line_1_97' title="bbox 980 2349 1762 2391; baseline 0.009 -16"><span class='ocrx_word' id='word_1_698' title='bbox 980 2349 1065 2384; x_wconf 84' lang='grc' dir='ltr'>συχνᾶ</span> <span class='ocrx_word' id='word_1_699' title='bbox 1081 2350 1285 2385; x_wconf 81' lang='grc' dir='ltr'>ὲπικτὼμενον·</span> <span class='ocrx_word' id='word_1_700' title='bbox 1303 2351 1373 2378; x_wconf 81' lang='grc' dir='ltr'>ὥστε</span> <span class='ocrx_word' id='word_1_701' title='bbox 1391 2353 1420 2379; x_wconf 84' lang='grc' dir='ltr'>ἐν</span> <span class='ocrx_word' id='word_1_702' title='bbox 1435 2353 1532 2388; x_wconf 82' lang='grc' dir='ltr'>βραχεῖ</span> <span class='ocrx_word' id='word_1_703' title='bbox 1544 2355 1591 2380; x_wconf 69' lang='grc' dir='ltr'><strong>ἐπὶ</strong></span> <span class='ocrx_word' id='word_1_704' title='bbox 1606 2355 1694 2391; x_wconf 79' lang='grc' dir='ltr'>ἀρχὴν</span> <span class='ocrx_word' id='word_1_705' title='bbox 1709 2364 1762 2382; x_wconf 58' lang='grc' dir='ltr'><strong>παί-</strong></span> 
     </span>
    </p>
   </div>
   <div class='ocr_carea' id='block_1_98' title="bbox 982 2396 1763 2436">
    <p class='ocr_par' dir='ltr' id='par_1_98' title="bbox 982 2396 1763 2436">
     <span class='ocr_line' id='line_1_98' title="bbox 982 2396 1763 2436; baseline 0.01 -15"><span class='ocrx_word' id='word_1_706' title='bbox 982 2396 1158 2430; x_wconf 80' lang='grc' dir='ltr'>ρεληλυθέναι</span> <span class='ocrx_word' id='word_1_707' title='bbox 1173 2397 1204 2423; x_wconf 84' lang='grc' dir='ltr'>οὗ</span> <span class='ocrx_word' id='word_1_708' title='bbox 1222 2397 1337 2432; x_wconf 80' lang='grc' dir='ltr'>φαύλην.</span> <span class='ocrx_word' id='word_1_709' title='bbox 1354 2399 1471 2429; x_wconf 83' lang='grc' dir='ltr'>Τούτους</span> <span class='ocrx_word' id='word_1_710' title='bbox 1485 2400 1514 2426; x_wconf 74' lang='grc' dir='ltr'><strong>δὲ</strong></span> <span class='ocrx_word' id='word_1_711' title='bbox 1539 2401 1677 2436; x_wconf 83' lang='grc' dir='ltr'>ἡγεμόνας</span> <span class='ocrx_word' id='word_1_712' title='bbox 1691 2402 1763 2429; x_wconf 75' lang='grc' dir='ltr'>ἑπτὰ</span> 
     </span>
    </p>
   </div>
   <div class='ocr_carea' id='block_1_99' title="bbox 979 2443 1763 2484">
    <p class='ocr_par' dir='ltr' id='par_1_99' title="bbox 979 2443 1763 2484">
     <span class='ocr_line' id='line_1_99' title="bbox 979 2443 1763 2484; baseline 0.009 -16"><span class='ocrx_word' id='word_1_713' title='bbox 979 2443 1153 2477; x_wconf 81' lang='grc' dir='ltr'>γενομένους,</span> <span class='ocrx_word' id='word_1_714' title='bbox 1172 2444 1237 2478; x_wconf 78' lang='grc' dir='ltr'>ὅσην</span> <span class='ocrx_word' id='word_1_715' title='bbox 1254 2445 1429 2480; x_wconf 73' lang='grc' dir='ltr'>ὑπηγάγοντο</span> <span class='ocrx_word' id='word_1_716' title='bbox 1442 2447 1530 2482; x_wconf 83' lang='grc' dir='ltr'>ἀρχὴν</span> <span class='ocrx_word' id='word_1_717' title='bbox 1552 2447 1763 2484; x_wconf 83' lang='grc' dir='ltr'>διανενεμῆσθαι</span> 
     </span>
    </p>
   </div>
   <div class='ocr_carea' id='block_1_100' title="bbox 981 2488 1764 2530">
    <p class='ocr_par' dir='ltr' id='par_1_100' title="bbox 981 2488 1764 2530">
     <span class='ocr_line' id='line_1_100' title="bbox 981 2488 1764 2530; baseline 0.013 -17"><span class='ocrx_word' id='word_1_718' title='bbox 981 2488 1051 2522; x_wconf 72' lang='grc' dir='ltr'>μετὰ</span> <span class='ocrx_word' id='word_1_719' title='bbox 1069 2489 1157 2516; x_wconf 75' lang='grc' dir='ltr'>ταῦτα</span> <span class='ocrx_word' id='word_1_720' title='bbox 1176 2490 1269 2525; x_wconf 76' lang='grc' dir='ltr'>σφίσιν</span> <span class='ocrx_word' id='word_1_721' title='bbox 1291 2492 1384 2523; x_wconf 83' lang='grc' dir='ltr'>αὐτοῖς</span> <span class='ocrx_word' id='word_1_722' title='bbox 1397 2501 1404 2508; x_wconf 91' lang='grc'><strong>·</strong></span> <span class='ocrx_word' id='word_1_723' title='bbox 1432 2492 1526 2527; x_wconf 81' lang='grc' dir='ltr'>λαχεῖν</span> <span class='ocrx_word' id='word_1_724' title='bbox 1547 2494 1578 2529; x_wconf 83' lang='grc' dir='ltr'><strong>δὴ</strong></span> <span class='ocrx_word' id='word_1_725' title='bbox 1595 2495 1764 2530; x_wconf 78' lang='grc' dir='ltr'>Καραμάνον</span> 
     </span>
    </p>
   </div>
   <div class='ocr_carea' id='block_1_101' title="bbox 979 2533 1763 2572">
    <p class='ocr_par' dir='ltr' id='par_1_101' title="bbox 979 2533 1763 2572">
     <span class='ocr_line' id='line_1_101' title="bbox 979 2533 1763 2572; baseline 0.009 -13"><span class='ocrx_word' id='word_1_726' title='bbox 979 2533 1028 2568; x_wconf 82' lang='grc' dir='ltr'><strong>τὴν</strong></span> <span class='ocrx_word' id='word_1_727' title='bbox 1045 2535 1194 2569; x_wconf 69' lang='grc' dir='ltr'>μεσόγαιαν</span> <span class='ocrx_word' id='word_1_728' title='bbox 1209 2536 1258 2570; x_wconf 82' lang='grc' dir='ltr'>τῆς</span> <span class='ocrx_word' id='word_1_729' title='bbox 1274 2537 1393 2571; x_wconf 73' lang='grc' dir='ltr'>Φρυγίας</span> <span class='ocrx_word' id='word_1_730' title='bbox 1410 2537 1475 2572; x_wconf 76' lang='grc' dir='ltr'>ἄχρι</span> <span class='ocrx_word' id='word_1_731' title='bbox 1502 2538 1630 2571; x_wconf 82' lang='grc' dir='ltr'>Κιλικίας</span> <span class='ocrx_word' id='word_1_732' title='bbox 1657 2541 1703 2566; x_wconf 83' lang='grc' dir='ltr'><strong>καὶ</strong></span> <span class='ocrx_word' id='word_1_733' title='bbox 1717 2541 1763 2566; x_wconf 58' lang='lat' dir='ltr'><strong>Qt-</strong></span> 
     </span>
    </p>
   </div>
   <div class='ocr_carea' id='block_1_102' title="bbox 979 2579 1760 2621">
    <p class='ocr_par' dir='ltr' id='par_1_102' title="bbox 979 2579 1760 2621">
     <span class='ocr_line' id='line_1_102' title="bbox 979 2579 1760 2621; baseline 0.01 -16"><span class='ocrx_word' id='word_1_734' title='bbox 979 2579 1124 2614; x_wconf 76' lang='grc' dir='ltr'>λαδελφέας</span> <span class='ocrx_word' id='word_1_735' title='bbox 1137 2590 1143 2596; x_wconf 93' lang='grc'><strong>·</strong></span> <span class='ocrx_word' id='word_1_736' title='bbox 1162 2582 1307 2617; x_wconf 84' lang='grc' dir='ltr'>Σαρχάνην</span> <span class='ocrx_word' id='word_1_737' title='bbox 1320 2583 1348 2609; x_wconf 83' lang='grc' dir='ltr'><strong>δὲ</strong></span> <span class='ocrx_word' id='word_1_738' title='bbox 1365 2583 1487 2610; x_wconf 77' lang='grc' dir='ltr'>ἐντεῦθεν</span> <span class='ocrx_word' id='word_1_739' title='bbox 1497 2585 1546 2620; x_wconf 82' lang='grc' dir='ltr'>τὴν</span> <span class='ocrx_word' id='word_1_740' title='bbox 1563 2586 1696 2620; x_wconf 79' lang='grc' dir='ltr'>παράλιον</span> <span class='ocrx_word' id='word_1_741' title='bbox 1711 2587 1760 2621; x_wconf 83' lang='grc' dir='ltr'>τῆς</span> 
     </span>
    </p>
   </div>
   <div class='ocr_carea' id='block_1_103' title="bbox 985 2626 1768 2666">
    <p class='ocr_par' dir='ltr' id='par_1_103' title="bbox 985 2626 1768 2666">
     <span class='ocr_line' id='line_1_103' title="bbox 985 2626 1768 2666; baseline 0.01 -14"><span class='ocrx_word' id='word_1_742' title='bbox 985 2626 1089 2657; x_wconf 80' lang='grc' dir='ltr'><strong>1ίωνίας</strong></span> <span class='ocrx_word' id='word_1_743' title='bbox 1112 2627 1213 2663; x_wconf 83' lang='grc' dir='ltr'>χώραν,</span> <span class='ocrx_word' id='word_1_744' title='bbox 1248 2628 1309 2655; x_wconf 81' lang='grc' dir='ltr'>ἐστε</span> <span class='ocrx_word' id='word_1_745' title='bbox 1330 2629 1377 2656; x_wconf 78' lang='grc' dir='ltr'><strong>ἐπὶ</strong></span> <span class='ocrx_word' id='word_1_746' title='bbox 1399 2630 1526 2666; x_wconf 81' lang='grc' dir='ltr'>Σμύρνην</span> <span class='ocrx_word' id='word_1_747' title='bbox 1549 2632 1655 2658; x_wconf 69' lang='grc' dir='ltr'>ἐλθεῖν*</span> <span class='ocrx_word' id='word_1_748' title='bbox 1671 2634 1704 2659; x_wconf 79' lang='grc' dir='ltr'>τὰ</span> <span class='ocrx_word' id='word_1_749' title='bbox 1732 2633 1768 2661; x_wconf 57' lang='grc' dir='ltr'><strong>δί</strong></span> 
     </span>
    </p>
   </div>
   <div class='ocr_carea' id='block_1_104' title="bbox 980 2672 1763 2714">
    <p class='ocr_par' dir='ltr' id='par_1_104' title="bbox 980 2672 1763 2714">
     <span class='ocr_line' id='line_1_104' title="bbox 980 2672 1763 2714; baseline 0.014 -17"><span class='ocrx_word' id='word_1_750' title='bbox 980 2672 1079 2704; x_wconf 76' lang='grc' dir='ltr'>Λυδὶας</span> <span class='ocrx_word' id='word_1_751' title='bbox 1095 2673 1156 2700; x_wconf 76' lang='grc' dir='ltr'>ἔστε</span> <span class='ocrx_word' id='word_1_752' title='bbox 1177 2675 1222 2701; x_wconf 78' lang='grc' dir='ltr'><strong>ἐπὶ</strong></span> <span class='ocrx_word' id='word_1_753' title='bbox 1234 2675 1341 2701; x_wconf 75' lang='grc' dir='ltr'>Μυσίαν</span> <span class='ocrx_word' id='word_1_754' title='bbox 1354 2676 1488 2712; x_wconf 69' lang='grc' dir='ltr'>καλάμην</span> <span class='ocrx_word' id='word_1_755' title='bbox 1505 2677 1555 2706; x_wconf 72' lang='grc' dir='ltr'><strong>σὺν</strong></span> <span class='ocrx_word' id='word_1_756' title='bbox 1572 2679 1611 2714; x_wconf 87' lang='grc' dir='ltr'>τῷ</span> <span class='ocrx_word' id='word_1_757' title='bbox 1624 2680 1700 2706; x_wconf 83' lang='grc' dir='ltr'>παιδὶ</span> <span class='ocrx_word' id='word_1_758' title='bbox 1715 2683 1763 2708; x_wconf 81' lang='grc' dir='ltr'><strong>αὑ-</strong></span> 
     </span>
    </p>
   </div>
   <div class='ocr_carea' id='block_1_105' title="bbox 981 2718 1751 2758">
    <p class='ocr_par' dir='ltr' id='par_1_105' title="bbox 981 2718 1751 2758">
     <span class='ocr_line' id='line_1_105' title="bbox 981 2718 1751 2758; baseline 0.012 -14"><span class='ocrx_word' id='word_1_759' title='bbox 981 2718 1028 2744; x_wconf 78' lang='grc' dir='ltr'><strong>τοῦ</strong></span> <span class='ocrx_word' id='word_1_760' title='bbox 1047 2719 1176 2756; x_wconf 81' lang='grc' dir='ltr'>Καρασῇ.</span> <span class='ocrx_word' id='word_1_761' title='bbox 1199 2721 1240 2748; x_wconf 77' lang='grc' dir='ltr'><strong>Τὰ</strong></span> <span class='ocrx_word' id='word_1_762' title='bbox 1257 2721 1325 2755; x_wconf 76' lang='grc' dir='ltr'>πρὸς</span> <span class='ocrx_word' id='word_1_763' title='bbox 1344 2722 1485 2758; x_wconf 76' lang='grc' dir='ltr'>Ὄλυμπόν</span> <span class='ocrx_word' id='word_1_764' title='bbox 1498 2732 1529 2750; x_wconf 85' lang='grc' dir='ltr'><strong>τε</strong></span> <span class='ocrx_word' id='word_1_765' title='bbox 1550 2724 1598 2751; x_wconf 69' lang='grc' dir='ltr'><strong>καὶ</strong></span> <span class='ocrx_word' id='word_1_766' title='bbox 1623 2724 1751 2753; x_wconf 78' lang='grc' dir='ltr'>Βιθυνίαν</span> 
     </span>
    </p>
   </div>
   <div class='ocr_carea' id='block_1_106' title="bbox 774 2791 1120 2831">
    <p class='ocr_par' dir='ltr' id='par_1_106' title="bbox 774 2791 1120 2831">
     <span class='ocr_line' id='line_1_106' title="bbox 774 2791 1120 2831; baseline 0.003 -9"><span class='ocrx_word' id='word_1_767' title='bbox 774 2791 897 2822; x_wconf 74' lang='lat' dir='ltr'><strong>Notulze</strong></span> <span class='ocrx_word' id='word_1_768' title='bbox 919 2791 1120 2831; x_wconf 80' lang='lat' dir='ltr'><strong>marginales.</strong></span> 
     </span>
    </p>
   </div>
   <div class='ocr_carea' id='block_1_107' title="bbox 180 2855 522 2890">
    <p class='ocr_par' dir='ltr' id='par_1_107' title="bbox 180 2855 522 2890">
     <span class='ocr_line' id='line_1_107' title="bbox 180 2855 522 2890; baseline 0 -7"><span class='ocrx_word' id='word_1_769' title='bbox 180 2855 220 2890; x_wconf 86' lang='lat'><strong>(9)</strong></span> <span class='ocrx_word' id='word_1_770' title='bbox 234 2856 349 2885; x_wconf 79' lang='lat' dir='ltr'><strong>Circitcr</strong></span> <span class='ocrx_word' id='word_1_771' title='bbox 364 2864 426 2884; x_wconf 87' lang='lat' dir='ltr'><strong>ann.</strong></span> <span class='ocrx_word' id='word_1_772' title='bbox 448 2856 522 2883; x_wconf 78' lang='lat' dir='ltr'><strong>l300.</strong></span> 
     </span>
    </p>
   </div>
  </div>
