1934 3074
142 134 187 177 ‘39
720 142 872 173 LAONtCt
893 142 1228 172 anLcocoxorm
1736 141 1773 173 to

152 203 260 231 feroces
281 207 308 229 et
330 201 463 229 bellicosi.
481 199 533 234 Qui
555 199 599 227 ubi
616 199 786 227 resciverunt
813 197 945 225 Sulaima—

999 199 1095 232 μόνας.
1115 198 1139 224 οἶ
1155 198 1186 232 δὴ
1199 199 1257 229 τοῖς
1277 197 1407 232 Ἕλλησιν
1430 197 1592 226 ἐπετίθεντο,
1610 199 1655 225 καὶ
1667 199 1786 232 χαλεποὶ.

154 258 216 277 ueni
234 249 402 284 processisse
416 248 444 274 in
461 247 609 282 Europam.
628 246 766 281 regionem
782 246 902 279 ipsorum
916 245 943 270 in

143 296 258 324 .Graecia
269 296 350 324 sitam
366 300 485 326 vastare,
498 294 660 328 praedasque
671 291 774 320 nemini
787 294 943 326 parcentem

153 342 301 371 confertim
321 349 412 376 agere,
426 341 518 375 copias
532 345 558 366 et
575 339 626 374 ipsi
637 346 702 367 suas
713 338 847 365 adversus
872 336 943 364 Tur-

155 396 203 417 cos
217 389 370 417 duxerunt:
386 387 577 421 consertisque
592 385 728 417 manibus,
741 385 859 411 victores
873 389 945 417 prm-

152 434 190 462 iio
202 435 339 465 abierunt,
373 434 496 468 plurimis
521 433 606 467 prima
634 432 753 458 coitione
781 431 943 458 interfectis.

152 482 257 509 Deinde
267 481 402 508 certiores
423 479 532 512 redditi,
549 479 700 506 Turcorum
719 486 763 504 res
781 485 868 511 usque
896 484 944 503 au-

151 529 222 563 geri,
237 527 346 562 sibique
360 526 469 554 tandem
493 525 680 553 intolerabiles
692 525 759 556 fore,
783 532 845 551 cum
861 523 946 558 pluri-

152 573 285 601 miTurci
309 580 397 606 usque
421 579 453 598 ex
469 571 533 598 Asia
560 570 593 598 ad
612 569 798 597 Sulaimancm
828 576 945 596 concur-

151 623 225 650 rant,
241 617 442 652 Europzeasque
465 616 546 643 urbes
575 614 717 642 obsidione
744 619 869 648 urgeant,
902 613 945 640 his

151 665 246 696 exciti,
261 669 375 698 uterque
393 663 420 689 in
438 663 638 689 mediterranea
652 661 777 701 Thracia:
791 661 889 695 pergit,
916 664 945 688 et

151 712 247 746 copias
261 716 348 745 parat.
364 709 494 747 ngleses
504 717 518 735 a
531 709 673 740 Pherrbis.
687 708 734 735 ubi
748 708 819 742 regia
833 712 902 738 erat.
916 707 944 734 in

151 756 257 784 'l'urcos
272 755 457 792 progreditur.
479 754 572 782 Crules
585 759 688 786 autem,
707 753 830 788 praedicti
851 753 944 784 frater.

150 803 239 837 copiis
253 802 377 837 plurimis
388 801 551 834 contractis,
567 801 599 827 ad
613 800 725 828 fratrem
755 807 802 834 per
817 800 945 826 mediter-

150 857 233 876 ranea
247 848 370 875 Thraciae
391 851 538 878 commeat,
555 846 696 872 communi
721 844 839 872 consilio
861 843 943 878 junc—

150 895 241 929 tisque
253 894 358 921 viribus
370 893 470 921 bellum
483 891 581 919 Turcis
594 891 709 919 illaturi.
724 890 782 917 Sub
795 889 866 916 idem
879 893 944 916 tem-

152 949 203 976 pns
220 940 394 968 Sulaituanes
406 939 537 974 oppidum
564 937 739 972 oppugnabat
754 937 788 964 ad
802 937 946 963 Tmnarum

150 989 263 1016 fluvium
283 988 376 1020 situm,
391 986 496 1014 distans
510 993 525 1012 a
540 985 665 1020 Gallipoli
680 984 737 1019 (i8)
751 983 848 1011 stadiis
864 983 947 1009 circi-

151 1041 194 1063 ter
212 1034 396 1069 sepluaginta,
414 1033 539 1068 plurimis
553 1030 692 1062 tentoriis,
711 1038 771 1064 qua:
783 1037 816 1055 eo
831 1029 946 1056 advexe-

151 1086 204 1113 rat.
217 1088 266 1116 per
280 1080 426 1107 circuitum
452 1079 524 1109 lixis.
547 1078 576 1104 in
591 1077 691 1111 quibus
723 1076 831 1111 Scythae
846 1075 945 1102 Turci-

150 1135 216 1163 que.
234 1130 370 1161 quotquot
381 1124 547 1159 pastoralem
565 1123 649 1150 vitam
678 1126 843 1156 sequuntur,
863 1128 944 1154 quam

150 1173 315 1202 suavissime
330 1172 432 1206 degunt
447 1179 455 1198 :
473 1170 653 1204 assiduusque
670 1168 742 1200 urbi,
761 1169 881 1194 intentus
895 1174 946 1198 op-

154 1219 316 1255 pugnationi
332 1217 477 1246 insistebat
491 1225 498 1243 :
515 1221 542 1244 et
557 1215 648 1244 Sittle
667 1213 854 1248 expugnanda:
870 1213 945 1240 urbis

153 1267 296 1297 astrictus,
309 1264 412 1299 accipit
431 1263 552 1290 hostium
565 1261 724 1288 adventum.
753 1259 852 1294 Deligit
864 1259 946 1294 igitur

151 1322 186 1341 ex
206 1314 263 1341 suis
279 1313 465 1345 octingentos,
487 1307 688 1342 nocturnisque
715 1305 860 1334 itincribus
889 1306 943 1338 pri.

153 1368 197 1387 ma
218 1366 318 1386 aurora
334 1357 367 1384 ad
382 1356 501 1383 hostium
518 1359 610 1382 castra
626 1351 759 1388 pervenit.
777 1351 829 1378 Eos
846 1351 942 1386 depre-
979 1353 981 1355 ’

152 1406 249 1434 bendit
263 1412 314 1432 nec
329 1404 425 1430 solitas
450 1401 555 1436 vigilias
571 1401 715 1430 obeuntes,
731 1397 883 1432 laxatisque
897 1405 944 1424 cu-

153 1452 253 1480 stodiis
268 1451 371 1478 effusos
386 1449 502 1476 Twnaro
518 1447 601 1474 ﬂuvio
615 1445 746 1481 pra-benti
763 1452 860 1479 aquam
878 1449 942 1478 potu

153 1497 403 1533 quidemoptiniam
428 1494 549 1522 eamdem
562 1499 588 1520 et
599 1493 817 1521 saluberrimam.
827 1492 943 1520 Estatis

995 242 1077 280 ἦσαν,
1093 244 1138 271 διὰ
1154 245 1184 271 τὸ
1202 244 1335 279 μηδέποτε
1348 243 1464 279 ἡσυχίαν
1480 244 1569 278 ἄγειν,
1593 245 1652 271 ἀλλ’
1674 247 1717 272 ἀεὶ
1731 255 1782 273 κα-

996 291 1051 321 κῶς
1069 293 1153 319 ποιεῖν
1173 291 1362 325 πολεμοῦντας
1385 293 1440 323 τοῖς
1465 292 1605 326 Ἓλλησιν.
1622 289 1702 320 Οὗτοι
1732 294 1784 328 μιν

995 337 1042 364 οὖν
1053 337 1090 369 ὡς
1102 337 1236 364 ἐπύθοντο
1249 337 1422 372 Σουλαιμᾶνη
1449 337 1596 365 διαϐάνταν
1617 339 1645 369 ἐς
1659 339 1708 373 τὴν
1732 339 1783 365 Εὐ-

997 384 1102 419 ρώπην,
1130 384 1211 420 δῃοῦν
1237 392 1268 410 τε
1297 385 1344 410 ἐπὶ
1371 385 1405 419 τῇ
1429 383 1572 419 Ἑλληνικῇ
1602 385 1652 417 τὴν
1684 385 1783 420 σφετέ-

997 440 1046 465 ραν
1060 431 1149 458 αὐτῶν
1163 431 1266 466 χώραν,
1282 431 1330 457 καὶ⁹
1345 430 1508 466 διαρπάζειν
1525 431 1640 466 μηδενὸς
1655 432 1783 466 φειδόμε-

994 486 1051 510 νον,
1063 477 1259 510 ἐστρατεύοντο
1271 478 1317 504 ἐπὶ
1333 478 1394 508 τοὺς
1407 477 1557 511 Τοὺρκους,
1569 479 1616 504 καὶ
1633 478 1785 512 συμϐαλόν-

995 533 1040 556 τες
1059 524 1133 560 μάχη
1148 533 1178 551 τε
1195 525 1364 560 ἐκράτησαν,
1379 525 1427 551 καὶ
1441 525 1595 560 διέφθειρον
1614 525 1664 552 οὐκ
1676 525 1784 559 ὀλίγους

997 571 1026 598 ὲν
1045 572 1079 607 τῇ
1096 571 1241 607 ἐπιδρομῇ.
1260 571 1338 598 Μετὰ
1350 571 1379 598 δὲ
1394 571 1480 598 ταῦτα
1495 572 1533 603 ὡς
1553 571 1667 607 ᾔσθοντο
1680 572 1731 607 ήδη
1750 573 1785 598 τὰ

996 617 1127 653 Τούρκων
1143 618 1297 654 πράγματα
1316 618 1386 652 ταχὺ
1414 618 1460 645 ἐπὶ
1486 619 1558 653 μέγα
1587 619 1784 654 προχωροῦντα

996 664 1157 698 δυνάμεως,
1197 664 1332 696 καὶτοὺς
1360 664 1414 691 ἀπὸ
1447 665 1541 695 Ἀσίας
1566 665 1705 700 Τοὺρκους
1741 666 1786 692 ἀεὶ

995 710 1184 742 διαῦαίνοντας
1200 710 1399 746 προσγίνεσθαι
1423 711 1508 746 αὐτῷ,
1526 711 1597 737 ὥστε
1619 712 1667 738 καὶ
1691 713 1720 743 ἐς
1735 721 1784 738 πο-

995 755 1120 791 λιορκίαν
1133 755 1188 782 τῶν
1213 755 1285 782 κατὰ
1298 755 1349 790 τὴν
1365 755 1501 790 Εὐρώπην
1523 756 1627 782 πόλεων
1651 756 1784 782 καθίστα-

997 802 1068 835 σθαι,
1081 801 1130 829 καὶ
1145 802 1288 837 προϊόντας
1300 802 1346 828 ἐπὶ
1359 801 1410 837 τὴν
1438 802 1586 836 μεσόγαιον
1598 801 1648 835 τῆς
1663 801 1784 836 Θρᾴκης.

997 846 1170 881 συνελέγοντό
1181 855 1211 872 τε
1223 846 1379 881 στράτευμα
1392 847 1553 882 ἀμφότεροι.
1563 846 1722 881 Οὖγγλεσης
1735 846 1785 881 μὲν

998 891 1044 920 οὖν
1055 892 1169 928 ὥρμητο
1181 892 1235 919 ἀπὸ
1247 892 1361 928 Φερῤὦν
1374 893 1421 918 ἐπὶ
1433 893 1497 925 τοὺς
1517 892 1668 927 Ἰ“οὐρκους,
1685 893 1714 918 ἑν
1737 889 1783 922 αἷς

997 940 1032 965 τὰ
1045 938 1169 974 βασίλεια
1184 937 1218 974 ἦν
1232 938 1326 973 αὐτῷ’
1340 939 1453 974 Κρέιλης
1467 947 1497 965 τε
1517 939 1576 974 ἃμα
1590 938 1666 972 αὐτῷ
1678 939 1692 964 ό
1708 939 1787 965 ἀδελ-

997 985 1046 1018 φὸς
1063 985 1221 1020 στράτευμα
1236 984 1306 1020 ἔχων
1317 984 1372 1011 ἀπὸ
1383 985 1434 1019 τῆς
1445 984 1592 1019 μεσογαίου
1611 985 1661 1019 τῆς
1672 985 1786 1021 Θρᾴκης

998 1031 1093 1067 συνῄει
1117 1031 1156 1066 τῷ
1187 1031 1295 1066 ἀδελφῷ
1321 1032 1359 1063 ὼς
1385 1032 1612 1066 στρατευσόμενοι
1638 1031 1697 1066 ἅμα
1720 1032 1785 1062 τοὺς

997 1078 1150 1113 Ίόύρχους.
1171 1078 1205 1104 '0
1224 1078 1274 1112 μὲν
1301 1076 1348 1105 οὖν
1365 1077 1553 1113 Σουλαιμάνης
1575 1078 1654 1113 ἐτυχε
1673 1077 1784 1112 πολιορ-

997 1124 1054 1151 κῶν
1076 1125 1196 1159 πόλισμα
1213 1125 1244 1151 τὸ
1256 1125 1333 1160 παρὰ
1346 1124 1467 1159 Ταίαρον
1482 1125 1616 1159 ποταμὸν,
1631 1125 1720 1159 διέχον
1729 1125 1783 1151 ἀπὺ

1003 1171 1253 1206 Ἀδριανουπόλεως
1276 1171 1402 1202 σταδίους
1421 1171 1488 1198 ὡσεὶ
1516 1171 1721 1207 ἐϐδομήκονταο
1737 1172 1786 1199 καὶ

997 1218 1100 1252 σκηνὰς
1120 1217 1170 1252 μὲν
1185 1217 1270 1244 αὑτοῦ
1295 1218 1346 1244 οὐκ
1366 1217 1463 1252 ὀλίγας
1480 1219 1536 1244 ἀπὸ
1559 1218 1645 1244 πίλων
1657 1219 1734 1252 ἄγων
1752 1219 1784 1250 ",

996 1264 1126 1299 ἐπήξατο,
1143 1265 1172 1291 ἐν
1187 1261 1230 1296 αῖς
1253 1265 1285 1300 δὴ
1302 1265 1327 1291 οι
1342 1265 1413 1292 κατά
1428 1266 1478 1301 τὴν
1495 1266 1588 1292 Ἀσίαν
1601 1266 1705 1292 Σκύθαι
1716 1275 1746 1293 τε
1761 1267 1786 1293 οι

997 1309 1122 1345 Νομάδες
1131 1310 1314 1345 καὶΤούρκων
1326 1310 1351 1336 οί
1362 1311 1431 1344 πρὸς
1441 1310 1517 1336 τόνδε
1536 1310 1582 1337 τὸν
1595 1311 1652 1346 βίον
1664 1320 1785 1346 τετραμ-

1001 1357 1077 1392 μένοι
1092 1356 1174 1392 δῃοῦν
1189 1356 1304 1384 εἰώθασι
1315 1365 1323 1373 ⁸
1338 1357 1387 1384 καὶ
1402 1357 1559 1392 ἐπολιόρκει
1585 1357 1615 1384 τὸ
1629 1358 1728 1394 χωρίον
1745 1359 1795 1384 ὲν--

997 1403 1156 1438 τεταμένως
1169 1412 1176 1418 ·
1191 1403 1364 1438 διατρίϐοντα
1378 1404 1407 1431 δέ
1419 1404 1501 1431 αὐτὸν
1520 1405 1641 1439 λέγεται,
1657 1405 1695 1437 ὡς
1707 1405 1787 1441 τάχι-

999 1459 1049 1478 στα
1062 1451 1178 1478 ἐπύθετο
1192 1452 1319 1483 ἐπιόντας
1333 1453 1358 1478 οί
1382 1452 1446 1484 τοὺς
1464 1453 1623 1488 πολεμίους,
1642 1453 1735 1480 λαϐεῖν
1756 1462 1792 1484 τε

997 1497 1192 1533 ἐπιλεξάμενον
1208 1499 1309 1532 ἄνδρας
1327 1499 1356 1529 ἐς
1372 1499 1553 1530 ὀκτακοσίους
1568 1499 1620 1526 τῶν
1646 1499 1715 1534 ἀμφ’
1739 1499 1789 1526 αἱ»-

153 1550 263 1578 tempus
277 1550 345 1573 erat.
369 1549 423 1576 quo
434 1548 482 1568 nec
495 1548 571 1567 artua
580 1547 630 1567 nec
640 1547 727 1574 equus
735 1541 848 1574 perinde
860 1548 940 1567 enra-

998 1546 1038 1571 τον
1055 1545 1189 1580 ἀρίστων,
1206 1545 1254 1572 καὶ
1265 1546 1361 1576 νυκτὸς
1372 1546 1543 1572 ἑπελάσαντα
1554 1546 1582 1577 ἐς
1599 1546 1629 1572 τὺ
1647 1546 1786 1580 πολεμίων

153 1591 229 1622 baut,
248 1593 376 1625 putantes
386 1595 415 1614 se
437 1587 595 1622 planissime
603 1587 637 1613 ab
647 1586 765 1614 hostium
775 1586 944 1638 ipcursioni-

154 1639 208 1666 bus
214 1645 327 1665 securos
335 1640 362 1663 et
373 1640 455 1662 tutos.
465 1635 522 1661 llos
531 1641 580 1660 nec
589 1633 744 1668 opinantes,
754 1633 816 1660 etin
824 1633 943 1661 Cermia-

153 1685 183 1712 ni
197 1685 309 1719 regione
322 1683 349 1709 in
366 1681 501 1708 luxuriam
515 1680 628 1713 eil‘usos,
642 1681 751 1715 altaque
763 1681 855 1715 quiete
872 1680 945 1715 sopi-

153 1738 208 1764 tos,
226 1730 400 1758 Sulainianes
417 1728 535 1762 stipatus
556 1727 721 1762 octingentis
749 1727 882 1754 militibus
898 1727 944 1754 de-

155 1778 236 1806 lectis
247 1777 390 1805 adoritur:
405 1775 561 1809 ett-denique
576 1774 735 1804 maximam.
762 1774 877 1808 impigre
896 1773 944 1800 ob-

153 1825 382 1852 viosmactando,
402 1822 519 1848 hostittzlt
539 1820 613 1847 fecit.
633 1819 709 1847 Multi
722 1822 748 1847 in
764 1820 863 1847 ﬂumen
882 1820 944 1854 fuga

154 1877 328 1906 praepropera
359 1868 461 1900 delati,
488 1867 563 1894 dubii
589 1874 706 1902 quonam
740 1874 770 1893 se
797 1871 943 1897 verterent.

154 1917 192 1945 ibi
209 1917 280 1943 inter
314 1913 460 1941 cunctandi
494 1920 585 1940 tnoras
615 1913 816 1940 occubuerunt.
837 1911 865 1939 In
892 1911 945 1938 huc

153 1962 252 1999 ιιι-ωηο
264 1961 437 1988 desideratus
455 1963 494 1986 est
513 1958 658 1994 Ungleses:
675 1958 758 1985 etiam
783 1958 876 1985 Crules
897 1966 944 1983 tw—

154 2009 231 2037 cisus
240 2012 293 2035 est.
303 2006 338 2034 Ut
345 2012 435 2034 autem
446 2005 492 2033 hic
499 2005 643 2038 interierit,
650 2004 859 2040 ignoratur-.16
867 2004 946 2031 Hunc

155 2054 216 2089 ejus
234 2052 378 2088 propinqui
395 2053 439 2087 qui
458 2061 518 2078 cum
535 2052 668 2086 sanguine
679 2051 884 2085 contingebant,
896 2050 946 2076 ali-

156 2101 279 2136 quandiu
296 2104 358 2135 post
373 2099 498 2134 prcclinm
518 2098 591 2126 istud
607 2098 709 2125 vixisse
732 2098 881 2125 credidere.
895 2097 946 2123 Sn-

159 2147 305 2179 laitnanes,
320 2145 433 2172 Victoria
454 2145 499 2172 illa
519 2145 619 2180 insigni
638 2149 665 2171 et
675 2144 774 2171 illustri
791 2143 891 2176 clarus,
907 2143 946 2169 fa-

155 2193 209 2220 cile
224 2193 332 2220 taudem
352 2192 433 2218 etiam
449 2191 620 2226 oppidulum,
636 2191 708 2224 quod
723 2189 879 2220 obsederat,
895 2197 946 2216 suo

156 2238 272 2273 imperio
286 2238 390 2271 adjicit.
406 2236 550 2264 Exercitus
561 2244 670 2271 quoque
684 2234 833 2266 Orestiadi,
864 2243 946 2269 quam
964 2230 984 2257 ι)

157 2284 384 2318 Hadrianopolim
402 2282 548 2318 appellant,
568 2281 699 2308 admovit.
720 2281 905 2308 Circumsedit
920 2287 950 2308 et

156 2331 341 2358 Peridmetum
354 2330 462 2357 infestis
482 2328 660 2360 exercitibus,
671 2335 871 2362 aggressnsque
886 2336 947 2355 ltltt-

155 2386 229 2408 rum.
246 2377 343 2412 coeptis
361 2384 415 2403 non
435 2374 611 2403 succedebat.
625 2374 791 2401 Cumautem
808 2373 844 2400 ibi
862 2374 949 2402 luere-

155 2429 198 2452 rct
217 2422 508 2451 intentus-obsidioni
541 2420 618 2447 urbis
646 2419 829 2452 Sulaimancs,
856 2419 948 2446 ferunt

156 2462 518 2504 adolescentemquemdam
545 2467 615 2492 clam
642 2465 753 2492 solitum
771 2466 863 2500 egredi
881 2466 947 2492 urbe

156 2526 204 2553 per
218 2518 313 2544 rimam
329 2515 475 2550 qnatndam
487 2513 570 2546 muri,
582 2513 614 2539 ad
626 2512 816 2540 demetendum
827 2512 947 2539 frumcn-

156 2569 226 2595 lunt,
242 2563 340 2590 deinde
357 2562 495 2588 frumento
506 2564 631 2592 onustus,
649 2567 697 2594 per
714 2559 841 2586 cumdetn
856 2559 944 2595 locum

157 2610 185 2636 in
203 2609 295 2636 urbem
310 2607 457 2634 remeabat.
481 2606 606 2640 Cumque
623 2606 675 2633 hoc
693 2605 848 2640 frequenter
877 2606 948 2633 face-

157 2661 210 2687 ret,
227 2655 334 2682 tandem
354 2653 428 2680 visus
442 2659 482 2680 est
499 2661 513 2680 a
535 2654 622 2680 milite
651 2653 770 2688 quodam
787 2653 888 2684 Turno.
908 2653 945 2680 ibi

157 2701 291 2738 stipendia
311 2700 436 2727 faciente.
464 2699 572 2728 Turcus
603 2705 694 2727 autem
713 2699 945 2732 animadvertetis,

998 1591 1181 1625 στρατόπεδον
1195 1591 1466 1626 καταδῃοὺμενον,ὡς
1477 1592 1527 1626 ήδη
1537 1592 1554 1623 ἠ
1568 1590 1625 1626 ἡὼς
1639 1592 1785 1626 ὑπέφαινε,

997 1637 1045 1663 καὶ
1057 1636 1119 1663 οὔτε
1135 1636 1260 1670 φυλακὰς
1273 1637 1385 1672 ἔχοντας
1402 1637 1466 1668 τοὺς
1483 1637 1630 1672 πολεμίους
1646 1637 1720 1672 ἐώρα
1733 1638 1784 1664 αὑ-

997 1682 1060 1715 τούς
1073 1692 1102 1710 τε
1118 1683 1152 1709 τὰ
1165 1683 1251 1710 πολλὰ
1265 1684 1340 1718 παρὰ
1352 1684 1488 1718 Ταίναρον
1507 1684 1630 1718 ποταμὸν
1641 1703 1648 1716 ,
1669 1684 1698 1714 ὃς
1711 1683 1784 1720 ὕδωρ

998 1729 1142 1757 κάλλιστόν
1159 1738 1190 1756 τι
1219 1731 1371 1766 παρέχεται
1398 1733 1482 1763 πιεῖν,
1510 1731 1555 1757 καὶ
1587 1731 1784 1765 ὑγιεινότατον.

998 1775 1095 1812 θέρους
1113 1776 1142 1803 δέ
1161 1775 1196 1813 ἦν
1214 1776 1283 1812 ὥρα,
1297 1777 1438 1812 ὀλιγώρως
1458 1786 1488 1804 τε
1500 1777 1555 1804 τῶν
1578 1777 1668 1804 ὃπλων
1694 1778 1787 1811 σφίσιν

998 1823 1092 1854 αὐτοῖς
1106 1823 1154 1849 καὶ
1168 1823 1222 1849 τῶν
1239 1822 1331 1849 ἵππων
1344 1823 1467 1858 ἔχοντας,
1486 1819 1532 1849 οἷα
1551 1822 1614 1854 τοὺς
1636 1822 1786 1856 πολεμίους

998 1869 1028 1895 ἐν
1043 1869 1131 1896 οὐδενὶ
1152 1869 1225 1903 λόγῳ
1240 1869 1430 1903 ποιουμένους,
1447 1868 1494 1895 ἐπὶ
1510 1868 1653 1904 ῥᾳστώνην
1666 1876 1786 1903 τετραμ-

1001 1916 1108 1950 μένους,
1120 1915 1191 1942 κατὰ
1205 1915 1360 1949 Κιρμιανδν
1371 1914 1460 1949 χῶρον
1472 1915 1647 1941 ἐπεισπεσείν
1663 1923 1693 1940 τε
1708 1915 1786 1948 ἄφνω

1000 1961 1050 1987 σὺν
1068 1962 1125 1992 τοῖς
1139 1960 1322 1992 ὀκτακοσίοις,
1340 1961 1385 1986 καὶ
1406 1959 1561 1995 διαφθεῖραι
1580 1961 1727 1995 σύμπαντα
1739 1962 1786 1987 τὸν

1001 2007 1116 2042 στρατὸν
1132 2006 1288 2037 κτείνοντας
1303 2007 1502 2040 ἀφειδέστατα·
1524 2007 1596 2034 ὥστε
1613 2007 1674 2038 τοὺς
1692 2007 1786 2033 πλείο-

1000 2062 1049 2084 νας
1062 2053 1152 2080 αὑτῶν
1167 2054 1260 2079 πεσεῖν
1281 2053 1309 2085 ἐς
1321 2053 1366 2079 τὸν
1379 2053 1513 2088 ποταμὸν,
1531 2053 1579 2080 καὶ
1589 2054 1618 2079 ἐν
1632 2053 1734 2088 ἀπορίᾳ
1748 2051 1787 2079 el-

1000 2109 1046 2134 χον
1060 2099 1122 2126 ὅποι
1149 2099 1304 2134 τρέπωνται
1320 2100 1473 2134 γενόμενοι,
1489 2100 1538 2126 καὶ
1564 2099 1652 2135 ταύτῃ
1668 2101 1786 2134 διαφθα-

1002 2145 1082 2180 ρῆναι
1095 2153 1103 2160 ·
1122 2145 1186 2172 ἔνθα
1199 2146 1213 2172 ὃ
1240 2154 1269 2172 τε
1286 2145 1446 2180 Οΰγγλισης
1462 2145 1598 2178 ἀπώλετο,
1621 2147 1668 2173 καὶ
1685 2148 1699 2172 ό
1711 2147 1788 2181 Κρά-

1000 2190 1060 2225 λης,
1077 2192 1091 2217 ὸ
1103 2191 1216 2226 sane»;
1227 2191 1310 2218 αὐτοῦ
1332 2193 1362 2219 ἐν
1376 2193 1462 2228 ταύτῃ
1477 2194 1510 2228 τῇ
1531 2194 1617 2229 μάχῃ.
1630 2193 1703 2228 Ὅτῳ
1718 2193 1740 2219 δ’
1754 2192 1788 2219 ἂν

999 2236 1094 2271 τρόπῳ
1108 2236 1254 2272 διεφθάρη,
1270 2239 1320 2265 οὐκ
1335 2239 1394 2274 ᾔδει
1411 2239 1509 2270 οὐδεὶς,
1525 2238 1594 2265 ὥστε
1610 2239 1714 2265 οίεσθαι
1725 2239 1788 2270 τοὺς

1001 2283 1192 2317 προσήκοντας
1221 2284 1293 2319 αὐτῷ
1319 2287 1456 2320 περιεῖναι
1479 2285 1520 2311 ἑτι
1536 2285 1619 2311 αὑτὸν
1644 2285 1691 2311 ἐπὶ
1703 2285 1789 2312 πολύν

1000 2337 1062 2355 τινα
1079 2330 1187 2364 χρόνον.
1209 2331 1255 2362 Ὡς
1269 2328 1316 2358 οὖν
1342 2331 1444 2366 ταύτην
1464 2331 1516 2366 τὴν
1535 2333 1614 2367 νίκην
1625 2331 1722 2366 εὐκλεῆ
1743 2332 1790 2358 καὶ

1000 2378 1139 2411 περιφανῆ
1165 2377 1287 2404 ἀνείλετο
1301 2378 1504 2413 Σουλαιμάνης,
1534 2380 1565 2406 τό
1579 2388 1609 2406 τε
1640 2380 1762 2414 πόλισμα
1776 2381 1790 2406 ὃ

1000 2422 1157 2458 ἐπολιόρκει
1182 2424 1316 2458 πρότερον
1339 2425 1542 2459 παρεστήσατο,
1564 2427 1610 2452 καὶ
1629 2427 1788 2461 Ὀρεστιάδα

1000 2468 1051 2502 τὴν
1068 2469 1288 2504 Ἀδριανούπολιν
1303 2470 1474 2506 καλουμένην
1489 2471 1610 2498 ἐλαύνων
1623 2472 1788 2507 ἐπολιόρκει.

1003 2515 1104 2550 Ἔτυχε
1117 2515 1145 2542 δὲ
1163 2517 1213 2550 τήν
1230 2526 1259 2543 τε
1275 2516 1324 2552 τὴν
1339 2517 1417 2543 πόλιν
1433 2518 1604 2553 Περιδμητὸν
1624 2519 1788 2553 πολιορκῶν,

1001 2562 1048 2588 καὶ
1068 2562 1229 2596 προϐάλλων
1246 2563 1284 2596 τῷ
1299 2563 1384 2598 τείχει
1396 2565 1471 2599 οαμὰ
1484 2565 1533 2591 οὐκ
1548 2565 1630 2592 ἀνίει.
1649 2565 1693 2591 Ἐν
1702 2565 1789 2598 τούτῳ

1000 2608 1028 2633 δὲ
1040 2608 1116 2640 ὄντος
1135 2610 1340 2643 Σουλαιμάνεω,
1358 2613 1452 2646 τυχεῖν
1467 2611 1578 2638 νεανίαν
1599 2611 1707 2645 λᾶγουσι
1735 2611 1790 2636 τῶν

1001 2655 1029 2681 ἐν
1042 2657 1076 2690 τῇ
1091 2655 1177 2688 πόλει,
1195 2657 1266 2683 κατὰ
1284 2657 1355 2692 ὀπήν
1373 2666 1432 2684 τινα
1445 2658 1500 2684 ἀπὸ
1511 2659 1558 2693 τῆς
1572 2658 1675 2688 πόλεως
1689 2658 1789 2692 φέρου-

1003 2710 1053 2728 σαν
1067 2701 1129 2735 ἔξω,
1142 2702 1228 2739 λάθρα
1245 2713 1274 2730 τε
1288 2704 1394 2737 ἐξιόντα
1421 2705 1519 2737 νυκτὸς
1538 2704 1653 2742 ἀμῶντα
1674 2705 1778 2740 πυροὺς

806 2756 930 2788 Noluir
947 2759 1150 2796 marginales.

195 2810 251 2847 (18)
266 2810 307 2838 Al.
323 2807 527 2842 Hadrianopoli.

210 2889 230 2904 "
248 2889 342 2916 πίνων.
359 2888 426 2914 Ἀτδ
440 2888 521 2914 πίλων
537 2886 623 2919 αἰτῶν
635 2885 671 2913 R.
