1950 3075
200 158 247 190 tu]

771 164 926 196 LAONICI
947 166 1165 198 CHALCOCON
1172 169 1277 200 DYLJE

1768 165 1821 197 12

199 223 247 241 ves
261 215 391 249 ingresste
405 216 431 243 in
456 221 577 251 portum,
591 217 699 246 Clizoen
714 226 886 254 occuparunt
901 227 927 249 et
945 223 985 250 di-

1045 227 1108 257 ιῶν,
1121 229 1167 253 καὶ
1185 229 1264 255 ναυσὶ
1278 229 1403 262 πλόϊμος,
1422 227 1490 262 πρὸς
1513 225 1598 261 ταύτῃ
1623 225 1654 261 δὴ
1669 225 1769 251 ἐκδιδοῖ
1792 227 1823 256 ἐς

201 261 354 295 ripucrunt.
371 264 430 295 Quo
447 262 527 295 facto,
543 265 646 301 legatos
677 266 704 293 in
721 267 817 294 urbem
850 268 985 303 itejusse-

201 312 274 334 runt.
291 308 370 336 Cives
384 314 474 337 autem
495 318 557 337 cum
572 311 599 338 in
629 312 741 348 ancipiti
778 315 915 342 haererent
927 311 989 343 dis;

200 354 327 386 crimine,
342 362 391 381 nec
402 355 468 382 satis
495 356 559 391 quid
587 356 708 385 facerent
739 359 852 393 scirent,
874 368 984 394 respon-

202 398 301 431 derunt.
317 407 347 426 se
375 405 485 434 paratos
516 410 577 429 esse
598 404 688 431 facere
717 413 777 440 qua:
805 406 986 441 imperassent

200 443 416 472 Januenseszet
429 453 488 473 eam
515 448 671 482 reipublicae
700 450 815 478 formam
843 452 985 486 amplexu-

203 497 259 521 τοι,
277 498 356 524 qttam
377 492 427 525 ipsi
451 494 696 528 praescripsissenl.
715 496 861 524 Jusscrunt
876 506 986 533 quoque

202 533 351 562 Januenses
361 541 451 570 petere
461 545 521 571 qua:
531 540 638 572 vellent,
648 542 725 575 quasi
740 550 770 569 ea
783 543 986 577 promptissime

201 579 304 606 daturi.
319 580 470 611 Januenses
487 588 516 610 ut
546 585 738 614 intellexerunt
762 587 925 616 Venetorum
940 597 984 617 re-

202 632 346 660 sponsum,
363 628 450 662 magis
464 629 490 655 in
505 637 579 664 spem
597 632 736 666 potiunda:
747 634 823 661 urbis
839 635 986 669 erigeban-

203 674 262 699 tur.
278 670 398 700 Proinde
418 673 608 709 immoderate,
626 678 698 704 nulla
713 679 789 706 urbis
819 682 986 709 verecundia

203 715 310 743 inhibiti
324 739 332 751 ,
347 720 525 753 respondent,
538 730 568 749 se
580 728 681 757 petere,
693 729 720 751 ul
734 725 815 752 liceat
825 727 918 754 urbem
931 733 986 756 tres

203 761 261 788 dies
281 765 426 792 continuos
440 766 570 802 diripere.
589 768 681 804 Legati
711 771 737 797 in
755 773 850 799 urbem
872 775 985 807 reversi,

203 808 363 840 petitionem
378 810 556 841 Januensium
586 822 737 850 exponunt.
764 818 883 846 Senatus
897 827 986 854 popu-

204 854 300 889 Iusque
319 856 358 883 ira
372 857 491 891 percitus
504 865 619 895 propter
637 867 689 889 tam
715 862 878 892 insolentem
894 871 920 894 et
934 867 986 893 im-

205 902 374 929 moderatam
385 905 559 940 petitionem.
572 915 665 942 naves,
678 914 815 944 quotquot
827 915 987 946 potuerunt,

204 948 334 975 continuo
357 950 489 980 militibus
520 953 634 988 implent
661 963 823 991 :navesque
837 958 988 991 solventes.

205 994 231 1021 in
252 995 340 1022 lacum
358 996 493 1026 feruntur.
506 999 553 1027 His
565 1001 674 1028 obviam
693 1009 808 1038 pergunt
823 1003 989 1038 Januenses.

204 1040 403 1077 confestimque
417 1044 442 1070 in
456 1045 516 1072 lacu
533 1047 626 1074 navale
641 1049 764 1082 praelium
778 1051 988 1084 commiserunt,

205 1085 232 1112 in
250 1093 304 1121 quo
322 1095 404 1122 penes
428 1089 544 1119 Venetos
560 1093 674 1120 victoria
692 1094 752 1122 fuit.
779 1095 848 1123 Hinc
861 1103 922 1123 cum
940 1097 990 1124 lio~

205 1139 262 1160 S'es
279 1137 353 1170 terga
365 1136 476 1169 darent.
487 1139 627 1174 celerique
642 1140 705 1175 fuga
719 1141 881 1170 festinarent
896 1144 922 1170 in
937 1144 992 1171 Cli-

206 1189 285 1214 zoen,
296 1184 427 1211 continuo
444 1185 540 1213 Veneti
554 1188 722 1217 adducentes
736 1197 816 1217 unam
829 1191 864 1218 de
873 1198 991 1218 numero

206 1236 317 1256 suarum
333 1231 441 1258 navium
459 1233 617 1267 maximam,
646 1243 705 1262 eam
726 1237 927 1269 demerserunt,
945 1237 991 1265 ubi

207 1281 301 1308 portus
320 1278 536 1311 angustissimus
551 1285 613 1307 erat
632 1290 639 1308 :
657 1285 684 1308 et
697 1289 761 1309 suos
774 1287 867 1316 portus
880 1283 992 1310 obstru-

206 1326 294 1354 entes,
316 1323 385 1350 fame
398 1323 552 1353 Januenses
574 1327 600 1353 in
625 1327 892 1363 Clizqeconstitntos
907 1338 993 1365 expu-

206 1375 291 1401 gnare
307 1368 474 1396 nitebantur.
489 1370 640 1400 Tentabant
651 1373 757 1401 obsessi
770 1375 870 1402 fossam
889 1375 926 1411 (7)
940 1384 993 1411 qna

207 1421 240 1440 ex
255 1413 374 1442 Eridano
393 1416 418 1442 in
437 1421 546 1450 portum
560 1419 680 1452 vertitur,
702 1426 838 1449 comantes
850 1421 994 1456 perfodere

207 1468 268 1487 vum
281 1461 382 1496 locum,
395 1462 418 1490 si
429 1470 485 1498 quo
493 1464 573 1493 modo
585 1472 698 1501 possent
707 1475 791 1495 naves
802 1469 830 1496 in
841 1468 992 1497 Eridanum

208 1509 358 1543 impellere:
369 1510 417 1538 sed
427 1518 498 1546 opus
510 1512 584 1540 istud
596 1513 666 1540 baud
678 1514 821 1543 absolvere
832 1521 991 1550 potuerunt.

1036 273 1085 306 τὴν
1101 273 1251 300 Θάλασσαν.
1264 275 1356 310 Ταύτῃ
1374 274 1397 292 ⁷⁸
1415 273 1446 308 δὴ
1465 271 1512 299 οὖν
1526 271 1698 298 εἰσελθοῦσαι
1714 272 1741 297 αἱ
1755 271 1821 306 νῆες

1036 319 1089 344 τῶν
1103 317 1222 345 Ίανυῖων
1237 319 1285 345 ἐπὶ
1297 319 1343 345 τὴν
1361 318 1501 345 Οὐενετῶν
1519 318 1630 352 λιμένα,
1645 318 1696 352 τήν
1708 325 1736 342 τε
1752 317 1822 343 κλι-

1037 361 1100 395 ζόην
1114 363 1137 378 ⁷⁹
1172 363 1314 397 κατέσχον,
1340 363 1388 388 καὶ
1416 362 1658 397 ἠνδραποδίσαντο.
1689 361 1766 388 Μετὰ
1793 361 1823 387 δὲ

1036 407 1123 435 ταῦτα
1138 409 1204 442 πρὸς
1215 409 1264 444 τὴν
1277 409 1356 435 πόλιν
1372 409 1607 444 διεπρεσὸεύοντο,
1619 409 1667 434 καὶ
1680 409 1708 434 ἐν
1723 408 1822 442 ἀπέρῳ
1860 431 1863 434 ,

1037 454 1065 480 δὲ
1080 454 1155 485 ὄντες
1173 455 1197 480 οἱ
1213 455 1241 480 ὲν
1264 456 1297 490 τῇ
1325 455 1412 485 πόλει,
1429 455 1476 481 καὶ
1491 454 1541 480 οὐκ
1556 454 1663 488 ἔχοντες
1687 453 1701 479 ὃ
1732 462 1758 479 τι
1776 453 1825 486 γέ-

1037 507 1147 529 νωνται,
1177 497 1334 524 ῦπακοῦσαί
1359 507 1388 524 τε
1406 498 1462 528 τοῖς
1486 497 1610 527 Ἰανυῖοις
1630 497 1735 536 ἔφασαν
1752 495 1826 521 ἕτοι-

1039 554 1085 580 μοι
1102 542 1182 576 εἶναι,
1204 545 1251 571 xxi.
1265 545 1302 576 ὼς
1312 545 1343 571 Ξιν
1363 544 1455 578 δοκοίη
1481 543 1573 574 αὐτοῖς
1600 542 1737 576 ξύμφορον
1753 539 1824 567 εἶναι

1037 592 1084 618 καὶ
1099 591 1263 626 ἐπιτήδειον,
1288 590 1488 621 πολιτεύεςθαι,
1516 591 1564 616 καὶ
1587 588 1722 616 αἰτεῖσθαι
1752 589 1826 622 σφᾶς

1037 639 1163 664 ἐκέλευον
1178 638 1191 663 ὅ
1206 647 1231 664 τι
1247 638 1399 672 βούλονται,
1417 639 1454 670 ὡς
1478 638 1675 673 παρεχομένων
1705 636 1825 671 ἑτοίμως

1038 685 1128 715 αὺτοῖς
1144 685 1239 711 ταῦτα.
1261 685 1292 710 01.
1306 685 1332 710 δὲ
1346 684 1382 715 ὡς
1399 685 1433 710 τὰ
1450 685 1526 718 παρὰ
1549 684 1597 718 τῆς
1614 684 1719 714 πόλεως
1740 683 1825 718 ἠκου-

1039 739 1098 762 σαν,
1115 731 1231 765 οῑόμενοι
1242 732 1291 766 τὴν
1302 733 1379 758 πόλιν
1395 731 1611 766 καταλήψεσθαι,
1625 729 1824 763 αὑϐαδέστέρόν

1038 786 1066 803 τε
1085 778 1268 811 ἀπεκρίναντο
1292 778 1324 811 τῇ
1354 777 1496 812 πρεσϐείᾳ,
1527 776 1655 810 φάμενοι,
1688 775 1824 801 αἰτεῖσθαι

1039 823 1138 855 αὐτοὺς
1154 824 1199 849 ἐπὶ
1211 825 1286 857 τρεῖς
1316 823 1423 858 ἡμέρας
1444 823 1544 855 ἐξεῖναι
1571 822 1646 857 σφῖσι
1662 822 1825 856 διαρπάζειν

1040 871 1088 905 τὴν
1100 870 1187 897 πόλιν.
1206 871 1236 896 Οἱ
1254 870 1344 904 μέντοι
1356 870 1485 904 πρέσῧεις
1511 870 1550 900 ὡς
1565 868 1761 904 ἀπεχώρησαν,
1777 868 1827 905 καλ.

1039 917 1073 942 τὰ
1102 916 1290 949 ἐπεσταλμένα
1321 917 1354 950 τῇ
1381 916 1458 942 πόλει
1487 915 1678 950 παρήγγελλον
1693 915 1727 945 ⁸⁸,
1750 914 1766 948 ἥ
1795 922 1827 939 τε

1041 963 1192 996 σύγκλητος
1212 963 1258 988 καὶ
1271 963 1284 988 ὁ
1297 961 1384 996 δῆμος
1398 961 1612 997 ὑπεραχθεσθεὶς
1628 962 1661 995 τῇ
1683 960 1736 986 τῶν
1748 959 1829 985 πολε-

1042 1008 1111 1042 μίων
1125 1007 1256 1043 αὐθαδείᾳ
1274 1017 1303 1034 τε
1321 1008 1369 1034 καὶ
1399 1007 1543 1043 ἀκολασίᾳ,
1569 1006 1634 1038 ναῦς
1669 1014 1698 1032 τε
1724 1005 1828 1031 αὐτίκα

1041 1055 1213 1089 ἐπλήρωσαν,
1231 1055 1295 1086 ὅσας
1309 1054 1452 1088 ἠδύναντο,
1478 1054 1527 1080 καὶ
1545 1053 1622 1080 αὐτοὶ
1643 1052 1671 1082 ἐς
1696 1051 1745 1081 τὰς
1761 1050 1828 1081 ναῦς

1041 1101 1190 1136 ἐμϐάντες,
1206 1101 1337 1134 ἀνήγοντο
1355 1100 1383 1130 ἐς
1403 1099 1447 1126 τὸν
1472 1099 1579 1133 λιμένα.
1608 1097 1641 1124 Οἵ
1658 1106 1686 1123 τε
1717 1095 1829 1122 Ἰανυτοι

1041 1148 1234 1182 ἀντανήγοντο.
1264 1147 1309 1173 καὶ
1334 1146 1432 1173 αὐτίκα
1452 1147 1480 1172 ὲν
1498 1146 1536 1180 τῷ
1559 1145 1647 1179 λιμένι
1670 1143 1828 1176 ἐναυμάχη-

1043 1203 1103 1225 σαν.
1123 1193 1170 1220 καὶ
1187 1193 1262 1219 οὐδὲν
1276 1193 1357 1219 πλέον
1387 1193 1467 1227 ἔσχον
1497 1193 1522 1218 ot
1539 1191 1674 1223 πολέμιοι.
1693 1187 1828 1215 Ἐνταῦθα

1042 1241 1079 1271 ὡς
1094 1240 1281 1275 ἐπετράποντο
1298 1239 1446 1274 ἡττημένοι
1468 1239 1508 1270 εἰς
1533 1237 1651 1271 Κλιζόην
1673 1236 1707 1266 ⁸¹,
1727 1235 1828 1261 αἰτίκα

1043 1287 1066 1312 οἱ
1083 1286 1211 1312 Οὖενετοὶ
1224 1285 1292 1312 ναῦν
1305 1285 1445 1319 φέροντες,
1458 1285 1589 1319 μεγίστην
1597 1284 1652 1310 τῶν
1666 1284 1740 1317 παρὰ
1751 1283 1828 1316 σφίσι

1044 1332 1123 1365 νεῶν,
1140 1332 1168 1363 ἐς
1182 1332 1212 1358 τδ
1231 1331 1279 1358 τοῦ
1295 1331 1406 1365 λιμένος
1419 1331 1516 1365 στόμα,
1586 1330 1618 1364 δὴ
1643 1329 1771 1365 εἰσῄεσαν
1801 1329 1828 1354 οἱ

1044 1379 1186 1412 πολέμιοι,
1204 1378 1357 1404 κατέδυσαν
1373 1377 1454 1403 αὑτοῦ
1468 1377 1554 1412 ταύτῃ
1567 1384 1573 1391 ·
1592 1377 1649 1402 ἔστι
1671 1375 1726 1410 γὰρ
1749 1375 1829 1401 τοῦτο

1045 1424 1221 1455 στενώτατον,
1237 1424 1286 1450 καὶ
1299 1424 1330 1449 τὸ
1342 1423 1430 1458 στόμα
1444 1423 1661 1454 ὲπικλείσαντες,
1679 1421 1752 1456 λιμῷ
1766 1421 1829 1451 τοὺς

1050 1471 1181 1502 Ἰπινυῒους
1206 1471 1235 1497 ὲν
1265 1470 1298 1505 τῇ
1317 1469 1419 1504 Κλιζόῃ
1440 1469 1463 1485 ⁸⁸
1482 1468 1724 1503 ἐξεπολιόρκησαν.
1746 1468 1828 1494 Ἀπε-

1045 1518 1180 1552 πειρῶντο
1195 1516 1244 1551 μὲν
1258 1514 1306 1542 οὖν
1323 1515 1370 1542 καὶ
1386 1517 1435 1550 τῆς
1447 1514 1592 1550 διώρυχος,
1642 1515 1673 1540 ὲκ
1683 1513 1730 1540 τοῦ
1748 1513 1829 1548 Ἥρι-

209 1556 311 1584 Patavii
325 1557 380 1585 dux
391 1557 535 1586 Carrarius
555 1559 667 1588 Venetis
686 1560 815 1593 infestus,
839 1561 992 1590 Januenses

1046 1563 1126 1589 δα.νοῦ
1143 1563 1171 1594 ἐς
1187 1562 1232 1589 τδν
1244 1562 1342 1596 λιμένα
1357 1562 1523 1596 ἀφικνεῖται,
1544 1560 1828 1595 διορύσσοντες,ὥστε

207 1603 235 1630 in
252 1603 305 1631 isto
331 1604 426 1638 praziio
437 1605 552 1640 adjuvit.
582 1605 666 1634 Fame
693 1606 776 1641 igitur
787 1608 896 1640 domiti.
917 1608 993 1636 dedi-

207 1649 272 1676 dere
292 1657 321 1676 se
335 1648 489 1678 Januenses
502 1650 626 1684 Venetis,
649 1656 678 1679 ιιι
703 1661 796 1680 secum
815 1657 870 1688 ‘pro
881 1655 995 1682 arbitrio

209 1703 260 1722 stto
275 1699 396 1730 agerent.
410 1697 444 1723 Et
470 1697 582 1731 quidem
599 1697 645 1726 hic
669 1699 828 1733 turpissime
846 1700 995 1734 perierunt,

209 1751 259 1771 nec
277 1751 350 1770 nunc
365 1744 432 1771 satis
446 1743 527 1778 digne
550 1745 672 1777 traetati,
701 1749 732 1772 ut
743 1746 769 1773 in
781 1750 920 1780 posterum
937 1755 996 1775 mo-

210 1790 303 1817 destia
319 1798 454 1818 memores
467 1797 570 1819 essent.
584 1791 668 1819 llisin
695 1792 768 1820 hunc
793 1793 903 1820 modum
918 1802 998 1828 pera-

212 1837 275 1868 ctis,
297 1837 350 1863 vim
368 1837 538 1864 bellicontra
553 1837 735 1865 Janueusium
763 1839 859 1866 urbem
879 1844 995 1867 vertere.

209 1883 278 1909 Cum
287 1889 376 1910 autem
393 1883 494 1918 ubique
506 1884 628 1912 victoriis
641 1885 784 1912 navalibus
800 1885 996 1918 clarescerent,

210 1933 237 1955 et
257 1929 406 1956 mirabilem
422 1929 473 1957 sibi
492 1930 602 1964 ubique
632 1931 780 1965 potentiam
810 1936 950 1966 pararent,
970 1936 998 1959 et

210 1974 373 2001 etiamalios
396 1974 476 2006 mari,
489 1975 562 2009 quod
587 1983 646 2002 eam
673 1976 809 2011 regionem
827 1977 916 2008 alluit,
934 1984 998 2011 pro-

211 2020 350 2052 hiberent,
368 2021 509 2048 acciditut
527 2021 707 2048 Januensitnn
732 2023 797 2050 urbs
810 2022 836 2049 in
850 2023 997 2050 maximam

212 2066 406 2093 devolveretur
416 2066 612 2097 calamitatem,
629 2071 659 2093 ut
673 2075 734 2102 qua:
755 2067 899 2095 navalibus
926 2076 997 2102 pra:-

212 2112 256 2138 liis
285 2111 352 2138 nihil
378 2112 495 2146 amplius
526 2111 633 2139 etlicere
665 2117 775 2147 posset:
798 2117 890 2147 postea
916 2113 998 2140 etiam

212 2156 316 2183 Patavii
333 2156 483 2192 principem
495 2157 544 2184 ulti
560 2161 636 2189 sunt.
669 2158 763 2185 urbem
786 2158 845 2191 ejus
854 2159 1000 2187 obsidione

212 2208 376 2238 prementes.
405 2202 508 2230 Deinde
538 2202 649 2230 adducti
667 2203 693 2230 in
712 2204 910 2237 continentem,
938 2212 996 2232 eam

1046 1609 1189 1642 ὲκπλόϊμοι
1215 1608 1343 1642 γενέσθαι
1371 1610 1432 1639 ταῖς
1458 1607 1564 1633 ἑαυτῶν
1593 1607 1689 1634 ναυσὶν
1720 1606 1766 1632 ὲπῖ
1784 1605 1830 1632 τὸν

1052 1655 1204 1689 Ἠριδανόν.
1226 1653 1297 1681 Ἀλλ’
1310 1655 1359 1688 οὐχ
1370 1650 1419 1680 οἶοι
1433 1662 1463 1680 τε
1489 1654 1615 1688 ἐγένοντο
1639 1653 1736 1680 ἁνῦσαι
1749 1651 1830 1686 τοῦρ-

1047 1709 1106 1735 γον.
1124 1701 1228 1727 Ἐδόκει
1243 1700 1330 1727 δὲκαὶ
1350 1700 1364 1726 ὁ
1399 1700 1538 1726 Παταόίου
1562 1699 1673 1734 ἡγεμὼν
1697 1698 1833 1733 συμϐαλὲ-

1048 1746 1112 1772 σθαι
1130 1746 1223 1777 αὐτοῖς
1252 1746 1279 1777 ἐς
1300 1746 1346 1772 τόν
1370 1754 1399 1772 τε
1420 1745 1549 1779 πόλεμον,
1565 1745 1693 1779 διάφορος
1721 1743 1758 1770 ὣν
1775 1745 1830 1775 τοῖς

1048 1792 1200 1822 Οὖενετοῖς.
1229 1791 1311 1817 Οὗτοι
1326 1791 1374 1826 μὲν
1403 1791 1476 1825 λιμῷ
1500 1790 1758 1824 ἐκπολιορκηοέντες
1779 1790 1832 1816 ὑπὸ

1047 1839 1096 1872 τῆς
1111 1837 1249 1864 Οὐενετῶν
1262 1837 1376 1868 πόλεως,
1392 1837 1545 1871 παρέδοσαν
1557 1837 1627 1871 σφᾶς
1641 1836 1756 1872 χρῆσθαι
1773 1836 1834 1870 σφί-

1049 1893 1102 1915 σιν,
1122 1884 1135 1910 ὃ
1152 1892 1178 1910 τι
1196 1882 1347 1917 βούλονται,
1363 1883 1410 1909 καὶ
1429 1883 1517 1919 ταύτῃ
1534 1883 1663 1917 αἴσχιστα
1681 1882 1831 1914 ἀπώλοντο,

1048 1931 1098 1956 οὐκ
1120 1929 1158 1955 ἔτι
1173 1929 1248 1962 παρὰ
1261 1929 1292 1954 τὸ
1307 1928 1368 1954 δέον
1384 1928 1639 1963 σωφρονισθέντες..
1660 1928 1691 1954 οι
1709 1928 1737 1954 δὲ
1763 1928 1833 1955 Οὑε-

1049 1975 1121 2001 νετοὶ
1140 1975 1171 2001 τὸ
1185 1975 1240 2001 ἀπὸ
1252 1974 1329 2001 τοῦδε
1347 1975 1557 2009 στρατευόμενοι
1570 1975 1616 2001 ἐπὶ
1636 1974 1685 2009 τὴν
1713 1974 1833 2001 Ίανυῖων

1050 2021 1139 2052 πόλιν,
1155 2021 1277 2056 πολλαχῆ
1293 2029 1322 2047 τε
1344 2021 1550 2055 ἐναυμάχησαν,
1566 2021 1613 2047 καὶ
1627 2020 1832 2054 ἐπεκράτησαν,

1049 2067 1165 2101 δύναμίν
1181 2075 1212 2093 τε
1238 2066 1464 2101 περιποιούμενοι
1483 2067 1513 2093 τὸ
1533 2066 1587 2093 ἀπὸ
1612 2065 1702 2097 τοῦδε,
1720 2066 1768 2092 καὶ⁵
1785 2066 1834 2100 τῆς

1051 2114 1185 2147 θαλάττης
1201 2114 1347 2148 εἴργοντες,
1374 2113 1425 2148 τῆς
1442 2113 1503 2140 κατ’
1527 2113 1634 2146 ἐκείνην
1655 2111 1705 2147 τὴν
1730 2112 1833 2147 χώραν.

1052 2158 1136 2185 Ἔνθα
1147 2159 1179 2193 δὴ
1195 2157 1322 2192 ξυμφορᾷ
1334 2158 1496 2192 περιέπεσεν
1513 2158 1529 2192 ὴ
1542 2156 1620 2186 πόλις
1633 2156 1714 2191 αὕτη,
1748 2157 1778 2182 οὺ
1800 2158 1832 2192 τῇ

1052 2205 1229 2240 ἑπιτυχούσῃ,
1243 2204 1289 2230 stat
1308 2204 1358 2235 τὰς
1380 2204 1535 2238 ναυμαχίας
1552 2203 1664 2234 ταύτας.
1694 2203 1830 2237 ’Ὕστερον

210 2249 383 2277 constantius
396 2249 447 2277 sibi
463 2249 599 2281 subjicere
616 2249 810 2283 moliebantur,
824 2255 852 2277 ut.
865 2251 916 2278 sibi
932 2258 992 2278 cou-

1055 2252 1158 2287 μέντοι,
1192 2251 1238 2276 τόν
1256 2258 1286 2276 τε
1302 2249 1349 2276 τοῦ
1376 2249 1510 2275 Παταόιου
1538 2249 1662 2283 ἡγεμόνα
1683 2247 1835 2282 τισάμενοι,

211 2298 352 2324 tirmarent
369 2296 536 2324 continentis
553 2296 710 2331 imperium.
724 2296 756 2322 Et
773 2304 836 2323 cum
850 2301 931 2324 antea
948 2297 1000 2324 im-

213 2344 317 2378 perium
330 2343 468 2378 quoddam
484 2343 522 2379 (8)
538 2344 565 2370 in
588 2343 702 2377 regione
721 2343 889 2370 continentis
904 2348 1000 2371 essent

211 2390 295 2422 nacti,
320 2395 347 2417 et
363 2389 519 2417 Tcrvisium
553 2389 648 2417 urbem
662 2389 762 2423 opibus
788 2388 931 2416 florentem
948 2396 999 2417 suo

211 2426 333 2462 dominio
354 2435 525 2470 adjicientes.
552 2435 690 2468 regionem
723 2434 998 2469 prartergressisunl,

211 2489 274 2508 cuin
293 2481 463 2508 odioincola:
481 2481 559 2515 102
573 2481 648 2508 urbis
673 2480 855 2508 incitarentur
868 2480 999 2507 adversus

211 2538 278 2557 suos
293 2529 441 2564 priueipes-
454 2530 520 2556 Cum
530 2529 672 2556 Patavium
687 2529 714 2555 in
728 2532 892 2563 potestatem
909 2527 999 2554 venis-

213 2582 266 2609 set,
276 2577 358 2603 etiam
372 2575 565 2603 Carrariorum
579 2584 594 2603 e
610 2575 714 2602 familia
725 2575 781 2602 dux
796 2579 892 2602 contra
902 2581 950 2601 eos
962 2573 1002 2599 in-

214 2623 335 2651 surrctit
356 2631 363 2649 ε
380 2627 477 2650 contra
495 2630 576 2657 quem
595 2622 689 2650 hostili
701 2622 793 2649 animo
810 2620 1001 2655 procedentes,

1051 2299 1100 2333 τήν
1114 2307 1143 2324 τε
1175 2297 1252 2324 πόλιν
1277 2296 1486 2330 ἐπολιόρκησαν,
1520 2296 1568 2322 καὶ
1594 2295 1761 2328 ὑπαγόμενοι
1786 2293 1835 2328 τῆς

1049 2344 1178 2379 ἠπείρου,
1208 2342 1365 2377 ἀντείχοντο
1402 2340 1577 2376 βεϐαιότερον
1602 2341 1631 2371 ἐς
1668 2340 1749 2374 σφᾶς,
1774 2340 1836 2374 ὲχυ-

1051 2390 1162 2426 ροῦντες
1180 2390 1208 2420 ἐς
1225 2389 1275 2422 τὴν
1301 2388 1389 2423 ἀρχὴν
1403 2387 1452 2420 τῆς
1478 2386 1605 2421 ἠπείρου,
1622 2386 1675 2412 Καὶ
1705 2385 1836 2420 πρότερον

1054 2437 1144 2471 μέντοι
1157 2436 1246 2470 ἀρχὴν
1266 2442 1326 2460 τινα
1350 2435 1378 2464 ἐς
1391 2432 1440 2467 τὴν
1462 2433 1531 2459 κατὰ
1540 2433 1590 2466 τὴν
1605 2432 1720 2475 ἧτξειρον
1735 2431 1836 2466 κτησά-

1054 2490 1141 2516 μενοι,
1162 2480 1207 2506 καὶ
1220 2479 1371 2514 Τερσύζιον
1391 2478 1468 2504 πόλιν
1487 2477 1635 2512 εὐδαίμονα
1651 2477 1835 2512 ἐπικτησάμε-

1051 2535 1103 2559 νοι,
1113 2525 1270 2561 προήγαγον
1279 2523 1328 2558 τὴν
1340 2523 1432 2558 χώραν
1445 2523 1545 2555 αὐτῶν,
1554 2523 1730 2556 ἐπαγομένων
1739 2523 1778 2556 τῷ
1788 2524 1836 2557 τῆς

1053 2573 1154 2603 πόλεως
1172 2571 1244 2606 ἔχθει
1260 2570 1298 2605 τῷ
1317 2570 1442 2604 σφετέρῳ
1456 2569 1525 2604 πρὸς
1544 2569 1608 2600 τοὺς
1634 2568 1709 2603 σφῶν
1735 2569 1835 2603 ἡγεμό-

1052 2627 1110 2649 νας,
1126 2617 1172 2644 καὶ
1187 2615 1393 2650 ὑστερούμενοι,
1406 2615 1443 2645 ὡς
1453 2614 1482 2641 τὺ
1498 2613 1634 2641 Πατάῦιον
1650 2613 1834 2649 ἐχειρώσαντο

847 2691 973 2722 Νοιυιω
988 2688 1194 2728 marginales.
1512 2696 1522 2709 ο

251 2762 289 2796 (7)
307 2760 475 2788 Brundulum
492 2762 600 2787 vocant.

249 2846 273 2861 ⁷⁸
288 2844 399 2878 ταύτην.
419 2843 448 2870 R.
463 2848 490 2869 ut
509 2843 534 2869 in
552 2848 622 2871 (om.
661 2845 682 2860 ⁷·
699 2844 834 2871 Κλωδίαν.
848 2844 884 2871 al.
897 2848 924 2869 ιιι
940 2844 965 2870 in
983 2852 1006 2869 ε.

217 2882 238 2895 ³³
257 2880 371 2906 Κλωδία.
386 2879 420 2906 ul.
438 2884 464 2905 ut
484 2879 510 2905 in
525 2887 548 2905 ι’.

1090 2755 1127 2788 (8)
1143 2752 1321 2788 Foroiulium.

1063 2843 1085 2857 "°
1103 2841 1254 2875 ἀπήγγελλε.
1273 2839 1310 2866 ul.
1327 2843 1353 2864 ιιι
1374 2838 1399 2864 in
1415 2844 1438 2863 ε.
1474 2835 1495 2851 ⁸¹
1511 2836 1643 2863 Κλωδὶῃν.
1664 2835 1700 2861 al.
1725 2839 1751 2861 ιιι
1765 2834 1791 2860 in
1810 2843 1833 2860 τ.
