1950 3075
117 133 172 166 213

665 137 713 168 DE
730 138 858 169 REBUS
873 139 1051 170 TURCICIS
1074 139 1149 169 LIB.
1170 140 1219 169 IV.

1689 138 1743 171 214

118 190 175 221 λος.
191 188 232 222 εἷς
245 191 299 218 τῶν
321 192 442 227 ἀρίστων
465 193 611 228 λεγόμενος
627 195 754 228 γενέσθαι
770 196 821 222 τοῦ.
832 197 906 230 [lap-

962 202 1006 228 pas
1024 194 1146 227 domum,
1175 199 1205 222 ut
1240 195 1408 230 mancipium
1431 195 1572 229 tractavit;
1590 203 1693 230 eosque
1715 197 1741 223 in

119 235 237 271 θινόπης
248 236 382 270 βασιλέως
398 238 518 271 νεανίας,
541 240 572 266 τὺ
588 241 638 274 μὲν
653 238 721 272 sitio;
746 242 796 267 οὐκ
811 242 906 276 ἀηδὴς,

120 283 248 318 ἐπιεικὴς
257 283 285 310 δὲ
298 283 344 310 τὸν
355 286 456 320 τρόπον
471 286 518 314 καὶ
530 286 651 322 ήσύχιος.
665 287 765 315 Τοῦτον
780 289 833 315 σὺν
843 289 907 315 πολ-

119 329 176 361 λοῖς
191 330 282 362 ἄλλοις
292 332 427 366 ἀγόμενος
442 334 456 359 ὁ
473 333 649 368 Πριάλουπας
663 335 704 366 εἰς
713 337 747 362 τὰ
759 337 858 370 οἰκεῖα,
870 337 907 368 ὡς

119 376 276 411 ἀνδράποδά
286 386 317 404 τε
333 381 470 413 περιεῖπε,
493 382 542 407 καὶ
557 379 630 416 εἶχεν
645 382 675 408 ὲν
689 382 811 416 φυλακῇ,
828 384 856 414 ἐς
873 383 908 411 τὰ

121 422 245 456 βασίλεια
264 423 421 459 διατρίϐων,
437 428 564 462 κατεῖχεν
577 427 615 459 ὡς
639 428 790 463 χρημάτων
804 430 832 460 ἐς
845 429 908 460 τοὺς

121 470 309 504 προσήκοντας
330 470 441 502 saeuiit:
458 473 663 508 αποόιδόμενος,
680 473 713 508 ἢν
729 475 847 501 αἰτοίντο
861 475 910 501 αὑ-

119 514 195 546 τούς.
205 515 237 541 Ἦ
248 516 276 542 δὲ
284 517 353 552 γυνὴ
365 517 474 550 τούτου,
485 518 523 550 ὡς
534 519 608 554 ἐώρα
617 520 662 546 τὸν
678 521 909 557 νεανίαν,ἠράσθη

120 570 150 588 τε
161 562 263 589 αὐτοῦ·
282 560 317 598 ἦν
330 563 384 598 γὰρ
403 563 451 591 καὶ
476 566 505 597 ὲς
519 565 617 597 ἄλλους
639 567 772 602 πρότερον
787 567 910 602 φοιτῶσα

121 609 161 639 εἰς
175 607 286 644 ἄνδρας,
304 609 351 636 καὶ
378 609 539 642 ἀκόλαστος.
556 611 745 647 Συγγινομένη
762 614 854 640 τοινυν
869 615 909 649 τῷ

123 654 225 691 νεανίᾳ,
242 656 288 690 καὶ
302 656 501 693 ἑπιμαινομένη
509 657 585 693 αὐτῷ
601 659 629 690 ἐς
646 659 692 685 τὸν
705 658 806 694 ἔρωτα,
820 659 910 686 συντι-

122 701 202 728 θεται
212 702 288 738 αὐτῷ
302 703 348 729 ἐπὶ
363 703 403 738 τῷ
418 704 495 740 ἀνδρὶ
522 704 680 739 ἐπιϐουλὴν,
695 706 741 732 καὶ
757 707 911 741 ἐξηγουμέ-

122 757 170 782 νης
187 749 236 782 τῆς
265 750 394 783 γυναικὸς
423 751 451 782 ἐς
479 750 527 786 τὴν
557 752 668 788 κοίτην,
695 753 734 784 ὡς
759 754 910 780 ἀνεπαύετο

123 794 300 829 Πριὰλουπας
313 797 327 823 ὁ
342 796 466 831 ἡγεμὼν,
480 798 570 825 ἀνεῖλέ
585 807 616 826 τε
633 799 714 826 αὐτὸν
735 799 794 834 ἅμα
808 801 856 827 σὺν
875 802 909 837 τῇ

122 843 244 874 γυναικὶ,
261 842 308 869 καὶ
333 842 391 877 ἃμα
406 845 585 880 συγκατίσχει
600 845 650 880 τὴν
665 837 813 881 ἠγεμονίαν
824 847 908 882 αὐτῷ.

129 887 238 922 Ἐπειδὴ
266 889 464 925 ὲτυρὰννευεν,
497 891 587 917 οὐδενὶ
613 892 668 918 τῶν
696 894 726 919 ἐν
754 894 786 928 τῇ
817 893 906 925 πόλει,

121 933 180 960 ἀλλ’
198 935 228 961 ὲν
253 935 287 969 τῇ
314 936 425 969 γυναικὶ
449 937 644 972 ἀρεσκόμενος.
680 937 713 965 Ἦ
742 939 832 973 μέντοι
846 939 906 975 δίκη

121 983 168 1009 τὸν
194 983 370 1018 Πριαλούπην
396 984 446 1011 οὐκ
481 985 521 1016 εἰς
560 985 669 1020 μακρὰν
702 987 838 1014 κατέλαϐε
860 987 908 1014 τὺν

121 1029 207 1056 παῖδα
220 1029 304 1057 αὐτοῦ
320 1030 376 1057 ἀπὸ
388 1030 490 1066 ταύτης
505 1031 537 1066 δὴ
553 1032 603 1066 τῆς
620 1033 749 1066 γυναικὸς
761 1033 908 1069 γενόμενον

121 1075 208 1111 αύτῷ.
239 1076 342 1103 Τοῦτον
360 1077 416 1113 γάρ
430 1085 482 1109 τοι,
512 1077 550 1110 ὡς
581 1078 676 1113 ἐφοίτα
695 1079 770 1115 παρὰ
793 1079 908 1114 βασιλέα

122 1123 228 1155 limosi,
252 1123 410 1158 αἰτούμενος
438 1124 598 1159 συμμαχίαν
614 1133 644 1152 τε
671 1125 719 1152 καὶ
747 1126 909 1162 ἐπικουρίαν

122 1169 169 1195 ἐπὶ
185 1168 327 1202 Κάρουλον
336 1188 347 1201 ,
373 1168 419 1195 τὸν
434 1169 495 1195 τότε
517 1169 550 1204 δὴ
566 1169 748 1204 Ἀκαρνανίας
763 1171 907 1207 τύραννον,

123 1214 276 1247 συλλαϐὼν,
291 1214 363 1241 ὥστε
375 1214 425 1250 τὴν
438 1214 530 1250 χώραν
544 1215 629 1242 αὑτοῦ
647 1218 805 1253 κατασχεῖν,
817 1218 910 1252 ἐξέκοη

121 1264 155 1297 ψε
171 1262 211 1289 τὼ
223 1261 368 1297 ὀφθαλμώ.
383 1262 439 1297 Τὴν
453 1263 547 1297 μέντοι
557 1263 651 1299 χώραν
662 1265 749 1297 οὐδεὶς
764 1266 910 1302 κατεστρέ-

120 1307 192 1342 ψατο
211 1308 260 1342 τῆς
272 1306 430 1335 Ἰωαννινων
442 1307 559 1339 πόλεως.
583 1309 755 1346 Ἐπαγομένη
767 1311 862 1339 τοῦτον
877 1313 910 1348 δὴ

121 1354 168 1380 τὸν
184 1353 324 1389 Κάρουλον
337 1354 384 1380 ἐπὶ
405 1354 497 1388 σφίσιν
514 1354 644 1390 ἄρχοντα,
672 1358 719 1383 καὶ
741 1358 911 1394 ἐπιτετραμ-

122 1399 207 1433 μένον
223 1399 298 1434 αὖτῷ
310 1399 414 1427 διέπειν
437 1400 472 1426 τὰ
491 1402 540 1435 τῆς
555 1403 660 1435 πόλεως
674 1404 837 1439 πράγματα.
863 1406 912 1433 καὶ

120 1448 306 1483 ἀντεχομένου
318 1450 347 1479 ἐς
359 1449 406 1476 τδν
417 1450 536 1486 πόλεμον
547 1451 690 1486 κράτιστα.
707 1451 740 1480 Ἡ
753 1452 848 1487 μέντοι
864 1454 912 1489 ἀρ-

121 1496 158 1530 χὴ
184 1495 256 1530 αὕτη
275 1496 435 1531 Τριϐαλλῶν
458 1496 526 1524 οὖσα
546 1499 577 1525 τὸ
604 1499 729 1541 παλαιὴν,
744 1499 816 1526 οὕτω
840 1500 867 1531 ἐς
881 1509 911 1527 τε

959 240 1086 268 custodia
1102 242 1266 273 asservavit,
1293 247 1417 270 moratus
1433 243 1458 269 in
1485 244 1570 276 regia,
1589 243 1685 270 volens
1696 251 1744 270 eos

959 287 1123 322 propinquis
1136 287 1291 319 restituere,
1306 293 1418 322 accepta
1437 288 1561 321 pecunia,
1575 289 1598 315 si
1616 288 1743 314 venirem

960 341 1025 360 suos
1054 333 1236 368 redemptum.
1271 334 1346 361 Uxor
1379 333 1513 368 Priulupae
1541 334 1747 361 adolescentem

960 379 1048 406 visum
1061 387 1154 406 amare
1165 380 1262 414 cmpit.
1286 380 1352 407 Erat
1375 382 1448 416 enim
1468 381 1547 407 istius
1561 381 1685 407 mulieris
1701 381 1744 406 in-

959 424 1079 459 genium,
1109 428 1138 452 ut
1164 425 1324 460 priusquam
1353 430 1500 460 peteretur,
1525 430 1628 459 peteret
1656 425 1744 456 \iros,

961 478 1016 505 prae
1030 471 1252 505 intetnperautia_
1269 473 1314 498 cui
1343 472 1461 499 obnoxia
1484 476 1554 499 erat.
1576 471 1645 499 Cum
1660 471 1744 506 igitur

961 518 1049 551 stupri
1068 519 1294 546 consuetudinem
1321 527 1382 546 cum
1401 519 1572 546 adolescente
1588 519 1743 549 habuisset.

961 570 1054 590 amore
1068 564 1168 591 ardens
1185 568 1212 591 et
1234 564 1339 597 furens,
1356 572 1418 591 cum
1436 565 1612 592 adolescente
1627 563 1744 591 insidias

961 609 1060 636 marito
1091 603 1235 638 subornat.
1267 610 1365 638 Mulier
1394 611 1594 638 adolescentem
1617 610 1694 638 ducit
1717 610 1744 637 in

961 655 1133 688 cubiculum,
1152 657 1178 684 in
1193 664 1247 692 quo
1260 657 1404 692 quiescere
1414 657 1513 684 solitus
1528 662 1586 684 erat
1602 656 1746 692 Prialupas

961 701 1016 728 dux
1032 709 1039 728 :
1055 701 1160 737 ibique,
1174 702 1310 737 adjuvans
1323 702 1524 730 adolescentem
1540 702 1648 734 mulier,
1670 701 1746 728 Pria-

961 747 1040 781 lnpas
1058 748 1168 775 occisus
1185 754 1238 781 est,
1255 752 1282 776 et
1300 749 1358 784 ipse
1377 750 1410 775 ad
1429 748 1536 783 imperii
1559 747 1745 784 gubernacula

960 793 1094 820 ascendit.
1112 793 1180 821 Cum
1199 799 1287 821 autent
1302 795 1354 822 sibi
1372 794 1543 831 tyrannidem
1561 794 1595 822 ad
1608 803 1669 821 eum
1685 802 1745 821 mo-

962 839 1026 866 dum
1044 845 1178 875 parasset,
1203 841 1306 868 nemini
1332 842 1385 869 nisi
1412 841 1519 869 mulieri
1538 841 1589 869 soli
1609 841 1744 876 placebat.

927 880 947 907 Β
961 888 996 913 At
1012 887 1080 914 ultio
1091 887 1164 915 haud
1180 888 1266 915 multo
1281 894 1343 921 post
1363 893 1458 916 secuta
1475 888 1554 923 113
1568 894 1620 915 est.
1636 887 1746 914 Prialu-

959 941 1008 968 pas
1024 934 1109 966 enim,
1127 935 1173 969 qui
1191 934 1264 962 ﬁlius
1293 935 1353 969 eius
1381 940 1451 967 erat,
1476 935 1562 969 patris
1580 942 1678 961 nomen
1702 941 1748 968 ge-

959 988 1033 1014 rens,
1049 985 1130 1019 natus
1154 989 1187 1008 ex
1203 982 1257 1009 ista
1284 989 1380 1012 uxore.
1402 988 1465 1008 eum
1481 985 1643 1016 properaret
1659 980 1691 1006 ad
1705 987 1748 1006 re-

958 1035 1019 1062 gem
1032 1027 1147 1060 Mosem,
1173 1033 1270 1064 petens
1287 1028 1421 1055 auxilium
1437 1032 1464 1055 et
1478 1028 1637 1062 praesidium
1650 1030 1746 1054 contra

958 1072 1088 1101 Carolum
1102 1073 1157 1109 (29)
1171 1074 1332 1102 Acarnaniae
1347 1074 1512 1109 principem,
1529 1079 1560 1100 ut
1581 1081 1641 1101 eam
1659 1072 1747 1107 regio—

959 1128 1021 1149 nem
1037 1121 1064 1148 in
1085 1127 1248 1157 potestatem
1273 1122 1419 1156 redigeret,
1439 1126 1536 1156 captus
1548 1125 1601 1153 est,
1619 1120 1748 1154 oculique

960 1169 1020 1204 ejus
1039 1169 1110 1198 eruti
1127 1174 1201 1198 sunt.
1217 1169 1366 1205 [legionem
1376 1169 1454 1196 urbis
1469 1167 1648 1196 Joanniorum
1666 1173 1747 1194 nemo

960 1216 1079 1250 subegit.
1096 1216 1179 1243 Petiit
1201 1216 1276 1244 enim
1291 1215 1420 1244 Carolum
1438 1215 1490 1243 sibi
1505 1214 1603 1242 ducem
1618 1222 1626 1240 :
1640 1213 1684 1240 cui
1700 1213 1746 1240 ubi

960 1263 1078 1298 primum
1093 1263 1168 1290 urbis
1184 1263 1389 1290 administratio
1409 1268 1450 1290 est
1471 1262 1628 1294 commissa,
1646 1260 1746 1287 bellum

961 1308 1070 1336 fortiter
1102 1307 1250 1336 admodum
1281 1308 1422 1335 sustinuit.
1452 1306 1578 1342 Regnum
1608 1306 1746 1339 ltoc,cunt

962 1354 1038 1390 prius
1060 1354 1241 1383 Triballorum
1269 1354 1351 1387 foret,
1377 1355 1410 1382 ad
1438 1354 1559 1382 lzaulum
1582 1358 1609 1381 et
1620 1352 1748 1380 Carolum

961 1401 1058 1430 ducem
1079 1402 1106 1429 in
1135 1402 1207 1430 hunc
1232 1402 1343 1430 modum
1363 1402 1518 1429 descendit.
1541 1401 1610 1429 Cum
1633 1405 1748 1434 utraque

963 1453 1070 1477 teneret
1081 1449 1224 1478 ﬁnitimam
1244 1449 1371 1476 Archelai
1393 1449 1543 1484 regionem,
1559 1454 1619 1482 qua
1634 1453 1665 1474 ea
1680 1450 1750 1472 tem-

963 1501 1070 1532 pestate
1108 1498 1192 1523 Aetus
1234 1496 1393 1528 vocabatur,
1423 1499 1451 1522 et
1486 1493 1748 1530 Argyropoliohnam

127 1541 273 1576 Ἰζάουλο-ι,
289 1543 337 1571 καὶ
353 1545 403 1570 ἐπὶ
420 1544 562 1579 Κάρουλον
581 1545 629 1571 τὸν
646 1546 769 1582 ἡγεμόνα
797 1547 910 1582 περιῆλ-

964 1551 1053 1578 usque
1067 1541 1250 1578 Naupactum,
1270 1551 1331 1577 quae
1353 1547 1422 1570 este
1436 1542 1546 1577 regione
1560 1541 1679 1572 Achaiae,
1698 1547 1750 1566 suo

122 1588 181 1616 θεν.
195 1589 273 1616 Οὕτω
287 1590 316 1617 δὲ
339 1590 424 1625 ἄμφω
438 1591 478 1618 τὼ
489 1592 565 1626 χεῖρε
590 1591 735 1628 κατασχὼν
752 1589 842 1625 οὗτος,
863 1594 911 1620 καὶ

121 1636 173 1670 τὴν
187 1636 255 1670 πρὸς
268 1636 307 1671 τῷ
319 1635 462 1672 ’Δρχελῴῳ
488 1636 592 1673 χώραν,
609 1638 640 1664 τό
652 1647 682 1664 τε
699 1639 796 1665 Ait:th
814 1640 912 1666 καλού-

123 1691 217 1715 μενον,
231 1683 278 1709 καὶ
303 1683 561 1720 Ἀγγελοπολιχνην,
576 1685 606 1717 ἐς
618 1694 648 1711 τε
670 1686 715 1712 ἐπὶ
731 1687 910 1719 Ναύπακτον,

121 1729 168 1755 τὸν
183 1730 353 1765 καταντικρὺ
368 1731 492 1766 ’Δχαῖας,
517 1732 666 1766 ἐπεκράτει
681 1732 732 1767 τῆς
746 1733 839 1769 χώρας
864 1736 912 1762 καὶ

122 1776 302 1810 ἑτυρὰννευεν
327 1777 374 1804 ἐπὶ
390 1778 463 1812 μέγα
479 1778 608 1813 χωρήσας
623 1778 777 1813 δυνάμεως,
792 1779 862 1815 ἀνὴρ
877 1781 913 1807 τά

122 1830 153 1854 τε
171 1824 201 1854 ἐς
211 1823 311 1858 ἀρχὴν,
328 1823 377 1850 καὶ
391 1824 419 1855 ἐς
432 1823 478 1850 τὸν
493 1824 612 1859 πόλεμον
623 1825 710 1851 δοκῶν
725 1826 854 1859 γενέσθαι
870 1826 913 1852 ού-

121 1868 199 1900 δενὺς
211 1869 266 1896 τῶν
276 1867 337 1896 τότε
352 1870 514 1905 ἡγουμένων
527 1871 696 1905 λειπόμενος.
714 1873 771 1899 Καὶ
790 1872 819 1898 ἐν
831 1872 911 1900 πολέ-

123 1924 187 1948 μοις
201 1915 269 1950 πρὸς
286 1916 349 1948 τοὺς
361 1916 516 1952 περιοίκους
542 1917 614 1953 μέγα
628 1917 789 1953 εὐδοκιμῶν,
806 1919 911 1954 ἠγάγε-

122 1969 164 1993 το1
181 1960 219 1992 ὡς
234 1961 371 1997 πρότερον
385 1970 434 1997 μοι
462 1962 582 1996 ἐλέγετο,
607 1962 655 1989 τοῦ
670 1962 792 1998 Ἀθηνῶν
818 1972 848 1990 τε
864 1964 912 1991 καὶ

123 2007 259 2042 Κορίνθου
285 2007 420 2043 ἡγεμόνος
440 2007 578 2043 θυγατέρα
605 2010 634 2041 ις
651 2009 750 2044 γάμον.
770 2009 913 2045 Τούτῳτῷ

122 2053 240 2088 ἡγεμόνι
254 2054 319 2085 παῖς
332 2053 443 2088 ἐγένετο
454 2053 532 2086 νόθος
541 2062 549 2070 ·
565 2054 620 2081 ἀπὸ
644 2055 699 2090 γὰρ
711 2055 763 2091 τῆς
785 2055 914 2088 Εὒὸοῒδος

122 2099 200 2135 αὑτῷ
222 2100 352 2134 γυναικὸς
375 2099 490 2136 spesve;
508 2101 559 2127 οὐκ
575 2101 656 2136 ἔτυχε
682 2101 776 2136 γόνου.
791 2101 872 2138 Νόθῳ
882 2102 912 2129 δι

121 2146 163 2181 τῷ
179 2146 257 2173 παιδὶ
279 2143 314 2181 ἦν
329 2145 416 2181 ὄνομα
436 2146 589 2178 Ἀντώνιος.
606 2146 701 2182 Τούτῳ
717 2147 756 2182 τῷ
777 2147 913 2184 ’Δντωνίῳ

123 2193 174 2227 τὴν
185 2201 214 2218 τε
230 2192 362 2230 Βοιωτίαν
373 2192 502 2219 κατέλιπε
517 2193 563 2220 καὶ
579 2193 629 2228 τὴν
643 2192 739 2228 Θηϐῶν
753 2194 831 2220 πόλιν
844 2202 851 2209 ·
863 2194 912 2230 τὴν

122 2239 179 2274 γὰρ
194 2238 328 2272 Κόρινθον
353 2238 483 2266 κατέλιπε
496 2239 535 2273 τῷ
549 2239 667 2275 κηδεστῇ
683 2239 765 2266 αὑτοῦ
780 2240 911 2276 Θεοδώρῳ

92 2319 95 2325 Α
122 2286 162 2320 τῷ
174 2284 308 2320 βασιλέως
323 2284 441 2320 ἀδελφῷ.
455 2285 511 2320 Τὴν
527 2281 694 2319 δί’Δθηνῶν
709 2285 797 2318 πόλιν,
811 2286 910 2320 ἀφελό-

124 2340 206 2366 μενος
218 2331 322 2366 ταύτην
335 2331 366 2358 τὸ
386 2331 503 2366 πρόσθεν
516 2332 580 2364 τοὺς
598 2331 774 2367 Κελτίϐηρας
784 2333 837 2360 ἀπὸ
854 2333 912 2360 Να-

123 2378 212 2414 σάρης
230 2378 251 2410 ³,
268 2375 342 2413 εἶχον
356 2378 410 2412 γὰρ
421 2377 453 2413 δὴ
471 2379 518 2405 καὶ
533 2377 637 2412 ταύτην
653 2378 678 2405 οι
689 2378 800 2413 Ἴϐηρες
828 2387 913 2407 κατα-

123 2423 322 2460 στρεψάμενοι,
350 2423 480 2450 κατέλιπε
503 2424 559 2456 τοῖς
582 2424 734 2456 Οὐενετοῖς.
766 2423 796 2451 Ὀ
819 2425 912 2460 μέντοι

125 2471 189 2502 παῖς
202 2469 286 2497 αὑτοῦ
307 2469 450 2501 ’Δντώνιος
465 2467 553 2503 οὗτος,
579 2469 616 2502 ὡς
643 2469 719 2505 παρὰ
741 2470 790 2497 τοῦ
810 2472 916 2506 πατρὸς

125 2516 293 2552 παρεδέξατο
320 2517 372 2552 τὴν
394 2516 445 2551 τῆς
463 2516 594 2548 Βοιωτίας
610 2517 715 2551 ἀρχήν·
732 2517 782 2552 τὴν
798 2517 852 2553 γὰρ
881 2517 914 2553 δὴ

125 2563 250 2589 Φωκαΐδα
267 2561 361 2598 χώραν
390 2562 486 2597 ἄλλην,
514 2563 561 2589 καὶ
585 2561 720 2589 Λεόαδὶαν
751 2563 914 2598 ὑπηγάγετο

126 2609 285 2644 Παιαζὴτης
299 2609 313 2635 ὀ
329 2609 519 2644 ’Δμουράτεομ
549 2608 737 2644 προσθέμενος
752 2610 785 2645 τῇ
809 2609 910 2636 ἑαυτοῦ

127 2656 211 2690 ἀρχῇ,
222 2655 260 2686 ὡς
272 2655 406 2690 πρότερόν
423 2664 470 2690 μοι
484 2655 633 2690 δεδήλωται
646 2663 653 2670 ·
671 2652 748 2687 οὗτος
760 2655 792 2691 δὴ
807 2654 854 2683 οὖν
865 2657 912 2683 ἐπὶ

129 2702 192 2734 τοὺς
206 2702 353 2734 οὺενετοὺς
367 2702 499 2738 ἐξήνεγκε
523 2703 653 2738 πόλεμον,
672 2703 719 2730 καὶ
733 2704 783 2735 τὰς
797 2704 913 2740 Ἀθήνας

964 1591 1078 1626 imperio
1097 1591 1230 1618 admovit.
1252 1589 1304 1624 Qui
1333 1589 1518 1625 principatum
1547 1587 1750 1614 administravit

963 1645 1025 1665 cum
1048 1644 1135 1673 usque
1159 1645 1202 1665 res
1233 1645 1290 1665 ειιω
1320 1638 1488 1664 incrementa
1513 1637 1666 1665 sumerent,
1683 1640 1750 1668 pace

963 1685 1090 1720 belloque
1110 1684 1178 1711 nulli
1194 1684 1293 1712 ducum
1314 1685 1441 1717 cederet;
1455 1682 1566 1710 tandem
1585 1689 1646 1710 cum
1660 1680 1748 1710 bellis.

962 1739 1024 1767 quae
1048 1731 1179 1758 adversus
1205 1731 1338 1759 ﬁnitimos
1369 1731 1464 1765 gessit,
1495 1730 1642 1764 plurimum
1655 1728 1749 1760 gloriae

963 1779 1016 1807 sibi
1031 1778 1194 1813 peperisset,
1214 1778 1304 1810 duxit,
1327 1783 1357 1804 ut
1371 1784 1455 1812 supra
1472 1777 1629 1806 docuimus.
1647 1775 1750 1802 Raine-

963 1825 997 1852 rii
1016 1825 1183 1853 Athenarum
1213 1829 1242 1852 et
1266 1823 1395 1852 Corinthi
1421 1823 1553 1858 principis
1571 1822 1666 1849 ﬁliam.
1680 1820 1750 1847 lluic

963 1870 1026 1898 duci
1056 1874 1138 1898 natus
1161 1874 1204 1897 est
1233 1869 1305 1897 Illius
1331 1868 1448 1901 nothus;
1468 1875 1529 1894 nam
1558 1874 1593 1893 ex
1627 1866 1750 1893 Enboide

964 1923 1051 1944 uxore
1061 1917 1145 1951 stirps
1162 1916 1250 1944 virilis
1273 1916 1344 1943 haud
1366 1919 1429 1942 nata
1445 1919 1498 1942 est.
1515 1914 1620 1941 Nomen
1634 1913 1680 1940 lilii
1698 1921 1749 1939 no-

965 1963 1003 1991 tlti
1018 1967 1079 1991 erat
1093 1962 1241 1991 Antonius.
1262 1961 1332 1990 Huic
1359 1965 1527 1990 testamento
1544 1960 1657 1995 reliquit
1672 1960 1751 1987 Βωο-

964 2009 1041 2043 tiam,
1057 2014 1085 2038 et
1101 2009 1211 2037 Thebas
1238 2009 1350 2042 urbem;
1371 2016 1435 2036 nam
1460 2007 1609 2036 Corinthus
1629 2011 1750 2034 cesserat

963 2063 1065 2093 genero
1095 2055 1250 2088 Theodoro,
1273 2057 1345 2091 regis
1373 2054 1464 2083 fratri.
1489 2055 1591 2082 Urbem
1617 2054 1749 2086 Athenas.

963 2111 1026 2139 qua:
1038 2104 1115 2139 prius
1127 2102 1329 2132 Celtiberorum
1345 2107 1406 2130 erat
1419 2106 1495 2139 (nam
1511 2107 1539 2129 et
1551 2102 1623 2129 hanc
1638 2106 1751 2129 tenuere

965 2149 1048 2185 lberi)
1076 2150 1127 2178 sibi
1154 2149 1316 2185 subjiciens,
1347 2149 1457 2177 tendent
1489 2148 1602 2176 Venetis
1629 2147 1749 2182 reliquit.

965 2194 1053 2223 Filius
1067 2196 1203 2223 Antonius
1219 2203 1233 2222 a
1250 2200 1327 2231 patre
1353 2195 1459 2230 accepit
1481 2194 1593 2222 Boeotiae
1616 2201 1749 2229 regnum;

965 2249 1029 2269 nam
1049 2241 1155 2276 reliqua
1171 2241 1354 2269 Phocensium
1378 2241 1453 2276 regio
1472 2244 1500 2268 et
1527 2239 1643 2267 Lebadia
1670 2246 1751 2265 vene<

965 2292 1028 2315 rant
1053 2288 1081 2315 in
1111 2291 1277 2323 potestatem
1297 2287 1438 2323 Pajazitis.
1470 2294 1540 2322 quas
1560 2294 1610 2313 suo
1625 2285 1749 2312 dominio

965 2335 1099 2370 adjunxit,
1120 2338 1150 2361 ut
1163 2341 1247 2369 supra
1262 2334 1485 2361 memoravimus.
1501 2333 1637 2360 Antonius
1652 2337 1749 2358 contra

967 2380 1086 2408 Venetos
1100 2381 1200 2408 bellttm
1215 2379 1309 2412 movit,
1325 2383 1353 2406 et
1375 2380 1496 2406 Athenas
1508 2384 1615 2405 summa
1633 2376 1750 2410 diligen-

966 2426 1004 2454 tia
1023 2427 1192 2455 exercitibus
1209 2425 1401 2454 circumsedit.
1422 2424 1519 2452 Veneti
1541 2430 1613 2458 πετο
1627 2422 1751 2449 ferebant

965 2473 1061 2501 urbem
1076 2480 1154 2500 suam
1175 2472 1319 2500 obsidione
1343 2471 1429 2506 premi
1449 2479 1457 2497 :
1476 2473 1576 2504 parant
1593 2469 1676 2504 igitur
1688 2475 1749 2495 eam

964 2520 1107 2548 obsidione
1122 2519 1239 2547 solvere.
1267 2517 1299 2546 Et
1324 2526 1387 2545 cum
1409 2517 1572 2545 statuissent
1585 2516 1676 2544 hostili
1693 2517 1751 2543 ani-

964 2573 1010 2593 mo
1025 2566 1161 2601 proﬁcisci
1182 2570 1275 2593 contra
1292 2565 1412 2595 Thebas,
1433 2565 1584 2592 exercitum
1599 2572 1631 2591 ex
1647 2563 1751 2591 Euboia

965 2617 1098 2646 quantum
1129 2616 1242 2648 potuere
1272 2615 1482 2646 compararunt,
1511 2619 1617 2639 uecnott
1647 2610 1751 2644 reliqua

967 2667 1029 2694 qua:
1042 2659 1074 2686 ad
1100 2658 1290 2686 instruendum
1316 2659 1464 2686 exercitum
1493 2659 1620 2689 attinent,
1636 2657 1753 2691 college—

968 2709 1043 2732 runt.
1060 2704 1093 2731 Et
1107 2705 1140 2732 ab
1154 2704 1256 2732 Eubota
1281 2711 1354 2732 recta
1376 2708 1487 2732 movont
1514 2704 1540 2731 in
1566 2704 1709 2734 Bosotiam,
1725 2705 1753 2728 et

781 2763 903 2794 Notulw
918 2764 1118 2801 marginales.

177 2811 221 2845 29)
233 2811 358 2837 Daulum.

180 2882 190 2897 ³
203 2879 333 2915 Ναῦιὶρας
346 2879 379 2908 Il.
397 2885 424 2907 ut
438 2881 463 2907 in
480 2888 504 2908 ε.
