1950 3075
193 161 247 192 215

749 162 846 193 LAON
853 163 906 193 ICI
927 163 1261 194 CHALCOCONDYLJE

1765 164 1817 197 216

191 223 287 246 contra
306 219 411 246 urbem.
427 220 562 246 Antonius
586 222 615 245 ut
625 219 729 252 accepit
745 219 862 246 Venetos
881 223 975 246 contra

1031 219 1195 253 ἐπολιόρκει,
1214 219 1356 254 προσέχων
1372 218 1570 254 ἐντεταμένως.
1594 219 1627 246 οι
1641 219 1732 255 μόντοι
1750 221 1817 247 Οὑε-

191 273 296 292 secum
323 266 444 293 exercitu
476 273 601 300 pergere.
623 274 689 302 suos
716 266 742 292 in
768 266 839 293 duas
872 271 976 293 turmas

193 311 322 343 partitur.
339 319 406 346 quas
432 312 503 338 locat
524 311 550 338 in
570 312 613 338 via
638 319 687 346 per
709 319 792 346 quam
820 310 938 338 Venetos
950 315 977 338 et

194 356 362 385 Eubmenses
400 357 451 384 iter
489 358 610 385 facturos
640 364 809 392 compertum
846 357 975 385 habebat.

192 402 278 430 Unam
299 403 391 438 posuit
418 403 445 429 iu
472 403 571 436 fronte,
600 404 713 430 alteram
739 409 767 431 ut
785 412 799 431 a
815 409 891 438 tergo
904 409 976 431 esset

188 449 391 483 iteringressis.
411 448 513 476 Deinde
526 451 694 484 exspectavit
717 451 805 478 donec
830 451 922 477 hostes
942 458 976 477 ex

187 493 338 528 improviso
351 494 378 521 in
403 495 678 524 medium'venirent.

1025 266 1098 292 νετοὶ
1125 265 1211 292 δεινὸν
1228 265 1408 300 ποιησάμενοι
1441 265 1648 302 πολιορκεῖσθαι
1673 266 1722 302 τὴν
1738 267 1817 294 πόλιν

1025 313 1126 345 αὐτῶν,
1145 314 1191 340 καὶ
1209 313 1325 348 ἀμύνειν
1341 313 1514 348 βουλόμενοι,
1535 314 1583 340 καὶ
1598 314 1646 340 ἐπὶ
1657 315 1707 349 τὴν
1718 315 1816 349 Θηϐῶν

1025 360 1211 395 διανοούμενοι
1233 360 1312 386 πόλιν
1339 360 1420 393 ξέναι,
1448 361 1565 396 στρατόν
1584 369 1615 387 τε
1631 360 1678 387 τδν
1692 361 1746 388 ἀπὸ
1766 362 1816 395 τῆς

1025 406 1151 439 Εὐὸοίεις,
1171 407 1232 433 ὖσον
1256 406 1388 441 ἠδύναντο
1406 407 1583 441 συλλέξαντες
1609 408 1656 434 καὶ
1669 407 1815 442 ὁπλισμδν,

1025 453 1079 479 ἀπὸ
1092 453 1141 488 τῆς
1153 453 1270 484 Εὐϐοίας
1284 452 1406 489 ἐχώρουν
1424 455 1471 482 ἐπὶ
1485 454 1535 490 τὴν
1552 454 1696 486 Βοιωτίαν,
1706 454 1753 480 καὶ
1765 454 1815 479 ἐπὶ

1025 499 1074 533 τὴν
1089 499 1177 526 πόλιν.
1197 499 1339 531 Ἀντώνιος
1354 501 1382 526 δὲ
1410 501 1563 536 πυθόμενος
1587 502 1651 533 τοὺς
1666 500 1817 531 Οὐενετοὺς

187 543 420 578 στρατευομένους
437 543 481 570 ἐπ’
496 544 588 577 αὐτὸν,
605 545 701 580 λόχους
720 545 904 580 ποιησάμενος
919 547 1024 590 διττοὺς
1035 548 1107 574 κατὰ
1119 549 1168 583 τὴν
1182 549 1250 581 ὁδὸν,
1329 549 1445 576 ἐπύθετο
1480 550 1627 585 μέλλοντας
1657 548 1818 582 διαπορεύε-

186 590 248 617 σθαι
263 591 326 624 τούς
348 601 378 619 τε
398 593 527 625 Εὐὸιέοας
543 593 602 628 ἅμα
612 595 660 622 καὶ
675 595 832 626 Οἱιενετοὺς,
858 595 903 621 τὸν
925 595 975 630 μὲν
995 596 1156 632 ἐνεδρεύσας
1171 599 1199 629 ὲς
1218 598 1248 625 τὸ
1264 598 1359 634 πρόσω
1372 598 1421 634 τῆς
1436 599 1509 632 ὀδοῦ,
1523 601 1568 626 τὸν
1584 599 1613 626 δὲ
1633 599 1661 629 ἐς
1691 598 1722 624 τδ
1755 597 1818 624 5m.-

186 639 260 672 σθεν,
276 640 409 675 ἐπέμενεν
437 641 567 677 ἐμϐαλεῖν
583 643 611 674 ἐς
644 643 674 669 τὸ
702 643 783 679 μέσον
806 644 869 680 τοὺς
891 644 1049 678 πολεμίους.

220 685 315 714 Veneti
331 689 575 723 progrediebantur
587 690 620 717 ad
649 691 745 718 urbem
773 691 893 720 Thebas.
914 699 976 725 qua:

187 735 281 762 aberat
297 735 331 762 ab
345 735 449 763 Euboia
466 737 563 765 stadiis
572 742 682 765 centum
695 738 905 773 quinquaginta.
919 737 976 765 Nu-

186 788 279 808 merus
288 787 378 809 autem
390 790 487 810 eorum
514 784 560 818 qui
575 792 652 812 arma
665 785 766 812 Thebis
783 785 885 812 inferre
896 793 977 820 para-

187 828 508 864 bant,complectebatur
524 838 571 858 sex
592 831 674 858 millia
689 831 817 858 militum.
828 832 975 865 Antonius,
994 836 997 839 ‘

186 882 248 903 cum
266 876 293 904 in
315 876 431 904 insidias
452 877 531 914 114
542 877 639 906 hostes
655 879 816 914 praecipitati
829 884 933 913 essent,
945 879 972 906 in
989 897 1009 925 Β

190 920 241 948 bos
262 921 383 956 undique
396 927 519 956 coortus,
547 924 653 952 habens
670 925 697 952 in
729 925 846 961 singulis
874 925 973 955 turmis

187 975 242 994 non
266 969 336 996 ultra
352 974 392 998 ter
418 976 560 1002 centenos.
582 971 665 999 simul
682 972 806 1007 utrisque
825 980 972 1008 apparens,

187 1016 281 1043 hostes
292 1016 381 1051 fugam
397 1018 519 1052 arripere
530 1019 628 1053 coegit,
639 1018 766 1053 plurimis
776 1019 855 1047 (διετεῖς
872 1025 899 1047 et
911 1027 975 1055 cap-

187 1060 234 1088 tis.
250 1061 336 1090 Etiam
351 1063 490 1099 principes
514 1065 668 1099 qnieorum
687 1066 825 1101 regionem
843 1067 976 1101 guberna.

187 1109 262 1140 bant.
279 1109 352 1144 cepit
371 1110 458 1143 vivos,
475 1110 543 1138 Hinc
559 1112 661 1140 cedens
680 1120 808 1140 reversus
822 1119 873 1146 est,
903 1115 974 1140 unde

186 1155 327 1191 digressrm
349 1161 418 1188 erat.
450 1157 484 1184 ad
514 1157 688 1186 obsidionem
721 1159 900 1187 Athenarum.
933 1159 974 1187 Ad

186 1200 258 1228 hanc
274 1202 370 1230 urbem
387 1204 479 1238 copias
503 1205 609 1238 habuit,
639 1206 728 1234 donec
750 1207 861 1242 quidam
889 1207 973 1234 Athe-

185 1247 298 1277 nienses
313 1254 394 1284 pacto
411 1250 598 1280 intercedente
612 1260 660 1287 per
677 1253 858 1287 proditionem
878 1254 972 1281 urbem

186 1295 259 1322 hosti
269 1296 419 1324 traderent.
436 1297 541 1326 Deinde
555 1300 650 1332 paucis
659 1299 756 1327 diebus
771 1305 866 1335 postet
882 1308 973 1327 arcem

186 1349 267 1378 quam
298 1343 443 1372 obsidione
476 1346 602 1380 urgebat,
618 1347 772 1380 occupavit,
791 1347 974 1382 princepsque

186 1389 283 1418 Attica:
297 1394 323 1416 et
337 1389 449 1418 Bteotiae
460 1391 616 1419 declaratus
638 1396 689 1420 est.
717 1393 786 1420 Cum
805 1399 896 1420 autem
926 1401 973 1420 ve—

186 1436 275 1464 nisset
289 1437 345 1472 jam
360 1441 424 1464 ante
439 1438 467 1464 in
484 1437 589 1465 Januas
601 1437 741 1473 Pajazitis.
767 1440 915 1473 superstite
927 1440 973 1466 ad-

187 1484 240 1513 huc
256 1488 342 1519 patre,
356 1484 456 1512 deinde
470 1493 579 1520 quoque
610 1486 732 1513 accessit
757 1484 858 1513 Januas
878 1485 973 1518 Μηδὶς,

188 1530 378 1564 Musulmanis,
392 1535 418 1559 et
435 1531 595 1560 Mechmetis
616 1531 732 1560 :Januae
766 1533 867 1560 milites
880 1541 976 1560 Inunc-

1067 693 1199 720 Ἒνταῢθα
1211 692 1257 721 οὖν
1274 695 1311 725 ὡς
1335 693 1499 720 οἱὈὺενετοὶ
1520 692 1682 728 ἐπορεύοντο
1696 691 1742 719 ἐπὶ
1766 691 1816 726 τὴν

1025 740 1123 775 Θηϐῶν
1150 741 1238 774 πόλιν,
1266 741 1349 776 διέχει
1364 741 1387 767 δ’
1410 741 1426 778 ἡ
1443 741 1522 773 πόλις
1542 739 1613 776 αὕτη
1632 740 1686 766 ἀπὸ
1702 738 1817 768 Εὐϐοίας

1026 787 1149 819 σταδίους
1162 781 1229 814 ὦσε).
1244 791 1293 824 ρν’,
1309 789 1357 815 καὶ
1370 788 1454 824 ᾔεσαν
1473 787 1673 821 ἐξωπλισμένοι
1693 794 1723 812 τε
1744 784 1815 819 ἅμα,

1024 834 1073 861 καὶ
1086 834 1178 860 πολλοὶ
1198 834 1274 866 ὄντες
1289 834 1335 860 ἐπὶ
1349 834 1400 864 τὰς
1418 833 1522 868 Θήϐας,
1536 830 1606 868 ἦσαν
1622 831 1650 858 δὲ
1664 830 1736 865 ἀμφὶ
1751 830 1816 860 τοὺς

1025 880 1233 916 ἑξακισχιλίους,
1249 882 1388 908 ἐπιπεσὼν
1405 880 1511 911 τούτοις
1529 880 1605 914 ἄφνω
1619 879 1633 905 ὁ
1659 876 1814 906 Ἀντώνιος,

1026 927 1094 964 ἔχων
1111 928 1181 955 κατὰ
1198 927 1262 959 τοὺς
1289 926 1384 962 λόχους
1398 926 1429 953 οὺ
1449 926 1559 957 πλείους
1574 924 1628 951 τῶν
1639 923 1814 960 τριακοσίων,

1025 975 1072 1002 καὶ
1089 974 1132 1001 ἐπ’
1148 975 1249 1008 ἀμφοῖν
1263 973 1321 1008 ἅμα
1352 972 1496 1007 ἐπιφανεὶς
1526 972 1583 1002 τοῖς
1607 969 1757 1000 Οὑενετοῖς,
1786 968 1815 999 ἐς

1026 1022 1116 1057 φυγήν
1130 1029 1157 1047 τε
1170 1020 1314 1056 ἐτρέψατο,
1325 1019 1372 1046 καὶ
1387 1017 1502 1049 πολλούς
1517 1026 1545 1044 τε
1564 1016 1653 1043 αὐτῶν
1664 1014 1815 1050 διέφθειρε,

1026 1068 1089 1098 τοὺς
1100 1067 1126 1093 δὲ
1137 1066 1289 1102 ἐζώγρησε.
1308 1065 1361 1091 Καὶ
1373 1065 1436 1095 τοὺς
1444 1064 1503 1091 τότε
1515 1063 1653 1098 ἡγεμόνας
1662 1062 1710 1094 τῆς
1722 1059 1815 1096 χώρας

1027 1113 1116 1140 αὐτῶν
1132 1112 1283 1147 ἐζώγρησε,
1299 1111 1346 1137 καὶ
1361 1109 1450 1137 ἀπιὼν
1465 1107 1543 1140 αὖθις
1562 1109 1590 1140 ἐς
1603 1107 1734 1138 τούπίσω,
1749 1105 1814 1131 ἐπο-

1027 1159 1130 1195 λιόρκει
1144 1158 1193 1194 τὴν
1208 1157 1329 1192 Ἀθηνῶν
1340 1157 1428 1188 πόλιν,
1447 1157 1476 1187 ὲς
1491 1155 1546 1190 ὃδὴ
1563 1152 1707 1188 προδοσίαν
1721 1151 1815 1177 συνθε-

1031 1207 1120 1242 μένων
1132 1205 1207 1241 αὑτῷ
1225 1205 1279 1232 τῶν
1298 1203 1459 1237 Ἀθηναίων,
1474 1202 1525 1237 τήν
1543 1209 1572 1227 τε
1591 1199 1669 1226 πόλιν
1685 1198 1814 1231 κατέσχε,

1029 1255 1075 1282 καὶ
1101 1254 1130 1279 οὑ
1157 1251 1248 1287 πολλῷ
1268 1251 1381 1285 ὕστερον
1409 1247 1561 1283 πολιορκῶν
1591 1246 1640 1281 τὴν
1667 1243 1815 1280 ἀκρόπολιν

1027 1299 1234 1335 παρεστήσατο,
1263 1297 1310 1323 καὶ
1327 1295 1490 1331 ἐτυράννευε
1505 1294 1554 1328 τῆς
1569 1302 1597 1320 τε
1617 1291 1744 1325 Ἀττικῆς
1757 1289 1814 1324 ἄμα

1027 1347 1073 1374 καὶ
1091 1345 1234 1376 Βοιωτίας.
1261 1344 1316 1370 Καὶ
1342 1342 1510 1377 ἀφικόμενος
1539 1341 1568 1371 ἐς
1583 1339 1633 1371 τὰς
1654 1337 1814 1372 Παιαζήτεω

1028 1394 1077 1428 μὲν
1094 1393 1189 1428 πρῶτα
1207 1391 1305 1427 θύρας.
1322 1390 1369 1417 τοῦ
1388 1388 1492 1423 πατρὸς
1504 1386 1586 1414 αὐτοῦ
1603 1386 1642 1412 ἔτι
1659 1384 1814 1419 περιόντος,

1028 1440 1097 1475 μετὰ.
1112 1440 1139 1466 δὲ
1153 1438 1240 1465 ταῦτα
1263 1439 1292 1470 ἐς
1306 1437 1354 1468 τὰς
1376 1435 1498 1467 Μωσέως
1511 1443 1541 1460 τε
1562 1433 1609 1460 καὶ
1630 1430 1814 1465 Μουσουλμὰ-

1027 1496 1089 1518 νεω,
1107 1486 1154 1513 καὶ
1183 1485 1280 1521 δήκαὶ
1312 1482 1467 1519 Μεχμέτεω
1496 1480 1591 1515 θύρας,
1610 1478 1760 1514 ἐθεράπευε
1784 1485 1815 1503 τε

1028 1535 1151 1570 χρήμασι
1165 1531 1362 1567 τὰς-βασιλέως
1377 1529 1473 1564 θύρας.
1493 1528 1549 1555 Καὶ
1566 1526 1637 1553 κατὰ
1652 1525 1701 1560 τὴν
1722 1524 1816 1560 χώραν

188 1578 266 1606 ribus
279 1578 332 1606 sibi
349 1578 559 1613 conciliavit,et
575 1580 602 1606 in
619 1579 730 1614 regione
747 1587 795 1607 sua
828 1580 972 1606 admodum

1028 1568 1116 1616 ἇρχων
1132 1578 1218 1610 ἀδεῶς
1235 1577 1283 1604 τοῦ
1312 1575 1409 1603 λοιποῦ
1436 1575 1556 1610 διῃτᾶτο.
1579 1572 1698 1605 Λέγεται
1714 1571 1763 1606 μὲν
1783 1570 1815 1604 δὴ

187 1626 308 1654 suaviter
323 1630 350 1652 et
365 1625 511 1660 tranquille
526 1625 553 1652 in
571 1626 706 1660 reliquum
722 1627 858 1660 regnavit.
875 1626 974 1653 Dicunt

188 1674 261 1698 nunc
282 1672 373 1699 virum
401 1677 499 1700 cmtera
536 1673 674 1700 illustrem
698 1673 847 1700 exstitisse.
873 1673 975 1700 Deinde

189 1726 251 1747 cum
266 1719 292 1745 in
310 1719 442 1746 ditionem
461 1720 614 1755 redegisset
637 1720 769 1752 Athenas,
796 1719 887 1747 ferunt
912 1728 973 1746 emn

189 1769 245 1791 tum
266 1766 377 1793 demum
391 1766 494 1794 abiisse
509 1766 541 1794 ad
558 1766 662 1794 Januas
677 1767 760 1802 regis,
775 1775 844 1802 quas
860 1767 912 1794 sibi
933 1769 974 1794 ra-

189 1811 348 1841 miliaritale
365 1818 391 1839 et
417 1813 574 1841 arctissima
607 1813 812 1840 necessitudine
837 1813 974 1842 devinxit.

188 1858 372 1893 Tyrannidem
386 1862 475 1885 autem
488 1859 622 1892 exercuit,
640 1859 722 1887 ducta
753 1859 852 1893 privati
876 1860 973 1894 cujus-

188 1905 249 1932 dam
267 1904 389 1932 Thebani
407 1904 586 1933 uxore.Cum
613 1906 686 1933 enim
710 1905 833 1940 nuptiale
862 1913 975 1933 sacrum

189 1955 349 1987 peragentes
365 1952 392 1978 in
417 1951 519 1987 nuptiis
547 1951 691 1986 cujusdam
708 1951 832 1979 Thebani
862 1951 976 1980 choreas

188 1999 333 2030 ducerent,
350 1998 444 2025 aderat
464 2003 491 2025 et
510 1998 666 2025 sacerdotis
682 1998 826 2031 cujusdam
843 1997 909 2028 ﬁlia.
922 2006 978 2024 lna-

189 2045 269 2070 ritum
291 2043 399 2071 habens
418 2043 504 2070 forma
533 2043 641 2079 quidem
661 2043 809 2076 luculenta,
837 2043 976 2071 moribus-

188 2098 241 2125 que
255 2090 377 2117 venustis
397 2094 424 2116 et
441 2089 575 2117 modestis
589 2090 743 2124 praeditum.
763 2089 839 2116 lianc
869 2089 897 2116 in
915 2089 975 2124 ipsa

189 2138 290 2163 chorea
308 2136 457 2163 adamavit.
472 2136 572 2163 Amore
583 2141 672 2162 autem
687 2144 793 2169 amens,
805 2136 875 2162 haud
891 2135 977 2162 multo

190 2187 312 2217 tempore
329 2188 389 2217 post
407 2190 466 2209 eam
488 2182 541 2209 sibi
562 2182 738 2210 matrimonio
763 2182 864 2218 junxit.
881 2181 978 2208 Felici-

189 2235 281 2264 terque
299 2229 382 2256 vitam
400 2228 534 2263 cgit.cnm
550 2228 732 2263 principatum
747 2229 779 2255 ad
791 2236 853 2255 eum
867 2227 975 2254 modum

189 2275 367 2307 instituisset,
384 2282 439 2309 quo
462 2275 512 2302 sibi
530 2274 644 2309 suisque
656 2278 682 2302 et
698 2274 758 2302 aliis
786 2275 902 2300 maxime
930 2281 979 2307 op-

187 2327 306 2358 portune
319 2322 418 2350 habere
436 2321 588 2348 videbatur.
598 2321 685 2348 Aleoti
703 2320 761 2358 (50)
779 2319 979 2354 ﬁlinmEgium

189 2369 354 2403 principem,
368 2368 415 2403 qui
430 2369 557 2403 corporis
574 2367 738 2396 fortitudine
755 2367 917 2403 przeslabat,
933 2374 980 2400 ge-

190 2423 288 2445 nerum
304 2415 412 2447 ascivit,
431 2415 495 2442 data
510 2414 534 2442 ei
553 2422 635 2449 quam
652 2414 839 2449 adoptaverat,
865 2413 891 2439 iu
909 2420 978 2441 uxo-

190 2470 261 2496 rem,
273 2462 339 2489 (ilia.
353 2462 456 2489 Habuit
468 2465 495 2488 et
510 2461 591 2488 aliam
619 2461 702 2488 ﬁliam
730 2460 898 2494 adoptivam,
923 2466 977 2493 qua

190 2509 241 2537 sibi
256 2516 386 2543 generum
403 2508 508 2543 paravit
522 2508 651 2543 juvenem
661 2506 806 2541 quemdam
823 2506 856 2533 ab
872 2506 976 2532 Euboia

190 2553 348 2586 oriundum,
361 2554 436 2582 claro
452 2554 511 2581 loco
521 2546 628 2580 natum.
644 2553 786 2584 Postremo
798 2559 859 2578 cum
877 2551 976 2577 bellum

190 2601 261 2627 inter
277 2602 365 2635 ipsum
379 2605 405 2627 et
422 2600 542 2628 Venetos
573 2607 639 2634 pace
649 2599 815 2632 diremptum
830 2599 910 2628 foret,
928 2605 976 2630 μου

190 2652 279 2674 catam
306 2648 449 2682 amplexus
465 2652 508 2674 est
543 2646 637 2674 vitam.
654 2644 742 2673 Aleoti
764 2644 848 2671 ﬁlium
870 2643 978 2679 ,λεεὶιιῑο

190 2694 401 2728 ducem,virum
430 2694 548 2721 maxime
564 2693 617 2721 sibi
653 2693 839 2724 commodum,
865 2692 976 2727 quando

1026 1626 1074 1652 καὶ
1087 1622 1176 1657 οὗτος,
1193 1624 1240 1650 καὶ
1263 1622 1336 1649 δοκεῖ
1354 1621 1479 1656 γενέσθαι
1506 1619 1575 1654 ἀνὴρ
1594 1619 1628 1645 τά
1644 1626 1674 1644 τε
1691 1617 1758 1645 ἄλλα
1772 1617 1816 1642 εὑ-

1025 1671 1155 1707 δοκιμῶν,
1177 1670 1224 1697 καὶ
1238 1669 1300 1696 ὲπεί
1314 1677 1343 1695 τε
1361 1666 1500 1703 παρέλαϐε
1521 1666 1569 1702 τὴν
1586 1664 1708 1699 Ἀθηνῶν
1726 1663 1815 1694 πόλιν,

1027 1718 1073 1744 ἐπί
1088 1726 1116 1744 τε
1131 1717 1180 1748 τὰς
1197 1715 1331 1750 βασιλέως
1356 1714 1440 1748 θύρας
1459 1712 1536 1739 οὐδέν
1560 1715 1601 1738 τοι
1615 1710 1705 1746 πολλῷ
1719 1709 1815 1744 ἀφικό-

1028 1771 1118 1798 μενος,
1134 1761 1303 1796 ἐπιτηδείους
1314 1767 1343 1785 τε
1357 1757 1431 1792 αὐτῷ
1448 1759 1533 1793 σχεῖν,
1552 1757 1599 1783 καὶ
1614 1756 1738 1791 συνήθεις
1752 1754 1815 1786 τοὺς

1027 1809 1100 1844 ἀμφὶ
1125 1808 1171 1834 τὸν
1191 1806 1312 1841 βασιλέα.
1328 1804 1505 1838 Ἐτυράννευε
1521 1803 1549 1829 δὲ
1575 1803 1669 1837 γήμας
1697 1801 1815 1835 γυναῖκα

1027 1856 1122 1891 ἀνδρὸς
1137 1853 1241 1881 ἰδιώτου
1257 1853 1311 1880 ἀπὸ
1325 1852 1434 1888 Θηϐῶν.
1462 1851 1506 1882 Ὠς
1518 1850 1572 1884 γὰρ
1595 1850 1696 1884 ἀνῆγον
1712 1848 1737 1875 οί
1758 1848 1814 1882 Θη-

1027 1903 1098 1930 ϐαῖοι
1115 1902 1211 1936 χοροὺς
1227 1901 1272 1926 ἐπὶ
1289 1900 1369 1934 γάμῳ
1384 1899 1448 1931 τινὶ,
1461 1899 1508 1925 καὶ
1523 1895 1558 1932 ἦν
1580 1896 1676 1932 ἱερέως
1692 1895 1814 1929 θυγάτηρ

1028 1948 1074 1975 ὑπ’
1091 1947 1169 1982 ἀνδρὶ
1186 1945 1368 1980 γεγενημένη,
1386 1945 1436 1971 οὐκ
1465 1943 1549 1978 ἀηδὴς
1579 1943 1680 1977 μέντοι,
1710 1941 1756 1968 τὸν
1785 1940 1814 1967 δὲ

1027 1994 1126 2028 τρόπον
1147 1992 1271 2027 ἐπιεικής
1287 2000 1315 2018 τε
1340 1991 1399 2026 ἅμα
1425 1991 1472 2017 mi.
1501 1989 1628 2023 σώφρων,
1657 1988 1765 2024 ἠράσθη
1782 1996 1814 2014 τε

1027 2041 1112 2076 αὐτῆς
1133 2040 1162 2066 ὲν
1174 2038 1211 2074 τῷ
1227 2037 1300 2074 χορῷ
1320 2037 1390 2072 ἅμα,
1402 2038 1450 2064 καὶ
1460 2036 1586 2073 ιρασθείς
1602 2035 1738 2069 ἀπάγεται
1749 2034 1814 2061 ταὺ-

1028 2095 1087 2122 την.
1118 2085 1279 2120 Ἐπιμανεὶς
1305 2084 1334 2110 δὲ
1353 2083 1390 2118 τῷ
1421 2083 1514 2119 ἔρωτι,
1533 2082 1563 2109 οὐ
1582 2081 1671 2115 πολλῷ
1700 2079 1814 2115 ὕστερον

1028 2133 1115 2168 ἔγημέ
1133 2141 1162 2159 τε
1191 2132 1286 2166 αὐτὴν,
1311 2132 1357 2158 καὶ
1373 2130 1538 2165 εὐδαιμόνως
1557 2128 1685 2164 βιοτεύων
1697 2127 1815 2161 ἐτύγχα-

1028 2189 1085 2213 νεν,
1096 2178 1279 2213 ὲξοικονομῶν
1301 2187 1331 2204 τε
1358 2178 1407 2213 τὴν
1422 2177 1508 2212 ἀρχὴν
1524 2177 1570 2202 ἐπὶ
1587 2175 1617 2202 τὸ
1630 2175 1667 2206 ὡς
1683 2173 1815 2201 κάλλιστα

1029 2227 1101 2261 ἔχειν
1115 2225 1209 2252 δοκοῦν
1225 2226 1282 2260 ἃμα
1293 2226 1348 2255 τοῖς
1361 2234 1389 2251 τε
1399 2225 1427 2250 ὲν
1441 2225 1474 2258 τῇ
1487 2223 1564 2258 χώρᾳ
1585 2223 1695 2253 καὶτοῖς
1713 2221 1813 2252 ἄλλοις.

1031 2269 1115 2304 Οὗτος
1136 2272 1185 2307 μὲν
1204 2270 1251 2299 οὖν
1272 2271 1318 2298 καὶ
1342 2270 1409 2306 πρὸς
1423 2270 1468 2297 τδν
1487 2271 1514 2296 ὲν
1530 2271 1562 2306 τῇ
1585 2270 1683 2304 Αἰγίνῃ
1697 2268 1816 2302 ἄρχοντα

1029 2319 1169 2345 Γαλεώτου
1185 2317 1196 2334 ⁸
1218 2317 1308 2351 παῖδα,
1318 2316 1365 2343 τοῦ
1385 2317 1430 2343 ἐπὶ
1447 2316 1526 2351 ῥώμῃ
1541 2315 1666 2350 σώματος
1681 2316 1815 2350 ἐπισήμου

1029 2365 1114 2398 ὄντος,
1132 2364 1282 2400 ἐπιγαμίαν
1295 2363 1480 2399 ποιησάμενος
1493 2363 1539 2389 ἐπὶ
1555 2363 1618 2398 θετῇ
1632 2362 1715 2389 αὐτοῦ
1730 2362 1815 2396 θυγα-

1028 2413 1083 2449 τρὶ,
1108 2414 1154 2440 καὶ
1167 2413 1221 2439 ἀπὸ
1236 2412 1352 2443 Εὖϐοίας
1371 2412 1480 2438 νεανίαν
1501 2410 1551 2444 τῆς
1564 2409 1700 2445 γεωργίου
1715 2409 1815 2439 οἱκῐας.

1028 2459 1161 2494 κηδεστὴν
1175 2458 1220 2485 ἐπὶ
1245 2458 1326 2493 ἑτέρᾳ
1350 2457 1430 2483 αὑτοῦ
1457 2455 1520 2490 θετῇ
1539 2455 1732 2490 ποιησάμενος,
1747 2454 1815 2488 πρός

1030 2513 1060 2532 τε
1072 2505 1135 2537 τοὺς
1150 2504 1296 2535 Οὐενετοίις
1315 2503 1429 2533 σπονδάς
1442 2511 1471 2528 τε
1488 2501 1683 2535 ποιησάμενος,
1700 2499 1815 2534 ἡσυχίαν

1030 2550 1092 2587 ἦγε.
1109 2551 1164 2577 Καὶ
1175 2549 1315 2577 Γαλεώτου
1326 2550 1372 2576 τὸν
1393 2549 1485 2580 παῖδα,
1512 2546 1624 2580 Αἰγίνης
1645 2546 1673 2572 δὲ
1687 2546 1814 2579 ἄρχοντα,

1031 2598 1183 2632 ἐπιτήδειον
1210 2598 1291 2633 ἔχων.
1313 2597 1378 2630 παρ’
1394 2595 1476 2622 αὐτὸν
1492 2594 1627 2629 φοιτῶντα
1651 2592 1814 2627 ἐθεράπευε,

1032 2646 1080 2672 καὶ
1096 2644 1241 2680 σωφρονῶν
1272 2644 1320 2670 hri.
1335 2643 1401 2671 πολὺ
1426 2643 1458 2678 δὴ
1476 2642 1522 2669 τοῦ
1545 2641 1640 2677 χρόνου
1667 2640 1814 2674 διεγένετο,

1031 2692 1198 2727 εὐδαιμονῶν
1213 2691 1266 2719 ἀπό
1278 2700 1308 2718 τε
1326 2691 1377 2727 τῆς
1397 2690 1466 2718 κατὰ
1477 2690 1526 2725 τὴν
1542 2689 1630 2724 ἀρχὴν
1644 2688 1814 2736 οἰκονομίας,

834 2760 958 2792 Notulaa
974 2761 1181 2801 marginales.

227 2825 283 2859 (50)
301 2823 418 2851 Galt‘uti.

224 2906 236 2923 ‘
252 2905 383 2937 Ἁλεάτον,
402 2909 428 2931 ut
447 2904 530 2938 infra.
