1950 3075
189 153 242 185 223
770 154 928 184 LAONICI
947 154 1285 187 CHALCOCONDYLIE
1334 189 1336 191 _
1759 152 1814 184 2’25

191 216 252 235 sum
264 216 280 235 a
293 207 348 235 lilio
361 208 506 236 sentiebat.
517 207 583 236 Nam
597 209 727 237 censebat
754 209 889 238 {cedet-um
914 211 977 238 reli-

1032 212 1075 243 δες
1091 212 1214 247 πάρεισι.
1234 212 1288 238 Καὶ
1301 211 1381 238 τοῦτο
1407 211 1498 246 μέντοι
1513 210 1706 245 ἀναμφιλόγως
1721 209 1782 245 ἔχον
1790 212 1812 242 ⁹.

189 256 297 289 gionem
314 254 574 287 nectemerandam,
596 263 646 282 nec
669 255 820 283 violandam
842 264 923 284 esse:
949 262 977 284 et

1032 258 1166 291 ἐμπεδοῦν
1178 258 1282 291 ἔφασκε
1306 258 1355 293 τὴν
1383 257 1501 291 αἵρεσιν,
1533 257 1630 292 ἥντινα
1654 257 1688 283 ἂν
1716 257 1813 284 ἕλοιτο.

189 300 235 333 qui
250 299 276 326 id
290 299 412 331 fecisset,
431 300 510 334 119
526 300 591 326 nihil
604 300 699 328 bouici
718 309 836 336 unquam
862 307 976 329 eventu-

189 353 270 373 rum:
287 353 338 372 nec
348 346 496 380 quidquam
511 345 665 380 prohibere,
682 348 831 381 quominus
849 356 911 375 cum
931 357 976 376 er-

1032 346 1108 386 ᾖὲπὶ
1123 351 1170 385 τὴν
1187 349 1327 384 βασιλείαν
1359 350 1496 384 ἀφίκοιτο,
1520 350 1643 376 κίνδυνον
1667 350 1742 384 σφίσι
1768 351 1814 376 τὸν

191 397 250 419 rato
261 400 312 419 suo
325 396 418 427 pereat
434 393 551 427 penitus.
574 391 674 420 Verum
707 394 762 420 haec
790 395 816 421 in
839 394 975 422 delibera-

1032 396 1158 430 μέγιστον
1173 396 1351 432 παρέχεσθαι.

192 438 294 465 Iioncm
313 438 491 473 proponenda
504 446 568 466 esse
582 440 618 472 ci,
632 439 679 473 qui
695 440 829 468 deliberet
858 441 913 467 utri
947 441 1018 475 parti
1050 437 1086 469 sit
1113 442 1326 471 adbterendnm:
1351 442 1386 470 ab
1417 442 1467 470 bac
1493 446 1570 477 parte
1597 442 1722 469 locentur
1746 449 1812 475 opes

192 484 269 518 regni
284 489 311 511 et
323 485 530 519 peregrinorum
556 485 673 513 militum
703 488 805 518 robur;
832 487 866 515 ab
879 488 975 520 altera,
994 496 1055 524 quae
1066 489 1147 516 modo
1161 489 1291 522 diximus,
1321 495 1469 524 ponantur.
1501 489 1547 516 Illa
1571 490 1680 524 quidem
1706 489 1813 516 dubiam

1035 304 1142 330 Ἐκεῖνα
1155 304 1223 330 δἀὗ
1244 304 1404 338 ὲνδοιασμὸν
1418 303 1604 339 παρεχόμενα,
1624 304 1685 330 ὅποι
1712 313 1742 329 τε
1767 305 1815 330 καὶ

191 531 296 558 faciunt
309 532 482 560 electionem.

227 578 290 606 llaec
305 579 388 606 etiam
401 579 612 615 ambiguitatem
623 581 757 616 inferunt,
767 582 831 610 dum
843 582 978 618 cogitaret

190 633 243 659 qna
258 626 433 660 etquomodo
449 634 565 663 regnum
584 629 636 656 sibi
649 629 807 662 sulajiceret,
825 634 853 657 et
864 630 974 657 interim

190 671 349 699 Graecorum
373 681 417 700 res
433 674 461 701 in
483 681 622 701 summum
644 675 792 703 adduceret
812 675 975 703 discrimen.

191 718 219 745 lu
237 718 311 745 lnmc
328 719 440 746 modum
458 720 491 746 ad
518 724 666 755 utramque
686 726 793 754 partem
817 721 974 750 Graacornm

189 765 274 791 animi
304 766 523 801 propenulebant.
542 766 615 794 Vicit
634 772 726 795 tamen
743 769 889 801 sententia,
915 777 976 804 qua

187 810 302 844 jubebat
315 819 404 846 regem
414 813 554 847 juvenem.
568 814 615 848 qui
629 822 721 841 rerum
734 819 792 842 tum
808 815 975 850 potiebatur,

190 858 267 892 sequi
281 865 449 893 quocunque
467 859 605 887 duxisset.
621 860 742 888 Proinde.
756 861 977 897 adjungebantur

190 903 341 939 Mustaphse
363 905 431 939 ('53),
465 913 586 941 eumque
620 914 712 940 regem
742 909 995 942 pronuntiaruntz'

189 949 242 977 hac
266 954 355 979 tamen
374 951 544 986 conditione,
567 957 596 980 ut
610 953 766 989 Callipolim
785 956 914 982 amissam
932 963 977 982 re-

189 997 322 1031 ciperent.
340 997 389 1025 His
405 998 441 1025 ita
458 999 590 1032 decretis,
611 1001 701 1035 copiis
715 1001 864 1029 navalibus
878 1002 976 1034 imple-

188 1050 255 1069 vere
271 1051 363 1077 naves,
377 1044 477 1079 quibus
494 1045 652 1074 instructus
663 1055 709 1074 rex
722 1047 797 1074 venit
807 1047 976 1083 Callipolim.

188 1087 257 1116 Cum
281 1095 372 1117 autem
393 1091 515 1119 nondum
542 1100 574 1120 eo
603 1093 761 1121 advertisset
785 1093 946 1130 Mustaphas
962 1103 978 1122 e

190 1134 303 1168 Lemno,
331 1136 427 1164 volens
454 1138 512 1172 ipse
540 1138 653 1166 interim
683 1139 784 1179 aliquid
809 1147 891 1175 agere
905 1141 976 1176 quod

190 1181 342 1214 pertineret
358 1182 392 1209 ad
408 1191 523 1219 regnum
539 1185 669 1220 Europae.
683 1186 836 1221 Callipolim
850 1186 978 1215 obsidere

189 1227 298 1254 statuit.
314 1228 417 1255 Aderat
432 1234 459 1256 et
474 1230 606 1258 Zunaites
623 1230 749 1267 Smyrnae
764 1233 902 1267 princeps,
917 1233 977 1260 Mu-

190 1274 296 1308 staplne
312 1273 637 1311 falniliaritatejuuclns.
661 1277 748 1305 Porro
768 1278 894 1306 dicebant
909 1278 979 1305 Tur-

189 1321 243 1351 cis,
254 1320 299 1355 qui
316 1327 514 1357 convenerant,
529 1322 703 1358 Mustapham
721 1324 798 1352 brevi
815 1324 977 1352 aﬂuturum.

189 1365 393 1401 Oppugnabant
420 1375 511 1395 arcem
532 1369 676 1404 Callipolis
702 1379 709 1397 :
738 1377 789 1398 nec
807 1371 892 1398 multo
916 1375 978 1406 post

190 1411 296 1439 dedidit
320 1420 350 1440 se
367 1412 524 1441 advenienti
548 1413 702 1449 Mustapbte
719 1415 936 1444 Cbersonesus-z
951 1420 978 1443 et

191 1457 265 1485 illico
298 1467 361 1487 eum
391 1467 481 1494 regem
516 1461 720 1495 consalutavit,
753 1467 780 1490 et
812 1469 978 1496 quocunque

191 1504 332 1535 duxisset.
364 1506 569 1541 promptissime
593 1507 792 1542 sequebantur.
820 1507 975 1543 Callipolim

1064 583 1157 610 Ταῦτα
1173 583 1267 618 μέντοι
1283 584 1348 615 ’τοῖς
1365 583 1496 619 Ἕλλησιν
1514 584 1559 611 ἐπ’
1578 583 1725 619 ἀμφότερα
1740 592 1815 618 γινο-

1030 634 1121 668 μένοις
1141 634 1201 664 ταῐς
1229 632 1363 667 γνώμαις,
1389 631 1438 659 ἅτε
1461 631 1509 658 τοῦ
1535 631 1597 658 νέου
1626 630 1760 665 βασιλέως
1783 631 1815 657 τὸ

1027 679 1128 713 κράτος
1144 679 1262 714 ἔχοντος,
1276 680 1337 705 τότε
1349 678 1405 705 τῶν
1424 677 1560 713 Ἐλλήνων
1574 677 1661 714 ταύτῃ
1671 678 1703 712 τῇ
1716 677 1813 712 γνώμῃ

1029 725 1160 752 ἐτίθεντο·
1177 727 1225 752 καὶ
1239 726 1399 761 αἱρούμενοι
1418 725 1452 752 τὰ
1467 725 1631 760 πράγματα,
1676 724 1813 758 ἐξηγεῖτο,

1028 772 1075 799 ἐπὶ
1088 773 1136 807 τὴν
1151 773 1304 806 Μουσταφᾶ
1320 772 1470 807 ἐτράποντο
1485 771 1580 806 τύχην,
1595 771 1666 798 ὥστε
1684 770 1814 797 καθιστά-

1030 827 1074 845 ναι
1095 818 1177 844 αὐτὸν
1203 818 1326 853 βασιλέα,
1353 817 1401 844 καὶ
1421 817 1471 852 τὴν
1492 816 1691 844 Καλλιούπολιν
1722 817 1814 851 σφίσιν

1029 861 1214 893 ἀποδίδοσθαι.
1239 861 1309 888 ὥστε
1334 861 1420 888 ταῦτα
1445 861 1578 895 ἐδέδοκτο,
1604 862 1651 888 καὶ
1677 861 1814 897 ἐπλήρουν

1028 908 1077 938 τὰς
1091 907 1167 939 ναῦς.
1181 907 1309 941 Ἀφίκετο
1324 905 1373 934 οὖν
1385 908 1399 934 ὁ
1411 907 1539 943 βασιλεὺς
1554 907 1600 935 ἐπὶ
1615 907 1666 943 τὴν
1681 907 1814 934 Καλλιού-

1028 953 1118 984 πολιν,
1134 953 1182 979 καὶ
1195 953 1233 984 ὡς
1248 953 1325 979 οὐδὲν
1334 953 1500 988 παρεγένετο
1515 952 1568 980 ἀπὸ
1581 953 1692 987 Λήμνου
1709 953 1721 979 6
1737 953 1812 980 Μου-

1029 999 1145 1033 σταφᾶς,
1159 999 1350 1034 προαγόμενος
1364 999 1499 1033 πράσσειν
1513 1007 1539 1024 τι
1555 999 1583 1030 ἐς
1595 998 1645 1033 τὴν
1659 998 1747 1033 ἀρχὴν
1762 997 1813 1032 τῆς

1026 1045 1175 1081 Εὐρώπης.
1190 1045 1236 1072 καὶ
1252 1045 1408 1080 πολιορκεῖν
1422 1045 1472 1080 τὴν
1486 1044 1686 1072 Καλλιούπολιν
1700 1045 1815 1071 Ζουναῗ-

1027 1101 1078 1127 την
1094 1093 1140 1119 τὸν
1155 1094 1206 1127 τῆς
1231 1091 1359 1127 Σμύρνης
1383 1093 1514 1127 ἄρχοντα,
1542 1092 1667 1127 παρόντα
1689 1091 1721 1126 δὴ
1752 1091 1814 1118 τότε

1028 1138 1130 1172 σφίσιν,
1142 1138 1188 1165 ἅτε
1204 1139 1310 1172 ἑταῖρον
1323 1138 1389 1165 ὄντα
1401 1138 1449 1164 τοῦ
1464 1138 1628 1172 Μουσταφᾶ,
1640 1138 1677 1170 ὡ;
1692 1146 1813 1174 παρεσο-

1029 1184 1110 1219 μένου
1137 1184 1168 1219 δὴ
1196 1184 1296 1211 αὐτίκα
1323 1185 1463 1217 κάκείνου,
1491 1184 1726 1217 ὲξεπιδεικνύντες
1757 1184 1814 1214 τοῖς

1029 1229 1174 1266 Τούρκοις,
1200 1230 1377 1265 ἐπολιόρκουν
1399 1231 1448 1265 τὴν
1472 1231 1560 1265 ἄκραν
1571 1229 1621 1265 τῆς
1639 1229 1812 1257 Καλλιουπό-

1027 1276 1106 1308 λεως.
1124 1276 1191 1303 Μετ’
1206 1277 1236 1302 οὑ
1255 1277 1341 1303 πολὺν
1366 1277 1395 1303 δὲ
1416 1276 1512 1311 χρόνον
1534 1276 1701 1311 παρεγένετό
1722 1285 1752 1302 τε
1768 1277 1816 1303 καὶ

1028 1322 1110 1353 αὐτὸς
1140 1323 1321 1356 Μουσταφᾶς,
1350 1331 1399 1348 ιαι
1424 1322 1458 1348 τά
1480 1331 1510 1349 τε
1536 1323 1609 1357 ἄκρα
1633 1323 1682 1355 τῆς
1707 1322 1813 1353 πόλεως

1029 1367 1241 1402 προσεχώρησεν
1255 1368 1340 1404 αὐτῷ.
1356 1368 1412 1395 Καὶ
1427 1369 1444 1403 ἡ
1459 1368 1632 1404 Χερρόνησος
1647 1368 1747 1395 αὐτίκα
1760 1368 1815 1394 ἐδέ-

1029 1414 1093 1447 ξατο
1110 1414 1237 1449 βασιλέα,
1253 1415 1300 1441 καὶ
1317 1414 1409 1442 εἵπετο
1425 1415 1491 1442 ὅπου
1507 1414 1639 1449 ἐξηγεῖτο.
1654 1413 1709 1448 Τὴν
1721 1414 1814 1448 μέντοι

1028 1460 1228 1487 Καλλιούπολιν
1251 1462 1264 1487 ὁ
1289 1460 1425 1496 Ἑλλήνων
1449 1460 1579 1495 βασιλεὺς
1601 1460 1676 1494 ἠξίου
1690 1460 1815 1486 ἀποδίδο-

1030 1507 1104 1535 σθαι.
1125 1507 1153 1534 Ὀ
1166 1507 1206 1539 δὲ.
1222 1507 1334 1542 ἕτοιμος
1359 1507 1409 1542 μὲν
1431 1505 1503 1533 εἷναι
1525 1506 1688 1538 ἀποδώσειν,
1712 1506 1758 1533 καὶ
1777 1505 1815 1540 μὴ

191 1551 244 1578 sibi
274 1551 344 1578 tradi
371 1552 526 1586 postulabat
550 1553 709 1581 Grzecorum
735 1562 795 1581 rex.
819 1553 977 1588 Mustapbas

1032 1554 1201 1586 ἀντιτείνειν,
1212 1555 1276 1585 τοὺς
1289 1555 1383 1588 μέντοι
1393 1553 1530 1589 Τούρκους
1542 1552 1670 1588 χαλεπῶς
1680 1561 1709 1578 τε
1719 1552 1815 1582 οἴσειν,

190 1601 306 1631 paratus
325 1601 385 1625 erat
406 1605 465 1625 eam
487 1598 563 1630 dare,
581 1605 633 1626 nec
657 1599 790 1626 abnuere.
810 1598 894 1626 Turci
920 1606 976 1626 rem

1032 1600 1072 1627 ιαὶ
1088 1600 1165 1636 σφίσι
1185 1600 1222 1636 μὴ
1245 1601 1274 1626 ἐν
1298 1600 1383 1634 καλῷ,
1406 1598 1481 1626 οΰπω
1505 1599 1544 1626 ἔτι
1578 1598 1816 1633 κατειργασμένης

191 1644 270 1671 istam
298 1644 403 1679 iniquis
436 1645 612 1679 patiebantur
641 1645 752 1677 nuituis,
783 1653 846 1672 cum
879 1653 976 1681 parum

192 1691 338 1718 honestum
355 1690 409 1719 sibi
432 1691 493 1719 fore
515 1691 730 1724 arbitrarentur,
750 1700 834 1727 regno
857 1693 978 1719 nondum

191 1737 260 1765 satis
272 1737 391 1768 ﬁrmato.
404 1739 500 1766 urbem
513 1738 593 1765 talem
605 1738 709 1766 Graecis
719 1739 833 1766 donare.
844 1738 979 1766 Praeterea

191 1783 218 1811 in
232 1784 316 1811 dubio
334 1784 425 1812 adhuc
441 1793 513 1815 esse.
534 1792 597 1813 cum
622 1793 734 1820 regnum
761 1785 882 1812 nondum
908 1785 978 1813 satis

190 1831 227 1858 sit
243 1831 390 1863 munitum.
413 1839 534 1865 quonam
551 1840 596 1860 res
612 1837 750 1867 eruptura:
773 1833 839 1864 sint.
867 1832 983 1867 pollice—

1026 1649 1077 1682 τῆς
1103 1647 1201 1682 ἀρχῆς,
1228 1646 1390 1673 ἀποϐαίνειν
1412 1647 1446 1673 τὰ
1471 1647 1631 1681 πράγματα.
1665 1645 1817 1680 Ὑπὲσπιετο

1031 1695 1123 1729 μέντοι
1141 1694 1252 1720 ἐπειδὰν
1268 1694 1297 1725 ἐς
1317 1694 1365 1728 τὴν
1385 1693 1471 1728 ἀρχὴν
1497 1692 1703 1726 παραγένηται,
1720 1692 1770 1725 τήν
1786 1699 1815 1717 τε

1030 1741 1108 1768 πόλιν
1132 1741 1299 1773 ἀποδιδόναι,
1320 1740 1367 1767 καὶ
1388 1740 1414 1766 ετ
1429 1748 1456 1766 τι
1478 1739 1542 1766 ἄλλο
1557 1739 1710 1773 ἐπιτήδειον
1725 1738 1816 1768 αὐτοῖς

1029 1787 1164 1813 οῐονταιη
1185 1786 1318 1818 ἔσεσθαι,
1344 1785 1414 1820 μήτε
1437 1784 1482 1811 τοῦ
1505 1784 1600 1811 λοιποῦ
1623 1785 1655 1811 ἂν
1685 1783 1817 1818 στερῆσαι

1031 1831 1131 1863 αὐτούς
1147 1840 1225 1858 ποτε.

190 1878 282 1906 batur.
300 1878 393 1913 Itaque
403 1879 506 1907 Graecis
522 1887 581 1912 rex,
592 1887 655 1907 cum
669 1880 696 1908 in
711 1887 824 1916 regnum
839 1881 974 1912 venisset,
995 1888 1024 1908 se
1037 1880 1106 1916 ipsis
1121 1880 1286 1908 traditurum
1302 1878 1456 1914 Callipolim
1471 1887 1478 1906 :
1491 1883 1624 1914 praeterea
1657 1878 1680 1906 si
1713 1878 1817 1913 aliquid

189 1925 274 1958 aliud,
289 1926 363 1960 quod
377 1926 430 1953 sibi
445 1927 511 1954 utile
526 1926 586 1954 fore
604 1931 744 1962 putarent,
759 1928 972 1963 postulaverint,
990 1935 1038 1956 eos
1057 1935 1140 1963 porro
1155 1927 1227 1954 haud
1244 1926 1382 1961 repulsam
1398 1933 1542 1961 passuros.

225 1972 329 2000 Cra-cis
345 1973 372 2000 in
397 1974 471 2000 hunc
485 1973 596 2001 modum
614 1974 767 2008 persuasis.
782 1979 858 2002 recta
877 1974 905 2001 in
920 1974 976 2001 Eu-

178 2025 284 2052 ropam
313 2018 455 2046 contendit
473 2027 480 2046 :
498 2026 579 2054 quem
603 2020 795 2047 advenientem
822 2027 918 2048 omnes
947 2024 979 2046 ut

190 2072 282 2099 regem
311 2070 338 2092 et
363 2065 496 2100 Pajazitis
524 2066 609 2093 lilium
637 2067 831 2101 excipiebant,
863 2067 979 2102 ejusque

190 2111 307 2145 imperio
329 2119 359 2138 se
381 2112 593 2141 submittebant.
610 2113 679 2140 Cum
698 2113 836 2148 Pajazites
849 2121 978 2148 comper-

189 2161 248 2183 tum
275 2157 390 2185 haberet
423 2157 596 2192 Mustapham
624 2159 833 2192 Adrianopolim
862 2167 979 2194 pergere

189 2205 299 2239 (urbem
315 2204 388 2231 enim
405 2203 486 2231 istam
503 2205 618 2240 regebat
638 2204 719 2239 jussu
744 2204 914 2238 Mechmetis,
930 2206 978 2240 qui

190 2251 312 2278 moriens
326 2251 351 2277 id
365 2251 390 2278 ei
405 2251 571 2285 mandarat)
593 2252 718 2279 exercitu
735 2260 768 2279 ex
793 2251 901 2287 Europa
913 2260 980 2280 con-

1068 1973 1172 2005 Πεισας
1188 1973 1237 2007 μὲν
1259 1972 1306 1999 οὖν
1322 1973 1382 1999 τότε
1399 1973 1462 2004 τοὺς
1481 1972 1628 2007 Ἕλληνας,
1651 1972 1766 2007 ἤλαυνεν
1789 1972 1819 2003 ἐς

1031 2019 1063 2046 τὸ
1080 2019 1176 2054 πρόσω
1193 2018 1244 2053 τῆς
1266 2019 1414 2054 Εὐρώπης,
1441 2018 1489 2045 καὶ
1504 2018 1674 2054 προσεχώρει
1690 2027 1721 2045 τε
1744 2019 1820 2053 αὑτῷ

1032 2065 1192 2101 ξύμπαντα,
1206 2065 1243 2097 ὡς
1262 2065 1370 2100 βασιλεῖ
1380 2074 1408 2092 τε
1423 2065 1478 2091 ὄντι
1493 2064 1577 2098 σφῶν,
1595 2064 1642 2090 καὶ
1659 2064 1820 2099 Παιαζήτεω

1032 2114 1111 2140 παιδὶ
1127 2113 1280 2148 γενομένῳ.
1291 2112 1370 2139 Ἐπεὶ
1383 2113 1412 2139 δὲ
1422 2112 1583 2147 Παιαξήτης
1595 2111 1695 2147 ᾔσθετο
1707 2111 1819 2138 ἐπιόντα

1032 2159 1080 2185 ἐπὶ
1103 2158 1338 2193 ’Δδριανούπολιν,
1366 2159 1532 2194 ἐπετρόπευε
1560 2157 1589 2184 δέ
1615 2157 1666 2192 τῆς
1696 2157 1819 2189 πόλεως,

1032 2204 1228 2238 καταλειφθεὶς
1246 2204 1298 2231 ὑπὸ
1322 2205 1477 2239 Μεχμέτεω
1502 2203 1634 2239 βασιλέως
1649 2204 1695 2230 ἐπὶ
1719 2205 1751 2239 τῇ
1777 2212 1822 2230 τε·

1032 2251 1112 2286 λευτῇ
1128 2251 1222 2283 αὑτοῦ,
1247 2251 1396 2286 συνήγειρέ
1423 2259 1454 2277 τε
1480 2251 1511 2277 τὸ
1532 2250 1586 2277 ἀπὸ
1609 2250 1660 2285 τῆς
1687 2249 1822 2285 Εὐρώπης

189 2302 312 2333 gregale,
325 2297 434 2325 obviam
449 2299 584 2333 processit
598 2298 750 2334 Mustapba:
760 2306 842 2333 quam
856 2299 978 2333 proriIue

1032 2297 1197 2332 στράτευμα,
1226 2299 1273 2324 καὶ
1298 2298 1405 2332 ὑπήντα
1422 2297 1461 2331 τῷ
1482 2297 1639 2331 Μουσταφᾷ
1663 2295 1749 2331 ἀγχοῦ
1772 2296 1823 2330 τῆς

189 2345 409 2380 Adrianopolim,
419 2345 498 2379 quasi
511 2349 685 2380 pugnaturus
699 2353 705 2371 :
720 2353 770 2372 nec
780 2345 977 2380 permissurus,

190 2393 212 2419 si
231 2396 315 2418 tanta:
331 2392 405 2419 vires
427 2392 554 2424 fuissent,
575 2400 639 2420 eum
664 2392 691 2419 in
714 2393 790 2427 regni
806 2393 898 2420 sedem
915 2400 979 2426 pro-

190 2437 298 2465 cedere.
315 2438 383 2465 Cum
407 2437 568 2472 Mustaphas
593 2439 704 2472 agmine
728 2439 884 2473 composito
902 2446 980 2466 acce-

191 2482 279 2514 deret,
296 2482 379 2510 Turci
393 2483 539 2512 confestim
554 2484 634 2519 120
649 2492 746 2512 omnes
759 2484 793 2511 ad
806 2484 979 2519 Mustaplnam

192 2529 384 2556 transitionem
404 2529 519 2563 faciunt,
547 2538 667 2565 eumque
684 2535 714 2558 ut
737 2538 826 2565 regem
850 2530 977 2559 adorant.

190 2574 325 2602 Pratterea
340 2573 477 2611 Pajazites
488 2577 653 2611 provolutus
667 2577 699 2604 ad
713 2585 802 2613 genua
816 2576 977 2611 Mustaphae,

189 2628 253 2649 eum
276 2625 306 2648 ut
329 2630 422 2657 regem
450 2623 576 2650 adoravit
594 2631 601 2650 ε
619 2630 719 2658 resque
742 2623 830 2650 cidem
854 2623 978 2654 tradidit,

191 2672 220 2695 ut
232 2674 282 2702 pro
297 2674 349 2695 suo
366 2668 482 2695 arbitrio
500 2673 606 2702 ageret.
630 2669 710 2696 Hunc
734 2669 866 2696 continuo
889 2669 980 2696 necari

1039 2343 1302 2379 Ἀδριανουπόλεως,
1324 2343 1361 2374 ὡς
1386 2344 1429 2370 διὰ
1448 2343 1540 2378 μάχης
1565 2343 1757 2377 ὲλευσόμενος,
1775 2343 1823 2368 καὶ

1032 2391 1200 2426 ἐπιτρέπων,
1219 2391 1252 2425 ἣν
1267 2390 1388 2422 δύναιτο,
1419 2390 1466 2416 ἐπὶ
1495 2392 1530 2416 τὰ
1552 2389 1589 2425 μὴ
1619 2389 1746 2422 βασίλεια
1772 2395 1823 2414 πο-

1034 2437 1171 2472 ρεύεσθαι.
1194 2437 1239 2468 Ὧς
1254 2437 1346 2471 μέντοι
1365 2436 1567 2470 συνταξάμενος
1580 2435 1677 2470 ἐπῄει,
1694 2434 1720 2461 οἱ
1735 2433 1823 2468 Τοῦρ-

1034 2490 1077 2509 κοι
1092 2481 1139 2509 οὖν
1158 2483 1258 2509 αὐτίκα
1273 2483 1358 2518 ᾔεσαν
1373 2482 1432 2517 ἅμα
1451 2482 1553 2513 πάντες
1568 2481 1614 2508 ἐπὶ
1628 2481 1674 2507 τὸν
1696 2481 1822 2507 Moneta-

1034 2529 1099 2563 φᾶν,
1115 2528 1162 2555 καὶ
1190 2528 1376 2564 προσεκύνουν
1404 2527 1441 2559 ὡς
1461 2525 1588 2562 βασιλέα.
1615 2526 1668 2553 Καὶ
1695 2525 1776 2556 αὐτὸς
1792 2533 1822 2551 τε

1035 2574 1193 2609 Παιαζήτης
1210 2574 1410 2609 προσεκύνησε,
1427 2574 1475 2600 καὶ
1497 2574 1530 2601 τὰ
1547 2574 1697 2608 πράγματα
1713 2572 1823 2608 παρεδί-

1034 2620 1079 2647 δου
1095 2620 1133 2655 τῷ
1151 2621 1316 2656 Μουσταφᾷ,
1329 2620 1447 2656 χρῆσθαι
1461 2620 1554 2651 αὐτοῖς
1571 2619 1585 2646 ὂ
1599 2628 1626 2645 τι
1641 2619 1675 2646 ἂν
1689 2618 1822 2654 βούλοιτο.

1036 2665 1138 2692 Τοῦτον
1159 2666 1209 2701 μέν
1225 2665 1272 2695 οὖν
1294 2663 1397 2699 mea»).
1425 2666 1525 2694 αὐτίκα
1545 2665 1627 2694 αὑτοῦ
1644 2665 1824 2702 διεχρήσατο,

845 2725 967 2757 Noluit!)
978 2723 1183 2764 marginales.

227 2784 282 2820 (55)
299 2783 450 2821 Mustaplnn
465 2785 654 2821 adjunguntur
675 2785 776 2819 Graeci,
802 2786 895 2835 ﬁtque.
911 2793 958 2813 rex
976 2785 1149 2814 undecimus.

229 2875 343 2912 ἐῐχων.
361 2877 394 2906 R.
412 2882 439 2906 ut
455 2879 480 2906 in
497 2886 519 2905 c.
561 2878 616 2895 ¹⁰·¹²
636 2878 678 2906 Αι.
696 2877 788 2904 οἴοιτο,
807 2877 851 2905 Sic
867 2878 948 2905 etiam
963 2877 996 2905 Π.
