1950 3075
138 163 195 195 225

673 162 722 192 DE
742 160 865 191 liEBUS
881 158 1060 190 TURCICIS
1088 160 1160 190 LIB.
1179 161 1209 191 V.

1701 165 1754 198 226

140 221 187 248 καὶ
201 219 373 253 ἀπελαύνων,
389 202 438 255 τήν
454 228 483 247 τε
505 219 582 247 πόλιν
602 219 677 254 ἔσχε,
697 220 744 246 καὶ
759 219 806 245 ἐπὶ
823 218 858 244 τὰ
872 218 921 253 βα-

985 218 1053 244 ussit
1077 226 1083 244 :
1107 218 1267 252 ducensque
1292 218 1430 246 exercitus
1449 218 1668 255 Adrianopolim,
1694 229 1754 248 eam

140 267 229 293 σίλεια
256 265 434 300 παρεγένετο.
466 265 544 292 Μετὰ
567 265 596 291 δὲ
624 265 712 291 ταῦτα
743 265 921 298 συστραφεὶς.

140 312 196 338 ἵετο
216 312 264 337 ἐπὶ
279 311 330 346 τὴν
347 311 452 342 Ἀσίαν,
477 309 547 336 ὥστε
564 310 612 336 καὶ
633 310 682 345 τὴν
702 311 750 344 τῆς
768 309 861 340 Ἀσίας
878 309 924 344 βα-

141 357 245 384 σιλείαν
264 357 353 391 ἑαυτῷ
373 356 626 392 προσκτησόμενος.
652 356 753 386 Διαϐὰς
777 356 799 382 δ’
822 356 851 387 ἐς
876 355 924 390 τὴν

147 404 251 434 Ἀσίαν.
272 404 343 439 έχων
353 404 383 429 τό
399 412 428 429 τε
444 403 579 438 Εὐρώπης
592 403 764 437 στράτευμα,
776 402 825 428 καὶ
844 402 924 434 Ἀζά-

141 452 220 482 πιδας
237 451 301 481 τοὺς
313 449 445 484 Τούρκων
459 449 569 481 πεζοὺς,
584 448 656 475 οὕτω
668 448 865 483 καλουμένους,
877 448 925 474 καὶ

143 500 171 528 ἐς
196 498 245 532 τὴν
275 496 370 524 Ἀσίαν
387 495 610 532 διιπόρθμευσεν.
631 496 720 530 Ἐχων
749 495 809 530 μεθ’
826 495 925 522 ἑαυτοῦ

144 545 190 570 καὶ
206 544 252 569 τὸν
273 542 424 577 Ζουυαῖτην
439 542 568 578 Σμύρνης
585 542 714 576 ἄρχοντα,
731 542 777 568 ἐπὶ
789 543 926 576 Ἀμουρὰ-

142 599 193 623 την
218 590 318 625 ῆλαυνε
348 590 393 616 τὸν
423 589 584 624 Μεχμέτεω.
617 589 669 615 Τὸν
699 589 790 623 μέντοι
814 589 926 624 βασιλέα

149 637 285 671 Ἐλλήνων
302 636 423 670 πέμπειν
446 635 575 670 πρέσϐεις
600 635 691 668 ἠξίου,
722 635 806 670 μηδὲν
828 635 856 666 ἐς
877 635 926 669 τὴν

142 683 234 716 ξενίαν
249 682 334 709 αὑτοῦ
345 681 529 717 νεωτερίζειν,
545 681 583 712 ὼς
596 680 647 715 τὴν
663 681 862 708 Καλλιούπολιν
876 681 926 707 αύ-

144 731 207 756 τίκα
221 729 420 761 ἀποδώσοντος,
435 729 547 755 ἐπειδὰν
561 729 611 763 τὴν
624 728 719 754 Ἀσίαν
728 728 802 763 αὐτῷ
817 728 927 762 ὑπάγη-

144 783 200 806 ¹ται,
219 774 484 810 καταστρεψάμενος
505 775 551 800 τὸν
564 774 735 808 ἀδελφιδοῦν.
755 774 885 808 Παρῆσαν
898 774 927 800 δὲ

145 821 193 848 καὶ
207 820 396 855 ’Δμουράτεω,
411 821 488 854 παρὰ
505 819 617 855 βασιλέα
630 820 778 853 Βυζαντίου
792 821 876 855 ἀφικό
881 829 928 856 με-

144 875 195 899 νοι,
214 866 431 902 χρηματίζοντες
447 867 494 893 καὶ
514 863 599 898 οὗτοι,
628 868 674 894 ἐπὶ
699 867 776 901 σφίσι
801 868 927 901 γενέσθαι

146 913 270 948 βασιλέα,
294 914 342 939 καὶ
364 913 575 948 ὑπισχνούμενοι
599 913 705 945 δώσειν,
731 914 744 940 ἰ
767 922 794 940 τι
817 914 850 941 ἂν
867 913 929 948 βού-

145 959 245 988 λοιντο.
259 958 294 984 01.
322 958 372 992 μὲν
395 957 441 984 οὖν
458 957 591 992 Ἕλληνες
612 957 792 984 ἁνεὸάλλοντο
808 958 858 992 μὲν
883 958 930 984 ἐπὶ

146 1003 243 1038 χρόνον
257 1003 307 1035 τὰς
321 1003 484 1036 πρεσϐείας,
498 1003 576 1034 τέλος
597 1003 646 1030 καὶ
661 1003 711 1038 τὴν
730 1004 778 1037 μὲν
794 1003 930 1038 Ἀμουρὰ⁴

145 1058 199 1076 τεω
212 1048 409 1084 ἀπεπέμψαντο
431 1047 591 1083 πρεσϐείαν.
610 1049 650 1076 Τὰ
663 1049 691 1075 δὲ
704 1049 855 1083 Μουσταφᾶ
870 1049 929 1075 ἑλό-

147 1103 224 1129 μενοι
246 1095 410 1128 πράγματα,
430 1094 574 1128 προσίεντο
598 1102 629 1120 τε
652 1095 700 1120 καὶ
717 1094 841 1129 ἐπέσχον,
857 1093 929 1120 ὥστε

145 1142 237 1171 αὐτοῖς
258 1140 420 1167 σπένδεσθαι
437 1140 507 1167 κατὰ
523 1141 578 1167 πᾶν
591 1140 753 1175 δεδογμένον
769 1141 875 1171 αὐτοῖς.
897 1141 929 1167 Ἦ

147 1188 198 1222 μὲν
216 1187 264 1214 οὖν
279 1187 456 1222 Ἀμουράτεω
472 1187 606 1222 πρεσϐεία
622 1187 773 1222 ἀφικομένη
789 1187 865 1221 παρὰ
883 1187 929 1214 τδν

146 1235 265 1269 στρατὸν
280 1235 327 1261 τοῦ
343 1234 533 1268 Ἀμουρόιτεω,
548 1234 722 1268 διεφήμισεν,
734 1233 771 1265 ὡς
785 1235 849 1265 τοὺς
864 1233 929 1260 Ἕλ-

146 1281 231 1315 ληνας
245 1281 322 1315 σφίσι
336 1281 556 1316 προσκτήσαιντο
577 1280 751 1316 συμμάχους.
765 1281 930 1316 Ἐτύγχανον

145 1328 169 1354 δ’
186 1328 215 1353 ἐν
227 1327 355 1362 Δοπαδίῳ
370 1328 403 1360 τῇ
419 1327 503 1362 λίμνῃ
517 1327 807 1361 ἐστρατοπεδευμένοι,
824 1327 870 1353 καὶ
880 1327 931 1362 τήν

147 1381 176 1398 τε
190 1372 283 1408 χώραν
298 1372 423 1400 διέλυσαν
440 1371 489 1398 τοῦ
503 1372 668 1407 Μιχαλικίου
687 1372 782 1406 αὑτοῦ,
833 1374 863 1405 ἐς
881 1374 930 1408 τὴν

147 1417 289 1445 θάλασσαν
312 1418 422 1451 ἐξιοῦσα
449 1419 466 1454 ἡ
492 1418 586 1453 λίμνη,
611 1419 656 1445 διὰ
678 1419 774 1446 στενοῦ
794 1420 839 1446 ἐπὶ
862 1420 930 1446 πολὺ

149 1466 281 1500 προϊοῦσα
303 1465 413 1497 ἐκδιδοῖ,
435 1465 543 1500 γέφυρα
564 1465 593 1491 δέ
617 1466 686 1492 ἑστι.
710 1466 877 1500 Μουσταφᾶς
902 1466 931 1493 δὲ

148 1513 196 1540 καὶ
212 1512 293 1543 αὐτὸς
309 1512 410 1543 ἐλάσας
424 1511 523 1546 ἀγχοῦ,
546 1512 791 1547 ἐστρατοπεδεύετο
811 1512 886 1548 παρά
901 1512 932 1539 τὸ

148 1558 237 1593 χεῖλος
249 1558 298 1584 τοῦ
314 1558 438 1592 ποταμοῦ
452 1558 502 1593 τῆς
515 1557 625 1593 λίμνης.
653 1557 784 1585 Ἐνταῦθα
805 1558 844 1589 ὡς
866 1558 931 1591 ἀφί-
944 1573 966 1602 c

149 1613 228 1631 κοντο
255 1604 280 1630 οΞ
308 1604 439 1639 πρέσϐεις
461 1604 645 1639 ’Ᾱμουράτου,
669 1604 738 1640 τύχῃ
761 1605 814 1631 τινὶ
841 1604 932 1639 ἁγαθῇ

148 1651 330 1685 χρησάμενοι.
350 1650 524 1686 διεφήμιζον,
541 1650 580 1682 ὡς
602 1651 832 1686 συμμαχομένους
856 1650 934 1684 σφίσι

147 1697 212 1728 τοὺς
230 1696 365 1731 Ἕλληνας
379 1697 485 1732 ἔχοντες
515 1697 608 1732 ἥκοιεν
626 1697 658 1728 “,
677 1697 723 1724 καὶ
741 1698 787 1724 ἐπὶ
802 1697 832 1723 τὸ
853 1705 935 1731 στρα-

146 1742 261 1770 τόπεδον
273 1743 321 1770 τοῦ
337 1743 491 1778 Μουσταφᾶ
506 1743 627 1777 ἐφώνουν
645 1743 867 1776 ἐπαπειλοῦντες,
896 1743 934 1774 ὡς

148 1789 348 1824 ἀπειλημμένῳ
372 1789 401 1815 ὲν
420 1791 453 1824 τῇ
479 1789 567 1824 Ἀσίᾳ.
585 1789 722 1816 Ἐνταῦθα
739 1790 834 1825 φήμης
857 1789 933 1825 παρὰ

148 1835 179 1861 τὸ
197 1835 379 1870 στρατόπεδον
389 1835 436 1862 τοῦ
446 1835 600 1870 Μουσταφᾶ
611 1836 773 1870 γενομένης,
786 1836 822 1868 ὡς
839 1837 932 1870 σφίσιν

148 1882 179 1908 οὗ
195 1881 323 1917 παρῆσαν
339 1883 364 1908 οξ
377 1882 519 1917 πρέσϐεις,
537 1883 584 1909 καὶ
608 1882 757 1914 δεδοικότες
775 1883 814 1918 μὴ
827 1884 852 1909 οἱ
867 1883 931 1910 Ἕλ‹

148 1927 229 1962 ληνες
247 1928 294 1954 τὸν
322 1928 520 1964 Ἑλλήσποντον
545 1929 739 1963 κατασχόντες,
763 1929 810 1955 τοῦ
837 1928 933 1955 λοιποῦ

150 1974 188 2009 μὴ
213 1974 383 2008 ὶπιτρέπωσι
398 1974 570 2007 διαΰαίνεινλ
583 1975 631 2001 καὶ
653 1974 736 2001 αὐτοῦ
754 1975 840 2010 ταύτῃ
866 1974 933 2001 ἁπό-

149 2019 247 2054 λοιντο,
263 2020 343 2055 λόγον
354 2029 384 2046 τε
397 2021 491 2054 σφίσιν
506 2020 640 2048 ἐδίδοσαν.
657 2021 713 2048 Καὶ
726 2022 824 2053 νυκτὸς
840 2022 933 2055 ἐπιγε-

149 2067 277 2099 νομένης,
304 2065 385 2096 αὐτὸς
408 2066 423 2092 ὸ
445 2065 606 2100 Ζουναῒτης,
622 2066 636 2092 ὁ
655 2065 705 2100 τῆς
722 2066 851 2101 Σμύρνης
868 2067 932 2101 ἡγε-

149 2110 220 2144 μὼν,
234 2111 342 2145 ἀπέδρα
355 2111 402 2138 ἐπὶ
414 2112 465 2145 τὴν
478 2111 608 2147 πατρῴαν
622 2112 721 2148 ἁρχήψ
740 2112 789 2139 καὶ
802 2112 827 2139 οἱ
841 2112 932 2139 λοιποὶ

147 2156 202 2183 τῶν
219 2157 360 2192 ἀρχόντων
374 2157 585 2192 ἀπεδίδρασκον,
601 2158 656 2185 οὐδ’
667 2158 792 2185 ὁπωσοῦν
806 2159 933 2193 ἐπισχόν-

147 2209 204 2234 τες,
215 2202 284 2237 τύχῃ
299 2202 346 2228 τοῦ
361 2203 515 2237 Μουσταφᾶ
529 2203 579 2230 οὐκ
589 2203 629 2230 ἔτι
641 2203 732 2238 ἀγαθῇ
745 2203 930 2234 πιστεύοντες.

974 264 1070 292 urbem
1088 265 1170 299 cepit,
1195 269 1222 292 et
1247 265 1274 292 in
1299 265 1374 300 regni
1401 265 1492 293 sedem
1520 275 1684 302 progressus
1701 273 1753 295 est.

975 310 1024 338 His
1051 312 1170 346 peractis
1198 319 1370 342 conversus,
1399 313 1630 347 proﬁciscebatur
1660 320 1754 341 contra

975 357 1077 383 Asiam.
1095 357 1188 383 volens
1202 363 1229 383 et
1244 357 1314 385 Asia:
1338 367 1451 392 regnum
1476 360 1612 394 subigere.
1637 359 1757 394 Trajecit

976 407 1065 429 autem
1080 403 1106 429 in
1123 403 1226 434 Asiam,
1240 403 1342 431 habens
1354 412 1447 431 secum
1461 405 1576 440 Europae
1589 407 1754 437 exercitum.

976 453 1004 475 et
1018 448 1172 476 Turcorum
1187 449 1303 483 pedites,
1317 458 1384 484 quos
1398 451 1531 484 Azapidas
1548 458 1657 479 vocant.
1674 453 1758 480 Adhi-

976 495 1035 522 lmit
1059 500 1087 522 et
1112 495 1234 530 Smyrna?
1250 496 1398 530 principem
1423 496 1578 524 Zunaitem.
1603 498 1650 525 llis
1667 500 1755 533 copiis

977 541 1003 568 in
1029 542 1121 568 Asiam
1146 542 1348 576 trausporlatis,
1377 550 1522 577 aggressus
1543 547 1585 571 cst
1601 544 1757 571 Atnuratrtu

977 587 1137 616 Mechmetis
1154 589 1251 617 lilium.
1270 588 1386 621 Legatos
1404 590 1478 618 misit
1493 590 1525 617 ad
1545 599 1635 625 regem
1650 590 1760 618 Gran-

977 641 1049 666 rum,
1067 635 1112 668 qui
1135 639 1262 665 orarent,
1283 643 1316 661 ne
1339 635 1419 668 quid,
1433 635 1495 669 quia
1512 643 1624 670 peregre
1637 637 1755 666 abesset.

977 680 1142 707 innovarent
1159 688 1166 706 :
1186 688 1225 711 se.
1252 681 1296 707 ubi
1321 681 1439 715 primum
1458 681 1552 708 Asiam
1570 682 1719 715 subegerit,
1735 687 1762 709 et

976 724 1135 752 Amuratem
1149 725 1288 758 devicerit,
1309 726 1375 760 ipsis
1399 727 1569 754 redditurum
1584 727 1759 762 Callipolim.

977 771 1168 798 Adveniebant
1188 780 1300 806 quoque
1324 773 1355 799 ad
1383 780 1475 807 regem
1496 773 1654 808 Byzantium
1681 773 1760 807 legati

979 818 1014 845 ab
1033 817 1176 850 Amurate,
1192 818 1327 850 dicentes,
1349 818 1371 845 si
1393 826 1468 845 arma
1488 819 1629 846 Amuratis
1645 826 1764 853 sequan.

980 870 1036 895 tur,
1052 863 1112 891 fore
1127 869 1157 891 ut
1169 864 1302 898 quidquid
1320 869 1445 898 peterent
1461 865 1494 891 ab
1509 865 1650 896 Ainurate.
1668 873 1763 893 consc—

980 915 1143 945 querentur.
1170 910 1259 938 Grazci
1287 911 1438 945 legationes
1457 911 1622 938 diﬁ‘erebant
1638 912 1764 946 aliqua"-

979 958 1026 985 ditt
1040 966 1047 984 :
1061 962 1201 992 postremo
1213 957 1354 984 Amuratis
1368 958 1471 989 legatos
1483 958 1659 985 dimiserunt.
1675 959 1763 986 (ἱνα-οἱ

980 1007 1070 1030 autem
1093 1004 1181 1030 secuti
1205 1007 1269 1030 sunt
1285 1008 1378 1039 partes
1393 1003 1544 1038 Muslaphzc
1562 1013 1568 1031 :
1587 1004 1630 1031 cui
1649 1012 1764 1039 pet-spa—

980 1054 1087 1082 serunt,
1101 1053 1130 1076 ut
1144 1057 1236 1076 secum
1253 1050 1345 1077 {trdus
1361 1050 1464 1077 faceret
1476 1050 1683 1077 conditionibus
1694 1058 1764 1084 quas

981 1096 1034 1131 ipsi
1050 1095 1301 1130 praescripsissent.
1318 1095 1410 1130 Legati
1425 1096 1565 1123 Amuratis
1580 1104 1642 1123 cum
1658 1096 1760 1123 rediis-

981 1147 1042 1169 scnt
1069 1142 1095 1168 in
1121 1147 1224 1174 castra,
1251 1149 1392 1169 rumorem
1417 1146 1590 1176 sparserunt,
1611 1150 1639 1169 se
1653 1142 1763 1170 Graecos

979 1188 1034 1216 sibi
1053 1188 1202 1215 auxiliares
1227 1195 1350 1222 parasse.
1374 1188 1413 1215 Eo
1438 1192 1561 1222 tempore
1577 1189 1762 1216 castrametati

981 1240 1045 1262 sunt
1059 1241 1143 1268 prope
1159 1234 1309 1267 Lopadium
1334 1234 1436 1267 lacum,
1457 1239 1484 1261 et
1505 1235 1645 1268 regionem
1662 1233 1764 1261 Micha-

981 1281 1038 1308 licii
1057 1288 1090 1308 eo
1114 1281 1165 1308 loci
1181 1285 1386 1312 erastaverunt,
1404 1281 1450 1307 ubi
1466 1281 1542 1307 lacus
1559 1280 1653 1307 multis
1666 1281 1763 1308 amba~

983 1327 1061 1361 gibus
1083 1334 1131 1360 per
1156 1325 1299 1360 angustias
1325 1325 1352 1352 in
1379 1332 1453 1352 mare
1472 1324 1633 1357 effunditur,
1652 1331 1678 1353 et
1696 1333 1764 1359 pons

981 1377 1034 1401 est.
1049 1372 1206 1407 Mnstaphas
1218 1373 1302 1407 igitur
1313 1371 1461 1404 accedens,
1470 1369 1561 1399 castra
1574 1372 1674 1399 locavit
1685 1373 1764 1405 juna

981 1419 1057 1446 ﬂuvii
1072 1420 1184 1450 ostium,
1205 1420 1251 1453 qui
1267 1426 1299 1445 ex
1324 1418 1383 1445 lacu
1400 1422 1546 1452 promanat
1563 1426 1570 1445 :
1587 1425 1621 1445 eo
1637 1425 1700 1444 cum
1717 1419 1766 1443 ad-

979 1467 1121 1495 venissent
1143 1467 1284 1494 Amuratis
1307 1466 1405 1501 legati.
1427 1466 1604 1492 commodum
1625 1472 1691 1492 sane
1706 1467 1766 1492 vnt-

983 1517 1085 1548 garunt
1099 1520 1250 1542 rumorem.
1263 1512 1341 1546 quasi
1358 1519 1405 1539 sua
1420 1513 1557 1546 legatione
1572 1511 1725 1538 cﬁ'ecisseut
1739 1516 1767 1537 ut

983 1561 1071 1588 Graeci
1091 1560 1142 1588 sibi
1168 1560 1272 1586 auxilio
1296 1559 1431 1587 venirent.
1451 1558 1607 1585 Minitantcs
1622 1559 1706 1593 igitur
1718 1565 1767 1584 vo-

985 1607 1175 1634 ciferabantur
1195 1609 1290 1633 contra
1317 1604 1468 1638 Mustaphaa
1490 1605 1660 1635 exercitum,
1685 1603 1764 1638 quasi

985 1654 1126 1688 periturus
1146 1653 1182 1679 sit
1205 1653 1232 1679 in
1257 1653 1320 1679 Asia
1337 1652 1516 1679 interclusus.
1534 1651 1598 1678 Haec
1613 1651 1684 1678 fama
1704 1657 1766 1677 eum

985 1701 1089 1727 volaret
1117 1700 1144 1726 in
1171 1700 1273 1726 castris
1300 1699 1462 1733 Mustaphaz,
1489 1702 1516 1725 et
1543 1697 1660 1725 necdum
1685 1696 1767 1731 legati

986 1751 1086 1782 przesto
1101 1751 1203 1777 essent,
1223 1753 1294 1781 quos
1313 1745 1372 1780 ipse
1385 1745 1508 1776 miserat,
1532 1744 1610 1771 veriti
1625 1751 1660 1771 ne
1680 1743 1768 1770 Graeci

986 1798 1157 1827 occupantes
1186 1792 1404 1826 Hellespontum,
1423 1798 1474 1817 nec
1492 1790 1638 1817 transitum
1663 1790 1689 1816 in
1713 1789 1768 1816 Eu-

986 1849 1082 1876 ropam
1099 1841 1209 1872 darent,
1227 1845 1255 1868 et
1273 1839 1375 1866 milites
1391 1838 1540 1873 Mustapbae
1561 1839 1588 1865 iu
1605 1839 1668 1865 Asia
1686 1839 1770 1865 inter-

984 1887 1119 1919 ciderent,
1140 1887 1213 1914 inter
1226 1893 1257 1913 se
1278 1886 1408 1912 collocuti
1432 1889 1496 1911 sunt
1509 1885 1595 1911 varia.
1611 1883 1718 1913 Postea.
1736 1892 1768 1910 ea

986 1937 1066 1960 nocte
1086 1939 1147 1966 qua:
1174 1933 1299 1959 insecuta
1317 1934 1372 1963 est,
1397 1929 1528 1956 Zunaites
1549 1928 1672 1964 Smyrna:
1693 1929 1770 1961 priri-

985 1985 1061 2013 ceps,
1092 1977 1236 2011 Mustapba
1265 1976 1373 2006 relicto.
1404 1977 1437 2002 ad
1468 1979 1612 2009 paternum
1643 1973 1768 2008 profugit

985 2024 1181 2060 principatum.
1208 2022 1383 2057 Aufugerunt
1397 2026 1423 2049 et
1440 2021 1539 2056 reliqui
1555 2021 1649 2054 duces,
1673 2028 1768 2055 parum

984 2071 1100 2098 ﬁdentes
1123 2068 1275 2102 Mustapba:
1294 2067 1418 2094 fortuna.
1442 2066 1477 2094 Ut
1500 2065 1696 2093 animadvertit
1711 2065 1771 2091 bln-

985 2117 1097 2152 stapbas
1112 2122 1179 2142 suos
1195 2114 1332 2142 exercitus
1351 2113 1447 2145 dilabi,
1462 2111 1514 2140 sibi
1528 2118 1638 2147 quoque
1656 2111 1766 2137 tandem

986 2164 1095 2196 timens,
1123 2163 1185 2198 luga
1212 2162 1383 2196 prem-opera
1402 2160 1436 2187 ad
1460 2166 1537 2186 mare
1562 2166 1593 2186 se
1624 2157 1771 2193 proripuit.

985 2210 1073 2238 Graeci
1091 2210 1138 2243 qui
1156 2208 1295 2242 elegerant
1314 2206 1495 2241 Mustapbam,
1513 2211 1632 2239 cumque
1649 2203 1701 2231 sibi
1725 2210 1771 2230 so-

149 2249 198 2281 Ὧς
211 2249 241 2275 δὲ
266 2249 434 2283 Μουσταφᾱς
460 2248 550 2276 διιδὼν
577 2250 612 2276 τὰ
639 2250 834 2284 στρατεύματα
857 2249 930 2283 αὐτῷ

989 2255 1061 2282 cium
1088 2259 1264 2289 paraverant,
1285 2253 1401 2280 navibus
1427 2252 1584 2286 imposuere
1613 2250 1726 2281 milites,
1743 2254 1771 2275 et

148 2294 392 2329 ἀποδιδράσκοντα,
409 2295 474 2330 περὶ
493 2295 568 2334 αύτῴ
581 2295 686 2327 δεδιὼς,
697 2296 803 2332 ἀπέδρα
820 2296 869 2322 καὶ
883 2296 934 2322 αὒ-

147 2341 193 2372 τὸς
210 2341 258 2367 ἐπὶ
293 2340 440 2368 θάλασσαν.
467 2340 598 2376 Ἕλληνες
626 2342 719 2376 μέντοι
745 2341 783 2373 ὡς
809 2342 933 2376 ἑλόμενοι

148 2387 317 2421 Μουσταφᾶν
333 2388 409 2421 σφίσι
433 2387 580 2423 σύμμαχον
595 2385 677 2421 εἶναι,
699 2389 865 2424 ἐπλήρωσαν
884 2388 934 2419 τὰς

147 2433 225 2465 ναῦς,
241 2435 290 2460 καὶ
305 2433 439 2461 ἐπέπλεον
453 2435 501 2461 ἐπὶ
517 2434 724 2469 Ἑλλήσποντον.
751 2435 885 2466 Βασιλεὺς
904 2434 933 2461 δὲ

147 2479 229 2510 αὐτὸς
244 2479 395 2511 Βυζαντίου
412 2481 441 2506 ὲν
465 2480 660 2515 Προικοννήσφ
677 2481 834 2516 γενόμενος,
854 2481 933 2516 ἐσχό-

147 2524 213 2557 λαζέ
226 2533 257 2551 τε
275 2525 340 2560 περὶ
363 2526 492 2559 γυναικὸς
508 2526 607 2560 ἔρωτα,
626 2524 660 2562 ἧς
684 2526 754 2562 ἐρῶν
767 2534 773 2542 ⁸
799 2527 932 2562 ἐτύγχανε

148 2575 203 2607 γὰρ
220 2573 315 2608 ἱερέως
330 2572 462 2607 θυγάτηρ,
484 2574 532 2600 καὶ
546 2574 595 2599 οὐκ
610 2575 639 2600 ὲν
652 2573 739 2600 δέοντι
751 2575 932 2609 παρεγένετο,

147 2618 218 2644 ὥστε
232 2617 399 2644 διακωλῦσαι
414 2617 587 2653 ’Δμουράτην
602 2619 630 2650 ἐς
644 2618 694 2654 τὴν
717 2618 855 2655 Εὐρώπην
870 2620 933 2653 ἀφι-

147 2664 255 2691 κέσθαι.
274 2664 444 2699 ’Δμουράτης
460 2665 510 2699 μὲν
522 2664 564 2698 δὴ,
582 2664 620 2696 ὡς
630 2665 747 2703 τάχιστα
763 2665 857 2700 ἡμέρα
871 2666 933 2699 ἐγε-

149 2711 235 2745 γόνει,
252 2712 300 2738 καὶ
328 2712 434 2737 κατεῖδε
460 2711 491 2737 τὸ
523 2712 705 2747 στρατόπεδον
725 2713 781 2738 τῶν
795 2712 934 2747 πολεμίων

149 2758 238 2788 κενὸν,
255 2758 302 2784 καὶ
315 2757 367 2784 ὑπὸ
390 2758 438 2793 τὴν
462 2759 609 2793 οἰχομένην
636 2759 721 2786 νύκτα
747 2760 868 2794 ἁποῦρᾷν
891 2766 933 2790 τε,

986 2301 1154 2335 navigarunt
1173 2300 1200 2327 in
1219 2299 1437 2333 Hellespontum.
1456 2297 1513 2324 Rex
1536 2302 1626 2323 autem
1646 2295 1770 2330 Byzantii

985 2355 1047 2375 cum
1068 2347 1145 2381 121
1162 2346 1234 2373 foret
1250 2345 1278 2372 in
1289 2344 1485 2373 Prceconneso.
1509 2341 1596 2369 amori
1613 2341 1770 2375 importuno

985 2393 1120 2423 mulieris,
1136 2399 1218 2425 quam
1231 2391 1351 2422 amabat,
1366 2396 1476 2424 operam
1490 2388 1581 2415 dabat.
1598 2387 1662 2413 Haec
1676 2390 1768 2413 autem

986 2439 1140 2467 sacerdotis
1152 2436 1295 2470 cujusdam
1314 2436 1368 2462 ﬁlia
1384 2439 1454 2462 erat.
1471 2434 1526 2461 Nec
1540 2441 1607 2460 sane
1621 2432 1769 2460 admodum

988 2489 1143 2520 opportune
1158 2483 1194 2511 ibi
1209 2483 1319 2510 vivebat
1336 2491 1343 2509 :
1362 2481 1479 2509 tranSitu
1495 2480 1569 2507 enim
1587 2479 1613 2506 in
1632 2478 1770 2513 Europam

986 2533 1132 2559 Amurates
1154 2529 1291 2556 arcendus
1319 2532 1390 2554 erat.
1419 2527 1575 2557 Amurates.
1600 2529 1630 2552 ιιι
1653 2525 1770 2559 primum

987 2578 1047 2605 dies
1072 2577 1171 2607 illuxit.
1189 2579 1281 2602 castra
1305 2572 1429 2601 hostium
1446 2579 1532 2605 vacua
1554 2575 1580 2598 ct
1595 2571 1703 2597 deserta
1724 2569 1772 2596 de-

987 2623 1142 2658 prehendit.
1161 2621 1296 2656 Azapides
1319 2624 1409 2647 autem
1436 2626 1537 2646 manus
1558 2617 1697 2651 supplices
1711 2619 1772 2643 ten-

987 2669 1100 2700 debant,
1121 2673 1251 2703 rogantes
1275 2674 1309 2693 ne
1337 2665 1364 2692 in
1388 2673 1417 2692 se
1433 2672 1446 2692 a
1466 2665 1525 2692 suis
1540 2663 1683 2699 equitibus
1699 2661 1770 2690 [cede

987 2715 1113 2742 desertos
1125 2719 1153 2741 et
1171 2713 1294 2748 proditos
1314 2712 1412 2739 saevire
1424 2715 1572 2739 statueret.
1586 2710 1673 2736 Ponte
1687 2707 1770 2743 igitur

986 2761 1135 2788 Amuratcs
1166 2760 1254 2787 lacum
1282 2766 1343 2787 eum
1364 2757 1492 2793 jungcus,
1521 2764 1603 2792 quam
1627 2754 1770 2783 celerrime

798 2827 917 2859 Notulze
935 2829 1137 2867 marginales.

185 2890 207 2905 "
222 2890 317 2916 ῑκοιεν.
344 2888 374 2916 R.
391 2894 420 2915 ut
433 2890 460 2915 in
476 2897 500 2916 c.
