1950 3075
216 157 268 188 263

746 152 848 183 [ΑΟΝ
855 151 904 181 lCI
924 148 1255 181 GllALCOCONDYLE

1786 147 1842 180 234

215 220 276 242 rum
294 213 402 245 ducem,
429 219 509 248 quem
536 212 588 240 sibi
623 204 774 246 principem
805 209 994 244 praefecerant.

1050 207 1163 240 στῶτις,
1185 207 1242 234 αἰεί
1259 215 1288 233 τε
1307 206 1434 241 πολέμιοί
1458 207 1529 233 εἰσιν
1554 206 1584 239 ἐξ
1613 205 1676 232 ὅτου
1702 205 1838 239 ἐγένοντο.

214 261 282 288 Cum
308 264 399 287 autem
423 258 552 286 intestina
581 259 718 285 seditione
743 257 909 286 laborarent,
937 254 998 281 aliis

215 306 378 341 quibusdam
388 305 464 332 urbis
478 303 662 339 gubernacula
675 302 856 334 mandarunt;
873 301 925 336 ipsi
935 309 999 332 vero

215 353 318 381 bellum
337 359 400 379 cum
416 350 526 378 Venetis
544 355 571 377 et
591 348 840 376 Tarraconensium
858 354 921 380 rege
952 354 1000 381 ge-

215 407 277 427 rere
295 397 521 432 auspicabantur.
541 394 630 422 Naves
649 395 900 425 militibus,contra
914 392 999 419 Vene-

215 451 258 472 tos
281 452 350 479 quas
375 444 490 476 ducant,
506 442 653 478 complent.
670 441 757 468 Urbes
773 447 868 467 versus
895 439 998 465 Ionium

214 491 420 525 adnavigantes,
433 490 555 525 graviter
568 488 726 524 amigebant
740 496 748 520 ;
761 494 811 514 nec
823 485 999 513 abstinebant

214 536 249 563 ab
266 535 300 563 iis
317 543 377 571 qua:
393 536 421 563 in
438 535 530 569 ,Εεκο
543 534 612 562 mari
640 533 809 560 habitantur.
829 531 891 558 Hanc
907 536 998 557 autem

214 589 314 617 magno
331 582 424 608 animo
435 581 612 616 peragebant,
637 585 666 606 vt
680 578 799 606 Venelos
827 577 998 604 ulcisceren-

214 632 260 655 tur
273 632 382 662 propter
397 626 528 661 Ligurum
543 630 690 661 tyrannum
709 623 819 651 nomine
831 620 998 656 Philippum.

215 674 348 701 Praeterea
361 673 450 709 ignem
460 672 617 707 injicientes
629 671 656 698 in
667 669 828 706 Corcyram,
840 669 999 696 suburbana

214 720 407 751 incenderunt,
422 727 482 754 quae
495 723 615 746 cremata
632 721 707 748 sunt.
725 722 751 744 et
765 717 847 744 latius
862 716 997 743 saeviisset

215 768 385 798 incendium,
401 768 423 794 si
436 773 479 793 res
493 771 522 792 ut
549 765 642 792 animo
671 764 818 798 agitaram,
848 762 999 792 evenisset.

215 812 311 839 Postea
325 812 447 846 praelium
459 811 634 841 commisere,
651 817 713 837 cum
730 809 880 836 inimicitiae
912 808 1000 835 hosti-

215 859 255 886 les
282 858 498 885 intervenissent
513 865 574 884 cotn
594 856 735 891 Alphonso
747 854 998 882 Tarraconensiuin

215 912 290 940 rege,
303 905 336 932 ad
350 904 452 932 Gaeten
469 903 529 931 sive
543 901 666 930 Caietam
690 902 777 929 Italia:
803 902 911 929 urbem.
940 901 1000 929 Huc

215 952 288 979 enim
303 951 374 986 regis
386 949 517 984 Alphonsi
529 957 611 976 naves
639 948 716 984 151
742 948 910 983 appulerant
942 955 1002 975 ma-

216 998 306 1024 ximae.
320 996 398 1029 Quod
416 997 460 1023 ubi
470 1000 660 1030 cognoverunt
687 994 852 1026 Januenses,
874 994 1002 1021 videlicet

214 1044 288 1077 regis
301 1044 416 1070 classem
426 1049 460 1069 eo
476 1043 620 1069 collectam
638 1046 711 1068 stare
736 1045 925 1075 comparatam
951 1039 1001 1066 ad.

214 1095 326 1115 versum
344 1095 416 1119 sese,
427 1088 501 1114 cives
516 1092 639 1113 armatos
653 1094 738 1122 naves
767 1085 916 1117 maximas,
930 1092 1001 1120 quas

214 1134 270 1160 huc
281 1133 412 1160 mercimn
427 1133 515 1167 gratia
532 1132 643 1160 venisse
656 1131 854 1167 comperimus.
865 1138 1003 1158 conscen-

213 1179 279 1206 dere
292 1178 407 1213 jubettt;
424 1178 618 1213 solventesque
626 1178 660 1205 ab
677 1178 756 1210 urhe,
768 1185 882 1204 cursum
903 1181 1000 1204 contra

213 1224 437 1252 Tarraconenses
464 1223 632 1258 dirigebant.
655 1223 724 1251 Cum
748 1228 841 1250 autem
864 1222 1001 1250 Tarraco-

213 1271 339 1298 nensium
353 1278 444 1303 regem
455 1270 575 1296 assecuti
590 1273 683 1297 essent
698 1270 725 1296 in
739 1273 820 1304 portu
833 1269 932 1297 Gaetes
943 1269 999 1304 (47)

150 1313 161 1316 ’
213 1321 336 1350 tempore
362 1316 443 1350 longo
455 1320 610 1342 certarunt.
632 1314 689 1343 Rex
719 1323 752 1343 eo
779 1320 901 1350 tempore
926 1315 1000 1342 intra

213 1362 314 1389 mcenia
325 1361 473 1393 exsistens,
491 1361 614 1396 praelium
631 1362 790 1396 spectabat;
806 1365 834 1388 et
850 1361 999 1389 admodum

212 1408 331 1441 dolebat,
348 1407 421 1442 quod
435 1407 488 1439 sui,
502 1407 549 1442 qui
565 1407 658 1442 plures
671 1415 785 1434 numero
800 1413 887 1438 erant,
905 1407 999 1435 hostes

212 1461 343 1488 superare
355 1460 408 1480 non
428 1456 550 1486 possent.
565 1452 708 1487 Ingressus
722 1452 807 1487 igitur
829 1453 889 1488 ipse
903 1461 998 1486 naves,

211 1507 277 1526 suos
291 1498 463 1526 cohortando
475 1498 509 1525 ad
525 1498 654 1533 praelium
671 1500 824 1526 accendere
847 1499 998 1526 nitebatur.

1052 254 1123 288 Πρὸς
1136 253 1164 279 δέ
1179 253 1243 285 τοὺς
1258 253 1406 284 Οὖενετοὺς
1421 252 1603 288 διηνέχθησαν
1627 251 1677 286 μὲν
1692 252 1740 277 καὶ
1753 251 1839 278 πάλαι

1049 299 1094 325 διὰ
1111 299 1161 329 τὰς
1173 299 1203 324 ἐν
1223 298 1263 333 τῷ
1281 298 1387 333 Αἰγαίῳ
1412 297 1528 331 πελάγει
1543 297 1642 332 νήσους
1660 297 1726 324 Χίον
1743 305 1774 323 τε
1791 297 1840 323 καὶ

1050 344 1166 377 Λέσϐον,
1189 344 1238 379 οὐχ
1253 344 1355 379 ἥκιστα
1377 344 1407 370 δέ
1423 344 1472 370 καὶ
1488 344 1531 371 διὰ
1547 344 1592 370 τὸν
1620 342 1748 378 Λιγύρων
1775 344 1841 378 ἠγε-

1051 390 1132 425 μόνα,
1147 390 1176 417 δν
1194 391 1285 425 σφίσιν
1295 391 1608 426 ἐπαγόμενοι,τύραννον
1621 390 1839 425 ἐγκατέστησαν.

1051 436 1105 462 Καὶ
1119 428 1259 463 ἐν’στάσει
1274 437 1428 471 γενόμενοι,
1447 437 1497 471 τὴν
1515 436 1594 463 πόλιν
1608 436 1766 470 ἐπέτρεψαν
1777 436 1840 462 ἐπι-

1049 483 1194 517 τροπεύειν
1214 492 1244 510 τε
1257 485 1304 510 καὶ
1315 484 1457 515 οὺενετοϊς
1474 483 1638 519 ἐπολέμουν,
1664 483 1711 510 καὶ
1727 483 1766 518 τῷ
1786 483 1840 509 Τα-

1051 530 1221 565 ρακονησίων
1236 530 1352 564 βασιλεῖ.
1373 531 1428 558 Καὶ
1441 530 1509 563 ναῦς
1529 531 1580 565 μὲν
1594 531 1730 566 ἐπλήρουν
1747 531 1775 561 ἐς
1793 529 1841 555 τὸν

1050 575 1119 610 πρὸς
1137 577 1287 608 Οὐενετοὺς
1301 578 1432 613 πόλεμον,
1446 578 1494 604 καὶ
1517 578 1704 610 ἐπιπλέοντες,
1732 576 1782 608 τᾶς
1805 584 1837 604 τε

1050 623 1080 655 ἐς
1096 625 1141 651 τὸν
1155 624 1247 652 Ἰόνιον
1264 625 1357 658 πόλεις
1373 625 1502 658 ἐκάκουν,
1517 625 1565 652 καὶ
1584 625 1634 657 τὰς
1652 624 1699 651 ἐπὶ
1722 624 1761 658 τῷ
1775 623 1841 658 Ἀγ-

1050 667 1132 702 γαίῳ.
1149 668 1241 695 Ταῦτα
1270 669 1298 696 δὲ
1324 669 1462 704 ἔπρασσον
1476 669 1540 701 τοὺς
1567 669 1727 700 Olﬁus-robe.
1753 677 1841 703 τιμω-

1052 714 1163 749 ροῦντές
1179 724 1208 741 τε
1222 716 1258 750 τῷ
1273 717 1399 752 Λιγύρων
1413 717 1537 752 τυράννῳ
1564 716 1602 751 τῷ
1618 716 1757 751 Φιλίππῳ.
1784 715 1840 743 Καὶ

1050 761 1101 795 τήν
1131 769 1159 787 τε
1187 762 1334 797 Κέρκυραν
1361 762 1416 796 πῦρ
1434 763 1552 794 ἐνιέντες
1572 763 1600 794 ἐς
1624 763 1658 789 τὰ
1686 763 1840 797 προάστεια.

1051 807 1234 839 κατέκαυσαν,
1256 809 1302 835 καὶ
1318 809 1452 836 ἐσλαπτον
1469 809 1496 835 εί
1509 818 1534 836 τι
1562 809 1717 845 προχωροίη
1736 809 1839 842 αὐτοῖς.

1052 854 1187 890 ’Υστερον
1204 855 1306 889 μέντοι,
1323 856 1361 887 ὡς
1377 856 1446 891 πρὸς
1477 856 1522 883 τὸν
1543 857 1710 892 Ταρσκὸνων
1726 856 1840 892 βασιλέα

1051 896 1074 933 ᾧ
1101 899 1189 935 ὄνομα
1206 901 1363 936 Ἀλφόνσον,
1391 902 1584 937 διενεχθέντες,
1613 903 1750 938 ἐμάχοντο
1772 903 1842 930 Γαι-

1052 956 1102 982 την
1119 948 1181 964 ⁶³·¹⁸
1194 949 1271 975 πόλιν
1283 949 1456 983 τῆςῚταλίας
1470 958 1478 965 ·
1494 949 1612 977 ἐνταῦθά
1624 959 1654 976 τε
1670 950 1724 986 γὰρ
1739 950 1842 985 καθορ-

1053 993 1208 1029 μιζομένων
1219 995 1273 1022 τῶν
1300 995 1349 1022 τοῦ
1368 995 1501 1030 βασιλέως
1523 996 1669 1030 ’Δλῳόνσου
1702 997 1770 1023 νεῶν
1793 1004 1841 1031 με-

1051 1039 1163 1074 γίστων.
1181 1041 1236 1067 Καὶ
1248 1041 1286 1072 ὡς
1296 1042 1427 1068 ἐπύθοντο
1440 1043 1465 1069 οί
1488 1042 1597 1069 Ὶανυῖοι
1628 1043 1673 1069 τόν
1699 1051 1729 1069 τε
1746 1042 1841 1069 στόλον

1052 1084 1134 1111 αὐτοῦ
1151 1085 1281 1119 ἐνταῦθα,
1301 1088 1338 1118 ὡς
1367 1087 1411 1114 ἐπ’
1425 1087 1526 1120 αὐτοὺς
1558 1088 1841 1123 παρασκευαζόμενον

1051 1131 1098 1157 τὸν
1125 1131 1250 1166 βασιλέα,
1268 1133 1465 1168 πληρώσαντες
1488 1134 1555 1166 ναῦς
1579 1135 1709 1169 μεγίστας
1735 1134 1778 1169 δὴ,
1803 1132 1841 1160 ὧν

1051 1177 1133 1211 ἡμεῖς
1152 1179 1242 1212 ἴσμεν,
1259 1179 1314 1205 τῶν
1335 1180 1381 1205 ἐπὶ
1395 1180 1445 1214 τὴν
1466 1181 1603 1215 ἐμπορίαν
1618 1182 1840 1215 ἀφικνουμένων,

1051 1224 1100 1249 καὶ
1111 1224 1321 1260 ἐξοπλισάμενοι
1346 1227 1401 1253 ἀπὸ
1420 1226 1470 1261 τῆς
1492 1227 1608 1257 πόλεως,
1634 1228 1766 1261 ἀνήγοντο
1794 1228 1840 1252 ἐπὶ

1051 1270 1116 1305 τοὺς
1131 1270 1375 1307 Ταραχωνησίους.
1396 1272 1607 1305 Καταλασάντες
1629 1274 1656 1300 δέ
1673 1273 1754 1299 αὐτὸν
1769 1273 1793 1288 ⁸⁸
1810 1274 1839 1299 ἐν

1051 1314 1090 1349 τῷ
1103 1315 1207 1351 Γαέτης
1216 1316 1319 1351 λιμένι,
1335 1318 1536 1353 διεναυμάχουν
1557 1321 1618 1351 ταῖς
1642 1320 1689 1345 τοῦ
1706 1319 1838 1354 βασιλέως

1051 1360 1147 1386 ναυσὶν
1162 1361 1209 1387 ἐπὶ
1226 1361 1311 1388 πολὺν
1322 1363 1431 1398 χρόνον.
1449 1363 1549 1398 Ἔτυχε
1563 1364 1591 1390 δὲ
1606 1364 1688 1390 αὑτοῦ
1709 1365 1769 1391 τότε
1786 1372 1838 1391 πα-

1051 1405 1106 1441 ρὼν
1123 1407 1151 1433 ἐν
1163 1409 1195 1443 τῇ
1212 1408 1287 1435 πόλει
1302 1410 1316 1435 ὁ
1334 1409 1473 1444 βασιλιὺς,
1490 1411 1537 1436 καὶ
1550 1411 1600 1445 τὴν
1631 1412 1721 1446 μάχην
1737 1411 1837 1446 θεώμε-

1051 1460 1106 1484 νος,
1124 1453 1243 1489 ἤσχαλλέ
1260 1463 1290 1481 τε
1304 1457 1352 1482 καὶ.
1367 1456 1480 1492 ἠθύμει,
1496 1457 1537 1484 ὅτι
1565 1457 1698 1484 πλειόνων
1722 1459 1751 1484 ἐν
1778 1459 1837 1490 ταῖς

1050 1498 1147 1526 ἑαυτοῦ
1173 1501 1268 1527 ναυσὶν
1290 1502 1376 1529 ὄντων
1409 1503 1525 1538 ἀνδρῶν,
1550 1505 1599 1540 οὐχ
1630 1502 1686 1532 οἷαί
1711 1514 1740 1532 τε
1771 1505 1836 1540 ἐνῆν

212 1546 366 1572 Commisso
379 1545 471 1579 itaque
484 1544 577 1579 praelia
603 1552 713 1580 magno,
733 1550 810 1580 capta
837 1545 915 1573 navis
945 1550 995 1578 est,

1051 1545 1273 1579 ὗπερῦάλλεσθαι
1286 1547 1336 1578 τὰς
1351 1548 1405 1574 τῶν
1419 1548 1557 1583 πολεμίοιν
1572 1549 1650 1581 ναῦς.
1671 1550 1727 1577 Καὶ
1741 1550 1773 1586 δὴ
1790 1551 1836 1578 καὶ

210 1599 272 1626 quae
290 1592 405 1618 vehebat
433 1598 524 1626 regem
545 1590 806 1618 Tarraconensium.
831 1590 887 1618 Rex
915 1591 998 1618 simul

210 1644 319 1672 quoque
331 1637 358 1664 in
369 1641 532 1672 potestatem
560 1637 646 1664 venit.
663 1637 761 1665 Scriba
791 1642 883 1665 autem
909 1637 997 1664 Dori:e

210 1690 307 1710 navem
322 1683 404 1718 cepit,
423 1683 470 1717 qui
487 1683 514 1710 in
530 1683 625 1718 przelio
637 1683 690 1710 isto
704 1683 795 1710 navali
809 1683 993 1715 Januensintn

210 1729 265 1755 dux
280 1733 348 1756 erat.
364 1729 414 1762 Qui
431 1737 492 1756 cum
526 1730 644 1757 victores
669 1730 764 1765 praelia
795 1731 997 1764 excessissent,

210 1781 302 1808 regem
332 1775 468 1809 captivum
505 1776 636 1802 vehentes
663 1776 774 1802 domum
806 1777 907 1804 reversi
921 1783 996 1805 sunt.

211 1819 299 1846 Naves
312 1820 397 1854 igitur
417 1827 480 1847 cum
500 1822 771 1855 appropinquassent
786 1821 892 1854 Ianum,
906 1823 997 1857 prius-

209 1873 291 1900 quam
323 1866 416 1893 urbem
444 1865 527 1893 iniret
555 1867 621 1898 (lux,
649 1867 789 1902 navigavit
802 1868 835 1895 ad
863 1868 995 1904 Ligurum

209 1912 288 1939 ducis
301 1911 451 1947 regionem,
468 1917 496 1938 ut
510 1913 534 1940 ei
558 1913 697 1948 captitum
709 1913 880 1948 Alpbonsutn
908 1915 998 1942 trade-

208 1962 260 1989 ret.
272 1965 388 1992 sperans
405 1965 434 1985 se
448 1958 510 1986 inde
538 1959 610 1985 haud
632 1966 728 1993 parum
753 1959 892 1986 commodi
918 1967 998 1987 acco-

207 2011 329 2040 pturum.
343 2005 485 2039 Ingressus
495 2006 588 2041 itaque
604 2006 734 2041 Ligurum
749 2006 828 2034 ducis
856 2007 994 2043 regionem

207 2058 299 2085 regem
314 2051 452 2086 captivum
465 2051 498 2078 ad
511 2059 574 2078 cum
590 2053 728 2086 perduxit.
758 2053 818 2079 Dux
842 2052 992 2081 Mediolani

207 2095 356 2123 honoriﬁce
375 2101 401 2124 et
419 2098 565 2132 magniﬁce
580 2104 672 2132 regem
696 2099 816 2132 excepit,
830 2103 857 2125 et
882 2099 993 2126 tandem

208 2140 375 2168 incolumem
396 2149 447 2169 suo
460 2150 544 2176 regno
565 2143 696 2170 restituit.
712 2144 745 2169 At
775 2143 929 2172 lanuenses
955 2146 993 2172 rei

207 2185 370 2221 indignitate
386 2187 514 2222 permoti,
526 2187 561 2213 ab
574 2186 622 2214 illo
646 2188 817 2220 deiecerunt,
844 2194 870 2215 et
894 2190 991 2217 ducent

148 2230 150 2233 ’
206 2220 498 2266 θκρυιοτυιιιξῡοὶηιιε
514 2237 660 2267 pergentes
690 2239 787 2261 contra
802 2241 906 2268 arcem,
931 2243 991 2263 eam
1009 2220 1034 2250 υ

206 2276 414 2312 pactionibusin
427 2281 593 2311 potestatem
610 2282 799 2312 acceperunt;
816 2282 845 2305 et
857 2278 988 2314 deinceps

206 2324 260 2351 ritu
272 2323 362 2359 patrio
394 2324 490 2351 urbem
521 2323 764 2357 administrarunt,
798 2329 993 2360 promoventes

204 2370 238 2398 ad
253 2370 423 2405 principatus
434 2370 566 2397 honorem
588 2369 668 2405 juxta
685 2371 816 2406 antiquas
832 2378 898 2399 suas
919 2371 993 2407 leges

204 2417 323 2451 aliquem
335 2415 369 2444 de
381 2416 482 2444 etvium
494 2423 617 2444 numero.
939 2410 942 2414 ’

204 2477 286 2504 χοντα
302 2469 448 2503 ἐξήλασαν,
465 2469 514 2495 καὶ
531 2469 596 2500 τοὺς
612 2469 640 2501 ἐς
673 2469 723 2505 τὴν
757 2469 806 2504 τῆς
839 2469 945 2502 πόλεως
977 2470 1127 2506 ἀκρόπολιν
1158 2470 1376 2506 καταφυγόντες,

206 2517 253 2542 καὶ
278 2516 356 2542 αὐτοὶ
390 2517 418 2548 ἐς
444 2517 478 2544 τὰ
507 2517 623 2553 πατρῷα
650 2518 727 2552 σφίσι
758 2517 807 2544 τοῦ
838 2517 934 2545 λοιποῦ
956 2518 1006 2553 τὴν
1026 2519 1106 2546 πόλιν
1129 2519 1266 2555 διῴκουν·

1050 1590 1138 1624 ἐμϐὰς
1153 1591 1234 1622 αὐτὸς
1250 1592 1279 1623 ἐς
1300 1592 1350 1624 τὰς
1365 1593 1441 1625 ναῦς,
1468 1593 1537 1620 ὥστε
1566 1595 1715 1630 ἐποτρῦναι
1740 1597 1834 1629 αὐτοὺς

1049 1635 1098 1661 ἐπὶ
1114 1636 1160 1663 τὸν
1173 1638 1304 1672 πόλεμον.
1319 1639 1419 1674 Μάχης
1436 1637 1483 1666 οὖν
1509 1641 1648 1676 καρτερᾶς
1676 1643 1834 1678 γενομένης,

1049 1683 1067 1718 ἥ
1086 1692 1115 1710 τε
1133 1683 1197 1714 ναῦ,
1211 1684 1291 1717 ἑάλω,
1305 1685 1352 1711 καὶ
1365 1686 1414 1712 σὺν
1431 1685 1500 1722 αὐτῇ
1524 1695 1555 1712 τε
1571 1688 1634 1721 ἆμαρ
1654 1688 1727 1715 ἐαλω
1752 1689 1800 1715 καὶ
1823 1689 1834 1716 έ

1049 1729 1216 1764 Ταρακόνων
1230 1730 1368 1764 βασιλεύς.
1389 1728 1451 1758 En:
1467 1733 1495 1758 δὲ
1512 1733 1560 1759 καὶ
1578 1734 1629 1768 τὴν
1649 1734 1715 1761 ναῦν
1745 1743 1832 1770 γραμ-

1050 1777 1186 1810 ματιστὴς
1201 1776 1249 1803 τοῦ
1264 1776 1381 1812 Ντόρια,
1401 1778 1604 1813 ναυαρχοῦντος
1619 1779 1680 1806 τότε
1705 1781 1762 1811 τοῖς
1783 1781 1834 1808 Ία-

1048 1822 1146 1853 νυῖοις.
1167 1823 1216 1853 Ὃς
1233 1823 1335 1849 ἐπείτε
1347 1825 1550 1858 περιεγένοντο,
1580 1827 1628 1852 καὶ
1654 1826 1736 1852 αὐτὸν
1764 1824 1834 1854 εἷλον

1047 1867 1093 1894 τὸν
1110 1868 1234 1903 βασιλέα,
1254 1868 1394 1896 ἀπέπλεον
1407 1870 1450 1896 ἐπ’
1467 1870 1554 1898 οἴκου.
1579 1871 1624 1903 Ὠς
1643 1872 1671 1898 δὲ
1688 1866 1777 1908 ἀγχοῦ
1789 1873 1833 1907 τῆς

1049 1914 1154 1945 πόλεως
1172 1915 1308 1948 ἐγένοντο,
1324 1916 1389 1950 πρὶν
1405 1916 1421 1951 ἢ
1436 1917 1464 1948 ἐς
1482 1917 1531 1951 τὴν
1548 1918 1626 1944 πόλιν
1643 1919 1724 1945 αὐτὸν
1736 1919 1837 1954 καθορε

1050 1960 1194 1995 μίσασθαι,
1208 1961 1384 1996 ἀποστρέψας
1402 1962 1479 1989 ἔπλει
1502 1964 1548 1989 ἐπὶ
1563 1964 1612 2000 τὴν
1633 1964 1682 1991 τοῦ
1706 1965 1837 2001 Λιγύρων

1046 2006 1181 2041 ὴγεμιζνος
1193 2005 1296 2041 χώραν,
1309 2007 1347 2038 ὡς
1362 2007 1445 2034 αὐτόν
1468 2016 1498 2034 τε
1516 2010 1613 2044 ἐκείνῳ
1629 2009 1701 2042 ἄξων
1730 2011 1837 2046 αίχμά-

1046 2052 1131 2079 λωτον
1148 2055 1192 2078 τὸν
1214 2052 1328 2087 βασιλέα
1356 2053 1514 2088 Ἀλφόνσον,
1542 2055 1590 2082 καὶ
1615 2056 1739 2091 οἰόμενος
1763 2059 1837 2093 μέγα

1046 2107 1073 2125 τι
1085 2098 1249 2125 ἀποίσεσθαι
1263 2099 1339 2134 αὑτῷ
1357 2099 1453 2134 κέρδος
1465 2101 1520 2126 ἀπὸ
1536 2101 1582 2128 τοῦ
1598 2102 1742 2137 ἡγεμόνος.
1760 2104 1837 2131 Ἐπι-

1045 2144 1096 2176 δὲις
1111 2144 1140 2170 δὲ
1155 2145 1205 2179 τῆς
1221 2144 1314 2180 χώρας
1337 2145 1431 2178 αὑτοῦ,
1462 2144 1529 2183 ἧκεν
1554 2147 1629 2182 ἄγων
1654 2148 1700 2175 τδν
1722 2149 1837 2184 βασιλέα

1046 2190 1222 2225 αίχμάλωτον
1232 2192 1309 2226 παρὰ
1330 2192 1375 2218 τὸν
1392 2193 1526 2228 Διγυρίας
1542 2193 1686 2229 τύραννον.
1703 2195 1837 2223 Ἐνταῦθα.

1046 2238 1059 2262 ό
1071 2237 1236 2263 Μιδιολὰνου
1251 2237 1363 2272 ἡγεμὼν
1378 2237 1456 2270 οὗτος
1483 2239 1529 2265 τόν
1544 2248 1573 2266 τε
1598 2240 1714 2274 βασιλέα
1741 2241 1838 2268 ὑπεδέ-

1046 2282 1110 2316 ξατο
1128 2284 1157 2309 ἐν
1186 2285 1268 2320 τιμῇ,
1291 2285 1339 2311 καὶ
1358 2285 1485 2319 μεγάλως
1510 2287 1632 2322 τιμήσας
1660 2287 1743 2314 αὑτὸν
1770 2289 1837 2315 ἁπέ-

1046 2331 1158 2365 πεμψεν
1184 2331 1230 2357 ἐπὶ
1249 2331 1300 2367 τὴν
1317 2332 1406 2367 ἀρχὴν
1422 2332 1519 2361 αὑτοῦ,
1537 2333 1592 2360 Καὶ
1614 2335 1646 2360 τδ
1675 2334 1729 2360 ἀπὸ
1756 2334 1836 2361 τοῦδε

1045 2378 1072 2405 οἴ
1092 2386 1122 2404 τε
1146 2378 1271 2405 Ίανυῖων
1290 2378 1400 2413 ἄνδρες,
1427 2379 1526 2415 γνώμῃ
1555 2380 1738 2416 διενεχθέντος
1765 2381 1837 2417 πρὸς
1859 2368 1866 2376 ί

1046 2423 1154 2456 τοῦτον,
1172 2423 1203 2449 οὺ
1219 2423 1310 2459 πολλῷ
1326 2423 1440 2460 ὕστερον
1453 2425 1625 2461 ἀπέστησαν,
1654 2427 1702 2453 καὶ
1715 2427 1762 2453 τὸν
1786 2426 1837 2461 ἄρ-

1414 2471 1547 2508 ὀμολογίᾳ
1581 2473 1834 2508 παραστησάμενοι,

1314 2519 1531 2554 ἐγκαθιστάντος
1558 2520 1587 2548 δὲ
1613 2522 1751 2557 ἡγεμόνας
1779 2521 1836 2548 τῶν

203 2562 295 2590 ἀστῶν
308 2563 355 2589 ἐπὶ
369 2563 403 2598 τῇ
417 2564 560 2599 ἡγεμονίᾳ,
615 2567 663 2592 καὶ
678 2565 813 2600 πρότερον
825 2565 918 2596 αὐτοῖς
926 2566 1078 2601 ἐνομίζετο.

239 2610 396 2645 Alphonsus
412 2612 540 2640 dimissus
565 2613 598 2640 ad
621 2621 687 2641 suos
704 2620 719 2640 a
735 2613 881 2641 Mediolani
905 2614 988 2647 duce,

204 2656 331 2684 benellcii
345 2665 449 2686 memor
462 2659 535 2687 hunc
549 2667 657 2694 semper
674 2659 760 2688 coluit
775 2668 782 2688 :
803 2654 854 2688 nec
878 2661 903 2687 ei
924 2667 990 2696 gra-

1088 2614 1119 2642 '0
1135 2616 1228 2650 μέντοι
1251 2616 1399 2652 ’Δλφόνσος
1413 2616 1563 2649 ἀπολυθεὶς
1573 2616 1626 2643 ὑπὸ
1640 2615 1688 2642 τοῦ
1700 2615 1835 2642 Μεδιολά-

1044 2670 1091 2688 νου
1107 2663 1244 2699 ἡγεμόνος
1269 2663 1356 2697 εὔνως
1367 2672 1398 2692 τε
1414 2664 1488 2700 αὺτῷ
1513 2661 1572 2699 εἶχε
1597 2663 1645 2690 καὶ
1671 2662 1834 2699 ἐπιτηδείοις

841 2730 966 2764 Notulea
993 2731 1199 2771 marginales.

240 2789 296 2825 (47)
310 2789 421 2818 Caietae.
451 2790 463 2802 ⁴

235 2861 295 2878 ⁸³·⁶¹
308 2863 431 2898 Γαῖὲτην.
454 2863 485 2891 In
500 2873 522 2891 tt.
537 2865 666 2899 Καῑέτην,
677 2871 701 2892 ιι
717 2866 803 2900 infra;
821 2868 846 2895 in
859 2868 895 2896 al.
909 2874 937 2896 ut
954 2877 978 2896 ι’.

1056 2868 1141 2904 αὐτῷ.
