1950 3075
120 112 174 145 3ἳ9

613 114 662 144 DE
675 114 801 145 liEBUS
818 114 994 145 TURCICIS
1007 113 1080 144 LIB.
1100 114 1166 145 Vll.

1688 112 1743 145 330

120 168 292 200 ἐπιδιώκειν,
308 168 373 195 ἔνθα
388 168 533 204 γενόμενοι
546 170 569 189 θ’
584 170 785 206 διεσπάρησαν,
800 171 847 198 καὶ
863 172 899 197 τὸς

959 170 1106 197 exercitum
1118 175 1193 205 terga
1204 169 1270 197 dare
1286 172 1449 204 coegerunt.
1461 167 1526 203 Regi
1537 169 1742 203 relinquebatur

118 213 247 248 δεύτερον
259 215 309 248 τῆς
335 215 428 246 Ἀσίας
445 215 560 250 στρατδν
584 215 654 243 οὕτω
669 217 701 251 δὴ
723 217 905 252 τρεψάμενος.

119 259 242 286 ἐδίωκεν.
252 259 432 286 ’Υπελείτιετο
444 261 472 287 δὲ
481 261 556 296 αὺτῴ
567 261 597 288 τὸ
617 261 665 297 τῆς
679 262 816 298 Εὐρώπης
825 264 907 297 στρά-

119 313 221 339 τευμα,
237 305 352 340 ἐστηκός
369 313 398 331 τε
421 307 467 332 καὶ
489 306 593 341 οὐδαμῆ
622 307 762 342 χωρῆσαν,
776 308 833 334 ἀλλ’
849 310 908 334 ἐπι-

121 352 203 385 μένον
216 351 280 383 τοὺς
296 351 454 386 πολεμίους.
472 353 545 387 Δῆλα
558 352 612 387 γὰρ
629 353 665 385 ὡς
684 353 817 388 βασιλέως
831 354 908 388 ὲστη-

118 398 199 429 κότος
214 398 250 424 τὰ
269 399 462 433 στρατεύματα
477 399 565 426 ταῦτα
579 400 628 434 τῆς
648 399 782 436 Εὐρώπης
796 401 905 436 ἕστηκε.

117 444 174 470 Καὶ
190 445 223 480 ἧν
237 453 266 471 τε
287 444 325 480 μὴ
341 444 476 480 δεξάμενα
502 446 565 477 τοὺς
592 445 740 481 πολεμίους
764 447 792 478 ἐς
817 447 907 482 φυγὴν

116 491 234 524 γένοιτο,
252 490 332 523 αὖθις
349 491 492 518 ἐπάνεισιν
518 492 566 518 ἐπὶ
590 491 622 519 τὺ
642 492 775 527 βασιλέως
795 494 908 528 στρατό-

116 537 209 564 πεδον.
226 537 324 564 Εἰώθει
337 539 391 573 γὰρ
407 539 486 573 γένος
501 540 570 574 μετά
585 548 617 574 γε
628 539 733 571 Σκύθα;
748 541 811 571 τοὺς
825 542 895 576 νομά

114 582 175 614 δας,
205 582 315 609 πάντων
337 583 370 619 δὴ
394 584 523 618 μάλιστα,
539 581 576 610 ὧν
600 585 680 620 ἡμεῖς
699 585 788 619 ἴσμεν,
806 586 906 620 φεῦγον

114 626 195 660 αὖθις
214 628 391 660 ξυνίστασθιί
415 639 445 656 τε
470 630 556 664 αὐτῷ,
575 630 621 656 καὶ
649 631 790 657 ἐπανιέναι
808 631 907 666 ῥᾳδίως

114 675 162 700 καὶ
179 672 258 706 αὖθις
273 675 300 706 ἐς
319 676 368 710 τὴν
387 676 488 711 μάχην,
506 677 553 703 καὶ
576 679 747 713 τρεπόμενον
772 679 906 712 εὐπετῶς,

113 721 176 747 ὅποι
194 721 228 748 ἂν
243 722 319 757 αὑτῷ
345 723 510 758 λυσκελοίη.
541 725 573 751 Οἱ
601 726 692 759 μέντοι
716 726 803 757 Δᾶκες
822 727 851 753 ὲν
868 725 906 760 τῷ

114 768 226 804 θορύϐῳ
251 769 339 804 τούτῳ
360 770 409 804 τῆς
436 769 537 805 μάχης,
556 769 593 801 ὡς
612 772 706 806 ἑώρων
724 773 788 804 τοὺς
810 773 906 799 Ἀλίῑα-

113 814 176 845 νοὺς
190 814 198 829 ¹
216 815 243 845 ἐς
257 815 348 850 φυγὴν
363 815 561 850 τρεπομένους,
571 816 663 843 οὐκέτι
677 817 709 852 δὴ
725 818 829 844 ἐνταῦθ’
842 818 905 845 ὲπέ-

114 867 192 894 σχον.
211 860 269 886 ἀλλ’
283 861 313 892 ἐς
324 861 387 892 τοὺς
404 860 539 895 βασιλέως
552 861 709 898 Θησαυροὺς
723 865 902 900 τραπόμενοι,

111 905 265 940 διήρπαζον
278 906 314 933 τά
329 915 358 933 τε
379 907 524 941 χρήματα,
547 909 594 936 καὶ
618 909 664 935 τδν
689 909 823 945 βασιλέως
845 921 904 938 κοι-

111 952 198 983 τῶνα,
212 953 260 979 καὶ
283 952 333 983 τὰς
350 953 494 988 καμήλους
518 954 659 989 ἐφόνευον,
673 956 798 992 ἀλλήλοις
812 957 904 984 διακε-

110 997 266 1031 λευόμενοι.
286 998 331 1030 Ὠς
353 998 382 1025 δὲ
397 998 479 1033 ἔργου
504 1000 621 1036 εἴχοντο,
637 1003 684 1028 καὶ
712 1003 812 1035 ἱκανῶς
829 1002 903 1038 εἶχον

110 1044 160 1078 τῆς
174 1044 341 1078 διαρπαγῆς,
356 1045 406 1071 οὐκ
422 1045 463 1072 ἔτι
481 1046 567 1078 ἰόντες
592 1048 620 1079 ἐς
649 1048 739 1083 μάχην
764 1051 903 1083 παρετάσ-

112 1097 192 1115 σοντο
216 1091 244 1116 ὲν
273 1090 373 1122 οὐδενὶ,
389 1091 448 1117 ἀλλ’
473 1092 520 1119 ἐπὶ
535 1093 566 1119 τὸ
585 1094 690 1121 ἑαυτῶν
718 1096 902 1129 στρατόπεδον

110 1134 240 1169 ἤλαυνον.
251 1134 382 1170 Ἰωάννης
399 1136 450 1170 μὲν
468 1135 526 1170 οὖν,
540 1138 577 1169 ὡς
590 1138 725 1173 ἐτρέψατο
741 1140 791 1175 τῆς
807 1140 902 1172 Ἀσίας

111 1180 286 1215 στράτευμα,
308 1181 424 1215 ἀφίκετο
442 1182 488 1208 ini.
513 1183 664 1209 Λαδίσ).αον
691 1185 812 1219 βασιλέα,
829 1193 901 1221 παρ-

109 1225 194 1251 αινῶν
220 1226 294 1261 αὐτῷ
318 1227 445 1254 ἵστασθαι
474 1228 522 1254 καὶ
552 1228 676 1262 ἱδρύσθαι
702 1230 773 1257 κατὰ
797 1230 900 1266 χώραν,

114 1271 186 1306 μηδὲ
199 1273 327 1306 προϊέναι
342 1281 389 1299 ποι
406 1274 597 1308 συμὸαλοῦντα
613 1276 670 1307 τοῖς
687 1276 826 1310 πολεμίοις
840 1285 846 1291 ·
864 1277 902 1308 ὡς

111 1317 145 1344 ἂν
160 1317 302 1344 ἐπανιόντι
330 1319 400 1344 κατὰ
418 1319 465 1345 τοῦ
485 1319 617 1354 βασιλέως
634 1321 753 1354 χαλεπὸν
769 1321 900 1357 ἀποϐαίη,

111 1364 263 1399 καταφυγὴ
289 1365 320 1390 ὲκ
344 1366 394 1398 τῆς
416 1365 506 1400 μάχης
533 1366 648 1400 γένοιτο.
675 1367 726 1393 Καὶ
750 1369 902 1403 παρηγγύα

110 1410 210 1444 μηδενὶ
225 1410 280 1436 τῶν
294 1411 365 1446 ἀμφ’
378 1411 460 1437 αὑτὸν
480 1412 640 1446 ἐπιτρέπειν
655 1412 722 1448 ἄλλῃ
738 1422 784 1440 ποι
799 1415 809 1429 ¹
824 1415 902 1441 ἀπιέ-

109 1463 165 1487 ναι,
178 1455 237 1481 arx
249 1456 332 1482 αὐτοῦ
359 1457 493 1491 μένοντας
519 1458 674 1493 ἐπιμένειν,
689 1460 718 1491 ac
734 1460 747 1486 ὃ
765 1459 799 1486 ἂν
817 1469 902 1496 μαχε-

960 217 1106 251 Europmus
1116 218 1263 247 exercitus.
1274 217 1321 251 qui
1339 216 1428 243 adhuc
1443 216 1532 243 stabat
1543 223 1594 242 nec
1604 223 1741 250 quoquam

958 263 1075 298 fugerat,
1087 268 1251 299 exspectans
1262 263 1380 291 hostem.
1394 262 1567 290 Manifestum
1586 262 1656 289 enim
1682 269 1743 289 esse

959 316 1032 340 reor,
1061 310 1222 343 quantisper
1250 309 1384 337 manserit
1409 316 1467 341 rex,
1495 309 1630 342 tantisper
1659 310 1739 335 etiam

958 355 1073 389 Europae
1101 355 1251 382 exercitum
1281 355 1446 383 consistere.
1477 355 1527 388 Qui
1544 355 1596 382 etsi
1612 355 1740 382 hostibus

959 409 1012 428 non
1030 402 1175 433 restiterit,
1190 410 1285 429 verum
1299 402 1324 429 in
1345 401 1435 437 fugam
1451 402 1561 433 abierit,
1575 407 1695 428 attamen
1715 402 1741 427 in

957 447 1031 482 regia
1046 452 1137 475 castra
1153 449 1309 475 revertitur.
1319 446 1387 474 Nam
1414 448 1487 475 istud
1502 448 1642 475 hominmn
1655 456 1741 482 genus

958 494 1085 520 novimus
1114 498 1176 527 post
1201 494 1317 529 Scythas
1341 498 1466 529 pastores
1495 495 1614 521 maxime
1635 494 1739 528 fugere.

957 547 1043 574 seque
1065 541 1092 567 in
1115 540 1177 574 fuga
1205 540 1335 568 facillime
1361 541 1501 575 colligere,
1521 546 1547 568 et
1563 541 1687 575 prtclinm
1701 549 1741 566 ι-ιι-

958 587 1123 622 dintegrare.
1150 587 1178 614 ln
1203 586 1294 620 fugam
1313 595 1377 615 vero
1392 588 1462 615 \‘ersi
1490 587 1568 615 facile
1584 591 1739 614 servantur.

959 631 1021 659 Daci
1040 633 1111 659 inter
1138 641 1236 667 pugna:
1252 632 1399 659 tumultmn
1416 640 1476 659 cum
1495 638 1637 659 cernerent
1658 633 1739 658 Alba~

958 686 1008 705 nos
1022 679 1048 706 in
1063 678 1152 713 fugam
1168 679 1279 712 cﬂuSOS,
1294 686 1345 706 nec
1365 679 1415 705 sibi
1429 683 1632 713 temperarunt,
1646 687 1739 705 verum

957 725 984 752 in
1002 726 1089 761 regios
1102 726 1245 752 thesauros
1257 725 1396 757 conversi,
1412 732 1459 752 eos
1471 729 1497 751 et
1512 725 1659 760 regniopes
1674 725 1740 751 diri-

959 777 1092 805 puerunt,
1124 779 1232 798 necnon
1271 772 1375 806 regium
1401 771 1740 804 cubiculum,interfectis

957 817 1080 848 camelis,
1097 824 1159 843 cum
1180 824 1241 844 sese
1256 821 1351 844 nuituo
1368 817 1400 844 ad
1418 817 1498 843 istam
1519 824 1576 844 rem
1591 825 1679 851 usque
1696 825 1740 844 cn-

958 864 1145 891 hortarentur.
1164 863 1295 898 Occupati
1314 864 1365 890 isto
1378 871 1459 898 opere
1474 871 1535 891 cum
1557 863 1656 897 forent,
1671 871 1741 897 pne-

955 909 1095 945 dandique
1113 910 1171 944 jam
1191 910 1363 945 obrepsisset
1386 911 1511 942 satietas,
1531 911 1602 937 haud
1627 910 1653 937 in
1671 918 1741 944 prir-

958 956 1023 983 lium
1036 956 1172 988 redibant,
1194 964 1244 984 nec
1256 957 1302 984 ulli
1319 965 1415 992 parere
1436 957 1576 988 volebant,
1591 957 1637 985 sed
1655 958 1681 984 in
1695 965 1741 984 ca-

955 1009 1012 1032 stra
1043 1012 1091 1032 sua
1122 1005 1341 1032 revertebantur.
1369 1004 1490 1032 Joannes
1516 1013 1577 1032 cum
1618 1005 1741 1039 fugasset

954 1049 1086 1076 Asianum
1107 1049 1272 1082 exercitum,
1299 1050 1446 1077 accedebat
1468 1050 1501 1077 ad
1520 1058 1610 1085 regem
1632 1050 1739 1078 Vladis-

954 1095 1037 1126 laum,
1054 1103 1171 1130 eumque
1186 1096 1332 1131 diligenter
1348 1097 1488 1129 monebat,
1508 1101 1537 1123 nt
1559 1104 1592 1125 eo
1608 1097 1659 1124 loci
1675 1105 1737 1124 cum

954 1141 1013 1169 suis
1030 1141 1164 1169 militibus
1175 1141 1351 1175 subsisteret,
1372 1150 1423 1170 nec
1435 1150 1483 1170 eos
1501 1150 1641 1178 quoquam
1660 1144 1737 1171 abire

954 1192 1103 1223 pateretur,
1118 1188 1209 1216 utsibi
1224 1188 1348 1215 redeunti
1368 1188 1396 1215 in
1413 1197 1530 1224 pugnam
1546 1195 1641 1216 contra
1657 1191 1739 1217 Amu-

955 1240 1051 1268 ratem,
1081 1234 1103 1262 si
1127 1234 1191 1270 quid
1220 1235 1406 1270 periculosius
1425 1236 1586 1270 ingruisset,
1601 1236 1736 1270 refugium

954 1281 1137 1313 tutissimum,
1162 1288 1217 1316 quo
1239 1288 1269 1308 se
1295 1282 1440 1316 reciperet,
1486 1287 1570 1309 esset.
1604 1282 1738 1317 Praecepit

953 1334 1062 1362 quoque
1078 1327 1214 1354 Vladislao
1227 1328 1450 1355 utobtestaretnr
1462 1329 1561 1356 milites
1580 1329 1627 1364 qui
1643 1337 1735 1357 secum

954 1379 1043 1406 erant,
1065 1382 1099 1401 ne
1113 1381 1143 1401 se
1162 1374 1223 1402 loco
1239 1379 1399 1408 moverent,
1420 1383 1514 1402 verum
1531 1376 1559 1403 in
1580 1376 1676 1404 iisdem
1694 1384 1739 1403 ve-

953 1421 1042 1454 stigiis
1061 1422 1196 1448 hmrentes
1222 1425 1426 1456 exspectarent,
1452 1421 1539 1449 donec
1557 1422 1628 1455 fuso,
1646 1423 1738 1458 fugato

953 1466 1080 1500 victoque
1108 1465 1223 1501 Europae
1245 1466 1379 1499 exercitu,
1409 1467 1499 1494 victor
1531 1472 1736 1496 reverteretur:

108 1502 245 1535 σάμενος,
264 1502 311 1528 καὶ
325 1502 336 1518 ³
353 1502 383 1529 τὸ
397 1503 449 1537 τῆς
474 1503 610 1540 Εὐρώπης
630 1505 786 1540 στράτευμα
799 1507 899 1541 τρεψά-

952 1517 979 1539 et
995 1513 1082 1539 donec
1092 1513 1226 1548 praelium,
1235 1512 1309 1548 quod
1318 1521 1390 1540 nunc
1399 1513 1557 1541 solumcum
1566 1514 1659 1548 januis
1674 1515 1738 1542 reli-

109 1555 206 1582 μενος,
221 1548 438 1584 ὑποστρέψηται,
453 1550 502 1576 καὶ
517 1550 577 1575 τότε
595 1551 641 1576 ἐπὶ
656 1552 705 1583 τὰς
722 1552 808 1587 Ούρας
828 1552 897 1587 ἅμα,

107 1595 328 1629 ὑπολειπομένου
363 1596 411 1622 τοῦ
438 1596 543 1630 ἀγῶνος
570 1598 679 1629 τούτου,
709 1599 794 1625 ἁλῶσι
827 1600 898 1634 μετὰ

105 1641 209 1673 ταῦτα,
235 1643 283 1668 καὶ
311 1641 515 1676 ὲξεργάσωνται
544 1643 592 1670 καὶ
619 1644 715 1670 τοῦτον
745 1645 899 1672 τελευταῖον

106 1689 214 1722 ἀγῶνα.
238 1688 270 1715 '0
295 1688 345 1723 μὲν
363 1688 450 1715 ταῦτα
477 1689 575 1723 εἰπὼν,
596 1690 679 1725 ἀπῄει
697 1690 900 1726 συνταξάμενος

105 1735 154 1761 ἐπὶ
184 1734 216 1761 τὺ
236 1735 285 1769 ἰἧς
303 1734 440 1770 Εὐρώπης
466 1736 633 1770 στράτευμα,
650 1735 664 1762 ὅ
680 1736 726 1762 ἐπὶ
745 1737 774 1763 τὸ
800 1737 899 1764 εὐώνυ-

107 1788 159 1815 μον
177 1780 224 1806 τοῦ
252 1780 387 1814 βασιλέως
412 1781 604 1814 παρετάσσετο
630 1781 725 1817 μέρος.
744 1783 798 1808 Καὶ
829 1791 898 1818 συμ-

106 1826 201 1853 6ιλὼν
231 1826 349 1861 ἐμάχετο
379 1827 426 1853 ἐπὶ
454 1827 549 1862 χρόνον
579 1828 650 1855 τινὰ.
684 1828 806 1862 Ἐγένετο
828 1829 856 1855 δὲ
880 1829 897 1864 ή

106 1873 183 1908 μάχη
212 1871 311 1904 obrui;
333 1872 376 1903 Ὦς
394 1873 575 1908 συμϐάλλοιεν
589 1873 613 1899 οἱ
630 1873 741 1905 Παίονες
756 1875 784 1906 ἐς
804 1876 897 1910 χεῖρας

104 1919 243 1951 ὲλθόντες,
259 1919 509 1954 τρεψάμενοιτοὺς
531 1921 672 1957 Τούρκους
686 1922 810 1954 ἐδίωκον,
843 1923 897 1955 ἕως

103 1961 134 1990 οὗ
147 1965 273 1998 ἐγένοντο
288 1966 372 2000 ἀγχοῦ
386 1966 433 1992 τοῦ
451 1968 635 2001 στρατοπέδου
658 1968 752 1995 αὑτοῦ.
776 1969 853 1995 Μετὰ
867 1970 897 1996 δὲ

103 2009 186 2040 εὐθὺς
203 2011 404 2045 συστρέψαντες
420 2013 444 2038 ol
457 2013 587 2047 Τοῡρκοι,
604 2012 715 2040 ἐδίωκον
731 2014 793 2046 τοὺς
813 2016 896 2042 Παίο-

103 2065 152 2087 νας
168 2056 266 2092 χρόνον
281 2057 384 2090 ἱκανὸν,
403 2058 482 2093 ἄχρις
495 2058 526 2085 οὖ
550 2060 672 2093 γένοιντο
698 2060 746 2087 καὶ
769 2058 842 2088 οὗτοι
865 2063 894 2088 ὲν

102 2101 141 2136 τῷ
155 2103 331 2138 στρατοπέδῳ
347 2103 449 2131 αὐτῶν.
466 2105 520 2131 Καὶ
534 2105 617 2132 όπότε
628 2106 677 2140 μὲν
695 2106 854 2142 βιασάμενοι
868 2109 893 2134 οἰ

102 2148 220 2180 Παίονες
234 2149 299 2180 τοὺς
324 2149 472 2184 Τούρκους,
490 2152 643 2178 ἐπικέοιντο
668 2153 822 2185 διώκοντες,
850 2156 893 2181 ὲν-

100 2193 190 2219 ταῦθα
201 2195 295 2228 συχνοὶ
306 2194 360 2220 τῶν
379 2194 510 2230 Τούρκων
539 2196 655 2224 ἔπιπτον
683 2200 892 2234 καταπατούμε-
908 2186 931 2216 D

101 2247 143 2265 νοι
157 2240 211 2266 ὑπὸ
223 2239 279 2266 τῶν
295 2241 429 2268 Παιόνων.
444 2243 497 2269 Καὶ
513 2244 561 2278 μὲν
572 2243 605 2280 δὴ
620 2245 666 2272 καὶ
683 2246 799 2278 Παίονες
814 2249 843 2274 ὲν
857 2249 890 2284 τῇ

100 2285 280 2321 ἀποχωρήσει
296 2286 387 2313 πολλοὶ
395 2289 561 2323 παρεγένετο
572 2291 592 2322 ⁵,
603 2291 683 2318 ὁπότε
692 2293 724 2328 δὴ
739 2294 809 2320 αιδοῐ
822 2295 892 2321 ἁπο-

100 2330 268 2365 χωροῦντες.
289 2331 333 2359 Ἑν
348 2333 435 2369 τούτῳ
455 2335 704 2372 πίπτειΚαραξιης
732 2339 781 2374 τῆς
800 2339 894 2375 Εὐρώ-

101 2385 156 2411 πης
174 2377 342 2412 στρατηγὸς,
375 2379 447 2415 ξίφει
465 2382 605 2418 Παιονικῷ
622 2383 733 2418 βληθεὶς
763 2385 835 2412 κατὰ
862 2385 893 2412 τὸ

101 2418 214 2456 στῆθός,
231 2423 349 2459 δορατίῳ
365 2426 514 2461 τραύματι.
534 2428 576 2455 Τὰ
598 2431 653 2465 γὰρ
667 2431 800 2458 Παιονικὰ
815 2432 892 2467 ξίφη,

101 2468 197 2501 σχεδόν
211 2476 254 2495 τοι
269 2468 314 2504 δὴ,
331 2470 380 2496 καὶ
395 2471 428 2497 τὰ
447 2472 497 2507 τῆς
515 2473 668 2508 Γερμανίας
681 2477 801 2512 ἁπάσης,
832 2478 894 2513 ἐλη-

99 2513 207 2548 λαμένα
228 2517 357 2550 τυγχάνει
400 2518 446 2544 ἐπὶ
463 2520 597 2554 μήκιστον
607 2522 654 2548 καὶ
668 2521 741 2554 ὀξέα·
756 2525 786 2549 οὺ
802 2524 893 2559 μέντοι

99 2559 215 2587 τοιαῦτα
233 2582 241 2594 ,
263 2559 307 2588 οἶα
325 2564 506 2600 καταίροντας
522 2567 648 2601 κόπτειν,
678 2570 726 2596 ὅτι
751 2572 798 2598 καὶ
812 2571 888 2603 ἄξιον

100 2603 192 2651 ξόγου,
219 2605 259 2638 ὼς
275 2608 308 2634 τὰ
326 2608 482 2645 βαρϐαρικὰ
506 2612 521 2646 ἤ
543 2613 590 2640 καὶ
625 2614 754 2642 Ἰταλικά.
782 2615 822 2643 Τὰ
840 2617 889 2651 μὲν

102 2650 260 2688 βαρϐαρικὰ
270 2654 395 2682 tomb-rw
408 2657 538 2692 Τούρκων
552 2659 579 2685 δέ
597 2661 656 2686 ἐστι
677 2661 775 2695 ταῦτα,
808 2650 889 2698 βάρος

951 1565 1034 1592 quum
1047 1559 1092 1590 sit,
1110 1558 1316 1587 eunliciat.Haac
1328 1567 1389 1586 eum
1403 1560 1528 1593 dixisset,
1537 1561 1681 1589 confestim
1692 1569 1737 1589 ac.

950 1605 1124 1639 cingebatur,
1149 1610 1178 1632 ut
1205 1606 1330 1640 praelium
1347 1607 1530 1634 committeret
1542 1615 1603 1635 cum
1622 1608 1736 1644 Europae

950 1652 1083 1685 exercitu,
1097 1652 1143 1686 qui
1153 1652 1186 1679 ad
1197 1652 1336 1680 sinistram
1351 1653 1421 1688 regis
1431 1654 1582 1682 instructus
1593 1656 1693 1689 stabat,
1710 1661 1736 1683 et

951 1705 1048 1724 manus
1081 1705 1243 1731 conserens,
1279 1697 1439 1732 aliquandiu
1468 1701 1617 1735 pugnabat.
1635 1701 1736 1737 Pugna:

952 1743 1030 1778 177
1040 1749 1128 1770 autem
1149 1744 1206 1771 haec
1220 1745 1304 1772 facies
1328 1751 1397 1773 erat.
1413 1745 1481 1774 Cum
1491 1752 1599 1775 ventum
1616 1753 1690 1777 esset
1702 1750 1734 1776 ad

949 1797 1063 1822 manus,
1084 1788 1230 1817 Pannones
1241 1789 1345 1818 Turcos
1361 1791 1501 1825 rogabant,
1525 1800 1626 1828 eosque
1647 1803 1735 1829 usque

949 1835 983 1862 ad
994 1841 1083 1863 castra
1102 1836 1348 1871 persequebantur.
1366 1836 1450 1865 anci
1467 1839 1607 1874 conversi,
1636 1841 1735 1868 deinde

947 1881 1093 1910 Pannones
1110 1882 1345 1917 insequebantur:
1361 1891 1411 1910 nec
1431 1891 1447 1911 a
1463 1887 1658 1918 persecutione
1675 1895 1735 1914 ces-

947 1932 1045 1955 sarunt
1058 1929 1145 1962 prius,
1165 1936 1246 1963 quam
1264 1933 1292 1956 et
1307 1929 1418 1957 eosdem
1435 1931 1467 1957 ad
1480 1936 1570 1958 castra
1583 1933 1735 1967 compulis-

947 1978 1017 2001 sent.
1029 1974 1056 2001 Si
1068 1974 1177 2008 quando
1186 1974 1331 2002 Pannones
1341 1975 1456 2003 victoria
1478 1977 1652 2010 fruebantur,
1665 1979 1734 2006 Tur-

946 2027 992 2047 cos
1000 2021 1232 2055 persequebantur
1239 2022 1382 2055 acerrime,
1405 2022 1571 2058 plurimique
1584 2025 1732 2059 cadebant,

945 2067 1062 2093 obtritia
1088 2067 1278 2095 Pannonibus.
1300 2067 1387 2095 Etiam
1413 2069 1557 2097 Pannones
1574 2070 1734 2106 aliquando,

944 2113 1069 2147 quamvis
1080 2113 1188 2147 plurimi
1198 2113 1298 2145 forent,
1307 2122 1368 2141 cum
1382 2115 1480 2143 rubore
1490 2121 1563 2144 retro
1573 2119 1686 2153 gradum
1697 2119 1723 2146 fe

945 2158 1050 2185 rebant.
1063 2159 1168 2186 Cecidit
1179 2159 1277 2187 ibidem
1286 2161 1413 2189 (larazies
1422 2161 1536 2197 Europae
1553 2164 1616 2196 dux,
1628 2164 1734 2193 Panno—

944 2205 1006 2232 nico
1015 2204 1106 2239 gladio
1117 2206 1278 2233 transfixus.
1304 2206 1481 2235 Solentenim
1492 2209 1732 2245 l’annonicigladil

944 2251 1056 2279 vulnera
1066 2251 1143 2285 dare,
1154 2260 1214 2287 quae
1224 2252 1428 2281 nihildifl'erunt
1448 2255 1483 2283 ab
1504 2255 1565 2284 istis
1574 2264 1633 2290 quae
1643 2256 1734 2284 facere

943 2302 1145 2324 consueverunt.
1169 2299 1264 2325 hastae.
1284 2297 1373 2326 Gladii
1389 2307 1506 2335 namque
1524 2301 1685 2330 Pannonum
1706 2308 1733 2330 ct

943 2341 1143 2370 Germanorum
1159 2343 1230 2378 longi
1246 2349 1311 2371 sunt
1327 2349 1353 2372 ct
1369 2347 1455 2379 acuti,
1471 2354 1521 2374 nec
1552 2347 1651 2374 librato
1676 2348 1732 2376 ictu

943 2388 1056 2420 feriunt,
1070 2390 1299 2423 quemadmodum
1313 2391 1448 2419 barbarici
1459 2398 1486 2420 et
1497 2392 1594 2420 ltalici.
1605 2394 1730 2422 Barbari-

944 2435 968 2462 ci
982 2435 1064 2470 gladii
1079 2435 1116 2469 (et
1124 2434 1256 2470 ejusmodi
1272 2437 1485 2473 utunturTurei)
1502 2439 1649 2473 ponderosi
1666 2446 1732 2468 sunt.

943 2480 1102 2512 admodum,
1113 2488 1220 2516 unaque
1236 2485 1341 2509 tantum
1359 2487 1435 2517 parte
1448 2483 1590 2511 scindunt.
1602 2483 1657 2512 Nec
1672 2487 1731 2513 scio

944 2525 1050 2560 gladios
1066 2533 1181 2561 quorum
1200 2527 1273 2554 acies
1297 2527 1379 2555 altius
1405 2529 1431 2555 in
1457 2537 1573 2564 corpora
1594 2536 1729 2564 penetret.

944 2570 993 2599 llis
1009 2577 1203 2607 comparantur
1212 2573 1293 2608 gladii
1312 2574 1407 2609 Italici,
1420 2576 1465 2610 qui
1476 2577 1613 2610 quondam
1625 2577 1730 2605 Graecis

944 2619 972 2646 in
989 2626 1037 2646 usu
1052 2618 1137 2646 fuere.
1155 2618 1309 2647 Germanici
1323 2625 1350 2648 et
1365 2621 1514 2649 Pannonici
1537 2623 1621 2657 gladii
1653 2623 1729 2657 longi

944 2666 972 2690 et
984 2663 1105 2696 rotundi,
1120 2671 1231 2691 necnon
1254 2665 1390 2693 interdum
1403 2666 1530 2702 quadrati
1541 2671 1606 2695 sunt
1621 2676 1630 2695 ;
1643 2668 1728 2695 aciem

749 2733 871 2764 Notulae
888 2731 1088 2771 marginales.

137 2788 160 2803 "
175 2787 207 2814 Β.
225 2795 283 2820 γιν.

106 2823 284 2858 ἀπεγινοντο.

266 2870 399 2898 ιἰιτηοιη
425 2871 481 2900 Gn.
506 2869 607 2900 CLIX.

325 2787 333 2802 '
346 2788 378 2815 In
391 2797 437 2817 ora
456 2790 612 2824 ’Λσιανοὺ;,
629 2793 656 2819 iu
676 2793 713 2821 al.
728 2788 886 2827 ’Λλανοὺςί

911 2795 921 2810 ¹
938 2793 970 2821 In
983 2802 1007 2821 υ.
1020 2803 1069 2829 πη.

1110 2793 1120 2808 ³
1137 2792 1169 2820 In
1186 2802 1248 2827 uno,
1267 2797 1314 2822 καὶ
1331 2798 1358 2823 τ’,
1372 2797 1402 2825 Ε,
1422 2798 1478 2831 ἄμα
1499 2806 1540 2824 στ.
1579 2797 1588 2812 ⁸
1601 2797 1634 2824 1η
1666 2805 1728 2830 una,

1520 2877 1551 2907 ll
