1950 3075
231 143 280 174 331

779 138 1283 170 LAONICICHALCOCONDYLE
1328 131 1339 135 ‘

1800 139 1852 170 332

227 202 327 227 habent
342 202 460 230 acutam,
477 203 503 224 et
520 197 545 223 iu
572 203 732 223 mucronem
760 195 908 230 oblongum
936 195 1007 222 desi-

1067 194 1172 228 ἴσχοντα
1188 200 1336 228 παμμεγα,
1370 192 1418 218 καὶ
1434 193 1476 226 ἐφ’
1494 193 1533 219 ἑνὶ
1553 192 1649 227 ἔχοντα
1675 192 1724 226 τὴν
1753 193 1851 227 τομὴν,

225 251 306 274 mmt.
327 246 446 272 Vulnera
465 244 600 278 inﬂigunt,
614 251 636 270 SI
654 243 715 278 quis
732 243 764 269 iis
781 246 874 269 litatur
886 242 1008 268 insidens

225 301 306 328 equo,
325 291 399 324 talia,
426 291 518 325 qualia
548 291 626 318 basta
653 289 712 316 dari
742 288 822 316 solet.
851 287 1010 314 Pannonico

225 338 317 374 gladio
333 334 500 362 transfossus
518 334 666 369 exspiravit
684 331 821 360 Carazies.
850 330 927 357 Nunc
944 329 1009 365 quid

224 390 307 418 penes
326 379 493 409 Vladislaum
527 387 617 414 regem
637 378 797 405 Pannorum
819 375 958 408 acciderit,
972 375 1011 401 dis

226 434 313 456 (ulttt'.
331 427 415 454 Erant
431 427 504 462 apud
521 426 594 452 hunc
607 432 696 460 regem
712 423 762 450 viri
781 422 950 456 complures,
964 420 1008 455 qui

225 475 385 502 invidebant
402 472 502 499 Joanui
519 470 773 503 lluniadi,ejusque
787 468 914 494 virtutem
930 466 1011 501 aegris

226 521 349 556 ferebant
366 518 476 545 animis.
496 516 626 543 Videntes
651 515 733 550 igitur
756 521 818 541 eum
849 512 961 547 pulchre
986 516 1013 538 ct

227 565 463 593 tleCenterbellum
479 562 683 594 administrare,
707 561 773 588 etin
801 559 891 594 fugam
921 557 1013 593 egisse

225 611 297 639 Asiae
311 611 461 638 exercitum
478 609 651 639 universum,
673 613 778 634 necnon
797 604 1012 640 generosissime

226 658 359 685 dimicare
373 660 469 683 centra
486 654 600 689 Europae
616 652 783 685 exercitum,
809 650 890 685 cujus
915 650 1011 677 ducem

226 704 364 731 Caraziem
391 701 677 735 nontiueperemerat,
720 698 761 726 sic
805 696 916 724 allocuti
949 698 1013 722 sunt

227 757 316 784 regem
334 758 341 776 :
359 747 381 775 0
400 755 458 780 rex,
476 746 541 781 quid
558 746 602 772 hic
628 743 806 772 consistimus
822 746 849 770 et
871 745 1012 776 exspecta-

227 804 287 822 mtts
304 795 450 826 Joannem,
472 793 551 826 eique
568 791 647 826 quasi
664 790 742 818 solus
758 790 798 816 vir
810 789 856 822 sit,
874 786 1013 824 permitti-

227 842 395 869 mushostcs
414 841 523 866 vincere
548 841 577 865 et
606 837 713 870 reliqua
739 835 830 862 omnia
857 832 1014 869 perficere?

1070 238 1265 266 xaca6a£voua£
1291 246 1322 272 γε
1344 238 1462 273 μάλιστα
1490 238 1521 273 δὴ
1543 238 1652 264 πάντων
1677 238 1740 264 τῶν·
1756 238 1852 272 ξιφῶν,

1064 282 1101 312 ὧν
1117 285 1196 319 ἡμεῖς
1213 285 1304 318 ῐσμεν.
1331 284 1453 319 Δεύτερα
1480 284 1509 310 δὲ
1537 284 1639 310 τούτων
1664 284 1698 310 τὰ
1722 283 1853 314 ἰταλικὰ,

1070 330 1216 365 Ἑλληνικά
1231 338 1297 356 ποτε
1322 331 1467 365 γενόμενα.
1498 330 1538 356 Τὰ
1563 329 1592 355 δὲ
1619 330 1776 364 Γερμανικὰ
1806 330 1854 356 καὶ

1065 377 1197 403 Παιοντκὰ
1222 376 1316 412 μακρὰ
1334 375 1385 410 μέν
1401 377 1453 402 εἱσι
1481 376 1528 402 καὶ
1559 375 1724 410 στρογγύλα,
1755 377 1854 411 τετρά-

1066 432 1150 458 γωνα,
1165 423 1214 459 τὴν
1231 423 1316 458 τομὴν
1339 422 1413 455 ὀξέα,
1439 423 1468 454 ές
1499 422 1545 454 ὀξὺ
1562 421 1592 448 δὲ
1617 422 1688 448 πάνυ
1724 423 1855 457 λήγοντα,

1065 471 1176 505 δόρατος
1198 471 1360 505 ἐπιφέρουσι
1385 469 1482 505 τομὴν,
1500 469 1546 496 τοῦ
1577 469 1619 504 ἐφ’
1637 469 1721 496 ἵππου
1739 479 1855 497 κατεπε-

1068 517 1202 551 ρείδοντος
1217 516 1293 548 αὐτὸ,
1307 516 1344 547 ὡς
1357 516 1385 547 ἐς
1399 515 1429 542 τδ
1445 515 1492 541 τοῦ
1508 515 1619 550 δόρατος
1636 515 1741 550 σχῆμα.
1757 517 1854 550 Καρα-

1066 562 1127 597 ζὶης
1151 563 1200 597 μὲν
1221 563 1268 589 οὖν
1280 561 1367 593 οὕτως
1380 561 1552 597 ἐτελεύτησε.
1571 561 1638 595 Περὶ
1652 561 1680 587 δὲ
1704 562 1854 588 Λαδίσλαον

1066 607 1111 633 τὸν
1128 607 1252 634 Παιόνων
1269 606 1382 642 βασιλέα
1408 607 1517 641 ἐγένετο
1543 607 1644 634 τοιάδε.
1685 605 1778 634 Ἦσαν
1801 607 1857 641 γὰρ

1067 654 1133 689 παρ’
1144 653 1219 688 αὑτῷ
1244 653 1341 688 ἄνδρες
1367 653 1540 687 φθονοῦντες,
1567 653 1615 680 καὶ
1646 653 1791 688 ἀχθόμενοι
1816 654 1856 689 τῷ

1073 701 1185 735 Ἰωάννῃ
1205 699 1249 726 διὰ
1262 701 1312 735 τὴν
1331 699 1444 734 ἀρετήν.
1465 699 1509 730 Ὧς
1528 699 1623 734 ἐώρων
1653 700 1735 726 αὑτὸν
1764 700 1855 731 καλῶς

1066 747 1194 773 διέποντα
1211 746 1244 772 τὰ
1258 746 1330 781 ἀμφὶ
1343 748 1389 772 τὸν
1409 745 1539 780 πόλεμον,
1558 747 1605 773 καὶ
1619 745 1790 781 τρεψάμενον
1806 747 1856 781 μὲν

1067 793 1097 819 τὸ
1127 793 1176 827 τῆς
1203 793 1299 824 Ἀσίας
1331 791 1491 827 στράτευμα
1519 792 1614 824 ἅπαν,
1642 793 1796 828 μαχόμενον
1826 794 1855 820 δὲ

1068 842 1114 865 καὶ
1141 839 1208 874 πρὸς
1221 839 1251 864 τὸ
1265 838 1314 873 τῆς
1339 833 1474 873 Εὐρώπης
1498 839 1687 873 γενναιότατα.
1714 840 1761 867 καὶ
1790 841 1855 866 ἀνε-

228 887 367 912 quamiam
385 885 531 911 maximam
548 882 628 909 nobis
642 882 782 915 imporlat,
796 879 860 906 dum
877 878 921 905 hic
934 877 1013 905 otiosi

1068 885 1149 911 λόντα
1166 884 1319 920 στρατηγὸν
1336 884 1420 911 αὑτοῦ
1444 885 1598 920 Κοιραζίην,
1614 885 1707 919 ἔλεγον
1725 885 1795 920 πρὸς
1807 885 1854 921 βα-

227 938 336 967 tempus
348 932 460 959 terimus
475 939 482 957 :
496 936 606 957 servum
618 935 682 954 vero
698 930 774 953 tuum
802 925 919 953 sinimus
939 923 1015 951 festi-

229 988 294 1006 nare
314 983 341 1006 et
364 984 487 1013 pugnare
508 968 609 1003 contra
638 975 742 1001 hostes.
771 971 921 1007 Oportebat
948 976 1015 998 sane

227 1034 316 1060 regem
335 1025 413 1052 nobis
429 1024 588 1058 adjunclum
607 1020 736 1047 militaria
760 1019 829 1046 facta
845 1017 937 1048 edere,
954 1023 1015 1050 quae

228 1073 374 1108 plurimum
390 1071 479 1097 laudis
493 1073 634 1096 tuerentur
645 1066 716 1102 apud
733 1072 834 1092 uxores
851 1069 972 1092 nostras.
987 1067 1014 1088 ct

228 1119 298 1154 apud
311 1125 359 1145 eos
369 1117 415 1150 qui
428 1116 510 1143 urbes
522 1119 631 1142 nostras
645 1113 812 1143 inhabitant,
822 1117 930 1138 necnon
942 1109 1015 1144 apud

228 1164 342 1190 Turcos.
357 1162 455 1189 Verum
475 1160 520 1187 ille
533 1159 559 1186 in
571 1159 662 1193 fugam
680 1161 790 1184 vertens
806 1159 908 1182 tantam
925 1154 1015 1180 homi-

222 1217 292 1236 «tum
306 1207 522 1238 multitmlinem,
538 1205 625 1241 gloria
644 1203 747 1238 potitur
762 1201 911 1229 immortali
927 1209 935 1226 :
966 1200 1016 1227 tibi

227 1259 317 1282 autem
330 1255 374 1281 hic
385 1253 480 1284 stanti,
509 1256 537 1279 et
563 1250 670 1285 singula
690 1248 835 1284 spectanti,
866 1246 1014 1283 ignominia

228 1300 404 1334 relinquitur,
424 1306 506 1333 quam
523 1297 608 1325 etiam
635 1295 669 1323 ad
689 1298 815 1329 posteros
834 1294 1015 1321 Iransmittes.

228 1347 283 1374 Nec
297 1346 370 1373 enim
387 1350 428 1372 est
439 1350 466 1370 ut
488 1350 609 1374 vereare,
624 1342 769 1377 jatmarum
785 1341 887 1367 milites
904 1347 955 1366 nos
967 1346 1014 1366 ac-

228 1393 355 1418 cedentes
367 1390 476 1418 fortiter
505 1392 694 1423 suscepturos,
706 1395 767 1414 cum
778 1387 810 1414 ab
829 1386 935 1413 Joanne
948 1385 1016 1413 adeo

228 1438 308 1465 facile
323 1437 440 1464 Asianus
455 1437 591 1464 exercitus
608 1435 717 1470 fugatus
726 1435 762 1461 sit
776 1442 784 1461 ι
804 1440 897 1460 verum
912 1432 1014 1468 fugam,

228 1492 262 1511 ne
278 1483 397 1515 dubites,
412 1482 532 1518 inibunt.
551 1481 607 1515 Age
627 1481 722 1516 igitur,
739 1483 836 1506 contra
861 1477 958 1512 januas
973 1485 1015 1504 re-

228 1531 269 1565 gis
284 1537 441 1565 pergamus.
462 1527 543 1563 178
558 1526 625 1554 Cum
644 1526 716 1553 enirn
744 1525 783 1552 sis
807 1533 868 1557 rex,
895 1527 924 1550 ttt
950 1531 1013 1551 cum

227 1584 291 1612 rege
304 1574 490 1609 congrediaris
508 1571 652 1600 honestum
664 1575 724 1604 .cst.
741 1570 804 1598 Haec
821 1577 882 1597 cum
894 1569 1012 1596 audivis-

228 1629 269 1650 set
286 1630 332 1650 rex
352 1621 514 1649 adolescens
536 1619 646 1654 (magna
661 1617 735 1645 enim
751 1617 803 1644 ista
830 1616 920 1644 oratio
936 1615 1014 1650 pelli-

227 1667 366 1702 cebatur),
381 1674 464 1702 quam
478 1665 641 1693 citatissimo
650 1664 759 1698 agmine
771 1662 913 1690 contendit
924 1661 957 1689 ad
974 1661 1015 1696 ja-

227 1723 306 1747 nuas,
322 1714 366 1741 tibi
382 1714 526 1740 Amurates
540 1710 631 1739 stabat
659 1715 772 1744 paratus
801 1709 834 1736 ad
865 1708 988 1744 pralium
1005 1716 1013 1735 :

226 1767 254 1787 t-l
266 1761 337 1788 fossa
355 1759 476 1786 munitus
490 1757 678 1791 exspectabat,
691 1755 754 1790 quis
787 1755 873 1790 pralii
899 1757 1014 1782 eventus

227 1812 301 1835 esset
321 1807 442 1834 futurus.
457 1804 604 1832 Paunoucs
621 1802 709 1830 adorti
725 1806 790 1829 sunt
805 1801 1013 1836 peregrinorum

227 1860 369 1883 coronam,
386 1851 433 1885 qui
449 1854 477 1877 et
492 1849 544 1884 ipsi
560 1848 669 1875 fortiter
681 1846 752 1874 inter
778 1851 869 1873 castra
890 1845 1012 1880 praelium

227 1908 275 1935 pro
288 1900 418 1925 Amuratc
445 1896 564 1923 ciebant.
588 1894 626 1922 lbi
651 1901 751 1929 equus,
781 1901 835 1928 quo
862 1893 1015 1921 vehebatur

226 1945 388 1971 Pannonum
401 1949 461 1974 rex,
478 1941 569 1969 securi
591 1939 700 1971 feritur.
716 1944 743 1967 et
755 1939 838 1975 pedes
852 1939 1014 1966 vulneratus

226 1991 331 2020 corruit
350 1998 403 2017 una
414 1997 475 2017 cum
495 1995 615 2017 scssore.
631 1988 666 2014 At
677 1987 724 2023 qui
736 1987 862 2022 proxime
881 1990 1016 2014 steterant

227 2041 330 2069 (tantus
344 2036 430 2071 praelii
446 2036 581 2062 tumultus
597 2034 667 2068 erat)
683 2041 737 2061 non
758 2036 905 2060 senserunt
920 2039 1013 2060 casum

227 2084 310 2118 regis.
325 2082 468 2118 Peregrini
485 2082 601 2108 victoria
621 2080 773 2115 potittntur,
790 2083 926 2113 caputque
941 2077 1014 2105 Pan-

228 2137 328 2156 nonum
343 2129 414 2163 regis
427 2128 580 2154 retulerunt
593 2126 626 2153 ad
644 2126 814 2153 Amuratem.
845 2124 949 2151 Nomen
963 2132 1014 2151 au-

227 2180 281 2202 tem
299 2173 449 2208 peregrini,
461 2172 506 2206 qui
519 2171 545 2198 id
559 2171 667 2198 facinus
682 2169 862 2197 memorabile
875 2168 1013 2201 ediderat,

1067 931 1145 959 σιλέα
1163 932 1252 958 τοιάδε
1266 939 1274 947 ’
1288 924 1327 957 Ὦ
1340 931 1462 966 βασιλεῦ,
1479 932 1505 959 τι
1521 932 1668 966 ἑστηκότες
1680 931 1773 959 ἐνθάδε
1787 933 1855 959 ἁνα-

1068 978 1186 1012 μένυμεν
1209 978 1336 1012 Ἰωάννην
1360 977 1424 1004 τάδε
1454 978 1545 1005 πάντα
1572 978 1799 1010 διαπράττεσθαι,
1817 979 1856 1010 ὡς

1068 1024 1141 1059 μόνῳ
1154 1024 1229 1058 ἀνδρὶ
1245 1024 1315 1057 ὄντι,
1347 1024 1546 1058 ἐπιτρέποντες
1573 1024 1648 1059 αὺτῷ
1680 1026 1744 1056 τοὺς
1773 1025 1856 1052 πολε-

1068 1071 1146 1105 μέους
1164 1070 1339 1106 δῃώσαοθιιις
1358 1071 1442 1106 Ἠμίν
1458 1071 1513 1106 γὰρ
1532 1071 1561 1104 ἐς
1585 1071 1718 1106 αἰσχύνην
1744 1072 1856 1107 ἐπιεικῆ

1066 1125 1127 1143 τινα
1140 1116 1218 1152 φέρει
1236 1116 1307 1142 πάνυ
1329 1117 1422 1148 τοῦτο,
1444 1118 1519 1152 ἡμᾶς
1549 1117 1599 1152 μὲν
1613 1115 1665 1144 ὧδε
1689 1119 1854 1153 ἑστηκότας,

1066 1163 1156 1198 ὀρμᾷν
1183 1163 1228 1190 τὸν
1258 1163 1304 1189 σον
1333 1163 1438 1196 δοῦλον,
1469 1165 1626 1199 μαχόμενον
1657 1165 1764 1198 τούτοις
1799 1167 1857 1198 τοῖς

1058 1202 1212 1244 Ὗούρκοις.
1229 1209 1329 1243 Ἐχρῆν
1344 1209 1399 1243 γὰρ
1412 1209 1445 1244 δὴ
1460 1210 1573 1244 βασιλέα
1597 1210 1663 1238 ὄντα
1695 1212 1774 1247 ἡμῶν
1804 1212 1856 1239 σὺν

1066 1258 1134 1291 ἡμῖν
1148 1257 1202 1286 τοῖς
1220 1256 1292 1291 ἀμφὶ
1312 1256 1394 1282 αὐτὸν
1423 1253 1499 1282 οὖσιν
1531 1256 1746 1284 ἀποδείκνυσθαι
1772 1257 1853 1292 ἔργα,

1066 1301 1110 1329 οἷα
1127 1303 1319 1329 ίπαινέσαιντο
1337 1304 1382 1330 καὶ
1400 1304 1427 1330 αἱ
1444 1303 1574 1337 γυναῖκες
1596 1304 1686 1339 ἡμῶν,
1714 1305 1761 1331 καὶ
1775 1307 1799 1331 ot
1827 1306 1856 1332 ὲν

1067 1350 1127 1380 ταῖς
1146 1349 1258 1375 πόλεσιν
1291 1350 1370 1384 ἡμῶν
1400 1349 1451 1384 τὴν
1473 1349 1564 1385 μάχην
1591 1349 1791 1385 πυνθανόμενοι
1817 1351 1857 1381 ὡς

1068 1396 1187 1428 ἐγένετο,
1201 1396 1247 1422 καὶ
1265 1395 1289 1422 οἰ
1303 1396 1440 1430 πολέμιοι.
1464 1395 1537 1422 Ἀλλ’
1551 1393 1631 1428 οὗτος
1648 1397 1699 1432 μὲν
1714 1398 1856 1433 τρεψάμε-

1067 1450 1111 1472 νος
1124 1441 1252 1468 τοσοῦτον
1266 1443 1362 1476 stipo;
1377 1442 1543 1476 ἀνθρώπων,
1573 1443 1744 1478 ἀποφέρεται
1773 1445 1855 1477 δόξαν

1068 1487 1212 1514 ἀθάνατον·
1233 1488 1275 1514 σοὶ
1288 1488 1316 1514 δὲ
1332 1488 1460 1523 ἑστηκότι
1479 1489 1560 1524 μόνον
1575 1489 1706 1522 ἐνταῦθα,
1722 1491 1769 1517 καὶ
1785 1493 1853 1526 ἐφο-

1069 1534 1147 1569 ρῶνθ¹
1164 1535 1279 1567 ἕκαστα,
1296 1535 1396 1567 ὄνειδος
1413 1536 1608 1564 καταλείπεται
1624 1538 1653 1569 ἐς
1669 1539 1734 1569 τοὺς
1762 1539 1856 1574 ἐπιγι-

1066 1581 1205 1614 νομένους.
1218 1581 1294 1616 Μηδὲ
1308 1581 1362 1615 γὰρ
1374 1581 1442 1614 οἴου,
1459 1582 1498 1613 ὼς
1513 1583 1626 1609 ἐπειδὰν
1655 1584 1792 1620 τρέψηται
1819 1587 1854 1613 τὰ

1067 1626 1273 1661 στρατεύματα.
1289 1627 1317 1653 αι
1335 1627 1383 1654 τοῦ
1409 1627 1544 1661 βασιλέως
1567 1628 1651 1664 θύραι
1672 1630 1856 1664 ἑπιμενοῦσιν

1066 1673 1139 1707 ἡμᾶς
1153 1673 1291 1704 ἐπιόντας,
1307 1672 1376 1699 ἀλλὰ
1405 1673 1551 1708 φεύξονται
1579 1675 1771 1710 τοπαραυτίκα
1790 1677 1855 1703 ὁποι

1067 1719 1289 1754 προχωρήσαιεν.
1309 1719 1361 1745 Ἴθι
1377 1720 1387 1735 ¹⁹
1404 1719 1452 1746 οὖν
1467 1719 1514 1746 ἐπὶ
1530 1720 1578 1751 τὰς
1597 1712 1684 1756 θύρας
1698 1721 1784 1755 ἴωμεν
1804 1722 1854 1748 τοῦ

1072 1765 1260 1800 ’Δμουρᾶτεω.
1293 1765 1425 1798 Βασιλεὺς
1458 1766 1513 1801 γὰρ
1556 1766 1615 1799 ὢν,
1648 1767 1856 1802 προσφέρεσθαι

1067 1811 1174 1844 βασιλεῖ
1185 1811 1288 1842 δίκαιος
1303 1811 1336 1838 ἂν
1347 1811 1418 1846 εἴης.
1435 1811 1529 1838 Ταῦτα
1547 1812 1706 1839 ἀκούσαντα
1732 1813 1778 1840 τὸν
1791 1823 1857 1840 νεα-

1065 1856 1135 1887 νίαν,
1153 1856 1247 1891 ἐπειδή
1266 1865 1294 1883 τε
1311 1858 1325 1883 ὁ
1341 1857 1418 1891 λόγος
1433 1856 1523 1892 ἔργων
1552 1854 1596 1884 οἷα
1613 1859 1739 1892 μεγάῖων
1758 1860 1856 1894 ὀρεγό-

1068 1910 1159 1937 μενος,
1178 1902 1226 1928 καὶ
1241 1902 1277 1933 ὡς
1292 1900 1348 1938 εἶχε
1362 1903 1473 1937 τάχους,
1489 1903 1597 1930 ἐλαύνει
1621 1904 1667 1930 ἐπὶ
1695 1904 1744 1936 τὰς
1773 1905 1854 1940 βασι-

1066 1948 1133 1979 λέως
1149 1948 1246 1984 θύρας,
1262 1946 1278 1986 ᾗ
1295 1949 1408 1984 ἑστήκει
1425 1949 1642 1984 συντεταγμένος
1658 1950 1696 1982 ὡς
1710 1952 1739 1982 ὲς
1750 1952 1854 1987 μάχην.

1067 1994 1122 2020 Καὶ
1137 1995 1240 2029 τάφρον
1255 1994 1336 2028 πέριξ
1348 2003 1378 2020 τε
1391 1994 1569 2029 ὀρυξάμενος,
1585 1995 1614 2022 ἒν
1624 1995 1662 2030 τῷ
1678 1998 1855 2033 στρατοπέδῳ

1067 2039 1200 2073 ἐπέμενεν
1217 2037 1309 2076 1δείνῇ
1327 2041 1448 2076 χωρήσει
1468 2041 1484 2076 ἡ
1501 2041 1586 2076 μάχη.
1615 2041 1659 2074 Ὠς
1675 2042 1703 2069 δὲ
1726 2043 1854 2070 ἐνέϐαλεν

1067 2086 1095 2117 ἐς
1111 2085 1174 2117 τοὺς
1189 2086 1332 2122 νεήλυδας,
1351 2087 1545 2122 καὶὲμάχοντο
1574 2088 1788 2123 κυκλωσάμενοι
1813 2091 1856 2116 ὲν-

1066 2132 1110 2163 τὸς
1127 2133 1152 2158 οι
1167 2133 1306 2167 νεήλυδες,
1322 2133 1369 2159 καὶ
1389 2134 1584 2166 ἀπολαϐόντες,
1618 2134 1754 2170 ἐμάχοντο
1769 2136 1855 2169 ἀξίως

1067 2178 1160 2212 λόγου.
1198 2178 1333 2206 Ἐνταῦθα
1363 2179 1475 2206 πελέκει
1503 2181 1516 2206 ὸ
1545 2180 1628 2212 ἵππος
1648 2181 1695 2208 τοῦ
1720 2181 1856 2216 βασιλέως

226 2225 286 2248 erat
298 2219 439 2252 Therizes,
453 2218 500 2253 qui
516 2218 625 2253 insigne
640 2217 751 2244 virtutis
767 2216 909 2251 praemium
941 2214 1012 2250 apud

1071 2224 1191 2250 Παιόνων
1218 2224 1400 2259 τιτρώσκεται
1410 2225 1474 2256 τοὺς
1489 2225 1585 2259 πόδας,
1610 2227 1656 2254 καὶ
1668 2227 1774 2255 πίπτει.
1801 2214 1855 2256 [ls-

228 2274 317 2302 regem
331 2271 498 2294 consecutus
515 2269 567 2295 cst.
589 2271 708 2299 eumque
721 2264 748 2291 in
765 2264 885 2291 maximo
910 2263 1016 2290 honore

229 2313 333 2341 habuit.
352 2311 455 2340 Ferunt
479 2311 651 2343 Amuratcm,
668 2318 730 2337 eum
754 2309 900 2337 Pannones
927 2309 1015 2337 irrue-

228 2366 289 2387 rent
305 2365 331 2387 et
347 2359 455 2386 fortiter
479 2359 655 2390 dimicarent,
673 2356 764 2392 fugam
782 2357 852 2385 inire
869 2357 1013 2385 statuisse.

226 2409 380 2441 Antequam
398 2406 488 2441 fugam
502 2405 652 2440 arriperet,
675 2405 763 2431 visum
781 2412 843 2432 esse
868 2411 882 2430 a
911 2405 971 2431 viro
988 2404 1015 2431 id

229 2453 318 2479 moliri
339 2459 452 2486 regem:
468 2450 515 2486 qui
536 2457 626 2485 regem
655 2448 789 2476 conviciis
829 2449 966 2480 lacerans,
985 2452 1016 2475 ut

228 2500 274 2534 qui
291 2505 461 2532 nequaquam
480 2498 594 2524 honeste
607 2500 712 2531 ageret,
730 2495 752 2523 si
767 2491 830 2530 fuga
846 2495 899 2524 sibi
911 2502 1015 2523 consu-

229 2545 307 2575 leret,
327 2551 389 2571 cum
408 2543 532 2570 retinuit.
543 2542 599 2570 Nec
626 2542 712 2569 multo
742 2547 803 2577 post
829 2545 911 2576 caput
943 2540 1015 2575 regis

229 2590 388 2617 l’annonuttt
406 2589 571 2621 abscissum,
587 2588 698 2615 allatum
710 2588 789 2616 estin
805 2593 895 2615 castra
908 2587 941 2614 ad
970 2595 1015 2614 re-

229 2643 288 2671 gent
316 2634 562 2662 Musulmanorum.
595 2634 743 2662 Pannoues
769 2641 830 2660 cum
873 2634 1015 2665 cederent,

231 2689 320 2717 regem
342 2688 421 2710 suum
434 2680 627 2716 quaeritabant.
655 2681 722 2708 Cum
741 2685 831 2707 autem
864 2679 1016 2715 conperis-

229 2733 291 2756 sent
307 2735 368 2756 cum
384 2727 410 2755 in
430 2728 487 2755 acie
508 2728 643 2755 cecidisse
659 2731 686 2755 et
714 2728 910 2755 obtruncatum
941 2734 1013 2759 esse,

1069 2270 1161 2301 0.6er;
1175 2270 1203 2296 δὲ
1221 2270 1283 2296 οὔτε
1308 2271 1423 2306 ᾔσθοντο
1439 2272 1462 2298 ol
1480 2272 1550 2306 ἀμφ’
1568 2273 1658 2306 αὑτὸν,
1675 2273 1737 2300 οὔτε
1764 2276 1855 2310 ἑωρά-

1068 2324 1163 2342 κεισαν
1179 2316 1231 2342 ὑπὸ
1245 2316 1290 2342 τοῦ
1304 2315 1420 2351 θορύϐου
1436 2316 1482 2343 τοῦ
1494 2317 1565 2352 ἀμφ’
1577 2318 1675 2350 αὐτοὺς
1693 2320 1854 2355 γενομένου.

1074 2361 1207 2389 Ἐνταῦθα
1229 2362 1393 2397 ἀφελιῖμενοι
1423 2363 1452 2390 τὸ
1466 2363 1567 2399 κράνος
1597 2365 1622 2390 οῑ
1640 2365 1776 2400 νεήλυδες,
1807 2368 1857 2394 καὶ

1069 2409 1270 2443 ἀποτεμόμενοι
1286 2409 1334 2442 τὴν
1350 2409 1484 2444 κεφαλὴν,
1514 2411 1660 2445 ἀπήγαγον
1682 2413 1710 2444 ἐς
1730 2412 1856 2447 βασιλέα.
1906 2429 1916 2434 -

1067 2454 1183 2488 Θερῐζης
1199 2454 1228 2481 δὲ
1244 2452 1278 2489 ἦν
1293 2454 1411 2489 τοῦνομα
1423 2456 1437 2481 ὁ
1451 2455 1559 2490 νέηλυς,
1589 2452 1611 2490 ᾧ
1622 2457 1667 2484 διὰ
1697 2457 1779 2485 τοῦτο
1811 2460 1860 2486 ἀνι

1066 2501 1157 2534 δρεῖόν
1171 2509 1197 2526 τι
1211 2500 1272 2526 νέον
1285 2500 1420 2535 ἐπέτρεψε
1432 2501 1560 2535 βασιλεὺς
1581 2503 1754 2540 Ἀμουράτης
1771 2505 1858 2540 ἔχειν,

1068 2546 1116 2572 καὶ
1133 2546 1240 2580 μεγάλα
1272 2547 1367 2581 ἐτίμα.
1401 2546 1578 2583 Ἀμουράτης
1596 2550 1646 2583 μέν
1663 2547 1710 2576 οὖν
1739 2551 1860 2577 ἐνταῦθα

1068 2591 1188 2625 λέγεται,
1207 2591 1244 2622 ὡς
1271 2592 1345 2626 ἑώρα
1358 2592 1528 2627 ἐμϐαλόντας
1553 2593 1616 2625 τοὺς
1655 2594 1784 2628 Παίονας,
1813 2596 1860 2622 καὶ

1071 2637 1244 2672 μαχομένους
1261 2638 1346 2674 ᾴξίως
1365 2637 1456 2671 λόγου,
1475 2637 1588 2673 ὥρμητο
1618 2639 1647 2670 ές
1666 2640 1767 2674 φυγήν.
1791 2640 1833 2676 Πρ
1845 2649 1860 2668 ν

1067 2684 1095 2711 δὲ
1111 2685 1190 2710 αὑτὸν
1208 2685 1236 2716 ἐς
1249 2685 1338 2720 φυγὴν
1354 2685 1504 2720 τραπῆναι,
1519 2685 1561 2718 τὶς
1578 2685 1640 2712 ἰδὼν
1664 2687 1745 2714 αὑτὸν
1761 2687 1861 2714 ἐϐλασ-

1070 2732 1192 2766 φήμησε,
1225 2731 1314 2758 δεινὸν
1336 2732 1526 2767 λογισάμενος,
1539 2732 1565 2759 ει
1593 2732 1752 2768 ἐκφύγοιεν,
1776 2734 1860 2761 κατέ-

869 2797 992 2828 Νοιυιω
1010 2799 1214 2837 marginales.

283 2863 292 2879 '
306 2862 423 2891 i30:.Siv
439 2864 545 2896 immo;
573 2863 598 2889 in
611 2862 648 2890 al.
670 2866 697 2888 ιιι
716 2862 743 2888 in
764 2871 787 2888 τ.
