1950 3075
228 151 282 181 335

220 209 344 234 domum.
363 205 418 235 Nec
433 207 518 235 multo
535 211 597 242 post
609 213 671 234 eum
689 206 787 234 ducem
809 212 836 234 et
851 215 943 235 rerum
959 215 1009 242 ευ·
1026 213 1046 239 Α

221 254 396 281 bernatorem
411 258 550 286 crearunt,
568 261 630 281 cum
646 253 717 280 bello
742 256 899 288 peterentur
915 261 930 280 a
942 253 1010 280 Ger-

220 300 311 328 manis
325 305 351 327 et
367 299 487 333 Boemis,
508 300 588 335 eique
604 307 648 327 res
659 299 855 327 administrare
885 307 933 334 pro
959 307 1010 327 suo

221 347 337 376 arbitrio
355 347 515 383 permisere.
532 346 703 381 Comparans
728 346 810 381 igitur
844 347 1009 377 exercitum,

221 391 414 426 profectusest
428 398 524 419 contra
554 391 681 424 Boemos,
711 396 738 420 et
770 386 853 426 longo
884 396 1011 426 tempore

220 446 282 464 rum
303 438 345 464 bis
362 437 464 465 bellum
478 438 574 473 gessit.
592 438 713 464 Tandem
727 438 837 465 collatis
861 438 947 472 signis
962 446 1009 473 pu-

219 491 306 518 gnans
319 491 380 511 cum
397 483 471 511 lscra
492 483 542 518 (2),
559 484 619 511 viro
635 484 660 510 in
679 492 707 512 re
724 484 834 510 militari
848 484 1010 519 conspicuo,

220 532 312 558 victus
326 535 379 558 est.
400 530 501 557 Verum
521 538 583 557 cum
601 531 691 558 detmo
705 537 768 557 cutn
785 530 838 558 isto
862 531 1012 565 cengredc-

220 581 307 608 retur,
330 576 475 604 victoriam
504 576 617 611 recepit.
650 576 798 603 Amurates
829 582 911 610 caput
938 578 1012 611 regis

220 621 352 650 Vladislai
370 623 455 650 hasta:
475 622 618 657 prmlixum
649 629 710 649 cum
729 621 793 648 hinc
810 622 873 649 inde
892 622 1012 649 misisset

220 675 247 697 et
263 670 432 697 exercitibus
446 670 505 697 suis
524 663 704 702 ostentasset,
722 669 844 696 collectis
879 668 1008 696 omnibus

221 717 333 744 domum
360 724 487 744 reversus
520 720 572 744 est.
606 716 634 743 ln
649 724 682 744 eo
717 716 813 751 prtelio
842 715 1009 748 Turcorum,

220 763 454 798 quemadmodum
470 763 504 790 ab
520 763 563 790 liis
578 762 747 796 accepimus,
773 762 933 790 ceciderunt
964 769 1010 789 sex

220 809 317 837 millia.
332 809 432 836 Verum
450 809 596 836 Pnnnones
614 809 757 844 aliquanto
773 809 836 837 caesi
864 813 929 836 sunt
947 809 1008 843 plu-

221 865 277 885 res.
294 857 322 884 in
337 857 461 885 discessu
478 857 560 884 etiam
575 856 686 891 plurimi
701 856 766 884 Daci
788 857 884 884 amissi
903 860 976 884 sunt.

781 150 932 181 LAONICI
957 149 1288 181 CHALCOCONDYLJE

1804 146 1858 178 336

1062 206 1180 234 ἐνταῦοα
1200 207 1264 238 τοὺς
1286 207 1376 238 Δᾶκας
1399 204 1582 241 ὡρμημένους
1604 204 1674 231 ίέναι
1697 203 1859 239 ξύμπαντας

1062 254 1090 285 ἐς
1106 253 1151 279 τὸν
1167 254 1262 286 Δᾶνον,
1279 253 1392 288 ὥρμητο
1409 253 1438 283 ἐς
1456 253 1559 286 φυγήν.
1574 251 1630 278 Καὶ
1646 252 1661 277 ὁ
1679 250 1728 286 μὲν
1745 250 1858 285 ἔφευγε,

1062 299 1147 331 Δῖνος
1162 299 1191 325 δὲ
1207 299 1317 325 ἐδίωκεν
1331 299 1383 325 ἀνὰ
1397 298 1499 334 κράτος
1509 319 1516 331 ,
1534 297 1580 324 καὶ
1595 296 1738 324 συλλαϐὼν
1750 316 1757 329 ,
1773 297 1859 331 ἄμφω

1064 345 1168 371 ἀνεῖλεν
1185 345 1298 372 αὐτίκα,
1316 340 1400 375 Οὗτος
1420 344 1468 380 μέν
1485 342 1532 370 οὖν
1549 343 1693 379 ἐκομίζετο
1711 343 1756 369 ἐπ’
1767 343 1855 369 οἷκον.

1064 392 1119 418 Καὶ
1136 391 1166 418 οὺ
1186 391 1276 426 πολλῷ
1293 390 1408 426 ὕστερον
1427 390 1580 426 στρατηγόν
1595 398 1626 416 τε
1643 389 1745 416 εῦοντο
1763 388 1856 420 αὐτὸν,

1065 437 1114 463 καὶ
1132 438 1282 472 ἐπιστάτην
1299 437 1352 464 τῶν
1371 437 1542 472 πραγμάτων
1560 436 1667 470 σφίσιν,
1688 435 1739 470 ἢδη
1757 435 1809 461 ὑπό
1826 443 1856 460 τε

1065 484 1214 519 Γερμανῶν
1230 484 1278 510 καὶ
1294 483 1405 518 Βοέμων
1422 483 1646 517 πολεμουμένους
1657 501 1663 512 ,
1680 481 1728 507 καὶ
1742 482 1856 515 ἐπέτρε-

1065 530 1119 564 ψαν
1137 529 1210 564 αὐτῷ
1227 530 1262 555 τά
1279 529 1431 564 πράγματα
1449 528 1600 558 διαθεῖναι,
1653 526 1687 553 ἂν
1703 526 1776 560 αὑτῷ
1794 526 1859 560 φαί-

1067 585 1149 603 νοιτο.
1172 577 1225 602 Καὶ
1249 575 1366 612 στρατόν
1388 584 1417 602 τε
1443 574 1583 608 συλλέξας,
1607 573 1788 609 ἐστρατεύετο
1811 573 1858 598 ἐπὶ

1069 623 1206 657 Βοέμους,
1223 622 1270 648 καὶ
1286 621 1416 656 ἐπολέμει
1434 621 1465 656 δὴ
1482 620 1587 652 τούτοις
1605 620 1703 654 συχνόν
1717 628 1778 645 τινα
1795 619 1860 654 χρό-

1063 679 1118 697 νον.
1141 670 1195 696 Καὶ
1218 670 1284 704 πρὸς
1300 669 1416 704 Ἴσκραν
1433 668 1476 702 δὲ,
1496 668 1580 702 ἄνδρα
1600 666 1812 702 εὐδαιμονοῦντα
1831 666 1861 691 ἐν

1067 716 1264 752 στρατηγίαις,
1289 714 1436 750 ἁπανταχῆ
1463 714 1611 748 ἐπολέμει,
1638 714 1685 740 κα)⁸
1711 710 1862 747 συμϐαλὼν

1065 762 1182 797 ἡττήθη.
1199 762 1252 789 Καὶ
1269 761 1384 796 ὕστερον
1400 761 1480 791 αὖθις
1495 760 1576 795 ἐπῄει
1591 768 1621 786 τε
1639 759 1799 794 συμϐαλὼν,
1812 758 1860 783 καὶ

1065 808 1256 842 περιεγένετο.
1275 806 1451 841 Ἀμουράτης
1468 805 1507 838 δέ,
1521 805 1558 837 ὼς
1573 804 1621 831 τοῦ
1633 803 1766 839 βασιλέως
1781 804 1863 830 Δαδι-

1073 855 1154 882 ολάου
1169 856 1218 890 τὴν
1232 854 1354 890 κεφαλὴν
1366 854 1573 889 ἀποτεμόμενος
1584 853 1617 884 “,
1631 853 1676 878 ἐπὶ
1689 852 1802 887 δόρατος
1815 861 1864 879 πε-

220 904 360 939 ριέπεμπέ
375 911 416 937 τε,
439 905 487 931 καὶ
501 903 644 930 ἐπεδείκνυ
666 903 695 934 ἐς
717 903 752 930 τὰ
769 903 973 938 στρατεύματα,
990 901 1232 936 συσκευασάμενος
1254 901 1389 932 ἐντεῦθεν,
1407 899 1551 934 ἐκομίζετο
1568 899 1612 926 ἐπ’
1631 899 1718 926 οῐκου.
1742 898 1864 926 Ἔπεσον

219 953 248 980 δὲ
266 953 294 978 ἐν
309 952 395 988 ταύτῃ
411 953 444 987 τῇ
463 951 536 988 μάχῃ
551 951 684 986 Τούρκων
701 951 762 986 μὲν,
777 951 815 984 ὡς
835 951 914 978 αὐτοὶ
935 951 1076 986 λέγουσιν,
1091 950 1165 985 ἀμφὶ
1181 949 1244 981 τοὺς
1266 948 1478 984 ἑξακισχιλίους,
1501 949 1622 975 Παιόνων
1637 947 1665 974 δὲ
1680 948 1728 974 καὶ
1749 946 1861 978 πλείους

223 1001 337 1028 τούτων.
346 1000 499 1026 ’Δπώλοντο
516 999 538 1026 δ’
551 1000 575 1025 οἱ
588 999 697 1030 πλείους
709 1000 737 1025 ὲν
755 1000 789 1034 τῇ
801 998 979 1034 ἀποχωρήσει
996 999 1048 1025 ὑπὸ

257 1049 336 1076 Hunc
354 1048 435 1075 linem
463 1047 581 1074 Turcica
604 1047 744 1082 expedilio
770 1047 868 1074 sortita
889 1052 941 1075 est.
961 1046 1013 1074 Re-
1029 1051 1050 1078 Β

222 1103 282 1123 rum
299 1101 406 1122 summa
431 1093 512 1121 rediit
527 1093 560 1120 ad
577 1092 749 1126 Amuratem,
764 1100 826 1120 cum
848 1100 896 1120 eos
909 1093 957 1126 qui
985 1093 1012 1120 in

222 1142 332 1177 Europa
349 1144 438 1172 erant,
461 1144 613 1174 rmptorum
628 1138 775 1166 admodum
802 1139 1013 1174 puderet.180

222 1188 370 1219 Therizen,
399 1187 446 1222 qui
470 1185 642 1213 Vladislaum
658 1185 885 1218 oblruncaverat,
898 1185 1014 1221 ejusque

221 1240 305 1270 caput
332 1235 360 1262 in
389 1239 481 1262 castra
505 1233 646 1264 attulerat,
677 1232 823 1260 Amurates
853 1232 1013 1268 regionibus

221 1288 248 1310 et
277 1281 377 1316 opibus
394 1280 520 1315 plurimis
545 1279 670 1311 donavit,
701 1286 820 1314 eumque
852 1279 1013 1314 praefectum

223 1326 378 1353 constituit.
395 1325 504 1358 Corpus
530 1324 655 1352 Caraizis
680 1324 770 1352 ferens
792 1324 1013 1360 Adrianopolitn,

223 1371 366 1407 magnifice
378 1370 488 1405 sepeliri
502 1370 619 1402 curavit,
632 1370 746 1404 ipseque
763 1369 909 1404 exsequias
927 1370 1015 1396 bona.

223 1417 299 1445 rilicc
313 1417 401 1444 duxit.
416 1417 445 1443 ln
456 1415 537 1450 hujus
549 1415 637 1443 locum
652 1414 914 1442 substituitSeuram
927 1415 1013 1442 virum

227 1465 373 1496 Albanum,
394 1468 422 1490 ut
434 1463 504 1490 Asia:
516 1462 571 1489 dux
586 1467 670 1493 esset.
683 1468 763 1496 quem
775 1466 883 1496 captum
901 1461 1015 1488 abduxit

222 1518 254 1537 ex
264 1510 430 1537 Albanorth
440 1509 559 1543 regione,
568 1516 685 1543 eumque
693 1508 719 1534 in
730 1515 779 1535 sua
788 1507 869 1534 domo
877 1507 1013 1534 educavit.

223 1556 343 1583 Primum
355 1556 502 1584 declaravit
514 1563 574 1582 eum
590 1554 758 1589 prrcl‘eetum,
770 1558 863 1589 postea
873 1561 936 1581 eutn
946 1553 1015 1580 Asiae

225 1604 322 1631 ducem
346 1603 508 1638 ᾱεεὶεηιιιὶι.
540 1601 700 1629 Pbatumam
736 1608 800 1628 vero
827 1601 930 1627 honore
955 1600 1015 1627 sive

222 1650 354 1684 dignitate
379 1657 429 1677 sua
464 1648 670 1683 privans(crut
704 1647 777 1674 enim
802 1646 885 1682 regite
915 1646 1014 1673 domus

219 1695 329 1732 judex),
346 1695 488 1722 Saraxiem
511 1696 599 1722 virum
614 1693 742 1721 Graecum
768 1701 879 1728 genere_
895 1693 921 1720 in
950 1693 1012 1727 ejus

222 1726 313 1768 locum
344 1740 514 1774 subrogavit.
540 1739 695 1766 Potentiam
729 1743 824 1765 autem
863 1726 1047 1764 maximamC

225 1788 334 1814 tenebat
364 1787 490 1814 Chatites
528 1785 630 1812 Priami
660 1785 751 1818 ﬁlius,
782 1792 837 1818 quo
869 1784 896 1811 in
921 1784 1013 1818 ianuis

224 1834 298 1869 regis
322 1833 363 1860 vir
396 1832 559 1868 prudentior
580 1839 635 1858 non
661 1835 731 1858 erat.
756 1830 812 1858 Nec
834 1833 922 1858 multo
949 1836 1013 1866 post

225 1881 372 1906 Amnrates
398 1879 562 1906 Phatumam
577 1877 879 1913 cotnpreliendijussit,
891 1886 1012 1913 opesque

221 1932 317 1952 omnes
330 1925 354 1952 ei
376 1924 487 1956 ademit,
503 1931 621 1958 quarum
648 1931 781 1951 numerus
809 1924 1013 1958 complecteba-

223 1977 267 1999 tur
293 1971 406 2000 circiter
421 1970 623 2006 quinquaginta
638 1974 750 1998 centum
774 1970 913 2005 tnyriades
929 1971 988 1998 auri
1003 1980 1010 1998 ε

221 2019 325 2053 urgenti
335 2023 425 2045 autent
442 2018 556 2044 circiter
570 2017 753 2052 quadraginta
770 2018 854 2045 millia
866 2018 1011 2046 librarum.

220 2064 379 2091 Grzeeorum
411 2071 455 2090 rex
481 2063 507 2090 in
536 2063 627 2090 iunius
656 2063 737 2090 rediit
767 2071 828 2090 eum
868 2064 1012 2095 Amurate,

222 2111 304 2145 idque
329 2118 379 2137 nec
406 2109 528 2144 amplius
556 2108 690 2136 violatum
720 2113 772 2138 est.
795 2109 862 2136 Nam
887 2111 1009 2145 quietem

221 2157 366 2191 amplexus
394 2160 447 2188 est,
479 2163 627 2189 regemque
661 2156 821 2182 Amuratem
853 2156 1012 2182 uulneribus

220 2203 317 2235 coluit,
346 2208 376 2229 ut
416 2201 484 2228 nihil
528 2201 592 2228 mali
621 2205 721 2228 contra
761 2203 851 2236 ipsum
893 2201 1013 2236 amplius

221 2250 312 2278 moliri
339 2249 511 2276 institueret.
547 2247 630 2276 Foeda
662 2254 754 2275 autem
781 2249 923 2276 contentio
954 2254 1013 2276 erat

221 2299 292 2325 inter
323 2305 413 2331 regem
446 2295 605 2323 Grzecorum
632 2300 660 2322 et
690 2293 804 2321 fratrem
837 2293 1011 2321 Theodorum

220 2350 326 2377 coorta,
353 2343 400 2378 qui
425 2342 588 2378 Byzantium
627 2345 755 2374 venerat,
790 2345 820 2368 ut
854 2348 967 2376 regnum
997 2349 1011 2368 a

220 2391 307 2419 fratre
325 2391 492 2425 susciperet.
514 2389 539 2416 is
557 2396 586 2416 se
611 2396 661 2423 pro
692 2395 756 2423 rege
771 2387 896 2423 gerebat,
917 2387 1012 2414 l'ratri~
1028 2404 1050 2432 ο

219 2445 276 2472 quc
301 2437 459 2464 resistebat.
486 2434 631 2462 Postremo
653 2441 686 2462 ex
704 2438 800 2468 aperto
814 2433 886 2461 inter
904 2440 934 2460 se
963 2433 1013 2459 ho-

221 2484 298 2511 stiles
312 2482 474 2510 inimicitias
493 2488 615 2517 gessere.
639 2480 707 2507 Nam
722 2480 922 2514 expeditionem
935 2487 1012 2507 suin-

221 2531 276 2566 psit
288 2531 421 2558 adversus
436 2528 559 2564 Byuantii
572 2535 663 2562 regem
677 2526 841 2554 Theodorus
857 2526 951 2558 frater,
968 2527 1012 2554 cui

221 2576 344 2610 Selybria
371 2580 398 2602 et
418 2575 491 2609 regio
521 2574 636 2600 linitima
668 2572 818 2600 commissa
846 2576 916 2599 erat.
943 2571 1012 2599 Cum

222 2622 294 2648 cnim
312 2626 418 2656 peteret
447 2620 554 2647 reditus
589 2619 769 2651 sullicientes,
794 2618 897 2652 quibus
927 2618 1011 2645 vitam

223 2676 300 2696 suam
320 2667 464 2694 commode
482 2666 621 2693 sustinere
650 2670 755 2700 posset,
786 2664 928 2699 repulsam
947 2672 1010 2699 pas-

222 2723 270 2743 sus
289 2719 341 2741 est.
362 2713 431 2740 llinc
461 2712 563 2740 bcllutn
582 2712 654 2739 inter
671 2711 761 2746 ipsum
775 2715 802 2738 et
830 2710 943 2737 fratrem
966 2715 1009 2738 est

1063 998 1158 1025 Δακῶν
1172 997 1205 1024 “.

1101 1046 1193 1073 Ταῦτα
1212 1045 1263 1081 μέν
1283 1042 1331 1072 οὖν
1351 1043 1439 1075 οὕτως
1458 1042 1577 1078 ἐγένετο.
1591 1042 1646 1069 Καὶ
1661 1042 1696 1068 τὰ
1708 1042 1861 1076 πράγματα

1065 1093 1200 1128 ἐπανῆκεν
1218 1091 1298 1123 αὖθις
1317 1091 1356 1126 τῷ
1375 1090 1549 1126 Ἀμουράτῃ,
1566 1090 1607 1121 είς
1626 1089 1784 1121 ἐνδοιασμον
1803 1090 1860 1120 τοῖς

1065 1141 1117 1167 ἀνά
1133 1140 1183 1175 τὴν
1202 1138 1340 1174 Εὐρώπην
1359 1137 1539 1173 ἀφικομένοις
1555 1137 1606 1163 οὐκ
1623 1136 1724 1170 ὀλίγον.
1741 1134 1861 1170 Θερίζην

1067 1186 1158 1220 μέντοι
1176 1185 1221 1211 τὸν
1237 1185 1287 1220 τὴν
1305 1183 1429 1218 κεφαλὴν
1446 1182 1494 1210 τοῦ
1513 1182 1647 1218 βασιλέως
1666 1181 1860 1216 ἀπενεγκάμε-

1066 1242 1110 1260 νον
1130 1232 1256 1268 χρήμασί
1274 1240 1304 1258 τε
1325 1231 1432 1263 πολλοῖς
1454 1231 1619 1266 ἐδωρήσατο,
1640 1229 1688 1256 καὶ
1707 1228 1810 1264 χώραις
1830 1237 1860 1254 τε

1066 1279 1188 1314 ὕπαρχον
1206 1277 1342 1310 ἀπέδειξε,
1361 1278 1397 1304 Τὸ
1409 1278 1501 1312 μέντοι
1514 1276 1663 1312 Καρατζεω
1685 1275 1764 1311 σῶμα
1784 1276 1860 1310 ἐνεγ-

1066 1327 1202 1361 κάμενος,
1218 1326 1246 1357 ἐς
1264 1324 1489 1360 ’Δδριανούπολιν
1511 1323 1643 1362 ἐξήνεγκε
1666 1332 1696 1350 τε
1712 1323 1794 1354 αὐτὸς
1810 1322 1860 1358 βα-

1067 1372 1158 1404 σιλεὺς
1173 1372 1310 1407 μεγάλως,
1326 1372 1373 1398 καὶ
1389 1371 1489 1406 ἔθαψεν
1503 1370 1585 1403 ἀξίως
1600 1370 1691 1404 λόγου.
1707 1369 1761 1396 Καὶ
1775 1368 1859 1395 Σκοῦ·

1067 1426 1116 1452 ραν
1127 1417 1184 1444 ἀντ’
1194 1417 1275 1444 αὐτοῦ
1288 1417 1421 1452 ἐστήσατο
1435 1415 1588 1451 στρατηγὸν
1598 1416 1647 1450 τῆς
1660 1415 1762 1447 Ἀσίας,
1772 1415 1859 1450 ἄνδρα

1072 1463 1202 1490 ’Δλὸανδν
1224 1463 1254 1490 τδ
1278 1463 1367 1498 γένος,
1388 1463 1418 1490 ὃν
1438 1462 1709 1498 ἀνδραποδισάμενος
1731 1461 1786 1488 ἁπδ
1808 1462 1860 1495 τῆς

1072 1509 1210 1536 Ἀλϐανῶν
1225 1509 1329 1544 χώρας,
1345 1509 1473 1544 ἐξέτρεψέ
1489 1517 1518 1535 τε
1533 1507 1616 1538 αὐτὸς
1631 1507 1760 1543 βασιλεὺς
1776 1509 1805 1534 ἐν
1820 1507 1861 1543 τῷ

1066 1556 1133 1591 οἴκῳ
1149 1556 1184 1584 oi.
1202 1557 1258 1583 Καὶ
1273 1555 1398 1590 ἀπέδειξε
1415 1555 1512 1591 πρῶτα
1529 1555 1579 1590 μέν
1595 1554 1729 1590 ὕπαρχον,
1747 1554 1815 1590 μετὰ
1831 1554 1860 1580 Et

1068 1602 1222 1637 στρατηγὸν
1237 1602 1287 1637 τῆς
1304 1602 1407 1633 Ἀσίας.
1421 1603 1566 1638 Φατουμᾶν
1580 1602 1608 1628 δὲ
1625 1601 1748 1628 ἐκϐαλὼν
1762 1601 1793 1628 ὲκ
1807 1601 1859 1635 τῆς

1066 1649 1160 1684 τιμῆς,
1177 1648 1331 1683 πρυτανεὺς
1346 1649 1401 1682 γὰρ
1417 1646 1451 1683 ἦν
1467 1647 1542 1683 αὐτῷ
1556 1648 1633 1674 οἴκου
1649 1648 1695 1674 τοῦ
1712 1647 1860 1682 βασιλέως.

1068 1694 1209 1729 Σαραζέην
1232 1695 1313 1721 παῖδα
1335 1696 1365 1720 τὸ
1387 1695 1466 1728 γένος
1490 1694 1611 1730 Ἕλληνα
1630 1695 1660 1726 ις
1681 1694 1730 1730 τὴν
1753 1693 1859 1720 ἐκείνου

1065 1741 1190 1776 [Epicuro
1205 1739 1306 1775 χώραν.
1324 1740 1361 1766 Τὸ
1378 1741 1478 1775 κράτος
1493 1740 1516 1767 δ’
1528 1738 1585 1775 εἶχε
1601 1739 1722 1775 Χαλίλης
1739 1741 1752 1766 ὀ
1771 1740 1858 1775 Πρατ-

1066 1795 1140 1822 μεω,
1157 1786 1228 1822 ἀνὴρ
1243 1786 1278 1813 τὰ
1295 1786 1324 1818 ἐς
1341 1785 1450 1813 σύνεσιν
1465 1787 1498 1813 τὰ
1515 1787 1613 1822 πρῶτα
1630 1788 1780 1822 φερόμενος
1796 1788 1860 1819 ταῖς

1063 1833 1110 1860 τοῦ
1136 1833 1268 1869 βασιλέως
1293 1833 1403 1868 θύραις.
1428 1833 1480 1859 Τὸν
1506 1834 1557 1869 μὲν
1582 1831 1629 1861 οὖν
1654 1834 1801 1869 Φατουμᾶν
1825 1835 1858 1862 οὗ

1065 1879 1154 1914 πολλῷ
1176 1879 1290 1914 ὕστερον
1312 1878 1464 1912 συλλαϐὼν,
1485 1879 1536 1915 τὴν
1557 1880 1650 1907 οὐσίαν
1672 1879 1756 1907 αὑτοῦ
1779 1881 1860 1915 ἀφεί-

1063 1926 1124 1952 λετο
1144 1927 1171 1957 ἐς
1192 1926 1362 1962 πεντήκοντα
1383 1926 1430 1952 καλ
1450 1926 1548 1953 ἐκατδν
1567 1927 1717 1962 μυριάδας,
1735 1927 1858 1963 ἀργύρια

1063 1971 1085 1998 δ’
1100 1973 1128 2003 ἐς
1145 1972 1274 2006 τετράκις
1289 1972 1311 1987 ¹¹
1328 1971 1457 1999 τάλαντα.
1476 1972 1522 2007 Τῷ
1546 1973 1640 2008 μέντοι
1657 1973 1792 2008 Ἑλλήνων
1810 1975 1860 2009 βα-

1064 2019 1135 2045 σιλεῖ
1159 2017 1270 2046 σπονδαί
1287 2027 1316 2045 τε
1336 2017 1408 2055 ἦσαν
1437 2019 1489 2045 ὑπὸ
1509 2019 1641 2054 βασιλέως
1654 2040 1662 2053 ,
1680 2021 1727 2047 καὶ
1747 2021 1799 2048 οὐκ
1816 2021 1860 2049 ἔτι

1064 2065 1189 2092 ἐλέλυντο
1199 2073 1206 2081 ⁸
1223 2064 1281 2100 εἵχέ
1295 2074 1325 2092 τε
1341 2066 1441 2101 ἥσυχος
1457 2066 1487 2092 ἐν
1501 2066 1540 2100 τῷ
1556 2066 1682 2102 παρόντι,
1697 2067 1745 2093 καὶ
1760 2068 1860 2103 ἐθερά-

1063 2120 1131 2138 πευε
1144 2112 1189 2138 τὸν
1203 2112 1314 2148 βασιλέα
1329 2111 1425 2147 δώροις
1435 2131 1444 2145 ,
1463 2111 1533 2139 ὥστε
1550 2112 1633 2148 μηδὲν
1647 2112 1722 2148 αὐτῷ
1736 2114 1857 2148 χαλεπὸν

1063 2160 1110 2186 ἐπὶ
1125 2159 1187 2187 νοῦν
1202 2159 1330 2195 βαλέσθαι
1344 2161 1389 2187 τὸν
1402 2161 1516 2196 βασιλέα
1535 2162 1719 2198 ’Δμουράτην.
1729 2161 1785 2189 Ἶίν
1798 2164 1856 2199 γὰρ

1063 2206 1095 2241 δὴ
1113 2207 1187 2242 αύτῷ
1203 2207 1320 2243 διαφορὰ
1336 2208 1404 2243 πρὸς
1421 2207 1467 2234 τὸν
1483 2208 1597 2242 ἀδελφὸν
1615 2209 1697 2236 αὑτοῦ
1716 2210 1858 2246 Θεόδωρον

1063 2253 1109 2279 τὸν
1126 2253 1223 2279 νεωστὶ
1244 2253 1395 2288 ἀφιγμένον
1412 2253 1458 2280 ἐπὶ
1479 2252 1629 2286 Βυζάντιον
1640 2275 1647 2286 ,
1666 2255 1860 2291 διαδεξόμενον

1063 2297 1112 2333 τὴν
1129 2298 1217 2334 ἀρχὴν
1236 2299 1314 2333 παρά
1332 2298 1377 2326 τοῦ
1401 2299 1530 2333 ἀδελφοῦ.
1547 2300 1604 2327 Kal.
1627 2300 1762 2336 ἔπραττεν
1779 2300 1859 2336 οὗτος

1063 2344 1097 2370 τὰ.
1122 2344 1189 2379 πρὸς
1218 2344 1331 2379 βασιλέα
1358 2345 1564 2380 ἐναντιούμενος
1588 2346 1628 2381 τῷ
1653 2347 1773 2382 ἀδελφῷ.
1801 2349 1860 2376 Καὶ

1065 2390 1180 2426 ὕστερον
1195 2399 1224 2417 τε
1239 2390 1372 2426 ἐξηνέχθη
1388 2390 1462 2426 αὐτῷ
1478 2392 1506 2423 ἐς
1522 2392 1628 2427 εὐφανῆ
1645 2392 1790 2428 διαφορὰν,
1808 2397 1861 2422 καὶ

1064 2437 1245 2472 ἐστρατεύετο
1257 2437 1304 2464 ἐπὶ
1317 2437 1466 2470 Βυζαντίου
1479 2437 1593 2473 βασιλέα
1604 2439 1741 2475 Θεόδωρος
1754 2441 1768 2467 ὁ
1780 2441 1861 2468 ἀδελ-

1063 2482 1123 2516 φὸς,
1140 2482 1189 2518 τήν
1204 2491 1234 2509 τε
1250 2483 1405 2517 Συλησρίαν
1427 2484 1662 2519 ἐπιτετραμμένος
1676 2485 1724 2512 καὶ
1743 2485 1793 2520 τὴν
1807 2494 1858 2513 πε-

1064 2528 1167 2562 ρίοικον
1191 2528 1305 2562 ταύτης.
1330 2528 1495 2563 Δῐτούμενος
1520 2528 1699 2566 γὰρ-ἱκανὴν
1724 2532 1860 2566 πρόσοδον

1064 2574 1137 2610 αὐτῷ
1151 2575 1177 2606 ἐς
1190 2575 1220 2601 τὸ
1234 2574 1350 2610 ἀποζῇν,
1363 2575 1413 2601 οὐκ
1425 2575 1586 2610 ἐτύγχανεν.
1597 2576 1680 2603 Ὅθεν
1693 2578 1722 2608 ἐς
1736 2577 1860 2613 πόλεμον

1065 2629 1094 2646 τε
1110 2620 1258 2647 καθίστατο
1271 2620 1310 2655 τῷ
1323 2620 1442 2655 ἀδελφῷ,
1457 2622 1503 2647 καὶ
1517 2621 1708 2656 ἐστρατεύετο.
1723 2622 1860 2658 Ὕστερον

1066 2668 1159 2701 μέντοι
1188 2666 1272 2702 πρινὴ
1297 2666 1388 2693 ὁτιοῦν
1413 2667 1615 2702 διαπράξασθαι
1637 2668 1727 2703 αὐτῷ,
1749 2670 1861 2697 ἐτελεύ-

1064 2721 1131 2747 τησε
1146 2712 1217 2748 νόσῳ
1233 2712 1360 2748 λοιμώδει
1377 2714 1422 2740 τὸν
1438 2713 1495 2748 βίον
1510 2713 1666 2742 ἀπολιπών.
1682 2715 1860 2744 Κωνατανττο

860 2769 985 2799 Νοιιιιτρ
1000 2769 1204 2808 marginales.

259 2833 297 2868 (ἓ)
315 2833 408 2860 Giscra
428 2831 521 2863 Boetn,
536 2830 582 2865 qui
601 2830 667 2857 alias
681 2829 799 2857 Joannes
815 2831 849 2857 de
880 2829 1006 2857 Braudis.
1028 2830 1133 2858 Bonliu.
1155 2831 1243 2859 5dcr.
1262 2832 1309 2860 lib.
1325 2840 1351 2861 ν.

255 2882 275 2896 ¹δ
289 2880 509 2916 αποτιμὸμενος.
525 2879 568 2908 Sic
590 2879 669 2906 etiam
686 2879 711 2905 in
729 2886 800 2909 uno;
818 2878 843 2904 in
858 2878 895 2904 al.
908 2883 934 2904 ul
951 2887 974 2904 ε.

1065 2881 1084 2905 ‘n
1100 2887 1147 2906 ora
1165 2880 1305 2916 Τουρκων.
1348 2881 1368 2896 ¹¹
1385 2882 1592 2918 τετρακισχίλια
1607 2891 1611 2897 ·
1628 2883 1654 2910 in
1668 2888 1704 2910 al.
1724 2887 1750 2909 ut
1767 2891 1793 2910 ε.
