1950 3075
88 141 132 171 341

598 140 648 170 DE
669 140 795 170 REBUS
810 138 989 169 TURClClS
1007 138 1078 168 LIB.
1101 137 1168 167 Vll.

1651 135 1709 166 342

88 200 231 234 ἑπειρῶντό
246 209 275 226 τε
292 199 399 232 αὐτῶν,
417 200 465 226 καὶ
480 200 615 234 ἐμάχοντο
629 199 666 230 ὡς
681 199 729 233 τῆς
743 199 764 214 "'
780 199 869 233 ἐρεθί-

931 204 978 224 :em
997 196 1096 227 millia,
1115 199 1177 230 plus
1200 194 1325 221 minusve
1344 198 1472 228 respectu
1497 192 1703 227 expeditionis.

88 247 172 278 ζοντες
187 246 234 272 ἐπὶ
249 246 340 280 μάχην
352 266 358 278 ,
376 247 422 272 καὶ
437 246 688 280 ὲπαγρυπνοῦντες.
709 245 752 276 Ὧς
766 245 794 271 δὲ
810 244 866 279 hei);

89 302 116 319 τε
128 292 177 327 ἠδη
190 292 324 325 ὑπέφαινε
336 313 344 324 ,
359 292 488 327 κύμϐαλά
502 300 531 318 τε
546 292 594 318 καὶ
608 291 706 319 afﬂixit
717 311 725 323 ,
741 291 788 317 καὶ
806 290 869 317 σάλ-

91 346 180 371 πιγγες
196 336 244 364 τοῦ
262 337 394 372 βασιλέως
405 357 412 370 ,
430 339 598 371 καταφανεῖς
615 338 644 364 δέ
661 338 715 364 εισι
731 337 769 372 τῷ
788 337 867 372 μεγὲ-

90 383 129 409 ϐει
143 383 196 409 τῶν
213 383 302 418 ἠχῶν,
319 383 461 418 ἀναδηλῶν
477 383 514 414 ὡς
537 383 612 418 μάχη
630 391 660 410 τε
680 383 731 418 ήδη
752 382 867 416 γίνεται.

91 429 140 457 Καὶ
153 429 269 456 ἕκαστος.
280 429 576 464 παρασκευασάμενοι,
591 429 711 465 ἐπῄεσαν
727 429 755 459 ἐς
770 428 801 454 τὸ
815 429 870 454 τεὶ-

90 484 146 511 χος,
159 475 261 502 αὐτίκα
274 474 503 510 τειχομαχοῦντες
517 474 589 501 κατὰ
601 474 632 501 τδ
647 474 757 509 ἰσχυρόν
770 483 776 489 ·
793 473 869 509 βασι-

91 520 147 551 λεύς
163 528 193 546 τε
209 520 309 552 αὐτὸς,
324 521 372 547 καὶ
388 521 412 546 of
430 520 555 554 νεήλυδες
566 540 574 552 ,
592 520 663 546 κατὰ
677 520 707 546 τὸ
726 521 806 555 μέσον
823 519 870 546 τοῦ

95 565 217 600 Ἰσθμοῦ,
232 563 305 602 ᾗπερ
320 566 468 601 ἐσκήνουν,
481 566 644 593 καθίσταντο
660 566 688 597 ἐς
703 566 811 600 μάχην,
825 566 872 593 καὶ

91 613 222 647 κλίμακάς
234 621 264 639 τε
277 613 458 648 προσέφερον,
472 613 519 639 καὶ
530 612 622 648 διορύσ
628 621 719 644 σοντες
731 613 762 639 τὸ
772 613 870 647 τεῖχος,

91 658 251 692 ἠγωνίζοντο
265 658 306 690 ὥς
322 658 525 694 εξαιρήσοντες.
543 659 598 685 Καὶ
611 658 676 689 τούς
689 667 720 684 τε
734 658 874 693 τηλεϐολί-

93 713 168 735 nou;
177 704 264 740 ταύτῃ
274 704 437 739 ταξάμενος,
451 705 501 731 οὐκ
513 705 556 732 εῐα
567 705 631 736 τοὺς
641 705 873 740 Πελοποννησίους

92 750 267 783 προκύπτειν.
283 750 375 777 Ast.va
389 752 444 785 γάρ
457 759 499 777 τοι
514 752 528 777 ὁ
542 751 734 786 τηλεϐολίσκος
743 772 750 783 ,
767 751 815 778 καὶ
828 751 873 777 οὺ-

91 794 132 820 δὲν
145 795 200 822 τῶν
214 795 305 821 ὅπλων
318 796 435 830 ἀντέχει,
451 795 521 822 ὥστε
538 797 576 831 μὴ
589 795 734 832 διαχωρεῖν
747 797 791 822 διὰ
807 797 872 823 πάν-

90 850 141 867 των
156 841 383 876 καθικνούμενος.
399 841 517 868 Δοκεῖδὲ
535 843 670 870 κάπειδάν
685 851 710 869 τι
721 842 796 878 αὑτῷ
813 843 873 869 ἀντ-

89 887 136 922 έχῃ
147 887 181 920 ⁸⁸,
195 887 257 913 τότε
271 887 304 922 δὴ
320 887 440 922 μάλιστα
461 887 625 915 καθικέσθαι
640 888 686 914 ἐπὶ
706 888 799 920 πλέον,
814 888 875 914 ἐπεὶ

91 935 117 965 ές
133 943 162 960 τε
179 934 313 969 βάμϐακα
324 935 345 950 ¹¹
364 935 411 961 καὶ
427 937 542 970 κρόκην,
562 935 608 961 καὶ
625 935 655 961 τὸ
671 935 758 970 ἔριον,
776 935 827 961 οὐκ
844 934 876 960 ἂν

91 979 159 1007 οὕτω
172 981 293 1008 καθίεντ*
303 982 327 997 ¹¹
338 980 371 1008 ἂν
383 981 510 1008 ἐπιπολύ.
527 981 603 1008 Ἑπεὶ
615 980 637 1007 δ’
647 981 676 1006 έν
686 981 763 1015 ἀδείᾳ
774 989 804 1007 τε
818 980 877 1013 ὲγέ-

92 1034 165 1052 νοντο
178 1027 202 1052 oi.
219 1026 362 1062 νεήλυδες,
379 1027 427 1054 καὶ
440 1026 488 1058 τάς
503 1035 533 1053 τε
549 1027 687 1062 κλίμακας
703 1027 731 1058 ἐς
744 1026 775 1053 τὸ
789 1027 877 1061 τεῖχος

92 1072 270 1107 ἑνεγκάμενοι
293 1073 447 1105 ἀνέϐαινον,
470 1073 519 1099 καὶ
543 1073 718 1107 ὑπερέϐησαν
739 1071 836 1107 ταύτῃ,

94 1117 186 1145 ἐθεᾶτο
199 1118 285 1151 ἑστὼς
297 1120 311 1145 ό
326 1119 465 1153 βασιλεὺς,
478 1118 563 1154 ἀνέϐη
578 1119 624 1145 ἐπὶ
635 1119 666 1145 τὸ
679 1119 768 1153 τεῖχος
782 1118 877 1152 νέηλυς

93 1165 225 1200 Χιτήρης,
240 1165 391 1198 Τριϐαλλὺς
405 1166 434 1193 τὺ
448 1166 539 1199 γένος,
554 1165 601 1192 καὶ
615 1163 672 1192 εἷλέ
687 1173 717 1191 τε
733 1165 763 1192 τὸ
779 1166 877 1199 τεῖχος,

93 1211 138 1236 καὶ
153 1211 218 1242 τοὺς
233 1211 320 1247 ταύτῃ
337 1211 513 1247 δῃωσάμενος
531 1212 559 1244 ἐς
578 1212 668 1247 φυγὴν
685 1211 829 1246 ἐτρέψατο.
847 1211 878 1238 Ol

93 1257 135 1289 δὲ,
149 1257 187 1288 ὡς
201 1257 384 1289 ἀπολιπόντες
397 1258 446 1292 τὴν
460 1258 551 1290 τάξιν,
567 1258 729 1285 κατέϐαινον
744 1257 877 1289 ἐνταῦθα,

94 1303 140 1330 καὶ
159 1303 273 1337 πλησίον
293 1305 323 1335 ές
344 1304 404 1335 δέος
422 1312 452 1330 τε
475 1304 528 1330 ὑπὸ
548 1304 615 1331 Θεοῦ
640 1304 814 1336 καθίσταντο,
833 1304 880 1330 καὶ

94 1349 234 1384 ἀπειρίας,
243 1349 291 1377 καὶ
299 1349 371 1377 οὕτω
382 1350 499 1376 ἐποίουν.
511 1350 661 1384 Φεύγοντες
670 1350 724 1385 γὰρ
734 1349 834 1385 ᾤχοντο
842 1350 864 1364 ’³
871 1357 879 1366 ο

93 1397 139 1422 καὶ
153 1397 178 1422 οἱ
195 1397 270 1432 παρὰ
285 1395 397 1428 τούτους
411 1396 490 1429 αὖθις
503 1396 672 1430 τετεγμένοι,
687 1397 736 1422 οὑκ
751 1396 850 1427 εἰδότες
866 1396 880 1423 ὃ

93 1450 119 1467 τι
134 1441 276 1476 ξυμϐαίνει
288 1441 406 1476 χαλεπδν
418 1440 520 1476 ᾣχοντο
532 1441 567 1457 ³³·
581 1441 737 1475 φεύγοντες,
750 1440 797 1466 καὶ
809 1439 881 1467 οὕτω

94 1487 196 1518 πάντες
219 1487 401 1518 ἀπολιπόντες
418 1487 448 1513 τὸ
468 1488 569 1522 τεῖχος,
591 1487 706 1521 ἔφευγον
728 1486 815 1513 οὐδενὶ
837 1486 881 1513 κό-

920 243 959 270 Εο
978 243 1086 278 quidem
1105 246 1228 276 tempore
1244 240 1442 271 Saraehorides
1454 239 1577 274 oppositi
1599 239 1704 267 Graecis

919 296 967 316 eos
982 287 1129 324 pugnando
1151 287 1306 315 tentabant.
1324 307 1331 314 .
1348 307 1354 313 .
1374 285 1415 321 (4)
1443 290 1584 320 totamque
1597 290 1705 313 noctem

920 335 1057 362 ducebant
1073 335 1237 364 insomnem,
1260 337 1289 359 ut
1309 333 1343 360 ad
1369 332 1495 367 praelium
1510 332 1622 360 Graecos
1639 332 1709 359 inci~

922 385 1020 408 tarent.
1039 379 1071 407 Ut
1085 387 1187 407 aurora
1205 379 1308 411 illuxit,
1330 379 1408 414 signa
1425 386 1527 406 canere
1541 378 1619 412 jubet
1636 385 1681 404 rex
1697 386 1707 406 ς

920 426 1055 462 cymbala,
1087 426 1166 461 183
1195 433 1299 453 cornua
1323 425 1462 460 tubaeque,
1492 433 1612 460 pugnam
1652 425 1708 459 jam

923 473 989 506 fore,
1014 473 1133 500 maximo
1154 480 1223 500 sono
1248 473 1451 508 signiﬁcabant.
1475 473 1559 500 Turci
1582 471 1708 499 instructi

921 519 1096 555 occipiebant
1123 527 1231 546 murum
1257 527 1418 554 oppugnare
1433 526 1514 554 qualn
1545 518 1707 545 fortissime.

924 567 977 593 Rex
995 570 1022 594 et
1039 567 1177 602 peregrini
1196 566 1296 593 armati
1315 566 1342 592 in
1358 565 1418 593 acie
1442 566 1573 592 instructa
1599 564 1710 591 stabant

923 612 949 638 iu
976 611 1067 651 medio
1092 612 1199 644 Isthmi,
1229 612 1276 640 ubi
1305 615 1397 638 castra
1418 615 1575 645 posuerant.
1592 639 1595 641 _
1612 609 1708 637 Scalas

922 658 1116 692 expediebant,
1159 666 1270 686 murum
1306 657 1505 689 suffodiebant,
1542 657 1710 690 fortiterque

924 703 1129 738 pmliabantur,
1159 710 1188 732 ut
1209 712 1317 732 murum
1342 709 1519 739 occuparent.
1536 702 1595 730 Huc
1626 703 1707 730 etiam

924 750 1133 778 bombardarios
1148 751 1304 778 consistere
1329 751 1461 785 iusserat,
1480 749 1527 783 qui
1553 748 1710 776 bombardis

925 802 1101 831 prospectum
1119 796 1361 830 Peloponnesiacis
1376 797 1545 823 adimebant.
1559 795 1710 822 Bomharda

925 849 1042 876 uanique
1052 849 1094 869 res
1101 843 1298 870 estadmodum
1308 843 1490 875 vinlenta,nec
1499 850 1574 869 arma
1582 841 1712 869 resistere

928 887 1084 915 bombarda:
1110 888 1224 923 impetui
1244 894 1370 923 possunt,
1398 896 1492 916 verum
1517 887 1610 916 omnia
1628 894 1712 922 pene-

928 938 1005 961 lrat:
1024 937 1081 960 tum
1099 934 1181 962 etiam
1211 936 1298 970 magis
1313 941 1449 970 permeat,
1475 935 1586 969 quando
1611 940 1712 967 corpus

929 980 1040 1014 aliquod
1057 981 1190 1008 resistens
1212 981 1295 1009 fuerit
1323 986 1414 1013 nacta,
1444 980 1580 1015 siquidem
1602 985 1712 1005 crocum

929 1025 1078 1060 lunamque
1095 1033 1149 1053 non
1172 1027 1304 1061 pervadit.
1325 1026 1394 1054 Cum
1410 1026 1547 1061 peregrini
1577 1025 1634 1060 jam
1661 1024 1712 1050 tuti

930 1071 962 1098 ab
988 1071 1110 1105 periculo
1129 1075 1249 1105 starent,
1267 1073 1417 1107 scalasque
1433 1080 1514 1099 muro
1529 1071 1713 1102 addidissent,

930 1124 1037 1144 murmn
1055 1118 1225 1146 scandebant
1240 1126 1274 1146 eo
1301 1119 1351 1146 loci
1382 1119 1428 1146 ubi
1454 1122 1593 1152 spectator
1626 1124 1713 1151 oppu-

929 1163 1069 1199 gnationis
1087 1165 1182 1192 aderat
1211 1173 1269 1193 rex.
1288 1165 1397 1193 Primus
1429 1165 1520 1200 itaque
1547 1165 1574 1191 in
1604 1171 1712 1190 murum

929 1210 1027 1242 evasit,
1060 1218 1179 1246 eumque
1199 1212 1273 1246 cepit
1303 1211 1509 1247 peregrinorum
1529 1211 1564 1238 de
1599 1217 1713 1237 numero

930 1256 1056 1285 Chitercs
1072 1256 1123 1292 (5),
1150 1254 1297 1285 Triballos
1329 1265 1453 1293 genere:
1476 1265 1580 1292 eosque
1607 1257 1653 1291 qui
1675 1263 1717 1283 re-

930 1303 1079 1336 sistebant,
1109 1304 1135 1331 in
1166 1303 1258 1338 fugam
1294 1304 1423 1338 coniecit.
1443 1304 1474 1331 lli
1503 1308 1595 1331 autem
1618 1303 1715 1330 ordine

931 1350 1029 1377 relicto
1044 1350 1168 1383 ahihant,
1201 1358 1264 1378 cum
1290 1356 1382 1378 metus
1399 1351 1536 1378 maximus
1556 1351 1590 1376 ab
1607 1349 1661 1377 Deo
1691 1354 1717 1376 et

932 1395 1070 1430 imperitia
1087 1397 1153 1431 ipsis
1165 1396 1348 1424 incuteretur.
1365 1396 1432 1424 Nam
1449 1395 1594 1423 formidine
1608 1396 1716 1430 agitati,

932 1440 959 1467 in
994 1440 1083 1475 fugam
1111 1440 1332 1468 effundebantur.
1364 1441 1499 1468 Prmterea
1527 1441 1566 1467 illi
1593 1441 1640 1475 qui
1673 1440 1717 1466 his

931 1486 1054 1520 proxime
1080 1491 1224 1519 steterant,
1251 1487 1335 1514 nescii
1365 1487 1430 1522 quid
1461 1486 1526 1514 mali
1558 1486 1617 1514 suis
1643 1486 1716 1513 acci-

95 1541 169 1568 σμῳ.
185 1529 267 1560 Οὗτοι
283 1533 306 1559 δ’
317 1534 343 1559 οι
358 1533 475 1568 Τοῦρκοι
491 1533 701 1564 ιπεισπεσόντος
715 1533 803 1568 ταύτῃ
817 1540 847 1558 τε
863 1529 878 1569 ᾖ

933 1532 1030 1564 disset,
1044 1532 1179 1568 fugientes
1195 1533 1320 1560 abibant.
1339 1533 1460 1573 Tandem
1476 1541 1574 1560 omnes
1586 1533 1718 1560 deseren-

95 1579 168 1605 ιὰλω
185 1578 239 1605 ὑπὸ
255 1578 303 1605 τοῦ
321 1579 464 1613 νεήλυδος,
483 1579 530 1606 καὶ
546 1580 578 1614 τῇ
597 1579 664 1616 ἄλλῃ
683 1575 700 1615 ᾖ
719 1578 883 1605 κατέϐαλλον

94 1623 301 1660 διορύσσοντες,
326 1625 375 1651 καὶ
398 1624 442 1652 διὰ
464 1625 519 1652 τῶν
544 1625 637 1652 πυλῶν
662 1625 814 1660 εἰσεχέοντο
836 1625 884 1651 καὶ

95 1670 219 1706 ἔτρεχον.

133 1760 190 1786 Καὶ
214 1760 240 1787 οι
259 1761 319 1794 μὲν,
341 1760 389 1787 ἰπὶ
409 1760 440 1787 τὸ
465 1761 647 1796 στρατόπεδον
670 1761 723 1788 τῶν
751 1761 886 1796 Ἐλλήνων

95 1806 276 1842 τραπόμενοι,
298 1807 450 1842 διήρπαζον
473 1809 509 1834 τὰ
533 1808 589 1835 τῶν
614 1807 749 1843 Ἐλλήνων
770 1808 884 1839 ἔπιπλα,

96 1853 217 1888 ἐσθῆτάς
241 1862 270 1880 τε
292 1854 340 1880 καὶ
360 1853 409 1889 τὴν
431 1853 515 1888 ἀλλην
536 1854 764 1888 εὐδαιμονίανιοί
784 1855 823 1888 δὲ,
841 1855 887 1881 ἐπὶ

100 1901 164 1931 τοὺς
179 1900 279 1933 ἄνδρας
308 1900 490 1934 τραπᾶμενοι,
504 1901 567 1931 τοὺς
586 1900 636 1935 μὲν
647 1900 736 1926 αὐτῶν
749 1900 886 1935 ἔφθειρον,

99 1947 164 1978 τοὺς
182 1946 213 1972 δι
233 1946 281 1972 καὶ
298 1945 448 1980 ἐζώγρουν,
467 1947 496 1977 ἐς
512 1946 687 1981 ἀνδραπόδων
704 1948 801 1981 μοῖραν
816 1947 889 1973 τιθέ-

102 2000 192 2026 μενοι.
211 1992 266 2018 Καὶ
279 1992 360 2025 φόνος
375 2001 404 2018 τε
418 1990 452 2026 ἦν
473 1992 556 2023 πολὺς
571 1992 625 2018 τῶν
639 1993 803 2026 φευγόντων.
819 1993 889 2028 Περὶ

96 2040 127 2066 δὲ
138 2040 204 2070 to";
217 2039 272 2065 τῶν
293 2038 428 2074 Ἑλλήνων
444 2039 582 2074 ἡγεμόνας
598 2038 688 2064 τοιάδε
706 2039 826 2072 ἐγένετο.
844 2039 888 2071 Ὠς

95 2087 154 2120 γὰρ
176 2085 274 2120 ἑώρων
297 2084 448 2119 φεύγοντας
471 2083 536 2115 τοὺς
560 2083 696 2118 Ἕλληνας
717 2084 769 2111 ἀνὰ
789 2086 890 2119 κράτος

97 2132 146 2158 καὶ
159 2131 252 2157 οὐδενὶ
267 2130 373 2165 κόσμῳ,
389 2129 540 2164 ἐπειρῶντο
556 2129 607 2163 μὲν
620 2129 644 2145 ⁸⁵
654 2129 795 2163 πρώτιστα
811 2128 891 2156 κατέ-

96 2185 179 2212 χειν·
205 2176 245 2208 ὡς
272 2176 294 2203 δ’
318 2176 369 2203 οὐκ
392 2175 535 2211 ἠδύναντο,
562 2177 609 2203 καὶ
636 2175 713 2202 αὐτοὶ
741 2174 889 2209 φεύγοντες

935 1582 975 1606 tes
991 1586 1110 1610 murum,
1127 1579 1186 1607 sine
1200 1580 1297 1607 ordine
1317 1579 1454 1614 fugerunt.
1468 1579 1550 1606 Turci
1568 1579 1715 1610 irruentes,

934 1631 989 1658 qua
1010 1632 1106 1652 murus
1117 1625 1151 1652 ab
1176 1624 1287 1652 Chitere
1301 1630 1446 1660 superattts
1477 1630 1547 1657 erat,
1560 1630 1587 1652 et
1605 1624 1651 1652 alii
1666 1632 1719 1658 qua

936 1676 1044 1696 murum
1063 1669 1240 1698 sulfodicntes
1255 1675 1425 1704 straverunt,
1441 1678 1547 1698 necnon
1570 1675 1731 1705 perportas,

937 1717 1125 1752 irrumpebant

972 1764 1087 1797 Quidam
1108 1764 1141 1792 ad
1161 1768 1251 1791 castra
1273 1764 1428 1792 Grazcorum
1458 1763 1628 1796 ferebantur,
1647 1764 1722 1791 Grac-

937 1818 1089 1846 corumque
1122 1811 1317 1846 supellectilem
1345 1815 1374 1837 et
1407 1810 1539 1844 reliquam
1564 1810 1720 1837 felicitatem

937 1858 1116 1893 diripiebant.
1126 1856 1242 1890 Quidam
1253 1857 1325 1884 versi
1335 1858 1361 1883 in
1373 1857 1478 1886 hostes.
1490 1856 1624 1890 quosdam
1639 1863 1722 1883 neca-

939 1908 1015 1936 runt,
1028 1903 1162 1938 quosdam
1178 1904 1254 1930 vivos
1271 1906 1413 1937 ceperunt,
1426 1906 1453 1929 ct
1466 1903 1500 1929 ad
1525 1902 1722 1936 mancipiorum

939 1950 1124 1977 conditionem
1139 1949 1279 1984 redegere.
1302 1948 1396 1976 Caedes
1413 1948 1575 1984 fugientium
1593 1948 1725 1975 edebatur

940 1996 1068 2023 maxima.
1088 1994 1186 2022 Verum
1204 1994 1269 2029 quid
1286 1994 1443 2022 Grmcorum
1458 1994 1578 2022 ducibus
1604 1994 1725 2028 contige-

939 2043 987 2074 rit,
1008 2042 1163 2068 audinmus.
1178 2040 1211 2068 lli
1229 2041 1276 2068 ubi
1291 2041 1445 2076 conspicati
1461 2044 1527 2068 sunt
1545 2041 1655 2068 Gratcos
1683 2040 1726 2066 fu-

940 2095 1001 2122 gam
1028 2086 1160 2122 arripere,
1203 2086 1291 2121 primo
1317 2093 1365 2114 eos
1395 2086 1513 2114 retinere
1542 2085 1725 2113 conabantur.

941 2134 1010 2161 Cum
1028 2137 1119 2161 autem
1136 2135 1163 2160 in
1182 2133 1272 2168 fugam
1284 2132 1386 2161 effusos
1401 2133 1526 2160 inhibere
1537 2139 1590 2160 non
1604 2135 1727 2166 possent,

943 2180 1108 2215 aufugerunt
1124 2184 1151 2207 et
1167 2179 1229 2214 ipsi.
1261 2187 1315 2206 non
1332 2184 1421 2207 tamen
1452 2179 1626 2206 Corinthum.
1653 2177 1727 2205 Certi

95 2223 207 2259 ᾤχοντο
225 2222 271 2248 ἐπὶ
292 2221 342 2256 μὲν
360 2221 492 2256 Κόρινθον
511 2222 562 2248 οὐκ
587 2222 639 2248 Ετυ
655 2221 753 2256 ᾔδεσαν
775 2220 830 2255 γὰρ
851 2221 878 2246 ὀμ

940 2226 1013 2254 enim
1043 2231 1132 2258 erant,
1167 2226 1190 2253 si
1223 2225 1416 2254 obsiderentur
1440 2225 1576 2258 Corinthi,
1603 2232 1632 2253 se
1650 2224 1729 2251 facile

97 2269 352 2304 πολιορκησόμενοι
366 2267 516 2295 ἁλώσοιντο
534 2268 664 2300 ἐνταῦθα,
677 2269 727 2302 τῆς
745 2276 774 2294 τε
787 2269 874 2303 τροφῆ

941 2277 1125 2306 expugnatum
1142 2271 1186 2304 iri,
1200 2279 1260 2298 cum
1284 2271 1358 2298 haud
1370 2271 1509 2299 sufficiens
1523 2279 1555 2298 eo
1571 2275 1728 2304 comporta-

98 2317 202 2350 ἱκανῆς
215 2316 267 2342 οὐκ
280 2314 364 2349 οὔσης
383 2316 412 2341 ὲν
434 2315 504 2350 αὐτῇ
530 2315 576 2341 καὶ
590 2315 674 2349 ἄλλης
689 2315 868 2348 παρασκευῆς

942 2322 986 2344 tus
998 2321 1072 2344 esset
1090 2320 1272 2349 commeatus,
1288 2324 1338 2344 nec
1359 2317 1429 2343 alius
1447 2316 1528 2342 etiam
1553 2315 1615 2342 belli
1643 2322 1729 2348 appa-

97 2363 147 2389 ἐπὶ
160 2363 193 2390 δὲ
214 2361 266 2397 τὴν
289 2361 436 2396 μεσόγαιον
457 2362 663 2396 ἐπειγενόμενοι
679 2361 714 2393 ³⁵,
732 2361 854 2395 ἔφθασαν
870 2362 878 2376 ¹

942 2368 1029 2390 ratus.
1040 2362 1128 2389 Celeri
1143 2366 1233 2389 autem
1255 2362 1316 2396 fuga
1329 2362 1532 2389 contenderunt
1551 2360 1585 2387 ad
1600 2361 1728 2387 Inetliter~

100 2408 251 2442 γενόμενοι
265 2407 313 2433 ἐπὶ
329 2406 379 2442 τὴν
393 2407 483 2442 ἄκραν
507 2407 671 2442 Λακωνικὴν
687 2407 737 2441 τῆς
758 2407 877 2434 Πελοπον

945 2416 1052 2436 raucam
1070 2408 1227 2443 regionem:
1241 2408 1354 2442 jamque
1377 2413 1564 2443 praerenerant
1586 2407 1687 2435 hostes.
1702 2411 1730 2434 et

99 2454 202 2488 νήσου,
227 2453 465 2488 καραδοκήσαντες
530 2453 623 2487 μέλλει
639 2454 776 2487 χωρήσειν
789 2454 804 2479 ὁ
819 2452 878 2487 βασι

944 2457 972 2483 in
983 2462 1090 2482 summa
1111 2453 1231 2481 Laconia
1249 2454 1427 2489 Peloponnesi
1441 2454 1642 2488 exspectabant
1660 2461 1729 2488 quo~

99 2500 179 2531 λεύς.
194 2499 280 2526 Δῦτοί
293 2507 323 2525 τε
339 2499 391 2534 γὰρ
406 2500 435 2530 ὲς
446 2500 497 2533 τὴν
512 2499 651 2525 θάλασσαν
662 2497 815 2525 διενοοῦντο
826 2499 848 2514 ⁵⁷
867 2499 878 2524 ὲ

946 2508 1006 2528 nam
1020 2499 1193 2535 profecturus
1218 2504 1291 2527 esset
1314 2507 1373 2527 rex.
1402 2500 1582 2527 Decreverant
1612 2506 1731 2534 namque

102 2545 136 2571 τὸ
151 2545 252 2580 πρόσω
267 2544 388 2576 πίπτειν,
402 2544 441 2576 ὡς
453 2545 486 2580 ἣν
506 2545 528 2561 ³⁸
551 2544 731 2577 ὲπιελαύνων,
747 2545 775 2576 ὲς
789 2544 838 2575 τὴν
848 2544 895 2571 θά-

101 2592 213 2619 λασσαν
229 2590 402 2625 ἀφιξόμενοι,
418 2591 461 2623 καὶ
480 2590 717 2624 ὐπεκπτησῦμενοι
733 2590 783 2624 τῆς
802 2590 895 2624 χώρας

946 2546 974 2573 ἱιι
990 2553 1066 2573 mare
1079 2546 1224 2581 profugere
1249 2550 1277 2573 et
1293 2546 1404 2581 regione
1418 2546 1528 2578 cedere,
1546 2547 1567 2573 si
1585 2547 1731 2573 Amurau-s

946 2598 1008 2618 cum
1021 2590 1142 2618 exercitu
1159 2591 1329 2618 adventaret.
1349 2590 1487 2618 Noverant
1508 2600 1625 2626 uatuque
1651 2592 1728 2619 Pelo-

748 2648 871 2678 Notulce
884 2647 1083 2687 marginales.

139 2718 181 2751 (4)
196 2717 236 2744 De
247 2714 398 2749 '5ta'ituid.

141 2800 163 2813 ”
182 2798 233 2824 Hic
245 2796 348 2830 aliquid
359 2795 446 2826 deest,
463 2800 489 2821 ut
507 2803 537 2822 ex
555 2802 606 2820 uno
621 2794 801 2826 ntnnuscrt'plo
822 2799 907 2827 patet;
932 2793 958 2819 in
975 2793 1033 2819 call.
1053 2792 1150 2819 (natura
1169 2797 1217 2818 est.

144 2843 159 2855 ιι
201 2832 344 2855 Εόγιπακα.
397 2831 419 2846 ¹¹
436 2829 467 2855 lu
482 2839 543 2855 uno.
567 2829 710 2855 mlllxm-r‘.
757 2829 780 2844 ¹³
795 2827 827 2855 In
844 2837 905 2855 uno.
926 2829 1041 2855 οἴγοντο.
1091 2828 1123 2842 ’³³
1138 2826 1171 2853 In
1194 2836 1217 2853 ιιι

811 2836 827 2854 ιι
844 2837 905 2858 ιιιιο.
926 2836 1041 2862 οιχοντο.

104 2842 169 2860 ultu.
201 2832 344 2865 βόμπακα.
397 2831 419 2846 ¹¹
436 2829 467 2856 In
482 2839 544 2862 uno,
567 2829 710 2865 κιυίνιοιτζ

986 2713 1023 2748 (5)
1037 2712 1181 2748 Georgius.

1662 2794 1683 2808 “
1703 2793 1732 2818 In

1444 2829 1466 2844 "
1484 2829 1516 2855 In
1541 2836 1602 2860 uno,
1624 2829 1732 2863 πρῶτα.

1269 2793 1291 2808 ¹⁰
1304 2793 1426 2828 ἀντέχει.
1452 2793 1484 2820 Π.
1501 2799 1527 2820 ιιι
1551 2794 1578 2819 t'u
1598 2801 1622 2820 c.

1091 2828 1123 2862 "f
1138 2826 1171 2853 In
1194 2836 1256 2859 uno,
1278 2826 1393 2862 οἴχοντο.

106 2870 129 2884 ¹¹
146 2868 177 2895 ιι.
194 2861 384 2900 ἐπειγόμενοι.
424 2865 446 2880 ’⁵
461 2865 492 2892 lu
509 2861 572 2897 uno,
591 2863 689 2898 ἔφθης.
730 2863 750 2879 ’⁷
768 2863 800 2891 ιιι
817 2872 878 2896 uno,

931 2861 1025 2890 ινόονγ.
1066 2863 1087 2878 ’³
1102 2861 1135 2889 In
1152 2871 1213 2895 uno,
1231 2864 1295 2898 ἐπίῃ
1310 2861 1440 2891 ἐλαύνων.
