1950 3075
214 203 267 236 343

774 200 930 233 LAONICI
950 199 1279 231 CHALCOCONDYLIE

1787 196 1838 228 3M

217 263 444 298 ponnesiacorum
469 270 513 291 res
537 262 571 290 ab
601 269 664 297 rege
686 262 846 297 planissime
872 264 1003 288 contusas

1062 258 1138 293 ιῦτῷ.
1157 259 1277 294 ’ῌδεσαν
1296 257 1351 292 γὰρ
1360 257 1398 288 ὡς
1415 255 1454 292 τῷ
1469 256 1568 294 Ἰσθμῷ
1582 255 1615 282 τὰ
1632 254 1836 290 Πελοποννήσου

215 317 286 336 esse.
305 309 358 336 Nec
385 316 471 342 arma,
484 316 535 336 nec
551 308 613 341 viri,
632 316 682 336 nec
705 308 854 343 quidquam
883 307 1001 342 amplius

218 358 368 381 memoratu
391 354 502 389 dignum
534 353 575 380 vel
590 354 618 380 in
636 354 760 386 urbibus,
781 354 820 381 vel
850 353 876 380 in
893 352 1002 380 arcibus

219 400 314 433 reliqui
347 404 416 426 erat.
446 399 501 427 Nec
532 400 681 433 sperabant
709 400 734 426 in
763 405 902 434 posterum
923 398 1003 434 184

219 446 398 481 Peloponnesi
412 446 597 482 principatum
609 448 660 474 sub
669 454 700 474 se
712 447 843 478 futurum,
859 447 904 474 sed
918 454 1004 480 augu—

219 493 351 519 rabantur
381 500 411 520 se
440 492 621 528 Peloponnesi
652 500 695 520 res
723 500 818 520 omnes
840 493 1003 520 amissuros.

218 539 365 566 Amurates
381 543 409 565 ut
430 539 562 566 lsthmum
583 539 726 573 occupavit
742 543 769 566 et
789 539 816 565 in
836 538 1004 573 Peloponne-

218 592 279 611 sum
288 585 374 617 venit,
392 586 508 619 primum
521 585 630 620 quidem
643 585 754 612 circiter
765 589 903 612 trecentos
915 584 1003 618 capti-

218 639 278 662 vos.
292 632 338 666 qui
353 636 487 666 nocturna
501 631 564 667 fuga
576 632 602 658 in
620 637 738 659 montem
753 639 834 666 supra
848 631 1003 658 Cenchreas

218 679 314 708 situm,
338 685 419 712 quem
437 677 496 713 01y
514 683 623 710 vocant,
652 682 807 708 evaserant,
833 676 911 711 quasi
927 676 1005 703 inda-

219 723 284 758 gine
297 723 462 751 circumdari
473 723 567 759 jussit.
583 723 686 752 Omnes
708 723 778 758 capti
788 727 853 750 sunt
864 742 873 755 ,
886 722 1005 756 doloque

220 771 251 796 in.
265 778 349 796 unum
376 771 469 798 locum
483 771 605 802 abducti,
635 770 785 797 crudeliter
817 769 903 797 occisi
929 773 1004 796 sunt.

220 816 316 843 Postea
330 817 475 844 Amurates
488 817 554 845 emit
568 817 701 851 mancipia
730 823 843 843 numero
864 819 1004 846 sexcenta,

221 863 326 896 quaead
354 863 521 891 sacrificium
538 864 617 891 duxit
639 863 665 891 in
692 863 823 891 honorem
851 863 937 897 patris
951 861 1005 893 sui,

221 909 315 936 volens
330 917 391 936 eum
414 911 526 944 expiare
553 910 654 937 caedem
684 910 806 936 virorum
830 909 1004 936 occisorum.
1021 924 1044 953 Β

220 955 269 982 llis
280 955 316 981 ita
335 956 463 989 peractis.
479 956 630 983 exercitum
657 955 761 983 divisit.
792 955 898 982 Partem
925 962 1005 981 exer-

220 1001 293 1028 citus
306 1000 459 1028 Turaclzani
490 1001 638 1029 Thessalim
653 1001 781 1036 pra-lecto
809 1001 932 1030 tradidit.
960 1000 1004 1033 qui

221 1047 404 1074 reianilitaris
420 1047 572 1075 habebatur
584 1047 777 1081 peritissimus,
805 1051 832 1073 et
859 1046 1007 1081 plurimum

221 1098 400 1120 conversatus
412 1097 470 1120 erat
487 1101 548 1120 cum
577 1093 677 1120 Turcis
703 1092 899 1127 Peloponnesi.
930 1090 1008 1117 Dedit

221 1139 309 1165 eidem
322 1139 355 1165 dc
369 1146 484 1166 numero
499 1139 702 1174 peregrinorum
715 1138 789 1165 mille
802 1138 913 1170 milites,
925 1142 952 1162 ιιι
968 1137 1008 1163 bis

222 1183 383 1212 instructus.
400 1183 599 1218 profectionem
617 1191 664 1218 per
679 1183 904 1210 mediterraneam
923 1181 1012 1216 regio.

220 1239 282 1259 nem
295 1231 408 1259 faceret.
430 1231 490 1266 ipse
513 1231 625 1265 quidem
646 1238 691 1258 rex
715 1238 763 1264 per
789 1230 935 1264 Sicyonem
960 1228 1012 1254 iter

222 1277 337 1310 faciens,
356 1283 429 1305 recta
456 1278 483 1304 in
504 1277 636 1304 Achaiam
669 1276 824 1304 contendit.
848 1275 950 1303 Urbem
978 1281 1011 1301 eo

221 1324 278 1357 die,
295 1331 349 1358 quo
368 1323 488 1350 Isthmus
505 1323 531 1349 in
545 1327 708 1357 potestatem
731 1322 816 1354 venit,
834 1321 925 1355 regius
936 1327 1014 1348 exer-

221 1371 294 1397 citus
310 1377 459 1403 aggressus
489 1375 551 1400 est.
578 1373 742 1403 captamque
762 1368 877 1402 diripuit
905 1367 1014 1395 univer-

222 1423 291 1443 sam.
308 1416 428 1443 Aberant
443 1415 515 1442 enim
530 1415 672 1450 oppidani,
685 1414 801 1448 profecti
824 1415 850 1441 in
866 1414 1013 1451 Isthmum.

221 1460 277 1488 Nec
290 1461 437 1489 admodum
457 1461 485 1488 in
498 1461 603 1488 munito
629 1461 689 1487 loco
700 1461 769 1488 urbs
782 1460 836 1487 sita
856 1466 925 1487 erat.
940 1459 1013 1492 Qua-

222 1511 336 1542 propter
345 1515 404 1535 eam
418 1508 552 1534 continuo
565 1507 705 1542 diripuere
716 1517 724 1534 :
735 1511 762 1534 et
775 1507 922 1533 maximam
937 1507 1014 1533 Pelo-

223 1554 337 1588 ponncsi
349 1557 454 1587 partem
469 1557 658 1588 peragrantes,
683 1553 820 1587 persecuti
847 1557 911 1580 sunt
942 1552 1014 1580 bello

1052 306 1205 340 πράγματα
1223 304 1357 340 διεφθάρη
1380 303 1434 329 ὐπδ
1459 303 1505 329 τοῦ
1531 302 1674 336 βασιλέως⁷
1691 302 1737 327 καὶ
1756 301 1838 333 ὅπλα,

1053 353 1102 379 καὶ
1124 351 1230 387 ἄνδρες,
1247 352 1295 378 καὶ
1310 351 1387 377 οὐδὲν
1401 351 1416 377 ὅ
1433 359 1458 376 τι
1481 349 1557 381 ἄξιον
1575 348 1666 382 λόγου,
1688 347 1837 382 ὑπελείφθη

1053 399 1081 426 ὲν
1096 398 1156 429 ταῖς
1170 398 1279 424 πόλεσιν
1295 396 1312 432 ἢ
1327 396 1505 431 ἀκροπόλεσι.
1524 395 1579 422 Καὶ
1600 395 1650 420 οὐκ
1669 394 1710 420 ἔτι
1725 392 1840 427 ἦλπιζον

1056 443 1233 479 περιέσεσθαι
1251 443 1328 477 σφίσι
1344 443 1393 477 τὴν
1406 441 1495 477 ἀρχὴν
1514 440 1560 466 τοῦ
1578 439 1684 470 λοιποῦ.
1698 439 1754 465 ἀλλ’
1767 439 1840 474 οἴχεο

1058 490 1119 517 σθαι
1144 489 1221 524 σφίσι
1236 489 1270 515 τὰ
1286 488 1439 523 πράγματα
1455 487 1640 522 ἀπολλύμενα.
1667 485 1841 520 ’Δμουράτης

1054 536 1093 568 δὲ,
1109 535 1147 566 ὼς
1161 535 1278 569 κατέσχε
1293 534 1338 560 τὸν
1357 533 1475 568 Ἰσθμὸν,
1495 533 1542 559 καὶ
1567 532 1628 559 ὲπεὶ
1643 532 1752 566 ἐγένετο
1766 531 1841 562 ἐντὸς
1886 566 1891 570 _

1056 582 1105 615 τῆς
1123 580 1341 614 Πελοποννήσου,
1361 579 1457 614 πρῶτα
1474 579 1523 613 μὲν
1546 579 1574 609 ὲς
1590 577 1766 613 τριακοσίους
1787 577 1841 604 τῶν

1056 626 1248 662 αίχμαλώτων,
1260 625 1308 656 οὓς
1327 623 1518 658 ἀποφυγόντας
1537 622 1589 657 τῆς
1614 621 1712 653 νυκτὸς
1728 621 1840 656 ταύτης,

1057 673 1085 704 ἐς
1099 671 1129 698 τὺ
1144 671 1217 706 ὅρος,
1235 669 1266 697 τδ
1289 669 1362 704 ὐπὶρ
1377 669 1426 700 τὰς
1444 667 1601 703 Κεγχρεὰς,
1618 665 1681 700 Ὀξὺ
1698 666 1726 693 δὲ
1742 666 1841 692 καλού-

1058 725 1149 752 μενον,
1165 715 1385 750 κυκλωσάμενοι,
1397 711 1470 740 εἷλον
1480 713 1573 748 ἀπάτῃ
1588 712 1706 744 πάντας,
1731 711 1771 743 είς
1794 711 1843 738 ἕνα

1056 764 1145 799 χῶρον
1160 762 1322 797 ἀπαγαγὼν,
1340 759 1494 794 κατέσφαξε
1510 767 1516 774 ·
1538 758 1608 792 μετὰ
1621 759 1648 785 δὲ
1666 758 1843 793 ὠνησάμενος

1057 809 1212 844 ἀνδράποδα
1225 809 1254 840 ὲς
1268 806 1397 840 ἑξακόσια
1411 805 1508 832 θυσίαν
1523 805 1608 840 ἀνῆγε
1621 804 1660 838 τῷ
1678 803 1777 830 ἑαυτοῦ
1791 811 1843 829 πα-

1056 856 1111 891 τρὶ,
1125 855 1312 888 ὲξιλεούμινος
1326 852 1365 887 τῷ
1379 852 1453 887 φόνῳ
1466 851 1521 878 τῶν
1532 850 1637 884 ἀνδρῶν
1652 849 1765 876 τούτων.
1783 848 1843 875 Ἐνσ

1057 902 1152 928 τεῦθεν
1168 901 1196 927 δὲ
1213 899 1417 934 ὲπιδιελόμενος
1431 897 1461 924 τὸ
1480 897 1648 931 στράτευμα,
1667 895 1715 922 καὶ
1739 895 1769 921 τδ
1792 894 1843 929 μὲν

1059 948 1197 982 παραδοὺς
1225 944 1398 980 Τουραχόινῃ,
1423 943 1461 978 τῷ
1483 942 1633 973 Θετταλίας
1657 941 1784 975 ὑπάρχῳ,
1805 939 1843 971 ὡς

1059 993 1182 1028 ἐμπείρῳ
1197 1001 1226 1018 τε
1239 991 1293 1018 ὖντι
1307 990 1353 1017 καὶ
1366 989 1483 1024 μάλιστα
1496 988 1528 1021 δὴ
1541 987 1671 1022 Τούρκων
1689 985 1843 1020 ὼμιληκότι

1058 1040 1091 1074 τῇ
1128 1038 1342 1072 Πελοποννήσῳ,
1359 1035 1407 1062 καὶ
1436 1035 1490 1062 τῶν
1515 1034 1650 1069 νεηλύδων
1676 1033 1747 1067 ἀμφὶ
1781 1032 1844 1062 τοὺς

1059 1085 1173 1121 χιλίους,
1196 1084 1234 1115 ὡς
1268 1083 1312 1109 διὰ
1337 1082 1386 1117 τὴν
1418 1081 1564 1116 μεσόγαιον
1595 1079 1734 1106 ἐλαύνειν·
1765 1077 1845 1109 αὐτὸς

1060 1133 1089 1159 δὲ
1114 1132 1158 1158 διὰ
1188 1131 1239 1165 τῆς
1266 1130 1400 1161 Σικυῶνος
1418 1129 1534 1164 ἤλαυνεν
1559 1127 1623 1153 εὐθὺ
1645 1125 1695 1161 τῆς
1722 1124 1844 1159 Ἀχαΐας.

1068 1178 1247 1213 ’Λφικόμενος
1276 1176 1304 1202 δὲ
1349 1176 1378 1206 ὲς
1411 1174 1546 1206 Σικυῶνα,
1584 1173 1634 1208 τὴν
1678 1171 1727 1207 μὶν
1758 1171 1844 1200 πόλιν.

1064 1227 1092 1252 ὲν
1143 1224 1234 1260 ἡμέρᾳ
1247 1223 1261 1249 ὀ
1282 1222 1390 1256 Ίσθμὸς
1410 1221 1491 1253 ἑάλω,
1509 1218 1647 1254 ἐπέδραμέ
1671 1226 1701 1244 τε
1731 1218 1744 1244 ὁ
1763 1225 1847 1251 στρα-

1063 1272 1110 1302 τὸς
1143 1270 1189 1297 τοῦ
1219 1269 1362 1304 βασιλέως,
1391 1266 1438 1294 καὶ
1476 1265 1693 1301 ἠνδραποδίσατο
1737 1263 1849 1297 σύμπα-

1065 1325 1116 1344 σαν
1144 1317 1228 1353 ᾱρδην
1261 1315 1310 1350 τὴν
1339 1314 1437 1341 πόλιν
1455 1313 1580 1340 ἀπόντων
1602 1311 1631 1338 δὲ
1657 1310 1712 1337 τῶν
1745 1308 1848 1344 ἀνδρῶν

1066 1366 1096 1396 ἐς
1126 1365 1172 1391 τὸν
1205 1362 1325 1398 Ἰσθμὸν,
1351 1362 1399 1388 καὶ
1435 1360 1496 1387 οὐδὲ
1534 1360 1564 1384 ὲν
1584 1357 1675 1393 ὀχυρῷ
1704 1355 1849 1392 ᾠκημένης

1065 1412 1115 1446 τῆς
1145 1411 1259 1441 πόλεως,
1288 1408 1390 1442 ταύτην
1419 1407 1468 1442 μὲν
1497 1406 1520 1422 ¹⁹
1543 1405 1624 1436 εὐθὺς
1653 1403 1713 1430 τότε
1747 1402 1850 1437 ἠνδρα-

1067 1458 1220 1487 ποδίσαντο,
1235 1455 1283 1482 καὶ
1299 1455 1345 1481 ἐπὶ
1363 1454 1489 1480 πλεῖστον
1503 1452 1608 1487 ἣλασαν
1617 1450 1667 1485 τῆς
1682 1447 1850 1481 Πελοποννή-

1068 1512 1127 1534 σου,
1145 1501 1208 1533 τούς
1227 1509 1257 1527 ἰε
1282 1499 1418 1535 ἡγεμόνας
1435 1497 1589 1528 διώκοντες.
1605 1496 1652 1522 καὶ
1672 1495 1736 1526 τοὺς
1755 1493 1850 1524 ἄλλους

1071 1549 1218 1582 Ἓλληνας,
1242 1547 1280 1578 ὡς
1299 1547 1378 1576 ἄλλος
1396 1545 1465 1580 ἄλλῃ
1482 1544 1568 1579 ᾤχετο
1589 1542 1709 1576 φεύγων,
1732 1540 1781 1575 τὴν
1801 1540 1852 1575 μὲν

224 1600 309 1626 duces
335 1603 362 1625 et
385 1599 507 1634 reliquos
539 1598 659 1626 Graecos.
679 1598 747 1626 Cum
777 1603 868 1625 autem
891 1599 1009 1626 hostium

1065 1596 1143 1622 πόλιν
1161 1595 1243 1629 κενήν
1268 1602 1298 1620 τε
1319 1592 1463 1623 κατέλασε,
1479 1591 1525 1617 καὶ
1540 1590 1589 1623 τὴν
1611 1587 1759 1624 ἀκρόπολιν
1784 1588 1849 1613 ἑπο-

225 1646 296 1672 alius
312 1645 380 1678 alio,
393 1645 439 1672 ubi
450 1652 480 1671 se
493 1649 578 1671 tutum
589 1645 712 1679 putabat,
723 1644 845 1679 palantes
859 1645 1012 1672 dilaberen-

225 1697 281 1724 tur,
310 1692 404 1719 urbem
431 1691 624 1719 defensoribus
651 1698 764 1718 vacuam
795 1690 822 1717 iu
848 1694 1011 1724 potestatem

227 1739 336 1773 redigit,
351 1738 549 1772 obsidionequc
561 1745 652 1764 arcem
665 1744 790 1772 premere
801 1737 908 1764 statuit.
930 1736 1012 1763 Erant

227 1787 253 1811 in
271 1792 301 1812 ea
316 1792 380 1811 arce
396 1784 545 1818 Siulgerius
565 1783 602 1818 (6)
625 1783 747 1815 Graecus,
775 1786 802 1810 et
827 1783 873 1810 alii
900 1782 1011 1816 quidam

226 1830 381 1857 Gnecinon
404 1829 484 1855 multi
509 1834 572 1855 cum
605 1827 700 1855 liberis
713 1831 741 1854 et
754 1826 898 1854 uxoribus.
932 1826 1012 1854 Turci

227 1876 309 1910 igitur
329 1874 506 1903 sull'odientes
524 1881 626 1906 arcem,
657 1881 718 1900 cum
744 1873 896 1908 Mulgerius.
911 1873 1013 1900 nullam

227 1923 324 1950 salutis
346 1930 421 1957 spem
446 1921 577 1955 allulgere
618 1924 754 1952 cerneret,
782 1921 960 1955 semetipsum
988 1926 1014 1948 et

227 1977 318 1997 arcem
337 1967 465 1995 Amurati
485 1967 607 1994 tradidit.
628 1966 682 1993 llos
707 1966 817 2000 quidem
835 1974 896 1993 cum
919 1966 1013 1993 liberis

226 2019 252 2043 et
270 2015 406 2042 uxoribus
418 2013 492 2040 misit
506 2013 633 2047 Angium,
646 2013 741 2040 urbem
758 2012 936 2047 opulentam;
957 2013 1015 2047 ipse

227 2071 293 2090 vero
322 2061 436 2089 aedilicia
463 2061 540 2088 urbis
569 2064 656 2093 capta:
688 2059 821 2086 incendit.
851 2059 911 2092 Quo
929 2059 1013 2090 facto.

227 2109 347 2135 ulterius
359 2107 546 2141 proﬁciscens,
578 2106 649 2132 venit
667 2104 762 2132 Patras
779 2105 889 2131 Achaiae
918 2105 1013 2132 urbem

226 2153 326 2187 opibus
344 2153 496 2178 not-cutem.
531 2149 665 2184 Oppidani
700 2150 794 2176 urbem
825 2149 906 2176 istam
937 2151 1014 2177 dese-

225 2202 350 2230 ruerant,
372 2197 504 2224 abeuntes
520 2197 547 2222 iu
563 2195 750 2222 continentem
765 2195 942 2228 Venetorum,
955 2204 1015 2231 quae

225 2253 259 2272 ex
276 2244 401 2279 opposito
431 2247 500 2269 erat.
536 2241 703 2269 Remansero
730 2247 818 2270 tamen
844 2243 954 2277 quidam
985 2244 1011 2270 in
1027 2257 1052 2286 ι)

197 2319 200 2322 λ
225 2298 290 2318 arce
307 2294 334 2318 ct
349 2290 376 2317 in
401 2288 492 2323 regia:
509 2289 587 2316 stulti
602 2289 723 2323 quidem,
745 2295 804 2315 cum
831 2289 929 2324 reliqui
961 2290 1012 2317 sibi

226 2335 482 2372 fugacousulereot,
500 2335 552 2371 ipsi
584 2335 749 2370 semetipsos
765 2335 792 2362 in
808 2342 891 2368 grave
918 2335 1016 2362 discri-

226 2393 287 2412 men
304 2384 523 2419 prazcipitarunt.
556 2382 642 2410 Erant
659 2387 750 2410 autem
777 2389 893 2410 numero
917 2387 1015 2416 quater

227 2429 313 2456 mille.
330 2428 411 2456 Viros
429 2429 516 2464 igitur.
526 2433 555 2455 et
567 2428 698 2455 mulieres
710 2436 771 2462 quae
785 2428 812 2454 in
826 2427 899 2463 regia
924 2432 1013 2459 erant,

227 2476 400 2509 pactionibus
410 2474 596 2502 Amuratesin
622 2474 701 2501 [idem
724 2475 837 2508 accepit,
865 2482 1014 2508 omncSque

228 2523 254 2548 in
270 2522 468 2556 mancipiorum
485 2522 577 2548 album
605 2521 710 2548 retulit.
728 2520 797 2548 llinc
823 2521 895 2548 arcis
922 2529 1011 2556 oppu-

228 2567 382 2600 gnationem
402 2567 560 2600 auspicatus
577 2572 630 2599 est,
644 2565 859 2601 peregrinosque
873 2566 956 2597 misit.
985 2571 1014 2592 ut

227 2619 286 2637 eam
301 2610 391 2636 subito
406 2616 546 2644 caperent.
572 2610 604 2637 lli
635 2617 743 2637 summa
777 2609 801 2636 vi
829 2610 958 2644 impetum
984 2611 1012 2638 iu

229 2663 336 2682 ιιιιιῐῚιιιι
368 2655 475 2686 dantes,
500 2663 616 2690 eumque
643 2655 836 2689 sut‘fodientcs,
866 2656 892 2682 in
921 2663 1011 2682 arcem

229 2703 362 2735 irrupere.
378 2699 464 2728 Graeci
479 2699 596 2727 I‘csiuam
612 2704 638 2727 et
664 2701 750 2734 picem
777 2700 916 2728 incensam
935 2701 1014 2736 185

1063 1642 1179 1677 λιόρκει.
1198 1640 1315 1675 Ἐνῆσαν
1332 1639 1354 1664 δ’
1375 1637 1468 1664 αὐτόθι
1495 1635 1664 1670 Μουλγέριός
1681 1642 1710 1660 τε
1737 1633 1847 1667 Ἕλλην,

1064 1689 1111 1716 καὶ
1127 1687 1202 1715 ἄλλοι
1217 1685 1276 1720 μετ’
1292 1684 1375 1712 αὐτοῦ
1389 1691 1460 1714 τινες
1478 1681 1624 1716 Ἑλλήνων,
1635 1680 1665 1706 οὐ
1681 1679 1786 1711 πολλοὶ,
1801 1678 1850 1704 σὺν

1063 1733 1170 1768 γυναιξί
1187 1741 1217 1758 τε
1236 1731 1294 1766 ἅμα
1317 1730 1366 1757 καὶ
1381 1727 1485 1756 παισίν.
1504 1728 1583 1767 Ὲπεὶ
1597 1727 1618 1753 δ’
1635 1725 1773 1760 ὑπορύξας
1792 1724 1849 1751 EOS:

1064 1778 1114 1813 τὴν
1131 1777 1291 1812 ἀκρόπολιν,
1313 1775 1421 1802 ἐνταῦθ’
1435 1775 1466 1806 ἐς
1485 1773 1634 1808 ὁμολογίαν
1651 1770 1820 1806 ἀφικόμενος
1835 1771 1850 1796 ό

1063 1826 1112 1860 τῆς
1128 1821 1307 1858 ἀκροπόλεως
1323 1820 1421 1855 φύλαξ,
1439 1818 1583 1854 παρέδωκέ
1593 1826 1622 1844 τε
1634 1817 1718 1843 αὑτὸν
1730 1816 1778 1843 καὶ
1799 1814 1850 1850 τὴν

1064 1870 1164 1906 ἄκραν.
1187 1867 1304 1898 Τούτους
1324 1866 1372 1902 μὲν
1391 1866 1435 1900 δὴ,
1458 1865 1505 1890 καὶ
1526 1864 1671 1897 γυναῖκας,
1685 1861 1734 1906 καλ
1750 1860 1850 1891 παῖδας

1063 1917 1093 1948 ἐς
1103 1903 1236 1949 "Antor,
1251 1912 1328 1939 πόλιν
1345 1911 1504 1945 εὐδαίμονα,
1519 1908 1680 1940 ἀπέστελλε,
1696 1903 1746 1942 τῆς
1759 1906 1788 1933 δὲ
1801 1906 1850 1932 πό·

1064 1963 1132 1993 λεως
1147 1960 1307 1995 ἐνεπίμπρα
1324 1967 1354 1984 τε
1370 1958 1419 1988 τὰς
1437 1956 1537 1988 οίκίας,
1552 1955 1601 1982 καὶ
1618 1954 1665 1980 τοῦ
1683 1954 1777 1987 πρόσω
1789 1952 1850 1987 ἑχό-

1066 2016 1158 2043 μενυς,
1176 2006 1291 2039 ἀφίκετο
1308 2004 1353 2030 ἐπὶ
1377 2003 1487 2037 Πάτρας
1505 2001 1554 2036 τῆς
1578 2000 1691 2034 Ἀχαΐας
1708 1998 1786 2025 πόλιν
1802 1998 1849 2023 εὐ-

1064 2055 1189 2088 δαίμονα.
1203 2053 1313 2087 Ταύτην
1334 2051 1384 2086 μὲν
1400 2048 1448 2076 οὖν
1466 2048 1591 2081 ἐξέλιπον
1607 2047 1630 2073 οί
1648 2046 1743 2081 ἄνδρες
1757 2045 1785 2075 ἐς
1800 2043 1851 2078 τὴν

1065 2099 1231 2134 καταντικρὺ
1243 2099 1358 2133 ἦτεειρον
1374 2095 1428 2123 τῶν
1443 2093 1582 2122 Οὐενετῶν
1593 2100 1600 2108 ·
1615 2092 1662 2119 καὶ
1675 2090 1746 2126 πλὴν
1756 2089 1811 2116 τῶν
1822 2089 1852 2115 ὲν

1064 2148 1097 2182 τῇ
1111 2145 1250 2181 ἀκροτάτῃ
1267 2144 1300 2175 ³⁸,
1315 2142 1363 2169 καὶ
1379 2143 1410 2171 ὲν,
1429 2141 1485 2171 τοῖς
1503 2138 1649 2175 βασιλείοις
1664 2137 1690 2164 οἳ
1709 2135 1852 2163 ὲναπελεί-

1065 2195 1171 2229 φθησαν
1199 2190 1339 2226 ἀφροσύνῃ
1365 2190 1547 2223 χρησάμενοι,
1562 2186 1585 2212 οί
1608 2185 1631 2212 δ’
1652 2185 1727 2212 ἄλλοι
1750 2184 1852 2212 πάντες

1065 2240 1167 2276 ῷχοντο
1181 2237 1339 2273 φεύγοντες.
1364 2233 1455 2261 Ἦσαν
1477 2233 1499 2260 ἅ
1519 2233 1544 2258 ol
1563 2229 1805 2264 ἐναπολειφοέντες
1823 2229 1853 2259 ἐς

1066 2274 1312 2321 τετρακισχιλίους.
1324 2282 1394 2312 Τοὺς
1404 2281 1453 2316 μὲν
1467 2280 1514 2306 οὖν
1526 2278 1581 2305 τῶν
1597 2276 1741 2312 βασιλείων
1752 2274 1852 2309 ἄνδρας

1065 2341 1095 2360 τε
1123 2331 1172 2359 καὶ
1198 2331 1331 2365 γυναῖκας
1355 2328 1566 2362 παρεστήσαντο
1590 2322 1730 2358 ὁμολογίᾳ,
1753 2321 1801 2349 καὶ
1823 2321 1854 2352 ἐς

1066 2377 1222 2414 ἀνδράποδα
1237 2375 1404 2410 διελόμενος,
1417 2374 1465 2408 τήν
1478 2380 1507 2398 τε
1519 2370 1670 2406 ἀκρόπολιν
1684 2368 1853 2414 ἐπολιόρκει,

1065 2412 1123 2452 καὶ.
1136 2423 1198 2454 τούς
1212 2431 1242 2448 τε
1270 2419 1399 2455 νεήλυδας
1417 2417 1553 2452 ἐπεμψεν,
1568 2416 1606 2446 ὼς
1631 2413 1771 2445 ἑλοῦντας.
1797 2412 1854 2438 Καὶ

1066 2471 1140 2498 οὗτοι
1157 2467 1339 2505 προσέϐαλλόν
1356 2474 1387 2491 τε
1409 2464 1447 2499 τῷ
1467 2463 1563 2497 τείχει,
1585 2462 1631 2488 καὶ
1648 2459 1854 2505 ὑπορυξάμενοι

1067 2517 1235 2543 εἰσέπιπτον.
1250 2514 1282 2540 Ol
1297 2513 1328 2538 δὲ
1341 2511 1472 2545 Ἕλληνες
1487 2508 1597 2544 ῥυτίνην
1612 2508 1659 2533 καὶ
1673 2506 1773 2532 πίσσαν
1787 2504 1854 2538 τιυρὶ

1066 2563 1203 2598 ἁψάμενοι
1217 2560 1277 2587 κατ’
1301 2558 1381 2594 ὀπὴν,
1393 2556 1455 2587 τούς
1471 2563 1500 2581 τε
1512 2553 1643 2588 νεήλυδας
1656 2551 1854 2586 ὲξεκρτύσαντο

1066 2597 1304 2643 ἀμυνόμενοι,καὶ
1321 2603 1469 2638 ὲκράτυνον
1495 2601 1547 2637 τὴν
1572 2597 1732 2634 ἀκρόπολιν.
1756 2597 1854 2629 Ἀμου-

1068 2655 1152 2692 ράτης
1166 2653 1269 2688 μὲνδὴ,
1285 2651 1323 2683 ὡς
1338 2648 1516 2683 Τουραχάνης
1531 2644 1657 2672 ἐντεῦθεν
1673 2643 1853 2692 ἀφικόμενος,

1068 2686 1115 2728 καὶ
1131 2686 1294 2735 ’ἀνδράποδα
1321 2695 1359 2727 ὠς
1383 2695 1498 2722 πλεῖστα
1524 2691 1670 2727 ἀγόμενος,
1684 2686 1863 2724 παρεγένετο,

865 2785 987 2816 Νοιυιω
1008 2784 1206 2825 marginales.

265 2823 302 2881 (ti;
318 2845 490 2880 (Zalagrrius.

266 2930 286 2948 ’ν
300 2929 330 2957 [ἰ.
348 2930 390 2965 ἦν,
425 2929 446 2943 ³⁸
463 2929 513 2963 ακρ
534 2926 619 2954 πόλει,
640 2925 673 2956 .ln
691 2926 726 2953 al.
743 2932 768 2954 ut
783 2937 796 2955 ε
