1950 3075
107 190 162 222 345

656 189 704 220 DE
721 188 850 220 REBUS
865 187 1042 218 TURCICIS
1065 187 1140 219 LIB.
1160 188 1226 220 VII.

1691 188 1745 220 346

107 246 194 280 αῇτῷ,
206 244 314 276 ἐνταῦθ’
326 244 525 277 ὲπαναζεῦξας,
536 243 768 279 ἀπήλαυνε.Μετὰ
777 243 805 269 δὲ
816 241 903 270 ταῦτα

959 250 1004 277 per
1030 241 1167 270 foramina
1196 243 1362 278 iaculantes.
1389 244 1550 280 peregrinos
1579 243 1744 278 expulerunt

107 293 139 318 οὐ
159 292 250 327 πολλῷ
267 291 382 326 ὕστερον
405 291 522 323 σπονδάς
540 300 570 318 τε
585 291 747 326 ἐποιήσατο,
763 290 810 317 καὶ
833 289 900 316 ὑπό-

109 346 195 374 φορον
208 338 287 374 ἔσχον
300 338 350 371 τὴν
366 338 569 372 Πελοπόννησον
585 338 615 364 τὸ
631 338 683 364 ἀπὸ
703 337 780 364 τοῦδε
798 337 822 363 ot
837 337 902 363 Ἕλ-

107 385 192 420 ληνες
209 385 291 420 μέχρι
314 384 423 416 τούτου,
436 384 467 411 τὸ
485 385 549 420 πρὶν
571 384 720 419 ἐλευθέραν
738 381 831 410 οὖσαν.
846 382 902 418 Τὴν

110 431 161 466 μὶν
176 431 225 458 οὖν
239 432 320 458 πόλιν
335 431 390 458 τῶν
406 431 505 467 Θηϐῶν
519 430 693 465 πειρώμενον
706 429 810 457 ἐπιέναι
826 428 903 464 βασι-

109 479 159 506 λέα
176 478 224 505 ἐπὶ
242 478 448 513 Πελοπόννησον
463 477 586 510 ἐξέλιπόν
601 486 643 509 τε,
657 477 703 504 καὶ
718 476 784 508 τοὺς
802 476 903 509 ἄνδρας

110 525 324 558 ἐξαναστάντες,
338 524 450 560 ᾤκησαν
469 524 497 550 ἐν
509 524 548 560 τῷ
568 523 679 558 Ἰσθμῷ,
693 524 792 555 οῐτινες
807 523 839 556 δὴ
856 522 904 549 καὶ

110 572 237 599 ἑάλωσαν
255 571 308 597 ὑπὸ
325 571 467 605 Τούρκων.
486 570 518 597 Ἦ
541 569 568 596 δὲ
593 569 671 601 ἐκτὸς
685 568 761 604 χώρα
789 568 835 595 τοῦ
852 568 903 603 βα-

111 617 211 649 σιλέως
226 618 328 643 αὐτίκα
347 616 419 652 μετά
432 617 482 652 τὴν
495 616 542 643 τοῦ
566 615 674 651 ’1οομοῦ
690 615 791 642 ἅλωσιν
804 623 905 650 προσε-

110 663 224 698 χώρησε
240 663 279 698 τῷ
296 663 412 699 βασιλεῖ,
437 664 468 689 τὸ
485 672 514 689 τε
537 662 632 689 [Hva
648 663 695 689 καὶ
709 663 725 696 ἠ
743 662 812 696 ἄλλη
827 661 904 696 χώρα

110 709 160 736 τοῦ
185 709 332 744 βασιλέως.
357 708 450 735 Ταῦτα
467 709 516 744 μὲν
540 707 631 736 οὖνέν
648 709 680 743 τῇ
708 707 904 742 Πελοποννήσῳ

111 757 139 788 ἃς
153 756 283 783 τοσοῦτον
298 756 418 790 ἐγένετο.
437 756 493 782 Καὶ
517 756 643 790 βασιλεὺς
669 755 717 782 τοῦ
743 754 904 788 ἐπιγινομέ-

111 811 159 828 νου
181 802 281 837 Θέρους
305 801 487 837 ἐστρατεύετο
504 803 550 829 ἐπὶ
564 801 718 836 Σκεντέρην
735 801 756 816 ³¹
773 800 819 826 τὸν
834 799 904 827 Ἰϐά-

113 857 168 874 vam
186 849 282 880 παῖδα,
305 848 334 880 ὃς
353 849 418 880 παῖς
433 848 482 881 ὢν,
502 849 531 880 ἐς
554 848 602 878 τὰς
628 848 714 884 θύρας
738 847 904 882 ἀφικόμενος

112 895 162 922 τοῦ
181 895 324 930 βασιλέως,
339 896 387 922 καὶ
404 895 517 922 παιδικὰ
531 895 613 921 αὐτοῦ
625 895 784 929 γενόμενος,
798 893 904 928 ἀπέδρα

113 942 142 973 ἐς
153 942 203 976 τήν
214 941 345 977 πατρῴαν
356 941 440 968 αὑτοῦ
453 942 557 977 χώραν,
568 942 615 968 καὶ
629 940 764 975 ἀγόμενος
773 941 902 974 γυναῖκα,

113 987 256 1023 θυγατέρα
270 987 319 1014 τοῦ
340 988 514 1022 ’Λριανήτου,
537 988 570 1013 ἐκ
590 986 637 1013 τοῦ
655 985 794 1021 ἐμφανοῦς
809 985 904 1011 ἐπολέ-

115 1043 186 1070 μουν
201 1034 240 1068 τῷ
257 1033 373 1068 βασιλεῖ.
391 1034 446 1061 Καὶ
466 1033 530 1060 οὗτε
547 1033 630 1068 φόρον
648 1034 788 1067 ἐπήγαγον
802 1032 841 1066 τῷ
857 1031 905 1065 βα-

113 1082 195 1111 σιλεῖ.
210 1080 273 1107 οὔτε
287 1081 365 1107 αὐτοὶ
385 1082 412 1111 ἐς
426 1080 476 1112 τὰς
489 1080 572 1115 θύρας
587 1079 668 1111 ἵεντο,
685 1078 746 1105 οὔτε
762 1077 905 1105 πείθεσθαι

113 1127 223 1162 ἦθελον.
239 1127 289 1153 Διὰ
303 1126 389 1153 ταῦτα
405 1126 570 1161 συναγείρας
586 1125 694 1152 ᾶπαντα
707 1125 752 1151 τόν
766 1133 796 1150 τε
811 1123 906 1155 Ἀσίας

113 1175 160 1200 καὶ
176 1173 313 1208 Εὐρώπης
325 1173 398 1207 αὐτῷ
413 1173 528 1207 στρατὸν
542 1172 659 1206 ἤλαυνεν
671 1172 717 1198 ἐπὶ
733 1171 782 1205 τὴν
794 1171 907 1197 Ἰϐάνεω

113 1218 207 1254 χώραν
220 1227 227 1234 ·
245 1219 290 1245 καὶ
308 1219 370 1244 ἐπει
385 1227 414 1244 τε
437 1218 568 1244 ἐσέϐαλεν
590 1218 618 1246 ἐς
635 1217 684 1252 τὴν
707 1217 811 1252 χώραν,
826 1216 904 1252 ἐδῄου

113 1275 145 1292 τε
161 1266 196 1292 τὰ
213 1265 421 1300 στρατεύματα,
437 1265 601 1300 διαπέμπων
625 1265 688 1291 ὅποι
715 1265 845 1299 παρήκοι,
859 1265 906 1290 καὶ

114 1309 274 1344 ἐνεπίμπρα
292 1310 340 1340 τάς
360 1318 389 1335 τε
405 1309 502 1343 κώμας
516 1309 563 1335 καὶ
581 1310 644 1340 τοὺς
660 1309 773 1343 ἀγρούς.
800 1309 856 1335 Καὶ
872 1309 907 1335 τὰ

113 1355 180 1390 λήῖα
197 1355 322 1381 ἐκαίοντο
345 1355 397 1381 ὑπὸ
412 1355 458 1382 τοῦ
475 1355 603 1389 στρατοῦ,
617 1355 664 1381 καὶ
683 1356 907 1390 περιεφθεῐροντο

113 1401 149 1428 τὰ
165 1401 256 1427 huic;
275 1401 375 1427 πάντα.
399 1401 551 1435 Σκενδέρης
569 1401 618 1435 μὲν
631 1398 677 1426 οὖν
691 1401 737 1426 ἐπὶ
752 1401 800 1435 τὴν
817 1401 845 1431 ἐς
862 1401 907 1426 τὸν

113 1447 210 1475 Ἰόνιον
237 1447 370 1482 παράλιον
394 1447 486 1482 χώραν
508 1447 564 1474 τῶν
592 1447 731 1475 Οὖενετῶν
749 1439 906 1479 ὑπεξέθετο,

115 1494 196 1525 αὑτός
211 1503 241 1521 τε
258 1496 304 1521 καὶ
321 1496 345 1521 οἱ
368 1495 507 1521 ’Δλϐανῶν
524 1495 557 1526 ³’,
579 1495 628 1527 τάς
652 1504 681 1521 τε
703 1496 836 1528 γυναῖκας
862 1496 908 1522 καὶ

116 1542 230 1572 παῖδας.
244 1540 326 1567 Αὐτοὶ
339 1541 368 1568 δὲ
382 1541 534 1576 περιιόντες
547 1541 611 1568 ἄλλο
625 1550 655 1568 τε
671 1542 738 1576 ἄλλῃ
753 1542 801 1575 τῆς
815 1541 907 1576 χώρας

953 290 1087 317 acerrime
1099 295 1292 325 repugnantes,
1319 298 1466 326 arcemque
1490 295 1517 318 et
1540 299 1649 317 murum
1684 291 1747 317 reﬂ-

953 337 1057 364 cientes
1072 342 1098 363 et
1118 337 1222 371 optime
1241 337 1408 366 munientes.
1428 338 1585 369 Amurates.
1604 337 1649 364 ubi
1665 337 1746 364 adve-

954 383 993 410 nit
1015 382 1202 416 Turachanes,
1218 383 1321 411 vehens
1339 384 1486 410 maximam
1505 384 1646 410 hominum
1679 383 1745 410 alia-

954 437 1070 464 rumque
1092 437 1183 456 rerum
1210 431 1342 465 praedam,
1367 438 1428 457 cum
1456 430 1578 457 exercitii
1598 431 1745 462 discessit,

954 483 1005 502 nec
1020 476 1105 503 multo
1132 482 1191 510 post
1210 484 1305 511 pacem
1330 484 1392 504 eum
1421 477 1522 504 Graecis
1550 476 1625 504 fecit.
1655 477 1693 503 Ex
1712 484 1745 504 eo

955 522 1017 550 inde
1033 527 1157 557 tempore
1175 522 1390 558 Peloponnesus,
1402 531 1462 557 qum
1472 523 1549 557 prius
1564 523 1649 550 libera
1673 527 1745 556 erat,

955 569 1097 597 tributaria
1112 570 1182 597 facta
1201 574 1254 597 cst.
1281 569 1390 597 Thebas
1417 570 1553 602 Thebani,
1582 577 1643 596 cum
1662 571 1748 598 hosti-

955 617 1017 644 liter
1035 617 1177 645 accederet
1190 625 1247 648 rex,
1270 617 1417 645 deseruere
1433 626 1440 644 :
1456 621 1482 644 et
1509 617 1536 644 in
1555 617 1687 644 Isthmum
1718 624 1749 645 se

954 665 1105 697 contulere,
1123 664 1202 698 quasi
1221 664 1256 690 ibi
1265 663 1485 698 habilaluri,'qui
1498 667 1588 690 tamen
1602 664 1635 690 ab
1651 663 1749 691 Turcis

954 708 1027 743 capti
1048 712 1122 736 sunt.
1140 707 1268 736 Exterior
1285 713 1377 735 autent
1398 709 1483 742 regio,
1499 707 1604 736 Pindus
1622 709 1750 737 videlicet

955 759 981 781 et
999 754 1104 789 reliqua
1123 754 1207 789 regio,
1226 755 1427 789 quamprimum
1444 753 1564 782 lsthmus
1580 759 1678 789 captus
1696 759 1749 788 est,

955 799 983 827 in
1000 801 1072 834 regis
1086 805 1249 835 potestatem
1269 801 1388 828 devenit.

991 847 1204 882 Appetentejaxn
1224 852 1329 880 testate,
1361 847 1507 875 Amurates
1538 847 1638 874 bellum
1666 847 1753 875 movit

955 899 1051 921 contra
1067 893 1231 921 Seenderem
1246 893 1336 921 lbzinis
1352 893 1438 920 lilium
1467 893 1665 929 (Alexandrum
1693 893 1751 921 sive

956 939 1178 975 Scanilcrbegum
1191 939 1381 974 appellatum),
1392 939 1438 974 qui
1449 947 1517 974 puer
1527 939 1601 967 venit
1613 939 1640 966 in
1651 940 1751 973 januas

956 987 1041 1020 regis,
1068 986 1183 1020 ejusque
1208 986 1382 1014 concubinus
1418 986 1506 1014 factus
1538 991 1609 1014 est:
1640 987 1751 1014 tandem

956 1033 1050 1068 effugit
1063 1033 1088 1060 in
1107 1034 1222 1067 patriam
1252 1041 1329 1061 suam
1356 1033 1508 1067 regionem.
1540 1033 1625 1060 Ducta
1652 1033 1752 1062 deinde

957 1087 1040 1106 uxore
1056 1079 1195 1106 Arinnetis
1207 1078 1260 1105 ﬁlia
1286 1079 1334 1113 (7),
1364 1086 1397 1105 ex
1426 1078 1552 1113 professo
1568 1079 1670 1106 bellum
1688 1087 1751 1106 cum

957 1131 1020 1157 rege
1037 1123 1157 1158 gerebat.
1189 1123 1255 1149 Nam
1286 1123 1416 1150 tributum
1443 1123 1516 1150 haud
1548 1124 1666 1159 amplius
1694 1124 1752 1159 regi

958 1169 1122 1204 pendebant,
1139 1177 1187 1196 nec
1201 1169 1227 1196 iu
1238 1169 1340 1204 januas
1353 1169 1438 1202 ibant,
1457 1177 1555 1206 parere
1567 1178 1679 1204 quoque
1693 1171 1752 1206 regi

957 1216 1155 1243 detrectabant.
1172 1215 1344 1250 Quapropter
1356 1215 1501 1243 Amurates
1514 1223 1670 1243 convocans
1678 1216 1752 1244 Asiae

958 1263 1127 1297 Europmque
1144 1263 1280 1290 exercitus
1306 1263 1460 1296 universos,
1490 1262 1581 1290 lbanis
1611 1264 1751 1298 regionem

959 1309 1029 1336 bello
1048 1313 1138 1342 petere
1152 1309 1304 1336 statuebat.
1322 1308 1440 1336 Veniens
1453 1309 1536 1344 Igitur
1554 1309 1581 1336 in
1600 1309 1751 1343 regionem,

959 1355 1085 1382 vastabat
1113 1356 1281 1387 universam,
1309 1355 1384 1382 vicos
1412 1363 1550 1391 agrosque
1570 1356 1752 1388 incendebat;

960 1401 1125 1429 frumentum
1160 1409 1324 1435 omnemque
1352 1407 1536 1429 commeatum
1565 1402 1753 1430 comburebat.

959 1447 1057 1475 Omnia
1080 1455 1141 1482 quae
1166 1448 1193 1475 in
1209 1455 1240 1474 ea
1267 1449 1378 1483 regione
1402 1452 1490 1480 erant,
1526 1448 1756 1483 populationibus

958 1494 1177 1528 dissipabantur.
1199 1493 1350 1522 Scenderes
1366 1494 1451 1528 igitur
1464 1495 1523 1529 ipse
1536 1502 1643 1521 necnon
1673 1494 1755 1521 Alba-

959 1542 986 1570 ni
1002 1549 1107 1575 omnes.
1125 1542 1151 1569 in
1167 1542 1333 1568 maritimam
1346 1549 1442 1569 versus
1460 1540 1568 1569 Ionium
1587 1541 1754 1569 Venetorum

115 1587 273 1622 διήρχοντο,
286 1587 312 1613 εἴ
326 1596 374 1614 του
387 1587 488 1614 δέοιντο
502 1588 530 1614 αί
543 1588 634 1618 πόλεις
647 1587 747 1613 αὐτῶν.
764 1587 818 1613 Καὶ
833 1584 905 1614 οὗτοι

959 1590 1110 1624 regionem,
1126 1596 1225 1616 uxores
1250 1594 1277 1615 et
1305 1588 1417 1621 liberos,
1446 1596 1502 1624 quo
1520 1589 1555 1616 ab
1585 1587 1755 1622 impendcuti

118 1633 169 1667 μὲν
185 1632 238 1658 ἀνὰ
261 1633 291 1658 τὸ
312 1632 385 1668 ὅρος.
405 1633 433 1658 τὸ
454 1631 525 1667 ὑπὲρ
542 1633 592 1667 τὴν
619 1632 713 1666 χώραν
728 1632 829 1664 αὐτῶν,
843 1632 906 1666 ἄχρι

115 1678 165 1704 τοῦ
182 1677 279 1704 Ἰονίου
294 1678 436 1709 διατεῖνον,
451 1678 595 1713 διέτριϐον,
606 1677 831 1712 καραδοκοῦντες,
846 1679 907 1704 ὅποι

118 1724 197 1758 σφίσι
207 1724 242 1750 τὰ
256 1723 406 1758 πράγματα
418 1724 588 1759 ἀποϐήσεται
600 1732 607 1739 ’
621 1723 796 1758 *Δμουρὰτης
808 1724 834 1750 δὲ
847 1725 909 1750 ἐπε-

116 1771 237 1805 λαύνων,
251 1772 350 1806 πρῶτα
367 1772 416 1806 μὲν
432 1772 482 1807 τὴν
505 1773 623 1806 Σφετίαν
645 1772 723 1798 πύλιν
740 1772 907 1807 ἐπολιόρκει,

117 1818 167 1844 καὶ
185 1818 266 1850 λόγον
281 1818 331 1853 μὲν
355 1818 537 1853 προσέφερεν,
550 1817 587 1849 ὡς
605 1818 754 1852 παραδοῖεν
769 1827 797 1844 τε
812 1819 908 1854 αὐτὴν,

117 1865 164 1891 καὶ
179 1865 257 1891 αὐτοὶ
273 1865 382 1892 ἀπίοιεν
399 1865 445 1892 ἐπὶ
462 1865 495 1892 τὰ
514 1864 611 1892 ἑαυτοῦ
625 1865 742 1896 ἕκαστος
754 1874 760 1881 ·
778 1866 802 1892 oi
817 1865 846 1892 δὲ
859 1866 909 1892 οὐκ

118 1910 274 1937 ἐπείθοντο.
291 1910 369 1936 Μετὰ
385 1910 412 1936 δὲ
431 1909 519 1937 ταῦτα
545 1909 697 1945 προσέϐαλε
713 1911 762 1936 σὺν
781 1911 836 1941 τοῖς
849 1910 911 1945 νεή-

118 1955 191 1988 λυσι,
209 1957 258 1982 καὶ
277 1952 333 1982 εἷλε
351 1956 400 1991 τὴν
417 1957 495 1983 πόλιν
512 1957 583 1983 κατὰ
597 1956 707 1991 κράτος,
719 1957 767 1983 καὶ
781 1955 910 1990 ἐξηνδρα-

118 2003 260 2034 ποδίσατο,
274 2002 340 2033 τούς
364 2011 393 2028 τε
417 2003 518 2037 ἄνδρας
546 2003 711 2037 σύμπαντας
735 2003 908 2038 διεχρήσατο.

118 2048 197 2076 Μετὰ
212 2048 241 2075 δέ
256 2048 345 2074 ἐπιὼν
368 2048 414 2075 ἐπὶ
439 2048 488 2084 τὴν
513 2048 764 2083 Γετίην,όμολογὶᾳ
778 2057 807 2074 τε
824 2056 911 2081 παρε-

119 2095 251 2129 στήσατο,
269 2095 316 2120 καὶ
337 2094 402 2126 τοὺς
424 2095 453 2120 ἐν
479 2096 511 2129 τῇ
528 2095 605 2121 πόλει
629 2094 909 2130 ἀνδραποδισάμενος,

118 2140 206 2173 ἐπῆγε
222 2139 269 2165 τὴν
291 2139 407 2172 στρατὸν
426 2140 472 2166 ἐπὶ
489 2142 538 2174 τὴν
554 2139 666 2176 Κρούην
680 2140 757 2166 πόλιν
776 2141 911 2176 προέχου-

119 2193 169 2211 σαν
181 2184 238 2211 τῶν
253 2185 283 2210 ἐν
295 2186 328 2219 τῇ
343 2184 481 2211 Ἀλϐανῶν
494 2184 580 2220 χὼρᾴ.
595 2185 718 2211 Οἰκεῖται
736 2185 764 2211 δὲ
777 2186 806 2212 ἐν
820 2185 911 2220 ὀχυρῷ

119 2232 203 2258 πάνυ.
217 2230 330 2266 Ταύτην
351 2231 401 2265 μὲν
417 2231 464 2258 οὖν
478 2231 728 2267 προκαθεζόμενος,
743 2231 908 2265 ἐπολιόρκει,

117 2279 166 2304 καὶ
181 2276 344 2312 τηλεϐὀλοις
359 2286 388 2303 τε
406 2277 505 2304 ἔτυπτε
534 2278 564 2303 τὸ
589 2279 690 2312 τεῖχος,
710 2277 757 2303 καὶ
774 2277 909 2303 κατέϐαλε

119 2324 206 2359 μέρος
234 2323 285 2349 οὐκ
314 2323 412 2356 ὀλίγον.
439 2324 517 2350 Μετὰ
533 2323 561 2350 δὲ
578 2322 666 2351 ταῦτα
688 2323 841 2359 προσέϐαλε
861 2323 909 2350 σὺν

116 2370 174 2400 τοῖς
189 2369 332 2404 νεήλυσιν,
347 2369 384 2400 ὡς
399 2368 554 2405 ἐξαιρήσων
568 2370 618 2404 τὴν
636 2370 724 2397 πόλιν.
741 2370 797 2397 Καὶ
810 2369 847 2401 ὡς
861 2371 910 2396 οὐκ

117 2414 240 2449 ἠδυνήθη
258 2415 341 2447 ἑλεῖν,
356 2415 484 2449 ἀπήγαγε
501 2415 546 2441 τὸν
564 2416 691 2450 στρατόν·
717 2415 768 2451 ήδη
791 2416 846 2451 γὰρ
862 2417 911 2450 ὀψὲ

117 2459 152 2496 ἦν
174 2460 223 2487 τοῦ
241 2461 380 2493 ἐνιαυτοῦ,
403 2463 450 2488 καὶ
470 2462 574 2496 χειμὼν
594 2463 800 2496 ἐπιγενόμενος,
820 2463 913 2495 ἐπίεζε

119 2506 164 2533 τὸν
179 2506 309 2539 στρατόν.
328 2507 379 2534 Τὸν
403 2504 450 2533 οὖν
470 2507 552 2534 παῖδα
576 2506 659 2534 αὺτοῦ
676 2507 738 2544 ἄρτι
754 2508 911 2543 ἡϐάσκοντα

120 2552 271 2586 Μεχμέτην
284 2552 417 2586 περιῆγεν
433 2553 462 2579 ὲν
481 2553 520 2588 τῷ
543 2553 661 2588 στρατῷ.
677 2553 769 2586 ὲξὸτου
786 2554 912 2588 ἀφείλετο

121 2598 203 2624 αὐτὸν
218 2598 269 2632 τὴν
283 2597 430 2631 βασιλείαν.
452 2598 578 2632 Ἐγένετο
607 2599 635 2626 δὲ
651 2599 750 2631 οὕτως.
772 2599 816 2631 Ὦς
842 2600 913 2635 ἐμά-

121 2652 184 2678 χετο
196 2644 252 2674 τοῖς
270 2643 381 2670 Παίοσιν
397 2645 426 2671 ἐν
439 2646 471 2679 τῇ
488 2645 590 2681 Βάρνῃ,
605 2646 652 2672 καὶ
668 2646 702 2672 τὰ
717 2646 912 2681 στρατεύματα

121 2690 202 2718 uisui;
221 2690 296 2726 ἐώρα
314 2691 342 2716 ὲν
362 2692 434 2727 φυγῇ
453 2693 598 2726 γενόμενα,
615 2693 643 2723 ὲς
661 2692 721 2725 δέος
733 2701 763 2720 τε
779 2692 913 2727 καθεστή-

959 1636 1080 1668 periculo
1102 1636 1152 1662 tuli
1175 1635 1272 1668 forent,
1285 1638 1491 1669 exposuerunt:
1504 1634 1556 1670 ipsi
1570 1639 1660 1662 autem
1675 1634 1757 1661 undi-

959 1689 1012 1716 que
1030 1689 1077 1716 per
1100 1682 1241 1716 regionem
1263 1681 1486 1713 obambulantes,
1506 1680 1603 1708 sedulo
1629 1680 1758 1714 dispicie-

959 1728 1036 1758 bant.
1063 1728 1149 1756 sicubi
1182 1728 1264 1755 urbes
1292 1727 1414 1762 ipsorum
1454 1727 1560 1754 auxilio
1590 1727 1755 1763 indigerent.

960 1774 1055 1802 Castra
1091 1774 1245 1801 habuerunt
1278 1774 1305 1800 in
1338 1779 1430 1800 monte
1456 1773 1502 1807 qui
1531 1773 1636 1807 regioni
1661 1780 1756 1799 eorum

960 1820 1110 1856 impendet,
1128 1825 1155 1847 et
1170 1821 1195 1847 in
1208 1820 1313 1847 lonium
1327 1826 1414 1854 usque
1429 1818 1595 1854 porrigitur:
1612 1824 1638 1846 et
1653 1816 1689 1846 ibi
1706 1827 1756 1846 cx-

961 1871 1157 1904 spectaverunt
1172 1866 1234 1894 belli
1247 1870 1385 1893 eventum.
1400 1865 1547 1892 Amurates
1561 1864 1700 1900 Sphetiam
1717 1864 1757 1900 (8)

962 1913 1057 1941 urbem
1097 1911 1263 1940 exercitibus
1302 1910 1509 1943 circumsedit,
1553 1909 1757 1944 oppidanisque

962 1960 1090 1987 nuntiare
1113 1958 1207 1993 jussit,
1226 1957 1248 1986 si
1265 1956 1433 1984 deditionem
1450 1955 1582 1987 facerent,
1598 1962 1628 1982 se
1655 1955 1757 1990 singu-

963 2006 1003 2033 los
1018 2005 1051 2032 ad
1068 2012 1118 2032 sua
1131 2003 1207 2031 abire
1223 2003 1438 2038 permissurum.
1459 2001 1494 2029 At
1518 2001 1544 2029 hi
1569 2001 1758 2029 conditionem

963 2053 1044 2079 istam
1058 2058 1112 2078 non
1142 2050 1323 2077 admiserunt.
1348 2048 1523 2087 Quapropter
1542 2056 1604 2076 cum
1636 2048 1758 2083 peregri-

962 2104 1059 2124 norum
1071 2096 1183 2123 cohorte
1193 2102 1302 2122 murum
1312 2093 1396 2126 subit,
1408 2097 1505 2123 etcum
1516 2094 1618 2129 impetu
1628 2094 1653 2122 in
1664 2094 1758 2122 urbem

963 2143 1127 2176 irrumpens,
1145 2149 1175 2168 ea
1193 2140 1305 2175 potitur,
1337 2140 1490 2175 praedaeque
1519 2144 1605 2167 totam
1632 2140 1757 2176 exponit.

963 2187 1042 2215 Viros
1056 2194 1152 2213 omnes
1167 2185 1297 2213 trucidari
1324 2185 1418 2220 jussit.
1439 2185 1541 2212 Deinde
1571 2185 1663 2220 copias
1679 2184 1759 2213 duxit

963 2237 1058 2261 contra
1073 2232 1189 2265 Getiam,
1205 2239 1287 2266 quam
1305 2231 1478 2266 pactionibus
1490 2231 1518 2258 in
1531 2231 1663 2258 ditionem
1675 2239 1754 2258 acce-

963 2281 1011 2315 pit.
1027 2279 1121 2314 Captis
1142 2283 1232 2306 autem
1247 2278 1403 2312 oppidanis,
1424 2278 1579 2305 exercitum
1601 2277 1703 2304 Cruam
1720 2276 1759 2311 (9)

963 2327 1057 2353 urbem
1088 2325 1255 2352 Albanorum
1290 2324 1448 2358 primariam
1479 2323 1575 2350 movit.
1602 2321 1675 2350 Urbs
1701 2323 1759 2349 lucc

963 2373 1015 2399 sila
1033 2375 1076 2398 est
1089 2372 1115 2397 in
1130 2371 1190 2397 loco
1203 2369 1403 2396 munitissimo.
1423 2370 1500 2396 lianc
1520 2369 1666 2396 obsidione
1695 2369 1757 2396 cin-

964 2419 1014 2449 xit,
1030 2425 1196 2451 murumque
1210 2415 1370 2443 bombardis
1383 2415 1540 2445 concussit.
1571 2415 1688 2449 ejusque
1705 2423 1760 2441 nou

965 2460 1102 2488 modicam
1126 2463 1234 2494 partem
1262 2458 1370 2485 stravit.
1390 2456 1493 2484 Deinde
1513 2464 1561 2491 per
1580 2457 1641 2484 loca
1672 2456 1762 2485 ruinis

966 2505 1088 2542 patentia
1099 2513 1162 2532 cum
1177 2504 1331 2539 peregrinis
1350 2504 1503 2538 irrumpere
1514 2503 1666 2537 quaerebat,
1683 2506 1762 2537 quasi

967 2554 991 2581 vi
1013 2553 1093 2589 186
1107 2560 1167 2580 eam
1183 2557 1327 2587 capturus.
1356 2550 1452 2585 Coepta
1470 2555 1561 2578 autem
1579 2551 1672 2578 omnia
1699 2557 1762 2576 cum

965 2601 1042 2627 irrita
1065 2599 1208 2631 caderent,
1229 2598 1382 2626 exercitum
1411 2598 1528 2625 abduxit
1547 2605 1669 2630 omnem,
1694 2599 1760 2632 quia

966 2646 1073 2674 uastatis
1101 2645 1158 2680 jam
1177 2650 1331 2672 extremum
1353 2648 1423 2677 erat,
1452 2648 1480 2671 et
1512 2643 1598 2679 frigus
1616 2644 1761 2671 hibernum

967 2692 1088 2727 graviter
1103 2690 1257 2719 exercitum
1286 2689 1436 2725 alﬂigebat.
1469 2689 1569 2718 Filium
1604 2697 1685 2718 suum
1707 2687 1770 2716 Μοι

770 2750 894 2782 Notulte
911 2751 1115 2790 marginales.

155 2813 194 2847 (Ἰ)
213 2813 345 2839 Domit-ar.

155 2848 193 2882 (8)
217 2847 461 2883 Spbctisgradnm.

155 2906 174 2920 ³⁸
190 2905 222 2932 In
239 2914 303 2937 uno,
323 2905 482 2942 Σκενῆἑρην.

1003 2813 1041 2849 (9)
1058 2813 1180 2841 Groiam.

541 2907 562 2924 ³²
579 2907 712 2935 Ἀλϐανοί.
728 2906 770 2934 Sic
788 2907 867 2935 etiam
885 2908 907 2935 in

959 2915 996 2941 ξος
1013 2907 1037 2933 in
1049 2906 1085 2932 αι.
1113 2905 1137 2932 οἱ
1153 2904 1290 2933 ’Λλϐανῶν
1308 2905 1419 2939 netia-tot;
