1950 3075
190 159 240 192 ξιτ
726 157 884 189 LAONlCl
909 158 1130 190 CHALCOCON
1136 159 1242 190 DYL/E

1761 163 1817 194 31.6

191 219 323 245 clnnetem
337 217 391 251 j.nn
402 217 597 250 pubcsreutcm
613 223 660 250 per
674 221 762 243 castra
779 216 974 250 circumduxit,

1030 225 1069 244 κει
1097 217 1169 252 μέγα
1196 217 1278 248 πάνυ,
1294 217 1418 252 οἰόμενος
1445 217 1546 246 αὐτίκα
1561 218 1653 251 πάντη
1670 218 1692 233 ³³
1707 219 1817 244 ἀπολεί-

191 270 328 296 regnoque
344 261 475 296 pra-feeit.
493 261 538 288 Sic
560 266 650 288 autem
678 261 729 289 ista
754 270 879 289 evenere.
907 261 976 289 Cum

190 312 325 343 pugnaret
343 307 477 334 adversus
503 306 648 334 Pannones
669 306 773 339 Varum,
793 312 819 334 ct
839 309 977 335 exercitus

187 344 257 381 suos
273 355 307 381 ad
320 354 410 389 fugam
426 353 559 380 inclinare
584 358 719 386 cerneret,
732 353 809 380 valde
827 354 917 380 titnttit
931 361 977 388 pn-

192 405 252 427 tuus
268 407 298 427 se
309 407 370 426 mox
387 406 448 426 eum
461 399 521 426 suis
535 398 696 433 periturum.
710 399 738 426 In
754 399 804 425 hac
816 399 977 434 gravissima

192 447 353 473 necessitate
367 445 544 477 constitutus,
557 445 641 477 vovit,
666 444 688 472 si
712 445 859 472 incolumis
880 444 978 472 evade-

191 497 231 519 ret
243 498 363 526 praesens
378 491 530 526 periculum
552 496 578 519 et
595 491 708 518 victoria
722 491 866 526 potiretur,
879 500 908 518 se
918 499 977 519 ces-

189 548 284 567 surum
303 548 399 572 regno,
415 546 441 568 et
453 541 478 567 id
497 541 710 568 commissurum
722 541 788 574 lilio,
801 545 827 568 et
838 541 976 569 abiturum

190 586 217 612 in
234 587 338 617 Asiam,
358 591 386 614 ut
400 587 436 613 ibi
451 588 532 613 vitam
558 586 697 619 traducat,
724 587 858 615 admistus
884 595 977 615 sacer-

190 632 300 661 dotibus
316 638 341 659 et
353 632 509 660 Nazarmis:
535 638 561 660 et
581 633 720 660 culturum
743 633 900 668 frequenter
930 634 977 660 be-

191 687 277 710 ruem,
294 679 372 714 eique
386 679 602 706 immolaturum.
615 679 681 706 Cum
696 679 780 714 igitur
798 679 975 708 Pannonibus

190 725 518 756 vietoriamextorsisset,
546 733 611 760 rege
626 734 719 753 eorum
751 731 902 761 perempto,
928 728 976 755 do-

191 778 263 795 mnm
276 770 367 801 rediit,
385 769 672 804 tilinmqucjnniorem
697 772 886 800 acecrsivitad
900 773 974 808 regni

191 815 403 848 put-bernncnla.
420 815 487 842 Nam
501 816 572 844 illius
587 817 648 852 ejus
663 818 793 846 Aladines
824 824 889 847 natu
919 828 976 847 ma-

191 862 283 889 ximus
298 861 370 889 haud
404 863 520 897 amplius
537 869 679 898 superstes
703 870 772 897 erat,
800 865 848 893 sed
871 871 976 894 naturae

1029 263 1102 290 σθαι.
1121 263 1166 296 Ὠς
1185 264 1236 299 ήδη
1256 264 1372 298 ἀφίκετο
1391 264 1545 298 ξυμφορᾶς,
1557 263 1657 299 ηὔχετό
1674 273 1715 294 τε,
1729 265 1765 295 ὼς
1783 265 1816 299 ἢν

1027 309 1102 344 αὑτῴ
1121 309 1154 336 τὰ
1179 309 1332 345 πράγματα
1351 311 1388 346 μὴ
1406 311 1557 346 διαφθαρῇ,
1574 312 1633 338 τότε
1656 312 1684 337 ἐν
1707 311 1746 346 τῷ
1771 311 1816 337 θο-

1028 355 1102 390 ρύϐῳ
1118 356 1215 390 ἐκείνῳ
1234 357 1378 383 ἀπολιπεῖν
1399 366 1427 383 τε
1443 357 1492 392 τὴν
1509 357 1607 392 ἀρχὴν,
1623 358 1668 384 καὶ
1686 358 1725 392 τῷ
1741 358 1816 383 παιδὶ

1027 400 1225 436 ἱπιτρέψαντα,
1241 401 1323 428 αὑτὸν
1340 401 1464 437 οῐχεσθαι
1480 404 1508 434 ἐς
1522 403 1572 438 τὴν
1593 403 1695 434 Ἀσίαν,
1710 402 1816 437 διατρι-

1026 445 1112 480 ψοντα
1125 447 1173 473 σὺν
1188 447 1246 478 τοῖς
1261 446 1376 481 ἱερεῦσι,
1389 447 1435 474 καὶ
1449 449 1506 480 τοῖς
1526 447 1592 483 παρ’
1608 448 1702 479 αὐτοῖς
1718 447 1817 474 χολου-

1028 492 1120 526 μένοις
1144 492 1325 528 Ναζηραίοις,
1354 495 1575 529 προσευχόμενον
1598 495 1637 529 τῷ
1656 494 1746 528 ἦρωι,
1768 496 1816 520 καὶ

1026 538 1164 572 ἀνάγοντα
1175 538 1198 554 ³⁸
1212 538 1287 574 θαμὰ
1302 540 1352 574 τὴν
1367 539 1475 567 ουσίαν.
1495 540 1538 571 Ὠς
1551 540 1580 566 δὲ
1596 540 1770 574 περιεγένετό
1785 549 1814 566 τε

1027 585 1159 617 Παιόνων,
1169 586 1215 612 καὶ
1227 586 1273 612 τὸν
1289 586 1411 613 Παιόνων
1423 586 1538 621 βασιλέα
1548 586 1656 619 ἐξελὼν,
1671 586 1815 621 ἐκομίζετο

1028 631 1167 664 ὲπ⁴οτκου,
1182 632 1229 658 τόν
1246 641 1276 659 τε
1300 633 1383 659 παῖδα
1409 632 1493 660 αὐτοῦ
1510 633 1556 659 τον
1578 632 1713 668 νεώτερον
1740 633 1815 666 Μεχ-

1028 677 1114 713 μέτην
1131 679 1323 713 μετεπέμπετο
1338 679 1384 705 ἐπὶ
1398 679 1446 713 τὴν
1459 679 1558 714 ἀρχήν,
1576 679 1606 706 Ὀ
1621 679 1676 713 γὰρ
1693 677 1813 713 πρεσϐύ-

1025 732 1104 759 τερος
1124 724 1206 751 αὐτοῦ
1230 724 1370 760 Ἀλαδίνης
1386 725 1435 752 οὐκ
1458 726 1499 752 ἔτι
1522 725 1632 760 περιῆν,
1654 724 1814 750 ἀλλ’ὲτετε-

1026 769 1154 806 λευτήκει
1169 770 1220 797 ὑπὸ
1234 770 1319 797 ἵππου
1339 771 1578 806 ἑκτραχηλισθεὶς,
1593 770 1807 805 κυνηγετοῦντος

1026 816 1110 843 αὐτοῦ
1135 817 1182 843 χαὶ
1199 816 1353 847 ἐπιθέοντος
1375 818 1426 844 ἀνᾶ
1452 818 1555 852 κράτος
1572 817 1685 851 ὲπὶ’τὴν
1701 816 1812 849 ἔλαφον.

1027 860 1113 895 Οὗτος
1131 864 1180 898 μὲν
1195 863 1241 890 οὖν
1256 863 1342 895 οὕτως
1359 864 1530 898 ἐτελεύτησε.
1556 863 1703 898 Μεχμέτην
1718 862 1747 888 δὲ
1766 862 1812 887 τὸν

190 907 312 934 debitum
329 908 492 942 exsolverat,
522 910 706 944 praecipitatus
720 919 751 938 ex
768 919 838 946 equo
855 911 881 938 iu
896 920 977 939 vena-

1030 908 1162 945 νεώτερον
1179 910 1262 937 παῖδα
1278 911 1429 944 περιιόντα,
1441 911 1478 942 ὡς
1494 910 1603 944 ὲλέγετό
1621 918 1677 944 μοι,
1692 909 1752 935 τότε
1767 909 1814 934 ἐπὶ

192 954 277 988 tione,
295 962 357 982 cum
384 961 595 991 persequeretur
616 965 742 984 cervum.
761 957 787 986 Is
813 959 924 993 quidem
948 959 975 986 in

193 1002 264 1027 hunc
278 1001 387 1029 modtnn
401 1003 540 1030 occubuit.
563 1003 742 1031 Mecbmetem
770 1009 859 1032 autem
883 1006 976 1041 junio-

191 1054 247 1073 rem
272 1047 305 1074 ad
333 1048 408 1082 regni
435 1049 610 1076 moderamen
641 1050 756 1078 vocavit.
787 1051 855 1078 Cum
884 1057 974 1079 autent

191 1092 311 1119 venisset
327 1098 450 1126 vocatus,
468 1102 582 1129 regnum
597 1101 624 1123 et
638 1095 751 1131 januas,
767 1105 874 1125 necnon
900 1105 976 1132 pere-

189 1138 284 1172 grinos
296 1140 441 1174 paterejus
460 1140 521 1168 ﬁdei
544 1143 730 1174 committens,
749 1143 809 1178 ipse
835 1143 976 1178 profectus

188 1189 229 1211 est
252 1184 378 1218 Prusam,
407 1187 453 1214 ubi
473 1187 545 1216 Asize
563 1189 643 1217 sedes
668 1190 740 1224 regia
763 1195 815 1217 est.
843 1190 976 1218 Abdicato

189 1230 272 1267 igitur
290 1240 458 1267 rcgno,cum
477 1234 610 1268 Ziebidis,
641 1235 687 1270 qui
712 1235 866 1264 Turcorum
891 1236 977 1264 Naza-

189 1278 235 1305 rtei
252 1279 309 1306 sive
326 1280 453 1306 monachi
479 1285 554 1313 sunt,
580 1285 607 1309 et
634 1289 696 1309 cum
721 1282 842 1315 Seilidis,
870 1291 976 1311 necnon

188 1331 251 1350 eum
268 1325 382 1359 reliquis
403 1325 492 1354 doctis
520 1333 702 1356 conversatus
728 1333 782 1356 est.
807 1328 862 1356 Nec
891 1330 978 1356 multo

190 1374 253 1403 post
274 1371 402 1404 paenituit
427 1372 528 1404 virum,
556 1373 629 1408 quod
656 1382 741 1409 regno
769 1375 874 1407 relicto,
904 1383 977 1402 nunc

189 1417 322 1450 privatam
334 1424 496 1452 sequeretur
525 1420 619 1447 vitam.
646 1419 713 1448 Cum
739 1426 828 1448 autem
859 1429 977 1456 praesen-

190 1467 244 1488 tem
265 1463 325 1490 vita:
342 1464 528 1492 conditionem
556 1466 627 1494 haud
647 1466 719 1495 ferre
745 1471 849 1502 posset,
885 1469 978 1496 consi-

191 1508 225 1534 li.t
243 1509 368 1542 agitavit,
396 1518 450 1545 qua
477 1511 581 1539 ratione
603 1513 670 1540 citra
703 1514 850 1541 tumultum
874 1514 976 1550 regiam

189 1554 347 1590 dignitatem
361 1557 503 1590 r-ciperet.
522 1557 622 1586 Sedulo
644 1559 717 1586 enitn
736 1560 918 1594 praecavebat,
944 1568 977 1587 tte

190 1601 214 1628 si
249 1601 320 1630 lilius
347 1603 461 1630 sentiret
493 1604 558 1638 quid
590 1605 649 1639 ipse
685 1594 836 1638 moliretur,
876 1607 975 1634 bclltttn

189 1648 356 1681 exoriretur.
373 1649 452 1683 cujus
467 1651 525 1685 ipse
537 1657 634 1679 auctor
647 1653 681 1680 ab
696 1652 794 1680 Turcis
816 1652 975 1681 haberetur.

192 1695 258 1726 Quae
269 1695 379 1729 quidem
406 1696 497 1723 [necne
528 1697 658 1730 instituit,
686 1698 720 1725 ad
749 1698 828 1724 tinent
853 1698 976 1729 deduxit,

190 1741 316 1768 videlicet
332 1745 360 1768 ut
376 1742 478 1770 rediret
497 1743 530 1770 ad
557 1751 671 1779 regnum
701 1752 783 1779 opera
799 1749 826 1772 et
842 1744 976 1771 industria

189 1785 307 1814 Chatitis
321 1787 368 1814 ﬁlii
391 1787 504 1818 Priami.
522 1796 578 1823 quo
593 1789 764 1817 familiariter
790 1790 928 1822 utebatur,
949 1793 977 1816 ct

191 1840 253 1858 t'lilll
274 1840 330 1867 quo
349 1835 375 1860 ei
404 1834 544 1862 artissima
572 1835 766 1864 intercesserat
790 1835 976 1863 necessitudo.

191 1879 313 1907 tibatites
325 1887 391 1914 ergo
408 1879 453 1908 ubi
469 1881 633 1909 sententiam
647 1881 788 1910 Amuratis
801 1883 869 1910 satis
899 1883 978 1910 intel-

192 1924 269 1958 lexit,
297 1933 412 1960 puerum
442 1925 621 1954 Mecbmetem
649 1932 779 1955 venatum
809 1928 848 1956 ire
875 1928 976 1962 jubet,

192 1973 219 1994 ut
236 1976 265 1996 se
280 1976 360 2004 quam
385 1969 567 2004 pulcherrime
591 1979 624 1998 ex
649 1979 720 2006 equo
752 1978 901 2001 exerceret.
925 1973 977 2006 Qui

190 2015 264 2043 dicto
296 2015 433 2046 audiens.
456 2021 583 2044 venatum
611 2017 688 2045 abiit.
721 2017 827 2046 interea
855 2019 978 2047 Cbatites

192 2061 318 2087 tntntium
335 2061 418 2088 mittit
432 2061 464 2088 ad
478 2066 594 2096 patrem,
612 2071 692 2098 quem
719 2064 811 2092 subito
828 2065 900 2092 dicta
933 2066 979 2093 die

191 2105 258 2132 nihil
275 2107 390 2133 veritum
408 2107 434 2134 in
452 2108 528 2135 tubis
540 2108 641 2142 regiam
660 2110 763 2142 venire,
778 2114 805 2137 et
817 2110 863 2145 jus
887 2111 978 2140 dicere

191 2155 221 2177 ut
240 2158 328 2185 regem
344 2152 453 2180 civibus
472 2153 561 2187 jubet.
579 2153 722 2182 Amurates
745 2156 978 2190 quemadmodum

188 2197 282 2231 iussus
304 2202 374 2229 erat,
391 2198 446 2224 lilio
474 2198 621 2226 venatione
646 2206 793 2234 occupato,
817 2202 851 2228 ad
875 2203 980 2237 prmsti-

192 2250 277 2272 tutam
301 2243 374 2270 diem
400 2244 519 2271 adVenit.
548 2245 702 2274 Adveniens
725 2254 838 2282 regnum
863 2249 978 2276 invasit:

191 2291 297 2318 civibus
312 2291 461 2327 januisquc
474 2295 502 2318 ut
515 2291 658 2327 decet,jus
673 2293 752 2321 dixit.
767 2293 863 2328 Filius,
878 2299 907 2322 ut
934 2303 980 2322 ac-

192 2338 264 2372 repit
275 2342 381 2373 patrem
397 2343 500 2365 mutata
516 2339 656 2367 voluntate
673 2340 752 2377 187
767 2349 881 2375 regnum
906 2349 981 2369 rece-

192 2385 276 2418 pisse,
294 2385 420 2412 nesciens
443 2385 509 2420 quid
533 2389 626 2419 ageret
654 2386 682 2413 in
705 2386 832 2421 praesenti
858 2387 981 2422 negotio,

193 2437 283 2458 Lnncn
295 2430 422 2464 accessit,
436 2437 596 2466 patremque
625 2440 715 2467 regem
741 2433 885 2460 adomvit:
903 2442 982 2461 emn-

191 2485 244 2512 que
256 2482 367 2506 secutus
378 2483 430 2511 est,
444 2485 609 2514 quoeunque
632 2479 779 2506 militatum
790 2480 914 2508 abiisset.
927 2479 983 2508 Nec

1027 956 1076 990 τὴν
1092 957 1179 991 ἀρχὴν
1195 957 1396 991 μετεπέμπετο.
1421 957 1465 988 Ὡς
1478 956 1505 983 δὲ
1523 957 1647 991 ἀφίκετο,
1663 955 1814 990 ἐπιτρέψας

1028 1003 1101 1038 αὺτῷ
1117 1002 1166 1038 τὴν
1180 1003 1278 1038 ἀρχὴν,
1293 1004 1338 1030 καὶ
1349 1004 1396 1035 τὰς
1416 1003 1514 1038 θύρας,
1531 1005 1578 1030 καί
1594 1004 1657 1035 τοὺς
1671 1003 1813 1036 νεήλυδας,

1027 1049 1108 1081 αὐτὸς
1124 1049 1210 1084 ᾤχετο
1225 1049 1321 1080 διαῦὰς
1347 1049 1394 1076 ἐπὶ
1417 1049 1467 1085 τὴν
1479 1050 1583 1081 Ἀσίαν,
1600 1051 1628 1080 ἐς
1643 1050 1778 1085 Προῦσαν,

1027 1097 1062 1123 τὰ
1078 1097 1128 1131 τῆς
1141 1096 1232 1128 Ἀσίας
1249 1097 1373 1131 βασίλεια
1387 1094 1431 1132 ἦν.
1444 1097 1501 1132 Τὴν
1517 1097 1567 1132 μὲν
1581 1094 1627 1123 οὖν
1643 1096 1730 1132 ἀρχὴν
1743 1097 1813 1122 ἁπο-

1028 1143 1151 1177 Οέμενος,
1169 1142 1237 1177 μετά
1262 1143 1374 1178 Ζιχίδων
1396 1143 1429 1177 ³⁸,
1450 1143 1506 1170 τῶν
1522 1143 1587 1178 παρ’
1613 1142 1703 1169 αὐτῶν
1721 1141 1814 1175 Natu-

1029 1188 1124 1224 ραίων,
1132 1189 1179 1214 καὶ
1188 1188 1324 1221 Σειτίδων,
1334 1189 1380 1215 καὶ
1391 1189 1445 1215 τῶν
1454 1189 1501 1216 τοῦ
1513 1189 1607 1223 γένους
1616 1187 1718 1223 σοφῶν,
1728 1187 1813 1214 πολλὰ

1027 1235 1172 1270 διέτριϐεν.
1186 1235 1224 1262 Οὐ
1242 1235 1331 1270 πολλῷ
1346 1235 1374 1261 δὲ
1390 1234 1506 1270 ὕστερον
1531 1234 1662 1270 μετέμελέ
1679 1243 1708 1261 τε
1725 1233 1812 1268 αὐτῷ,

1029 1281 1136 1308 ἀπιόντι
1151 1282 1183 1308 ἐκ
1199 1281 1247 1313 τῆς
1261 1281 1361 1317 ἀρχῆς,
1387 1282 1433 1308 καὶ
1457 1281 1632 1308 ἰδιωτεύοντι.
1660 1281 1704 1312 Ὦς
1718 1281 1746 1307 δὲ
1763 1281 1812 1307 οῦκ

1028 1328 1168 1362 ἠνέσχετο,
1192 1327 1332 1363 ἔπρασσεν
1360 1328 1434 1360 ὅπως
1456 1327 1576 1355 ἐπανιὼν
1589 1328 1639 1364 τὴν
1656 1327 1744 1363 ἀρχὴν
1762 1337 1812 1353 κα-

1028 1374 1122 1408 τάσχοι
1136 1374 1198 1401 καθ’
1210 1374 1325 1409 ἡσυχίαν
1338 1381 1345 1388 ·
1359 1374 1397 1406 ὡς
1410 1375 1438 1401 δὲ
1454 1374 1492 1409 μὴ
1500 1375 1528 1406 ὲς
1539 1374 1671 1409 διαφορὰν
1685 1374 1814 1406 ἀφικνου-

1029 1421 1112 1454 μένου
1139 1420 1223 1447 αὑτοῦ
1248 1420 1295 1447 τοῦ
1322 1421 1428 1453 παιδὸς.
1452 1421 1669 1455 κινδυνευομένῳ
1686 1419 1761 1454 αὐτῷ
1778 1419 1813 1445 τὰ

1029 1465 1190 1501 πράγματα,
1201 1467 1248 1493 καὶ
1260 1467 1351 1494 αἰτίαν
1363 1467 1419 1502 ἔχοι
1431 1467 1498 1502 πρὸς
1506 1466 1553 1494 τοῦ
1564 1467 1659 1501 γένους
1674 1465 1718 1493 οἷα
1730 1467 1812 1493 ποιεῖ.

1031 1511 1171 1545 Ἐπρασσε
1196 1512 1225 1538 δὲ
1249 1512 1325 1544 ὅπως
1350 1513 1492 1540 ἐπανέλθοι
1519 1513 1587 1548 μετὰ
1612 1512 1738 1540 Χαλίλεω
1763 1511 1810 1539 τοῦ

1030 1558 1172 1593 Πραῒμεω,
1184 1558 1279 1593 ἀνδρὸς
1298 1558 1427 1592 συνήθους
1440 1559 1515 1594 αὑτῷ
1532 1560 1560 1590 ἐς
1574 1560 1608 1585 τὰ
1624 1559 1752 1590 μάλιστα,
1766 1558 1814 1585 καί

1029 1604 1053 1630 οἱ
1070 1604 1231 1638 ἐπιτηδείως
1251 1604 1359 1639 ἔχοντος
1374 1605 1439 1632 αἰεί.
1460 1605 1545 1637 Αὐτὸς
1570 1605 1620 1638 μὲν
1647 1605 1693 1632 οὖν
1717 1605 1810 1632 ἔπεισε

1029 1650 1074 1675 τὸν
1087 1649 1170 1676 παῖδα
1187 1650 1215 1681 ἐς
1231 1650 1317 1685 ἄγρας
1331 1651 1477 1683 φοιτῶντα,
1490 1651 1679 1686 γυμνάζεσθαι
1697 1652 1735 1683 ὡς
1747 1653 1814 1680 κά).-

1029 1694 1107 1721 λιστα
1124 1695 1168 1730 ἐφ’
1184 1695 1281 1722 ζππου.
1292 1696 1349 1723 Καὶ
1364 1697 1457 1731 ἐπειδὴ
1472 1696 1576 1730 ἔπειθε,
1593 1698 1685 1732 κρύφα
1705 1697 1814 1733 ἔπεμπε

1029 1740 1068 1775 τῷ
1085 1741 1169 1777 πατρὶ
1185 1741 1280 1774 αὑτοῦ,
1295 1742 1378 1777 μηδὲν
1393 1742 1508 1774 δεδιότα,
1522 1742 1599 1777 ἄφνω
1613 1744 1642 1774 ἐς
1664 1744 1712 1779 τὴν
1728 1745 1816 1780 ῥητὴν

1031 1787 1106 1822 αὐτῷ
1131 1788 1249 1823 ἡμέραν,
1268 1789 1436 1823 ἀφικόμενον
1453 1789 1481 1819 ἐς
1499 1789 1532 1815 τὰ
1562 1788 1687 1823 βασίλεια
1702 1792 1751 1824 τῆς
1769 1791 1816 1816 πό-

1030 1833 1110 1865 λεως,
1122 1833 1302 1868 χρηματίζειν
1318 1835 1373 1865 τοῖς
1389 1835 1418 1860 ἐν
1440 1835 1473 1868 τῇ
1495 1833 1571 1860 πόλει
1591 1834 1629 1866 ὡς
1643 1835 1766 1869 βασιλέα.
1785 1835 1816 1862 '0

1033 1879 1083 1913 μὲν
1096 1879 1142 1905 οὖν
1156 1879 1193 1911 ὡς
1209 1879 1364 1911 ὑπετὶθετο,
1379 1880 1408 1911 ἐς
1423 1880 1456 1915 ἢν
1467 1880 1542 1916 αὐτῷ
1556 1881 1681 1908 συνέθετο
1697 1882 1815 1916 ἡμέραν,

1031 1924 1198 1960 παρεγένετό
1221 1933 1250 1951 τε
1276 1925 1392 1956 ἀπόντος
1417 1926 1492 1960 αὑτῷ
1515 1926 1563 1953 τοῦ
1590 1927 1686 1958 παιδὸς
1711 1928 1740 1958 ἐς
1765 1927 1816 1963 τὴν

1032 1969 1130 2005 ἄγραν,
1153 1971 1199 1997 καὶ
1225 1972 1441 2006 κυνηγετοῦντος
1454 1980 1461 1987 ³
1482 1973 1706 2008 παραγενόμενός
1724 1983 1753 2000 τε
1770 1983 1818 2000 κα-

1031 2015 1112 2050 τέσχε
1136 2015 1186 2050 τὴν
1209 2015 1362 2051 βασιλειαν,
1381 2018 1559 2054 χρηματίζων
1573 2019 1630 2050 τοῖς
1648 2020 1676 2046 ὲν
1692 2021 1725 2055 τῇ
1740 2020 1818 2047 πόλει

1033 2061 1088 2088 τῶν
1104 2061 1194 2096 Θυρῶν
1208 2061 1245 2093 ὡς
1259 2062 1397 2097 βασιλεύς.
1419 2065 1448 2090 Ὀ
1472 2066 1564 2098 μέντοι
1590 2066 1655 2097 παῖς
1680 2066 1765 2099 αὐτῷ,
1781 2067 1818 2098 ὡς

1032 2107 1131 2142 ᾔσθετο
1158 2108 1316 2141 ἐπανιόντος
1345 2109 1392 2136 τοῦ
1420 2110 1522 2146 πατρὸς
1548 2111 1622 2146 αὺτῷ
1653 2111 1741 2146 ἄφνω,
1769 2113 1819 2138 οὐκ

1033 2153 1102 2188 ἔχων
1116 2155 1129 2180 ὃ
1143 2162 1170 2180 τι
1185 2154 1317 2190 χρήσαιτο
1327 2155 1480 2190 πράγματι,
1497 2156 1612 2192 προσῄει
1625 2165 1652 2183 τε
1669 2158 1718 2184 καὶ
1734 2166 1820 2192 προσ-

1033 2201 1165 2236 εκύνησε·
1181 2202 1228 2227 καὶ
1249 2201 1280 2227 τὺ
1315 2201 1370 2228 ἀπὸ
1394 2202 1471 2228 τοῦδε
1497 2204 1622 2237 παρῆγεν
1637 2203 1712 2238 αὐτῷ
1736 2199 1769 2234 ἐξ
1784 2204 1817 2238 ἣν

1034 2246 1068 2272 ἂν
1089 2247 1272 2282 στρατεύηται
1285 2246 1388 2282 χώραν.
1406 2248 1459 2274 Τὸν
1474 2248 1565 2282 μέντοι
1581 2249 1663 2275 παῖδα
1680 2249 1729 2276 οὐκ
1743 2249 1820 2275 ἑλάν-

1033 2292 1124 2325 θανεν,
1141 2293 1179 2324 ὡς
1191 2292 1264 2328 αὐτῷ
1276 2293 1362 2319 ταῦτα
1385 2293 1428 2328 εῐη
1443 2293 1684 2329 διαπεπραγμένος
1701 2294 1822 2329 Χαλίλης

1033 2341 1047 2367 ὁ
1064 2341 1207 2376 Πραῖμεω,
1223 2340 1269 2367 καὶ
1287 2340 1387 2376 ἤχθετό
1403 2349 1430 2366 τε
1446 2340 1539 2373 ἀξίως.
1556 2342 1593 2367 Οὺ
1615 2342 1708 2375 μέντοι
1726 2349 1757 2374 γε
1776 2343 1823 2367 ἁν-

1034 2387 1129 2421 εδήλου
1148 2386 1224 2421 αὐτῷ
1237 2387 1286 2422 τὴν
1299 2387 1396 2422 ὀργήν.
1418 2387 1494 2422 ’ῌδει
1513 2387 1567 2422 γὰρ
1586 2388 1657 2421 μέγα
1672 2387 1822 2422 δυνάμενον

1035 2434 1110 2468 παρὰ
1134 2433 1172 2468 τῷ
1197 2434 1293 2469 πατρί.
1308 2434 1375 2460 Τότε
1395 2433 1446 2469 μὲν
1462 2433 1509 2460 οὖν
1533 2435 1561 2465 ἐς
1578 2433 1627 2468 τὴν
1644 2433 1823 2468 ’Δμουράτεω

1035 2479 1163 2507 ἐπάνοδον
1179 2480 1226 2506 ἐπὶ
1243 2479 1290 2515 τὴν
1305 2479 1443 2514 βασιλείαν
1458 2478 1545 2510 οὕτως
1562 2480 1680 2513 ἐγένετο.

193 2525 272 2552 latuit
298 2525 488 2560 Mcclnnetem,
513 2535 594 2562 opera
623 2527 740 2554 Cbatitis
767 2531 872 2561 patrem
899 2535 980 2561 quam
1002 2527 1119 2554 maxime
1144 2527 1266 2562 adjutum
1295 2528 1346 2554 ista
1379 2527 1478 2563 egisse.
1515 2526 1547 2554 Et
1568 2527 1694 2562 quamvis
1721 2527 1824 2555 Chaliti

194 2575 291 2602 merito
319 2575 496 2608 irasceretur.

536 2576 603 2604 iram
632 2581 722 2604 tamen
747 2575 892 2603 ostendere
918 2576 1013 2608 noluit.
1037 2578 1139 2604 veritus
1169 2577 1219 2604 viri
1250 2576 1422 2611 potentiam,
1452 2585 1506 2612 qua
1528 2578 1676 2613 plurimum
1706 2579 1825 2612 pollebat

195 2622 264 2657 apud
276 2627 378 2657 patrem
391 2623 562 2651 Amuratem.
578 2623 607 2651 ln
621 2624 693 2651 ltunc
709 2623 820 2651 tuodtnn
845 2629 880 2650 eo
911 2626 1045 2658 tempore,
1075 2627 1187 2659 propter
1217 2624 1303 2660 patris
1335 2624 1363 2651 itt
1383 2631 1499 2659 regnum
1523 2624 1652 2658 reditum,
1672 2625 1745 2654 ﬁlius
1761 2626 1825 2654 οσα-

194 2675 254 2699 ειυς
265 2674 334 2696 erat.

230 2717 378 2750 Posmunm
403 2718 494 2744 autent
521 2716 672 2743 exercitum
698 2715 814 2744 abduxit
838 2715 872 2743 ab
889 2715 981 2743 Mace-

197 2763 288 2796 donia,
305 2770 366 2798 qua;
384 2770 482 2791 versus
498 2762 603 2790 Ionium
623 2766 709 2797 patet,
734 2769 796 2797 qua:
812 2761 982 2789 Albanorum

1077 2715 1156 2742 Ἐπεὶ
1172 2714 1200 2742 δὲ
1216 2714 1345 2749 ἀπήγαγε
1362 2713 1408 2740 τὸν
1425 2712 1541 2749 στρατὸν
1559 2713 1613 2740 ἀπὸ
1630 2713 1680 2749 τῆς
1700 2713 1764 2748 πρὸς
1779 2714 1825 2740 τὴν

1044 2763 1137 2789 Ἰόνιον
1151 2761 1328 2794 Μακεδονίας,
1345 2761 1393 2796 τῆς
1403 2760 1458 2787 τῶν
1477 2759 1616 2787 ’Δλὸανῶν
1631 2759 1734 2795 χώρας,
1746 2760 1826 2787 τοῦτο

838 2833 963 2864 Nutula:
979 2831 1181 2870 marginales.

239 2898 260 2913 ³⁸
280 2896 310 2923 In
329 2905 392 2928 una,
409 2896 491 2923 tivo.
530 2895 551 2911 ³³
574 2895 757 2930 ἀναγαγόντα.
773 2896 816 2924 Sic
829 2897 909 2924 etiam
923 2895 955 2923 ll.

995 2895 1016 2910 ³⁵
1032 2893 1062 2920 Π.
1078 2895 1124 2920 Ζ).
