1950 3075
111 179 164 212 369

635 182 685 211 DE
707 182 835 212 REBUS
850 182 1031 213 TURCICIS
1051 185 1124 215 LIB.
1151 186 1216 216 VII.

1677 182 1734 215 350

103 237 154 272 μὲν
167 237 198 264 τὸ
209 237 270 270 ἔτος
285 237 421 273 διέτριϐεν
442 239 471 265 ἐν
499 240 558 270 τοῖς
584 239 721 274 Εὐρώπης
743 239 891 274 βασιλείοις

946 242 1020 275 regio
1036 247 1088 274 est,
1104 251 1151 276 per
1172 251 1234 270 cum
1254 249 1356 270 annum
1382 242 1408 268 in
1434 241 1550 275 Europa
1567 240 1641 275 regia
1656 241 1734 274 quie-

101 285 220 319 ἡσυχίαν
232 285 319 318 ἀγων-
338 285 376 318 τῷ
388 284 411 310 δ’
425 285 529 312 ἐπιόντι
543 285 660 320 ἐνιαυτῷ
680 284 757 316 αὖθις
769 285 831 311 ἐπεὶ
848 292 895 310 πε-

103 331 265 366 ριαγγέλλει
282 329 321 365 τῷ
352 331 541 366 στρατεύματι
568 331 696 364 ἕπεσθαι,
715 330 894 366 ἐστρατεύετο

102 376 182 408 αὖθις
197 379 245 404 ἐπὶ
258 377 415 413 Σκενδέρην
426 377 473 404 τὸν
486 378 611 410 ’16άνεω,
626 379 671 405 καὶ
684 378 731 404 ἐπὶ
745 379 794 412 τὴν
807 377 894 412 ταύτῃ

103 423 174 450 κατὰ
193 423 240 449 τὸν
260 423 352 450 Ἰόνιον
372 423 511 451 Ἀλϐανῶν
528 424 630 458 χώραν,
647 424 693 450 καὶ
709 423 788 458 ἐπῄει
805 423 895 458 πολλῷ

104 469 196 504 Θυμῷ,
213 469 251 500 ὡς
265 468 364 502 ἐξελών
380 477 409 496 τε
426 470 477 502 τὴν
498 469 618 504 Κρούην,
644 470 690 496 καὶ
707 469 790 495 αὑτὸν
811 468 895 495 Σκεν-

101 515 196 550 δέρην,
222 515 436 551 ὲξαιτησόμενος
463 516 527 548 τοὺς
552 516 713 548 Οὑενετοὺς,
730 516 778 542 καὶ
807 516 840 551 ἢν
857 515 894 550 μὴ

101 563 230 589 ἀποδοῖεν
246 563 339 596 αὐτὸν,
362 563 400 594 ὡς
417 563 609 598 πολιορκήσων
629 563 679 596 τὴν
700 563 790 591 πόλιν.
816 563 844 593 ἐς
862 563 895 597 ἢν

102 609 186 641 αὐτὸς
200 610 370 643 καταφυγὼν
398 608 485 644 ἐσῄει.
515 608 593 635 Ἐπεὶ
617 609 646 635 δὲ
662 610 813 641 εἰσέϐαλεν,
832 609 896 635 ἐπο-

103 657 200 691 ρεύετο
215 656 259 683 ίθὺ
274 656 320 682 ἐπὶ
338 655 387 691 τὴν
400 656 522 690 Κρούην,
538 657 585 682 καὶ
598 657 647 691 τήν
674 664 703 682 τε
721 655 813 690 χώραν
823 676 830 688 ,
844 655 893 690 ὅση

103 703 269 729 ὑπελείπετο
285 702 336 737 τὴν
357 702 445 737 ἀρχὴν
471 701 547 736 αὐτῷ
574 702 682 736 ἀσινὴς,
709 702 848 737 ἐπέδραμέ
865 710 894 728 τε

103 748 188 775 αὑτοῦ
205 749 240 775 τὰ
254 748 459 783 στρατεύματα,
475 750 522 776 καὶ
545 749 663 775 ἐπέκαον
686 748 743 783 πῦρ
764 748 892 781 ἐνιέντες,

101 796 155 830 ὅτῳ
172 795 205 821 ἂν
217 795 311 826 αὐτοῖς
330 795 522 830 περιτύχοιεν-
552 796 690 830 ἐπέδραμε
711 795 739 821 δὲ
755 796 802 821 καὶ
828 794 892 829 ἄχρι

101 842 150 868 τοῦ
163 841 289 876 ποταμοῦ
301 842 348 868 τοῦ
361 842 383 857 ³⁸
395 843 425 869 ιὰ
438 842 641 877 στρατεύματι.
654 842 710 876 Τὴν
722 842 749 868 δὲ
764 842 892 868 ἐπέκεινα

101 887 149 915 τοῦ
165 888 290 922 ποταμοῦ
307 888 396 923 χώραν
415 889 463 924 οὐχ
477 885 521 915 οἷά
537 897 567 914 τε
582 887 615 922 ἦν
636 888 791 923 ληῒζεσθαι,
803 887 846 914 διὰ
862 887 892 913 τὸ

101 936 204 964 ἄϐατον
234 934 305 963 εἶναι
335 936 425 970 πάντη
453 937 509 967 τοῖς
535 935 668 970 βασιλέως
695 935 892 968 ίπηοδρόμοις.

101 983 158 1009 Καὶ
173 980 248 1010 οὗτοι
266 983 315 1017 μὲν
332 982 382 1014 ea;
398 991 427 1008 τε
443 984 577 1016 γυναῖκας
594 981 642 1008 καὶ
660 981 756 1012 παῖδας
774 980 893 1007 ὑπεκθέ-

102 1035 180 1061 μενοι
195 1028 224 1059 ὲς
241 1028 274 1054 τὰ
291 1028 377 1062 ἐχυρὰ
391 1027 446 1053 τῶν
461 1028 611 1058 Οὐενετῶν,
631 1027 806 1060 συνελέγοντο
823 1028 852 1057 ἐς
863 1025 893 1052 τδ

101 1074 176 1107 ὅρος,
191 1073 222 1100 τὸ
237 1073 307 1108 ὑπὲρ
327 1074 378 1108 τὴν
394 1073 505 1109 Κρούην
524 1073 602 1100 πόλιν
626 1073 727 1100 αὐτῶν.
759 1072 892 1099 Ἐνταῦθα

100 1120 129 1146 δὲ
146 1120 332 1155 ὑπεξαγαγὼν
349 1122 397 1152 τὰς
412 1122 546 1155 γυναῖκας
563 1121 610 1147 καὶ
633 1122 667 1147 τὰ
684 1120 790 1152 παιδία,
809 1121 892 1146 κατέ-

101 1166 165 1193 θετο
181 1167 209 1198 ἐς
223 1168 272 1198 τὰς
288 1167 343 1193 τῶν
358 1168 500 1194 Οὑενετῶν
523 1167 626 1198 πόλεις.
652 1167 722 1198 Τοὺς
748 1167 775 1194 δὲ
793 1166 891 1200 ἄνδρας

100 1213 251 1240 κατέλιπεν
268 1215 296 1240 ὲν
311 1215 345 1249 τῇ
360 1214 438 1241 πόλει
452 1215 670 1249 ἀμυνουμένους.
694 1213 742 1240 καὶ
758 1214 791 1240 τὰ
813 1214 890 1248 τείχη

102 1259 284 1293 φυλάξοντας·
300 1260 347 1286 καὶ
360 1260 474 1292 τούτους
493 1259 690 1295 ἐπιλεξάμενος
706 1260 769 1291 τοὺς
785 1259 890 1286 ἐθέλον-

99 1314 151 1337 τας
172 1305 276 1337 αὐτοὺς
300 1306 452 1341 ὑποστῆναι
478 1307 525 1333 τὸν
552 1307 646 1340 ἀγῶνα
659 1306 692 1333 ³⁷.
716 1305 892 1341 ’Δμουράτης

101 1352 153 1386 μὲν
166 1349 215 1379 οὖν
229 1352 279 1383 τάς
301 1361 330 1379 τε
346 1352 510 1388 τηλεδόλους
535 1351 760 1387 παρεσκευάζετο
777 1350 892 1383 καθεζό-

101 1408 195 1434 μενος,
213 1400 252 1431 ὡς
264 1399 294 1426 τὸ
308 1401 397 1435 τεῖχος
414 1399 602 1434 καθαιρήσων,
619 1398 667 1425 καὶ
684 1398 853 1433 παραμένων
868 1398 890 1414 ³⁸

100 1446 160 1480 ἂςια
178 1447 228 1473 σὺν
243 1447 301 1477 τοῖς
315 1445 445 1479 νεήλυσιν
459 1446 487 1476 ἐς
501 1446 551 1480 τὴν
566 1445 653 1472 πόλιν.
677 1445 755 1471 Ἐπεὶ
770 1444 798 1470 δὲ
815 1444 891 1478 αὑτῷ

98 1493 133 1519 τὰ
149 1493 241 1519 πάντα
257 1491 478 1526 παρεσκεύαστο,
505 1490 605 1518 ἔτυπτε
628 1491 659 1517 τὸ
671 1491 762 1525 τεῖχος
777 1490 890 1525 τηλεϐό-

97 1539 168 1571 λοις,
186 1538 235 1565 καὶ
253 1538 385 1565 κατέϐαλε
414 1538 497 1572 μέρος
516 1537 596 1564 πολὺ.
614 1536 768 1572 Σκενδέρης
790 1536 818 1562 δὲ
836 1535 889 1562 ἀπὺ

948 292 1001 314 ιιιιιι
1024 296 1107 322 πει-ηδ
1135 288 1244 315 mansit.
1269 288 1383 315 Ineunte
1409 286 1508 314 deinde
1533 293 1606 313 anno
1633 285 1732 312 itcrum

946 334 1151 367 expeditionem
1178 335 1295 369 sumpsit
1323 338 1420 361 contra
1447 332 1614 360 Seenderem
1643 331 1735 359 Inanis

947 380 1044 411 ﬁlium,
1063 383 1089 406 et
1108 384 1204 406 contra
1221 388 1280 407 eam
1305 388 1365 414 quae
1386 379 1470 407 isthic
1491 380 1543 406 sita
1562 383 1603 405 est
1617 379 1736 404 Albano-

946 435 1007 453 rum
1024 427 1176 461 regionem,
1194 434 1256 453 cum
1279 427 1409 461 jussisset
1429 427 1574 453 univursos
1599 426 1737 451 exercitus

947 473 1098 501 instructos
1120 477 1147 500 et
1165 476 1276 507 paratos
1302 477 1402 506 prresto
1427 479 1499 499 esse.
1528 471 1629 497 Plenus
1654 470 1736 504 igitur

947 519 1050 546 irarum
1067 519 1294 554 proﬁciscebatur
1310 526 1406 545 versus
1424 517 1524 544 Cruam
1539 537 1546 549 ,
1574 516 1653 550 quasi
1675 522 1735 541 eam

948 567 972 592 vi
987 570 1209 600 expugnaturus.
1230 565 1364 592 Pra‘terea
1385 564 1411 591 in
1437 564 1529 590 animo
1555 562 1670 589 habebat
1687 569 1736 587 ex-

947 613 1087 648 postulare
1108 620 1169 639 cum
1192 611 1315 644 Venetis,
1343 615 1373 638 ut
1400 610 1565 638 Scenderem
1584 610 1734 635 traderent.

945 659 1024 692 Quod
1046 660 1068 687 si
1088 654 1178 686 facere
1193 659 1370 691 omitterent,
1389 665 1418 686 se
1441 658 1618 684 obsessurum
1640 655 1736 682 urbem

945 713 1137 741 quamcunque
1161 705 1312 733 Scenderes
1338 705 1446 740 fugiens
1471 705 1611 731 intrasset.
1631 702 1666 730 Ut
1693 710 1737 728 re-

945 753 1052 787 gionem
1067 752 1193 779 hostilem
1207 756 1249 780 est
1264 752 1418 786 ingressus,
1436 755 1510 777 recta
1525 754 1623 777 contra
1636 749 1738 776 Cruam

944 799 1121 833 properabat,
1136 803 1162 826 et
1179 799 1206 826 in
1221 806 1280 826 eam
1294 798 1413 832 regionis
1426 801 1542 831 partem,
1557 803 1639 830 quam
1656 801 1735 821 antea

920 839 927 845 ’
945 845 1076 873 intactam
1092 851 1119 872 et
1146 845 1304 872 inviolatam
1324 843 1358 871 ab
1376 842 1599 878 populationibus
1618 841 1736 874 relique-

944 894 997 922 rat,
1025 897 1091 917 suos
1116 889 1217 917 milites
1243 889 1432 916 incursionem
1461 888 1551 914 facere
1571 887 1661 922 jubet.
1683 885 1734 918 Qui

945 935 1020 962 dicto
1040 935 1196 967 audientes,
1220 935 1358 962 incendiis
1377 935 1480 966 omnia,
1498 934 1587 969 ignem
1607 933 1734 967 injicien-

945 985 996 1014 tcs,
1012 982 1158 1010 miscuere.
1175 981 1208 1008 Et
1226 981 1297 1009 hanc
1313 981 1451 1015 regionem
1470 981 1571 1008 misere
1586 983 1735 1006 vastarunt
1763 1013 1769 1020 κ

945 1035 1033 1062 usque
1063 1029 1102 1058 ad.
1126 1027 1227 1055 ﬂumen
1255 1028 1323 1063 (10).
1351 1027 1451 1055 Verum
1484 1027 1625 1062 regionem
1662 1025 1732 1052 ultra

943 1075 1043 1103 ﬂumen
1061 1076 1141 1103 sitam
1160 1076 1285 1111 populari
1298 1076 1456 1111 nequivere,
1473 1075 1536 1111 quia
1552 1070 1635 1109 regiis
1654 1073 1733 1108 cqui-

945 1123 1018 1150 tibus
1038 1123 1110 1149 haud
1131 1128 1190 1149 erat
1213 1123 1317 1157 pervia.
1337 1123 1437 1150 Albani
1466 1126 1558 1150 autem
1587 1129 1687 1148 uxores
1706 1125 1734 1147 ct

943 1169 1046 1197 liberos
1062 1169 1090 1196 in
1105 1170 1211 1196 munita
1230 1169 1395 1197 Venetorum
1411 1169 1470 1196 ioca
1488 1168 1656 1202 ablegantes,
1673 1167 1733 1193 col-

943 1215 1101 1249 ligebantur
1124 1215 1151 1241 in
1178 1220 1321 1247 montem,
1339 1214 1384 1249 qui
1404 1214 1485 1241 Cruaa
1512 1213 1572 1240 urbi
1595 1212 1731 1239 imminet.

943 1261 1015 1289 Hinc
1046 1261 1201 1288 Scendercs
1223 1262 1343 1288 cdueens
1373 1268 1472 1288 uxores
1489 1264 1516 1286 et
1541 1259 1659 1290 liberos,
1683 1257 1732 1284 de-

942 1307 1064 1343 ponebat
1086 1315 1133 1334 eos
1150 1307 1176 1334 in
1194 1307 1276 1343 urbes
1291 1306 1470 1334 Venetorum.
1492 1303 1548 1332 Viri
1568 1312 1631 1331 vero
1648 1303 1732 1330 relin-

941 1354 1226 1389 quebanturinurbe,
1253 1358 1282 1381 ut
1293 1354 1452 1381 resisterent
1480 1352 1733 1386 hosti,mmniaque

941 1400 1120 1427 defensarent
1136 1408 1143 1427 :
1160 1404 1187 1427 et
1205 1400 1232 1427 hi
1250 1400 1428 1435 potissimum
1442 1399 1506 1425 huic
1519 1398 1631 1433 negotio
1647 1396 1733 1424 desti-

942 1448 1091 1480 nabantur,
1105 1446 1151 1481 qui
1166 1447 1299 1479 volentes,
1312 1453 1367 1473 non
1382 1446 1484 1477 coacti,
1502 1445 1624 1480 prmlium
1638 1443 1732 1471 subire

942 1494 1098 1528 cupiebant.
1115 1493 1264 1521 Amurates
1285 1492 1455 1520 bombardas
1472 1491 1647 1527 expediebat,
1662 1490 1733 1516 assi—

941 1537 1009 1565 dens
1019 1543 1048 1565 ut
1058 1546 1166 1566 murum
1180 1538 1323 1571 disjiceret
1337 1547 1343 1564 :
1360 1541 1387 1565 et
1396 1536 1495 1564 deinde
1507 1544 1568 1563 cum
1580 1535 1733 1571 peregrinis

98 1585 146 1612 τοῦ
159 1586 242 1620 ὅρους
260 1585 335 1620 πυρά
351 1593 380 1611 τε
397 1584 524 1615 ἔκαυσεν,
543 1583 767 1618 ἐπιδεικνύμενος
790 1584 847 1615 τοϊς
860 1584 889 1610 ἐν

944 1583 1112 1619 irrumpens,
1130 1584 1224 1611 urbem
1241 1585 1284 1612 sui
1303 1584 1376 1618 juris
1402 1583 1517 1610 faceret.
1533 1582 1666 1609 Omnibus
1682 1589 1733 1608 au-

98 1633 132 1666 τῇ
150 1630 241 1661 πόλει,
257 1630 305 1657 καὶ
319 1629 428 1656 ὲπειδάν
444 1628 524 1664 χρεία
574 1630 761 1663 παρεσόμενος
776 1629 825 1656 καλ¹
839 1629 890 1656 αὐ-

97 1679 144 1709 τὸς
155 1676 359 1712 ὲπιὸοηθήσων,
374 1675 420 1703 καί
435 1683 518 1702 τινων
530 1675 586 1702 τῶν
609 1674 657 1701 τοῦ
675 1674 808 1710 βασιλέως
826 1675 892 1702 ἀνα-

99 1726 206 1752 ϐάντων
221 1724 268 1751 ἐπὶ
282 1723 312 1750 τὸ
325 1723 397 1757 ὅρος,
412 1721 566 1757 προσέδαλέ
580 1730 608 1748 τε
620 1723 668 1749 καὶ
679 1721 809 1756 ἐμάχετο.
822 1721 891 1756 ἔργα

98 1770 334 1804 ἀποδεικνύμενος
359 1768 423 1800 ἄξια
442 1768 536 1802 λόγου.
573 1767 654 1794 Ἐπεὶ
667 1767 695 1794 δὲ
725 1767 766 1802 τῷ
786 1766 892 1801 βασιλεῖ

98 1817 150 1853 ἥδη
166 1817 267 1847 ἱκανίῖς
283 1814 471 1849 καταὸέΰλητο
490 1814 520 1840 τὺ
531 1815 633 1849 τεῖχος,
650 1814 679 1845 ἐς
700 1814 791 1849 μάχην
805 1812 891 1848 καθῆ-

100 1874 148 1891 στο
162 1863 349 1898 πανστρατιᾷ,
377 1863 424 1889 καὶ
450 1861 605 1896 ἐπειρῶντο
631 1861 655 1887 οἱ
674 1860 803 1895 νεήλυδες
821 1859 891 1886 ἑλεῖν

98 1911 185 1946 ταύτῃ
238 1910 327 1936 ἔκειτο
342 1909 373 1935 τὸ
383 1909 472 1942 τεῖχος
490 1908 536 1934 ἐπὶ
551 1906 615 1941 γῆς.
632 1906 669 1934 Οὐ
686 1906 779 1940 μέντοι
795 1906 892 1941 ὑπερε-

99 1958 216 1984 6άλοντο
229 1956 295 1986 τοὺς
313 1956 342 1981 ἐν
371 1956 403 1990 τῇ
427 1955 517 1986 πόλει,
546 1955 617 1988 παρ’
641 1953 738 1980 ἐλπίδα
754 1953 890 1987 ἀγωνισα-

100 2005 213 2039 μένους.
235 2002 359 2030 Ἐνταῦθ⁵
372 2001 409 2032 ὡς
434 2001 542 2027 ἐπενόει
555 2000 627 2034 λιμῷ
649 1999 889 2034 ἐκπολιορκήσειν,

98 2051 144 2076 καὶ
165 2049 244 2080 αὖθις
257 2048 288 2074 τί)
297 2047 426 2082 δεύτερον
441 2045 605 2080 προσὸαλὼν
616 2039 688 2072 κατᾶ
702 2045 732 2071 τὸ
744 2045 889 2079 καρτερὸν,

101 2097 263 2130 ἀφικνεῖται
280 2094 397 2128 ἀγγελίη
415 2092 491 2128 παρά
506 2092 646 2127 Γεωργίου
663 2091 711 2118 τοῦ
728 2090 890 2126 Τριόαλλῶν

97 2143 247 2178 ἡγεμόνος,
262 2142 300 2173 ὡς
321 2141 451 2176 Ἰωάννης
475 2139 659 2174 συναθροίσας
674 2140 738 2170 τοὺς
759 2138 888 2169 Παίονας,

98 2191 145 2216 τόν
160 2197 190 2216 τε
210 2189 319 2222 Ἴστρον
333 2187 481 2218 διαϐαίνει,
494 2186 542 2212 καὶ
557 2185 786 2220 συμπαραλαϐὼν
805 2193 888 2220 στρα.

97 2236 204 2262 τεύοιτο
219 2235 264 2261 ἐπ’
279 2234 372 2261 αὐτόν.
389 2233 483 2260 Ταῦτα
497 2233 535 2263 ὡς
551 2231 676 2265 ἐπύθετο,
695 2232 743 2266 τὴν
757 2232 889 2266 ταχίστην

99 2282 354 2316 συσκευασάμενος,
369 2279 452 2314 ἀπῄει
467 2279 596 2309 ἐνταῦθα.
613 2275 754 2315 ἐπιόντα
771 2278 891 2305 ὲπυνοέι-

98 2337 171 2361 vnn,
186 2328 233 2354 καὶ
245 2328 356 2362 κήρυκα
382 2327 491 2361 ἔπεμπε
516 2326 585 2361 πρὸς
599 2325 649 2360 τὴν
678 2325 825 2360 Εὐρώπην,
842 2332 891 2351 πε-

100 2373 300 2408 ριαγγέλλοντα
325 2372 453 2406 παρεῖναι
482 2371 558 2405 αὐτῷ
583 2371 621 2402 ὡς
652 2370 813 2405 ξύμπαντας
835 2369 891 2396 τῶν

100 2419 243 2453 Τούρκων.
259 2414 340 2444 Οὗτοι
358 2417 406 2452 μὲν
418 2415 464 2443 οὖν
476 2416 663 2452 παρεγένοντο
678 2415 764 2450 αύτῷ,
780 2414 817 2446 ὼς
831 2414 893 2440 ἔτυ-

98 2471 145 2497 χεν
162 2463 283 2492 ἕκαστος
298 2461 422 2487 ἑκποδὼν
436 2461 593 2496 γενόμενος,
618 2462 655 2492 ὡς
671 2461 702 2488 ὲν
717 2459 777 2495 ὥρα
797 2467 891 2495 παρα-

98 2510 205 2543 γένοιτο
220 2508 338 2538 ἕκαστος
353 2507 484 2538 καθιστὰς
499 2508 522 2523 ³³
533 2507 609 2542 αὑτῷ
626 2508 656 2538 ἐς
672 2508 774 2542 μάχην.
794 2505 889 2533 Ἐλαύ-

99 2565 153 2582 νων
168 2555 197 2581 δὲ
224 2554 308 2580 παντὶ
321 2553 360 2587 τῷ
388 2552 496 2588 στρατῷ
520 2553 590 2587 πρός
620 2561 693 2584 τινος
718 2553 766 2586 τῆς
782 2552 889 2584 Μυσίας

100 2601 181 2627 αὑτοῦ
195 2600 288 2636 χώρας
312 2599 384 2626 κατὰ
407 2599 456 2634 τὴν
483 2599 642 2634 ’Τριϐαλλῶν
670 2598 759 2625 αὐτῶν
783 2599 887 2633 χώραν.

102 2646 181 2683 Ἔστι
196 2646 225 2672 δὲ
247 2645 350 2679 αὖτηή
377 2645 453 2678 χώρα
475 2645 541 2679 παρ’
559 2645 593 2680 ἢν
620 2644 729 2678 ὰμείὸει
756 2644 889 2679 Μοράΰας

102 2693 235 2726 ποταμὸς,
251 2692 300 2718 καὶ
317 2691 418 2717 ἐκδιδοῖ
433 2691 461 2722 ἐς
473 2692 519 2716 τὸν
544 2691 661 2725 Ἴστρον.
686 2690 812 2725 Παρήκει
826 2691 855 2716 δὲ
871 2691 888 2726 ἡ

103 2738 176 2774 χώρα
193 2737 242 2764 τοῦ
260 2737 392 2772 βασιλέως
415 2736 541 2763 ὲντεῦοεν
562 2737 609 2762 ἐπὶ
633 2736 755 2768 σταδίους
773 2737 888 2763 ὀκτακο-

944 1635 1011 1663 tem,
1028 1631 1259 1666 quemadmadunt
1285 1630 1455 1666 oppugnatio
1472 1628 1642 1664 requirebat,
1659 1635 1734 1655 (‘Olll-

944 1678 1058 1712 paratis.
1070 1685 1179 1704 murum
1192 1678 1351 1705 bombardis
1360 1676 1485 1709 feriebat,
1501 1676 1616 1710 ejusque
1626 1679 1733 1709 partem

944 1724 1080 1751 destruxit
1106 1723 1265 1751 maximam.
1295 1723 1451 1750 Scenderes
1482 1723 1559 1757 ignes
1589 1721 1616 1748 in
1643 1725 1734 1747 monte

945 1770 1019 1801 fecit,
1035 1776 1139 1804 eosque
1152 1770 1222 1801 suis,
1236 1769 1282 1803 qui
1300 1769 1371 1796 intra
1386 1768 1480 1795 urbem
1497 1772 1586 1799 erant,
1601 1766 1732 1796 ostendit,

946 1821 973 1842 ut
991 1815 1106 1847 scirent,
1120 1814 1345 1850 quandocunque
1361 1813 1512 1841 necessitas
1528 1813 1688 1847 postularet,
1704 1819 1733 1838 se

944 1859 1102 1887 adfuturum
1117 1859 1291 1886 auxiliareut.
1307 1859 1373 1885 Cum
1391 1857 1458 1892 regii
1475 1856 1585 1891 quidam
1605 1855 1732 1882 ascende-

945 1913 1006 1935 rent
1019 1911 1152 1937 montem,
1169 1905 1322 1933 Scenderes
1337 1911 1385 1932 eos
1397 1910 1542 1938 aggressus
1558 1906 1610 1933 est,
1628 1900 1733 1935 praelia-

944 1953 1090 1988 haturque.
1118 1959 1201 1986 opera
1220 1950 1406 1977 memorabilia
1428 1949 1524 1976 edens.
1551 1948 1618 1975 Cum
1639 1951 1730 1973 autem

945 2000 1000 2033 regi
1015 1999 1157 2027 videretur
1171 2004 1280 2025 murum
1295 1996 1363 2024 satis
1375 2003 1435 2023 esse
1448 1999 1578 2025 stratum,
1596 1993 1734 2020 universis

943 2046 1032 2080 copiis
1050 2043 1287 2080 oppugnationem
1306 2042 1418 2077 occipit.
1440 2041 1521 2077 188
1539 2039 1678 2075 Peregrini
1698 2046 1732 2065 eo

945 2092 997 2119 loci
1015 2092 1108 2119 urbem
1129 2098 1229 2125 capere
1249 2089 1394 2124 parabant,
1414 2088 1459 2115 ubi
1479 2095 1575 2114 murus
1599 2085 1732 2120 disjeclus

943 2142 1012 2165 eral.
1032 2136 1088 2165 Nec
1105 2142 1197 2164 tamen
1224 2144 1357 2170 superare
1387 2139 1536 2170 potuerunt
1564 2133 1732 2168 oppidanos,

943 2185 989 2220 qui
1015 2189 1113 2219 prater
1137 2191 1212 2218 spent
1243 2180 1399 2210 fortissime
1418 2182 1588 2217 pugnabant,
1606 2188 1668 2207 eum
1686 2179 1733 2206 de-

944 2231 1066 2266 speratio
1082 2230 1189 2257 animos
1206 2229 1332 2257 iecisset.
1354 2228 1457 2256 Deinde
1472 2235 1533 2254 cum
1550 2228 1621 2254 fatue
1638 2226 1731 2252 urbem

943 2278 1106 2311 perdomare
1122 2276 1276 2308 statuisset,
1294 2276 1384 2302 denuo
1397 2274 1490 2308 copias
1505 2273 1649 2300 universas
1665 2279 1733 2298 cou-

943 2328 984 2350 tra
1003 2323 1099 2349 urbem
1117 2322 1143 2348 in
1161 2322 1248 2348 aciem
1271 2321 1376 2348 eduxit.
1398 2319 1504 2347 Interea
1521 2319 1635 2346 nuntius
1658 2317 1732 2343 venit

942 2369 976 2396 ab
991 2369 1107 2403 Georgio
1120 2367 1306 2395 Triballorum
1330 2367 1412 2399 duce,
1428 2365 1474 2400 qui
1491 2364 1636 2391 nuntiabat
1649 2363 1733 2390 Joan-

942 2423 1004 2443 nem
1020 2415 1194 2446 Choniatem,
1209 2411 1575 2448 congregatis.Panuonibus
1592 2409 1728 2444 plurimis,

945 2462 1072 2496 trajicere
1090 2461 1202 2492 Istrum,
1220 2463 1373 2486 ct-contra
1400 2458 1490 2493 ipsmu
1518 2457 1610 2484 hostili
1635 2456 1729 2482 animo

945 2514 1068 2542 pergere.
1086 2506 1136 2534 His
1152 2505 1267 2538 auditis,
1289 2504 1436 2532 Amurates
1457 2505 1588 2530 continuo
1603 2501 1737 2529 omnibus

944 2554 1150 2589 impedimentis
1176 2558 1203 2581 ct
1231 2553 1350 2581 sarcinis
1379 2552 1521 2584 collectis,
1553 2551 1621 2578 urbe
1648 2558 1734 2585 quam

942 2601 1089 2628 obsidebat
1100 2601 1240 2635 digressus
1253 2604 1305 2631 est,
1320 2598 1484 2632 obviamque
1495 2597 1567 2626 hosti
1583 2595 1734 2632 processit,

942 2654 996 2682 qua
1008 2655 1070 2674 eum
1084 2651 1229 2674 venturum
1244 2649 1420 2680 cognoverat.
1434 2644 1507 2671 Misit
1522 2652 1632 2679 quoque
1646 2644 1730 2670 Antu-

943 2698 1015 2721 rates
1027 2700 1180 2728 praeconem
1197 2692 1223 2719 in
1238 2691 1388 2727 Europam,
1405 2691 1452 2726 qui
1470 2691 1591 2718 ediceret
1607 2695 1637 2717 ut
1648 2689 1735 2716 Turci.

942 2748 1038 2768 omnes
1065 2740 1099 2768 ad
1125 2747 1216 2775 regem
1245 2739 1434 2766 convenirent.
1456 2738 1508 2772 Qui
1537 2738 1582 2766 ubi
1611 2736 1733 2772 primum

737 2793 866 2823 Notulze
882 2796 1082 2835 marginales.

133 2845 188 2880 (10)
204 2844 286 2871 Dccst
297 2843 410 2879 a‘.iquid.

137 2904 160 2925 '5
175 2903 253 2934 Deut
273 2901 313 2928 lur
326 2903 438 2938 aliquid,
466 2904 543 2931 etiam
561 2903 587 2931 in
603 2902 634 2930 Ii.

675 2903 694 2919 ³⁷
717 2902 749 2930 In
766 2911 828 2936 uno,
847 2905 875 2935 ἐς
895 2913 919 2930 τ.
939 2913 965 2932 α.

1024 2905 1043 2919 ³³
1066 2902 1086 2929 Il
1111 2903 1285 2938 προσμένων.
1325 2902 1346 2918 ³³
1361 2900 1392 2928 lu
1413 2909 1474 2933 uno,
1491 2900 1618 2926 καθίστα.
