1950 3075
209 152 259 182 351

785 155 940 186 LAONICI
957 155 1292 188 CHALCOCONDYL/‘E

1776 154 1828 186 352

210 209 281 242 regis
297 209 463 236 Voluntatcm
475 209 649 248 intellexere,
668 211 800 239 citissime
810 211 991 244 advenerunt,

1049 211 1121 244 σίους
1137 213 1199 239 ἕστε
1221 214 1267 239 ἐπὶ
1280 214 1393 249 Νήσιον,
1409 214 1487 241 πόλιν
1503 213 1549 240 τοῦ
1565 212 1708 249 βασιλέως·
1723 211 1768 238 ἐπὶ
1786 213 1829 237 65-

210 259 272 279 cum
290 254 390 288 singuli
406 259 572 282 conarentur
590 256 617 282 in
635 259 759 291 tempore
774 256 881 290 adesse,
900 261 929 283 ut
943 265 991 292 pro

209 306 273 333 rege
294 304 448 330 certarent.
462 300 532 327 Hinc
556 309 618 328 cum
638 302 766 330 universo
784 303 905 330 exercitu
928 310 990 337 pro-

212 347 302 373 lectus
328 351 369 374 est
399 347 425 374 in
448 348 595 382 quamdam
612 349 703 385 Mysiae
721 350 872 384 regionem,
887 358 935 385 per
950 358 993 378 re-

209 392 315 426 gionem
340 392 534 422 Triballorum.
565 395 601 422 Ea
628 401 719 423 autem
737 397 811 430 regio
832 401 883 429 est,
911 404 992 432 quam

209 438 287 464 alluit
304 439 429 466 Morabas
445 440 499 475 (11)
515 440 625 473 ﬂuvius,
638 446 664 468 et
678 442 703 469 in
716 442 815 470 Istrqu
831 443 991 470 effunditur.

210 483 280 511 Hinc
302 493 331 512 se
358 485 448 513 fundit
475 487 547 521 regis
571 488 647 523 regio
669 489 702 516 ad
719 490 875 524 octingenta
893 490 992 522 stadia,

210 537 298 564 usque
313 531 346 558 ad
364 530 475 559 Nesium
492 533 548 567 (l2)
568 534 663 561 urbem
684 536 757 570 regis
774 543 781 562 :
800 536 835 563 ad
852 537 992 563 dexteram

209 577 368 609 procedenti
397 578 573 614 Nobopyrum
600 580 659 609 sive
685 581 821 617 Bopyruln
848 590 936 618 usque
959 584 993 611 ad

209 625 329 647 montem
358 629 486 657 magnum
511 623 698 653 Triballorum
723 627 856 662 principis
884 628 993 657 colitur.

210 663 268 691 Huc
296 673 357 693 cum
386 668 507 696 venisset
538 669 697 704 Amurates,
731 673 833 700 invenit
859 673 994 702 Joannem

209 710 372 739 tiboniatem
389 721 451 740 cum
469 715 628 744 Pannorum
649 719 772 746 exercitu
790 720 881 748 hostili
903 721 994 749 animo

210 757 357 785 adversum
379 768 408 787 se
433 768 556 797 pergere.
587 763 616 790 In
645 765 742 792 castris
759 765 901 794 Choniatis
917 771 995 796 erant

209 803 393 838 quadraginta
423 807 506 834 millia
536 809 669 843 peditum,
695 815 749 838 tam
768 812 802 839 ab
818 812 995 841 Pannonibus

211 856 293 882 quam
321 851 355 878 ab
384 851 463 880 Dacis
491 853 592 882 allecti.
620 854 728 890 Septem
757 858 843 885 millia
871 859 994 894 equitnm

210 899 298 926 erant,
326 901 353 923 et
382 899 511 926 curribus
538 900 708 928 vehebantur
724 903 780 936 alii,
798 888 916 939 quorum
942 888 1032 933 nu-B

212 948 304 969 merus
319 948 378 970 erat
404 944 446 972 bis
471 946 556 974 mille.
584 947 613 974 In
642 948 684 976 bis
704 957 780 976 arma
797 954 824 977 et
840 952 996 979 necessaria

211 985 245 1012 ad
260 987 461 1020 expeditionem
490 991 726 1021 subvehebantur.
751 994 779 1021 ln
802 995 917 1030 singulis
942 997 997 1024 duo

213 1032 263 1059 viri
282 1033 403 1068 stabant,
422 1037 537 1065 scutifer
558 1043 582 1066 el
600 1039 820 1068 bombardarius.
846 1042 873 1069 In
898 1043 997 1070 iisdem

211 1077 383 1108 vehebantur
400 1083 559 1111 bombardae
570 1085 707 1120 plurimae,
724 1095 793 1121 quas
807 1087 996 1117 Zarobotanas

210 1125 365 1154 nominant.
393 1127 423 1154 In
449 1129 521 1157 hunc
546 1131 659 1158 modum
687 1134 787 1160 armati
805 1138 831 1161 et
855 1134 995 1168 instructi,

211 1169 308 1198 Ιηιτυιιι
327 1175 491 1208 transgressi
512 1180 586 1204 sunt.
609 1177 642 1204 At
656 1177 842 1207 Triballorum
865 1180 919 1208 dux
936 1188 995 1208 cer-

211 1225 280 1244 nens
292 1217 453 1248 Pannounm
469 1224 620 1251 exercitum
636 1233 689 1251 non
707 1226 775 1253 adeo
788 1234 849 1254 esse
864 1229 997 1262 validum,

212 1269 244 1290 ut
259 1266 354 1299 copias
372 1268 446 1301 regis
462 1269 573 1297 vincere
591 1276 694 1304 posset,
711 1272 852 1307 magisque
873 1278 997 1302 metuens

212 1309 385 1345 Amuratem,
406 1321 488 1349 quam
506 1314 650 1344 l’annones
667 1318 847 1353 alienigenas,
870 1327 884 1346 a
898 1320 998 1355 quibus

211 1357 298 1383 multa
326 1359 396 1386 mala
422 1364 496 1388 esset
522 1369 694 1396 perpessus:
714 1368 740 1391 et
767 1366 892 1399 quamvis
923 1370 998 1394 esset

211 1403 359 1431 admodum
374 1406 491 1439 cupidus
509 1407 660 1436 ulciscendi
678 1410 847 1443 Amuratem,
866 1411 912 1445 qui
928 1411 998 1440 filios

211 1448 272 1483 ejus
288 1451 375 1478 oculis
394 1452 516 1486 privarat
531 1462 538 1481 :
554 1459 676 1483 attamen
694 1455 766 1483 haud
787 1457 888 1484 volenti
904 1458 998 1486 animo

212 1495 293 1522 istam
306 1497 510 1531 expeditionem
525 1500 672 1535 adjunctus
684 1501 862 1530 Pannouibus
876 1503 996 1537 subibat,

1044 257 1089 293 ξιᾷ
1106 259 1182 291 ίόντι,
1211 260 1240 290 ἐς
1263 259 1294 285 τὸ
1316 259 1412 294 πρόσῳ
1440 260 1601 294 Νοὸόπυρον
1619 259 1641 275 ⁵⁸
1669 259 1756 290 πόλιν,
1783 256 1829 283 ἐπὶ

1043 304 1124 339 ὅρους
1137 305 1257 338 μεγάλου
1282 305 1328 332 τοῦ
1349 305 1509 340 Τριϐαλλῶν
1537 305 1683 340 ἡγεμόνος,
1700 304 1828 329 οἰκεῖται.

1049 349 1184 377 Ἐνταῦθα
1198 351 1364 385 ἀφικόμενος
1389 351 1563 386 Ἀμουράτης
1579 350 1658 385 εὗρεν
1682 347 1831 381 ἐπεξελαύ-

1044 405 1125 423 νοντα
1154 397 1282 432 Ἰωάννην
1303 398 1350 423 τὸν
1386 397 1529 431 Χωνιάτην
1563 397 1612 423 σὺν
1635 395 1674 431 τῷ
1705 395 1831 422 Παιόνων

1045 436 1268 477 στρατῷίἾΙσαν
1283 442 1312 469 δὲ
1330 443 1446 474 Παίονες
1464 443 1512 469 καὶ
1526 442 1609 469 Δακοὶ
1627 435 1830 475 συναμφότεροι

1044 489 1072 520 ὲς
1085 489 1334 528 τετρακισμυρίους
1349 490 1397 516 καὶ
1415 488 1639 524 ἑπτακισχιλίους
1659 487 1769 518 ἱππέας,
1784 486 1831 512 καὶ

1045 534 1165 569 ἁμάξαις
1184 535 1326 569 ἐφέροντο,
1352 535 1381 561 ὲν
1405 533 1449 566 αἷς
1476 532 1511 570 ἦν
1527 535 1619 566 αὐτοῖς
1633 534 1667 560 τὰ
1689 533 1832 567 ἐπιτήδεια

1045 582 1093 608 καὶ
1110 581 1143 607 τὰ
1161 581 1242 612 ὅπλα,
1260 581 1332 616 ἀμφὶ
1345 581 1394 613 τὰς
1413 580 1557 616 δισχιλίας.
1587 580 1647 614 Ἐφ’
1670 579 1788 612 ἑκάστης
1803 579 1832 605 δὲ

1046 626 1155 660 ἁμάξης
1168 627 1215 653 δύο
1229 627 1316 662 ἡστην
1328 627 1409 662 ἄνδρε
1433 626 1519 659 πεζὼ,
1540 625 1694 660 πελταστής
1719 633 1750 651 τε
1772 624 1832 658 ἅμα

1045 673 1093 699 καὶ
1105 672 1312 708 τηλεσολιστής.
1333 673 1481 708 Ἐφέροντο
1497 672 1526 699 δὲ
1549 673 1594 699 καὶ
1620 671 1737 699 ἐπὶτῶν
1760 671 1832 704 ἀμα-

1047 718 1100 750 ξῶν
1115 718 1273 750 τελεὸόλους
1296 718 1485 754 Ζαρὸϐοτάνας
1507 718 1690 753 καλουμένας,
1717 717 1784 743 πολὺ
1803 716 1832 743 τὸ

1047 765 1161 800 πλῆθος.
1179 761 1259 792 Οὗτοι
1280 765 1331 800 μὲν
1345 763 1392 792 οὖν
1421 764 1715 800 παρασκευασάμενοι,
1730 764 1758 793 ἐς
1786 762 1832 788 τὸν

1048 812 1155 846 Ἵστρον
1169 811 1311 845 διέϐησαν.
1328 811 1538 846 Προὺκαλοῦντο
1564 810 1593 837 δὲ
1613 810 1689 843 σφίσι
1716 809 1765 835 καὶ
1786 809 1834 835 τὸν

1047 858 1206 893 Τριϐαλλῶν
1233 857 1356 893 ἡγεμόνα
1388 858 1417 889 ἐς
1446 858 1492 884 τὸν
1522 856 1664 891 πόλεμον.
1699 856 1729 883 '0
1756 856 1785 882 δὲ
1811 855 1832 871 ⁸⁸

1048 901 1171 938 (ἔφησεν)
1187 902 1236 937 οὐχ
1254 902 1319 937 δρᾷν
1333 902 1356 919 δ’
1372 901 1451 933 ἀξίαν
1466 901 1516 936 τὴν
1532 900 1722 936 παρασκευὴν,
1739 900 1789 934 τῆς
1811 900 1835 916 ⁸³

1047 948 1117 974 κατὰ
1133 947 1311 982 Ἀμουράτεω
1326 948 1472 982 στρατιᾶς,
1484 947 1554 973 ὥστε
1577 945 1771 981 περιγενέσθαι
1787 945 1836 971 αὺ-

1046 993 1110 1025 τοίις
1128 994 1178 1028 τῆς
1196 993 1329 1028 βασιλέως
1354 993 1498 1028 δυνάμεως
1517 993 1706 1028 Ἀμουράτεω,
1733 992 1779 1018 καὶ
1793 992 1837 1018 δε-

1047 1039 1133 1066 διέναι
1155 1039 1256 1074 μᾶλλον
1270 1040 1375 1066 ἐκεῖνον
1392 1040 1407 1074 ἢ
1423 1040 1486 1070 τοὺς
1503 1039 1630 1072 Παίονας,
1655 1038 1701 1070 οὒς
1716 1037 1836 1072 ἀλλοφύο

1047 1085 1110 1116 λους
1122 1093 1152 1111 τε
1175 1085 1266 1117 δντας,
1294 1086 1343 1112 καὶ
1367 1086 1484 1120 μέγιστα
1507 1085 1602 1111 κακῶν
1629 1084 1836 1120 ἐργασαμένους

1048 1131 1204 1162 antemna).
1231 1130 1389 1167 ίμείρεσθαι
1419 1131 1469 1165 μὲν
1492 1129 1621 1157 τίσασθαι
1647 1129 1835 1164 ’Δμουράτην,

1047 1178 1111 1209 τοὺς
1127 1178 1201 1209 υἱοὺς
1219 1177 1301 1204 αὐτοῦ
1317 1176 1541 1211 ἐκτυφλώσαντα,
1557 1176 1678 1203 ἀδύνατα
1689 1176 1717 1203 δὲ
1727 1175 1836 1210 ὁρῶντι

1048 1224 1080 1258 τῇ
1100 1223 1225 1258 παρούσῃ
1239 1224 1401 1258 παρασκευῇ
1417 1221 1621 1257 ὑπερϐαλέσθαι
1645 1221 1695 1256 τῆς
1709 1221 1765 1247 τῶν
1786 1229 1837 1246 πο-

1048 1269 1151 1304 λεμίων
1170 1269 1312 1304 δυνάμεως
1330 1269 1380 1295 οὐκ
1395 1269 1433 1298 ἄν,
1445 1277 1511 1294 ποτε
1530 1268 1629 1295 ἑκόντα
1649 1265 1721 1303 εῖναι,
1741 1267 1836 1302 χωρή‹

1049 1323 1107 1342 σειν
1122 1315 1150 1346 ἐς
1164 1314 1239 1342 τόνδε
1266 1314 1313 1341 τδν
1340 1315 1469 1350 πόλεμον.
1487 1314 1582 1341 Ταῦτα
1599 1313 1834 1348 ἀποκριναμένου,

1049 1361 1274 1396 ἑπαπειλήσαντα
1289 1362 1334 1387 τδν
1351 1361 1489 1396 Ἰωάννην,
1505 1360 1629 1387 ἐλαύνειν
1645 1360 1672 1390 ἐς
1685 1361 1716 1385 τὸ
1728 1359 1834 1394 πρόσω

1049 1407 1199 1434 ἐσϐαλόντα
1214 1407 1243 1433 δὲ
1257 1408 1286 1439 ἐς
1301 1407 1350 1443 τὴν
1364 1407 1499 1442 βασιλέως
1514 1406 1606 1441 χώραν
1623 1405 1702 1441 ἄχρις
1716 1405 1836 1440 Ἀριστί-

1051 1462 1097 1480 νου
1122 1453 1313 1488 ᾶφικόμενον,
1344 1452 1607 1488 στρατοπεδεύεσθαι
1636 1451 1718 1478 αὐτοῦ
1738 1451 1767 1477 ὲν
1783 1451 1836 1477 Κο-

1050 1499 1121 1534 σόϐῳ
1136 1499 1230 1534 πεδίῳ,
1246 1499 1275 1526 ὲν
1290 1497 1312 1534 ᾧ
1325 1499 1500 1535 ’Δμουράτης
1523 1500 1537 1525 ὁ
1552 1498 1691 1533 Ὀρχιίινεω
1716 1497 1838 1533 μαχεσὰ-

213 1542 268 1568 ἱηιο
283 1549 342 1569 eam
359 1551 474 1578 prorsus
492 1547 648 1574 recusabat.
665 1547 743 1576 Haud
759 1549 832 1576 enim
851 1549 996 1578 Pannones

1051 1555 1131 1581 μενος
1146 1547 1215 1581 πρὸς
1228 1546 1394 1580 Ἐλεάζαρον
1405 1546 1505 1581 μάχην,
1521 1545 1603 1577 αὑτός
1613 1553 1642 1571 τε
1653 1544 1735 1571 αὐτοῦ
1750 1544 1838 1580 ταύτῃ

213 1589 282 1615 satis
298 1588 368 1617 ﬂrmi
384 1590 549 1619 videbantur
565 1593 599 1621 ad
613 1593 790 1623 debellandas
805 1596 899 1630 copias
914 1596 997 1631 regis.

214 1632 278 1660 Haec
303 1642 364 1662 cum
393 1636 572 1666 Panuonibus
598 1640 798 1674 respondisset,
823 1641 942 1669 Joannes
966 1649 999 1669 eo

212 1685 349 1713 responso
367 1681 504 1714 irritatus,
525 1691 623 1718 graves
639 1685 728 1712 minas
753 1685 779 1712 in
805 1685 998 1714 Triballorum

211 1724 310 1752 ducem
333 1726 459 1761 jactavit.
475 1728 531 1756 Nec
548 1735 638 1758 tamen
661 1731 792 1759 omittens
808 1736 925 1767 coeptam
949 1740 998 1760 ex-

212 1769 392 1806 peditionem.
410 1775 502 1810 copias
526 1776 552 1803 in
577 1776 649 1811 regis
665 1778 804 1812 regionem
826 1778 941 1807 infestas
956 1779 999 1806 in-

213 1818 317 1847 duxit:
347 1820 429 1856 189
463 1829 682 1857 progressusque
710 1824 860 1852 Aristinum
888 1833 996 1860 usque.

211 1870 303 1892 castra
321 1866 347 1893 in
365 1867 472 1895 Cosobo
489 1869 543 1904 (l5)
558 1877 655 1904 campo
667 1871 857 1905 communivit,
875 1871 920 1899 ubi
935 1872 997 1899 olim

212 1912 359 1941 Alnuratcs
383 1913 517 1942 Orchanis
543 1916 624 1948 filius,
654 1923 716 1943 cum
743 1917 874 1945 Eleazaro
898 1917 999 1945 Salviae

212 1959 328 1994 despota
351 1968 448 1988 manus
473 1969 641 1994 conserens,
669 1970 789 1998 eumque
813 1963 997 1996 interﬁciens,

211 2004 271 2038 ipsi:
287 2012 397 2040 quoque
412 2007 550 2041 occubuit,
578 2007 738 2035 interfectus
754 2015 769 2034 a
785 2008 842 2035 viro
862 2007 994 2036 Triballo.

213 2051 303 2078 Causa
322 2060 382 2086 qum
397 2051 529 2080 Joannem
544 2053 577 2080 ad
594 2053 665 2081 istud
684 2054 784 2081 bellum
799 2059 930 2087 traxerat,
943 2055 1000 2082 haec

214 2102 285 2123 erat.
306 2098 375 2123 Cum
397 2098 510 2126 vidisset
534 2100 561 2126 in
585 2107 618 2126 eo
635 2100 795 2132 certamine,
817 2101 887 2135 quod
903 2100 1000 2128 Vat-nae

214 2143 393 2170 (‘OlllllliSSUIIl
412 2148 481 2174 erat,
500 2144 618 2177 Tureos,
639 2145 685 2172 ubi
707 2145 825 2180 primum
845 2145 878 2172 ad
902 2154 1000 2181 manus

216 2189 367 2220 venissent,
391 2190 509 2217 cessisse
527 2195 553 2217 et
580 2190 671 2224 fugam
696 2191 872 2226 arripuisse:
894 2194 999 2226 putavit

214 2235 318 2262 Tlncos
333 2235 412 2263 facile
425 2236 496 2263 vinci
512 2237 649 2271 potuisse,
662 2237 689 2263 ui
702 2238 858 2265 obstitisset
867 2237 999 2266 Vladislai

215 2282 287 2316 regis
313 2282 509 2316 imprudentia.
532 2282 588 2309 Nec
607 2291 682 2311 nunc
700 2283 810 2318 quidem
837 2283 946 2311 difficile
973 2288 1000 2311 et

217 2329 386 2355 laboriosum
412 2328 522 2356 diccbat
549 2328 655 2357 Turcos
681 2330 751 2356 bello
765 2330 886 2358 domare.
904 2330 1001 2357 Animo

216 2376 297 2410 igitur
309 2376 443 2410 agitabat,
461 2376 594 2410 majorem
613 2383 775 2411 comparare
790 2376 954 2408 exercitum,
972 2380 1001 2403 ut

213 2423 373 2450 Amuratem
392 2422 480 2457 copiis
499 2423 675 2457 perterritum
693 2423 825 2450 vinceret.
852 2422 915 2449 Haec
933 2423 1002 2450 adeo

216 2470 348 2504 proclivia
365 2474 392 2496 et
413 2469 503 2496 fat-ilia
532 2469 604 2496 factu
628 2469 754 2504 putabat,
777 2474 807 2495 ut
834 2477 867 2496 ne
891 2469 1001 2503 quidem

215 2515 365 2548 dubitaret,
377 2516 454 2551 quin,
464 2516 696 2550 quemadmodum
712 2515 805 2542 animo
818 2514 1000 2550 concepisset,

1051 1593 1227 1627 ἐτελεύτησεν
1243 1593 1296 1619 ὑπὸ
1310 1592 1474 1627 Τριϐαλλοῦ,
1492 1592 1539 1618 καὶ
1560 1591 1606 1619 τόν
1626 1599 1658 1626 γε
1674 1591 1837 1625 Ἐλεάζαρον

1050 1640 1156 1666 ἀνεῖλεν
1182 1640 1211 1666 ἐν
1234 1641 1268 1675 τῇ
1286 1639 1371 1674 μάχῃ.
1398 1638 1478 1665 Ἐπεὶ
1506 1639 1535 1665 δὲ
1567 1639 1680 1673 ὥρμητο
1708 1638 1836 1672 Ἰωάννης

1052 1685 1252 1721 στρατεύεσθαι
1280 1685 1325 1711 ἐπὶ
1351 1685 1526 1720 Ἀμουράτην
1557 1684 1591 1711 δι’
1617 1684 1707 1711 αίτίαν
1733 1683 1811 1718 τήνδε
1828 1701 1836 1709 .

1055 1733 1100 1764 Ὠς
1117 1733 1170 1766 γὰρ
1188 1733 1216 1758 ὲν
1233 1733 1265 1767 τῇ
1292 1732 1384 1768 Βάρνῃ
1414 1731 1488 1766 μάχῃ
1518 1731 1591 1766 ἑώρα
1613 1731 1676 1762 τοὺς
1698 1730 1837 1764 Τούρκους

1051 1779 1213 1813 φεύγοντας,
1232 1778 1280 1805 καὶ
1308 1778 1398 1812 ἐαυτῷ
1417 1778 1445 1810 ἐς
1469 1778 1563 1813 χεῖρας
1587 1777 1726 1808 ἐλθόντας,
1752 1777 1800 1803 καὶ
1814 1774 1838 1790 ⁸⁸

1051 1825 1213 1856 ἐνδιδόντας,
1238 1824 1338 1850 αὐτίκα
1360 1824 1485 1858 ἐνόμισεν
1511 1824 1613 1858 εὐπετῆ
1638 1823 1688 1858 μὲν
1704 1823 1753 1849 καὶ
1777 1822 1839 1848 τότε

1050 1868 1114 1896 ὄντα
1130 1869 1166 1896 τὰ
1177 1869 1328 1903 πράγματα
1347 1868 1421 1903 αὐτῷ
1435 1868 1615 1903 χειρωθῆναι,
1635 1869 1660 1894 εί
1679 1868 1716 1903 μὴ
1731 1867 1775 1894 διὰ
1789 1867 1838 1901 τὴ]

1051 1916 1182 1950 βασιλέως
1188 1915 1339 1942 Λαδισλαου
1348 1915 1516 1950 ἀφροσύνην,
1524 1914 1570 1941 καὶ
1579 1913 1688 1945 ἐσαῦθις
1696 1914 1723 1940 δὲ
1732 1913 1840 1949 χαλεπὰ

1050 1962 1100 1988 οὐκ
1110 1961 1272 1988 ἐτιέσεσϐαι
1298 1961 1535 1996 κατεργάσασθαι.
1555 1961 1656 1994 Ἐφερε
1677 1959 1704 1986 δὲ
1723 1959 1806 1986 αὐτοῦ
1821 1960 1838 1993 ἡ

1050 2008 1159 2043 γνώμη,
1169 2007 1216 2035 καὶ
1224 2007 1335 2034 πλείονα
1343 2007 1458 2042 στρατὸν
1468 2007 1666 2042 συναγείραντα
1672 2007 1728 2039 ἐξελ
1734 2007 1838 2038 αύνειν,

1050 2055 1120 2082 ὥστε
1134 2056 1226 2091 καὶτῷ
1235 2055 1339 2082 πλείονι
1350 2055 1617 2090 καταπληττομένων
1625 2054 1659 2087 ³⁵,
1668 2056 1792 2090 αίρήσειν
1802 2055 1840 2088 τῷ

1051 2101 1226 2136 Ἀμουράτῃ’
1241 2101 1313 2127 οὕτω
1326 2101 1357 2136 δή
1375 2110 1416 2127 τοι
1431 2100 1564 2132 εὐπετῶς,
1582 2100 1653 2126 ὥστε
1673 2100 1734 2135 μηδ’
1750 2101 1839 2126 ὁπωσ-

1051 2147 1097 2174 οῦν
1116 2147 1276 2178 ἐνδοιάζειν.
1309 2146 1558 2181 Πρεσϐευσάμενος
1581 2145 1610 2172 δὲ
1632 2146 1678 2172 ἐπὶ
1705 2145 1839 2179 Σκενδέρη

1051 2202 1081 2219 τε
1100 2194 1146 2220 καὶ
1157 2193 1326 2228 Ἀριανίτην,
1342 2194 1370 2219 ὲν
1380 2192 1417 2228 νῷ
1433 2192 1503 2227 ἔχων
1517 2192 1615 2223 αὐτοὺς
1632 2192 1796 2226 προσιόντας
1814 2192 1838 2206 ⁸⁸

1054 2241 1083 2271 ὲς
1096 2239 1127 2266 τὸ
1142 2239 1235 2273 πρόσω
1264 2239 1314 2274 τῆς
1342 2237 1478 2274 Εὐρώπης
1507 2238 1652 2273 συμμίξαι·
1685 2237 1756 2264 οὕτω
1785 2237 1841 2272 γὰρ

1056 2286 1204 2321 προείρητο
1218 2285 1266 2311 καὶ
1287 2285 1384 2311 τοῖσδε.
1402 2284 1481 2311 Ἐπεὶ
1506 2284 1534 2310 δὲ
1556 2285 1584 2315 ἐς
1602 2283 1722 2310 Κύσοόον
1747 2283 1777 2309 τὸ
1794 2292 1842 2309 πε-

1055 2331 1111 2357 δίον
1127 2331 1301 2366 ’Λμουράτης
1315 2331 1328 2356 δ
1340 2331 1492 2365 Μεχμέτεω
1512 2329 1636 2364 ἀφίκετο,
1653 2329 1690 2360 ὡς
1704 2326 1766 2363 εὗρε
1779 2329 1843 2360 τοὺς

1056 2376 1203 2410 πολεμίους
1219 2375 1390 2407 ἐλαύνοντας,
1405 2375 1662 2409 ἐστρατοπεδεύετο.
1680 2374 1798 2408 Λέγεται
1814 2373 1842 2399 δὲ

1056 2422 1185 2454 γενέσθαι
1201 2420 1274 2455 αὐτῷ
1294 2420 1340 2446 τὸν
1358 2421 1473 2454 στρατὸν
1490 2420 1517 2451 ἐς
1532 2420 1728 2446 πεντεκαίδεκα
1745 2419 1845 2454 μυριά-

1057 2468 1115 2498 δας,
1140 2468 1195 2493 Καὶ
1216 2468 1248 2502 τῇ
1274 2467 1407 2502 ὑστεραίᾳ
1433 2466 1533 2493 αὐτίκα
1562 2467 1750 2500 παρετάσσετο
1763 2466 1798 2496 ὡς
1815 2465 1844 2496 ἐς

1058 2514 1159 2548 μάχην.
1177 2513 1369 2548 Παρετάσσετο
1385 2512 1412 2538 δὲ
1428 2511 1474 2538 καὶ
1491 2511 1525 2538 τὰ
1549 2512 1680 2546 τάγματα
1695 2511 1728 2538 ".
1745 2511 1799 2538 Καὶ
1816 2513 1844 2542 ἐς

867 2601 992 2631 Nolulae
1005 2598 1203 2638 marginales.

251 2677 306 2712 (ll)
325 2677 462 2707 Momvus,
475 2678 523 2712 qui
537 2682 564 2705 et
580 2677 731 2705 Schitniza.

253 2713 309 2747 (12)
339 2713 468 2748 Nyssum.

1094 2675 1149 2710 (l5)
1171 2673 1320 2702 Ambsfeld.

253 2783 275 2798 to
289 2782 474 2817 Νοεόπηρδῦν,
513 2782 533 2798 ιι
551 2782 606 2808 [loc
621 2782 725 2808 verbum
744 2781 845 2807 videtur
867 2780 1016 2817 redundare
1033 2788 1041 2806 :
1059 2780 1130 2817 deest
1151 2779 1219 2817 enirn
1241 2779 1268 2804 in
1285 2784 1418 2817 marinam,
1431 2776 1458 2801 in
1474 2774 1577 2816 duobus
1595 2774 1706 2817 reliquis
1725 2775 1846 2817 ponitur.

218 2817 260 2844 νει
273 2819 310 2844 ita
325 2819 374 2844 erit
386 2810 533 2852 figendum,
554 2823 579 2843 ut
594 2825 674 2843 unum
690 2824 738 2843 ms.
755 2816 842 2852 habet,
858 2816 872 2841 δ
886 2817 914 2852 δὲ
930 2815 996 2852 ἔφης

1058 2815 1106 2848 οὐχ
1119 2815 1195 2848 ίρᾷν,
1211 2818 1279 2843 ειιτ.;
1293 2812 1362 2852 quod
1380 2812 1510 2852 posteri!”
1531 2810 1614 2852 ’ξμς-ἴε
1630 2810 1694 2835 νηὶίιί
1706 2810 1845 2852 1¹ῙΡῘ⁷Ῑ¹Ῐ¹⁴5

219 2853 249 2879 In
266 2862 316 2880 tum
333 2847 425 2880 utin}
441 2861 448 2882 ;
462 2854 487 2879 in
504 2847 540 2879 ul.
554 2852 651 2878 lacuna
664 2856 713 2878 est.
752 2851 773 2867 “
786 2850 869 2884 ὁρῶν,
886 2850 917 2877 li.
936 2847 963 2876 ut
976 2847 996 2876 it

1077 2847 1106 2864 ’⁸³⁷
1117 2847 1161 2874 Sic
1179 2849 1205 2874 in
1220 2856 1254 2874 un
1270 2856 1278 2879 ;
1292 2849 1316 2873 in
1334 2847 1370 2873 nl.
1390 2853 1416 2873 ut
1432 2848 1456 2873 in
1478 2854 1500 2872 ι’.

693 2886 714 2902 ³⁵
735 2886 765 2913 In
779 2893 841 2918 uno,
862 2885 1017 2921 προϊόντας.

218 2889 240 2904 ’⁸
259 2888 517 2924 κλτιπ).ηττιιμέιιῳ,
536 2887 566 2914 R.
585 2888 611 2914 in
629 2895 652 2913 υ.

1540 2844 1563 2859 ⁸³
1584 2845 1614 2871 In
1632 2853 1695 2878 uno,
1716 2845 1774 2872 ἀλλ’
1789 2846 1844 2872 ἑνδ.

1059 2885 1080 2900 ⁸⁷
1094 2883 1127 2912 R.
1144 2884 1304 2919 πράγματα.
