1950 3075
123 133 178 164 353

651 135 699 165 DE
718 134 845 164 REBUS
861 134 1042 165 TURCICIS
1062 135 1135 165 LIB.
1159 135 1223 165 νη.

1699 132 1751 164 3εᾶ

126 191 175 226 μὲν
187 191 218 216 τὸ
241 190 329 224 δεξιὸν
343 191 426 218 αὑτοῦ
456 191 540 228 κέρας
554 193 583 219 τὸ
601 194 650 228 τῆς
673 193 766 224 Ἀσίας
784 193 914 219 ἐτάσσετο

975 193 1060 220 )mnia
1077 198 1170 220 essent
1183 197 1326 220 eventura.
1349 192 1439 220 Missis
1459 192 1555 226 legatis
1572 192 1604 218 ad
1630 191 1751 218 Srnnde-

126 237 297 271 στράτευμα,
316 238 471 273 στρατηγὸν
497 238 568 273 ἔχων
597 238 744 274 Σκοῦραν·
773 239 802 270 ἐς
832 238 860 265 δὲ
885 238 915 264 τὸ

126 282 270 327 εὐώνυμυν
298 284 312 310 ὁ
338 283 389 318 τῆς
419 284 556 319 Εὐρώπης
585 285 736 320 στρατηγὸς
763 284 914 320 Καραζίης,

127 327 197 363 ἔχων
212 328 243 354 τὸ
259 329 309 363 τῆς
323 329 459 364 Εὐρώπης
483 331 653 365 στράτευμα.
667 331 736 362 Τοὺς
767 331 858 365 μέντοι
874 331 917 356 ἱπ⁸

128 374 282 408 ποδρόμους
304 375 420 406 ἕκαστος
435 374 490 401 τῶν
507 375 640 410 ὑπάρχων
667 375 748 410 ἔχων,
779 376 918 410 παρετάσ-

129 429 200 448 σετο.
218 421 264 446 Ἐν
287 421 362 455 μέσῳ
385 421 414 447 δὲ
435 420 540 453 τούτοις
563 421 654 456 ἵδρυτο
680 422 758 452 αὐτὸς
778 421 916 456 βασιλεὺς,

129 467 194 494 ἔνθα
208 466 231 483 ⁸⁸
251 468 327 502 αὐτῷ
346 468 489 501 νομίζεται
516 468 791 500 στρατοπεδεύεσθαι,
810 468 919 503 χάρακα

129 514 364 548 προϐαλλόμενον.
382 514 459 540 Μετὰ
479 514 507 539 δὲ
523 512 610 541 ταῦτα
624 514 672 546 τὰς
695 515 838 549 καμήλους
852 523 917 549 στη-

130 561 249 594 σάμενον
263 559 346 586 αὑτοῦ
359 560 457 595 ταύτῃ,
476 560 548 595 μετὰ
569 560 598 587 δὲ
616 560 702 587 ταῦτα
725 562 789 593 τοὺς
804 561 918 596 θυρεοὺς

130 605 289 640 πηξάμενον
306 606 352 632 ἐπὶ
366 606 473 637 τούτοις
494 607 559 638 τοὺς
583 606 716 641 νεήλυδας
743 607 857 639 ἐτάξατο
870 608 919 634 σὺν

129 653 185 682 τοῖς
196 652 353 686 τηλεὸόλοις
369 661 399 678 τε
415 652 484 687 ἅμα,
500 653 548 679 καὶ
565 650 780 688 τηλεδαλίσκοίς,
795 653 842 680 καὶ
862 655 919 685 τοῖς

130 698 230 729 ἄλλοις.
249 698 328 725 Ἐπεὶ
342 698 370 725 δὲ
388 699 513 732 ἐτάξατο,
539 699 670 734 ἀντεπῄει
696 700 744 726 καὶ
762 700 889 734 Ἰωάννης
906 701 919 726 6

130 744 286 778 Χωνιάτης,
305 744 509 779 συνταξάμενος
525 741 589 771 ὧδε·
611 746 641 771 τδ
659 744 708 779 μὲν
734 745 821 777 δεξιὸν
837 745 919 771 αὐτοῦ

132 789 204 825 εἶχον
223 791 248 817 οἱ
270 791 394 817 Παιόνων
409 791 543 826 ἄρχοντες
567 791 615 818 καὶ
629 791 789 825 ἀδελφιδοῦς
815 791 897 818 αὑτοῦ
911 799 917 806 ⁸

133 837 268 872 Σεκού).ης
290 837 319 863 δὲ
341 835 375 872 ἦν
405 837 524 872 τοῦνομα
538 837 624 873 αὐτῷ,
653 839 700 865 καὶ
726 838 852 872 Βίλόκης,
873 838 920 864 καὶ

968 246 1026 267 rem
1040 243 1066 266 et
1079 237 1244 272 Arianitem,
1270 244 1417 273 utrumque
1432 238 1459 265 in
1473 237 1609 273 Europam
1623 237 1752 272 progredi

967 290 996 313 et
1013 285 1066 313 sibi
1092 285 1224 319 conjungi
1247 285 1370 320 jubebat.
1395 284 1442 312 llis
1460 285 1500 312 sie
1514 290 1681 319 prreceptum
1697 288 1752 311 est.

967 333 1114 359 Amurates
1129 337 1158 359 ut
1172 332 1199 358 in
1212 340 1337 366 campum
1349 332 1488 359 Cosobum
1501 331 1586 362 venit,
1599 331 1635 358 ibi
1646 335 1754 358 castra-

969 384 1086 406 mctatos
1104 386 1165 406 esse
1181 379 1309 413 cognorit
1333 378 1489 405 Pannones.
1506 377 1623 404 Proinde
1645 381 1671 404 et
1695 377 1754 411 ipse

969 430 1060 452 castra
1087 425 1186 452 munit.
1213 426 1358 451 Amurates
1381 427 1472 450 autem
1498 425 1524 450 in
1546 423 1630 450 armis
1653 423 1755 450 dicitur

971 472 1102 498 habuisse
1129 471 1286 506 quindecim
1325 471 1400 498 mille
1433 471 1571 505 myriades
1600 469 1754 496 hominum.

969 518 1084 545 Postero
1109 517 1153 544 die
1180 517 1326 544 confestim
1353 517 1548 552 accingebatur
1569 517 1600 542 ad
1619 516 1753 550 praelium.

969 563 1050 591 Juxta
1073 571 1134 591 eum
1162 563 1354 591 instruebatur
1371 564 1455 590 acies.
1472 563 1499 590 In
1523 563 1649 589 dextrum
1669 569 1755 588 cornu

971 610 1117 645 aptabatur
1132 609 1272 637 exercitus
1287 609 1418 639 Asianus.
1439 609 1482 635 cui
1496 613 1612 643 praeerat
1632 608 1686 634 dux
1706 614 1756 634 no-

971 655 1043 682 mine
1072 654 1167 682 Scura.
1201 655 1346 682 Sinistrum
1372 662 1457 681 cornu
1485 654 1594 680 tenebat
1617 653 1756 680 exercitus

971 702 1005 729 ab
1027 701 1136 736 Europa
1156 701 1342 734 conscriptus,
1366 708 1446 734 quem
1473 700 1584 734 regebat
1597 699 1650 725 dux
1672 699 1757 725 Cara-

972 747 1039 774 zics.
1064 745 1146 773 Juxta
1163 752 1296 781 utrosque
1312 746 1484 781 ponebantur
1498 746 1603 778 equites
1617 752 1677 771 eum
1698 747 1757 771 suis

972 793 1100 821 ducibus.
1123 793 1239 820 Mediam
1265 793 1353 820 aciem
1379 793 1533 826 occupabat
1556 799 1614 817 rex.
1642 790 1758 822 Quando

973 841 1064 864 autem
1080 836 1228 865 Atuurates
1242 841 1466 869 castrametatur,
1479 836 1568 870 primo
1584 840 1674 862 castra
1687 835 1758 861 vallo

132 883 325 918 Μεγαλούσης.
340 883 386 909 Ἐν
403 883 478 918 μέσῳ
492 883 516 909 δ’
528 883 612 915 αὐτὸς
624 883 754 910 ἐτάσσετο
764 882 918 917 Χωνιατης,

975 882 1073 914 lirumt,
1092 881 1190 909 deinde
1212 883 1333 910 camelos
1358 883 1453 914 locat;
1467 882 1528 909 dein
1557 885 1635 908 scuta
1654 881 1758 914 defigit,

132 930 201 964 ἔχων
217 930 281 961 τούς
301 938 330 956 τε
345 930 484 961 Βιτέζιδας
499 930 694 966 καλουμένους,
714 930 764 957 καὶ
788 930 834 956 τὸν
855 930 921 964 Ἄρη

133 972 221 999 δελεου
243 973 370 1009 στρατόν.
386 973 424 1000 Τὸ
437 974 465 1000 δὲ
491 973 632 1007 εὐώνυμον
649 975 734 1006 Δᾶνος
759 972 833 1010 εἶχεν
846 974 920 1010 αὐτῷ

134 1018 290 1052 ἐπιτήδειος
303 1018 352 1052 ὢν,
365 1019 394 1046 ὃν
414 1019 582 1053 καταγαγὼν
596 1021 624 1052 ὲς
640 1020 688 1053 τὴν
700 1021 803 1048 Δακίαν
817 1020 920 1057 χώραν,

133 1063 175 1089 διὰ
187 1064 218 1090 τὸ
229 1065 298 1099 πρὸς
325 1065 370 1091 τὸν
395 1065 535 1100 Δρακούλη
562 1066 646 1092 αὑτοῦ
663 1065 752 1100 ἔχθος,
771 1066 874 1093 ἐκεῖνόν
890 1075 920 1092 τε

134 1109 182 1142 τῆς
195 1110 284 1145 ἀρχῆς
297 1110 423 1146 ἐξήλασε,
437 1112 483 1138 καὶ
507 1112 557 1146 τὴν
581 1112 673 1147 χώραν
692 1111 736 1146 ὑφ’
754 1111 831 1146 αὑτῷ
844 1120 922 1147 ποιη-

136 1157 263 1190 σάμενος,
294 1157 339 1184 τόν
366 1166 398 1192 γε
415 1158 500 1184 Δᾶνον
525 1159 677 1192 ἐπέστησεν
706 1159 802 1194 ἄρχειν
827 1158 922 1193 αὐτῆς.

134 1200 224 1229 Ἦσαν
236 1204 260 1229 δ’
275 1203 351 1239 αὐτῷ
366 1204 453 1234 Aine;
464 1204 537 1238 ἀμφὶ
549 1205 612 1235 τοὺς
625 1204 855 1239 ὀκτακισχιλίους,
872 1212 924 1230 πα-

137 1249 316 1283 ραγενόμενοι
332 1250 360 1280 ὲς
373 1249 448 1275 τόνδε
466 1249 511 1275 τὸν
527 1249 657 1284 πόλεμον.

973 929 1102 964 deinceps
1140 929 1301 964 peregrinos
1330 936 1392 956 cum
1423 927 1623 955 bombardariis
1652 934 1758 954 necnon

973 975 1089 1009 reliquis
1103 975 1232 1003 collocat.
1244 974 1301 1002 Rex
1314 975 1359 1002 ubi
1371 974 1458 1002 aciem
1470 978 1662 1005 exornat-erat,
1676 973 1758 999 etiam

973 1019 1122 1047 Choniates
1135 1027 1200 1048 suos
1217 1020 1244 1047 in
1263 1021 1349 1048 aciem
1366 1020 1470 1052 educit,
1486 1027 1602 1053 eamque
1615 1019 1667 1046 hoc
1681 1023 1760 1053 pacto

974 1065 1100 1093 instruit.
1119 1065 1249 1093 Dextrum
1271 1073 1358 1093 cornu
1375 1071 1488 1092 tenuere
1507 1065 1668 1091 Paunouum
1690 1072 1761 1098 pra:-

973 1110 1049 1143 fecti,
1077 1118 1183 1138 necnon
1209 1111 1347 1145 patrueles
1374 1110 1529 1143 Choniatis,
1559 1110 1760 1144 SeculesUL),

973 1160 1001 1183 et
1024 1155 1142 1189 Eiloces,
1168 1149 1387 1192 Megalusesque.
1409 1156 1524 1183 Mediam
1542 1156 1629 1182 aciem
1646 1156 1761 1182 curabat

973 1201 1124 1230 Choniates
1140 1210 1202 1230 cum
1227 1203 1357 1230 Bitezidis
1373 1202 1519 1235 militibus,
1543 1207 1571 1229 et
1587 1201 1689 1229 Ardeiii
1704 1201 1761 1235 (l5)

978 1249 1112 1276 exercitu.
1138 1249 1258 1277 Sinistro
1281 1257 1367 1277 cornu
1388 1249 1496 1284 praefuit
1516 1249 1607 1276 Dauus
1621 1247 1761 1276 Choniatis

136 1298 250 1330 amicus,
263 1305 344 1332 quem
361 1299 388 1325 in
405 1298 494 1325 Dacia:
507 1297 692 1332 principatum
724 1296 856 1332 produxit
886 1295 950 1324 odio
968 1295 1095 1325 Draculis
1113 1307 1120 1325 :
1138 1305 1218 1332 quem
1241 1297 1331 1324 Dacia:
1356 1297 1514 1332 principatu
1542 1296 1711 1328 deturbavit,
1735 1299 1761 1322 et

136 1344 161 1371 in
175 1344 236 1379 ejus
258 1345 348 1372 locum
363 1344 507 1372 substituit
524 1344 642 1378 Danum,
658 1344 702 1372 cui
719 1343 807 1372 Dacos
823 1350 919 1379 parere
934 1342 1029 1378 jussit.
1047 1342 1126 1372 llunc
1150 1344 1176 1371 in
1193 1344 1220 1371 id
1237 1344 1336 1372 bellum
1353 1349 1450 1371 secuta
1467 1346 1546 1371 erant
1582 1347 1645 1370 octo
1678 1341 1762 1368 millia

136 1392 282 1419 Dacorum.

187 1439 267 1465 Ἐπεὶ
296 1438 324 1465 δὲ
354 1438 437 1474 ἄμφω
465 1437 685 1473 συνταξάμενοι,
716 1437 856 1473 προῄεσαν
884 1438 924 1469 ὡς

137 1485 276 1519 συμϐολὴν
296 1483 491 1519 ποιησάμενοι,
506 1483 625 1510 ἐνταῦθα
650 1482 777 1518 Βιτέζης,
801 1484 856 1510 τῶν
875 1483 923 1510 τοῦ

1015 1429 1082 1464 Cum
1105 1441 1195 1464 autem
1211 1435 1342 1471 utrinque
1358 1436 1431 1465 acies
1450 1436 1591 1463 instructa:
1609 1435 1762 1467 stetissent.

977 1483 1088 1518 jamque
1102 1482 1226 1517 praelium
1242 1489 1356 1516 poscere
1372 1481 1512 1513 videntur,
1524 1482 1559 1508 ibi
1576 1480 1682 1508 Bitczes
1695 1480 1764 1516 (l6),

136 1531 278 1558 Χωνιάτου
295 1530 471 1565 στρατιωτῶν
486 1527 538 1562 εἷς,
551 1531 580 1556 ὲν
597 1530 673 1564 μέσῳ
689 1530 792 1564 ἀμφοῖν
801 1529 824 1546 ⁸⁹
836 1537 922 1565 προσ-

979 1536 1050 1556 uuus
1073 1536 1088 1555 e
1113 1535 1229 1555 numero
1261 1526 1406 1554 Choniatis
1428 1527 1564 1558 militum,
1586 1527 1613 1553 in
1644 1526 1764 1553 medium

137 1575 257 1602 ελαύνων
269 1575 308 1610 τῷ
330 1576 418 1610 ἵππῳ,
435 1575 617 1610 προύκαλεῖτο
630 1575 713 1602 αὑτοῦ
729 1577 777 1602 τὸν
798 1576 853 1602 ἀπὸ
867 1576 923 1601 τῶν

136 1621 268 1656 Τούρχων
284 1621 512 1656 μονομαχήσαντά
533 1629 604 1653 τινα,
623 1621 707 1655 πρινὴ
732 1621 766 1648 τὰ
792 1620 924 1655 στρατεύ-

138 1677 213 1703 ματα
231 1668 352 1695 συνιέναι
368 1669 396 1699 ὲς
417 1667 509 1694 ταυτό.
531 1666 573 1699 Ὠς
589 1667 617 1693 δὲ
631 1667 754 1701 ἔγνωσαν
768 1668 793 1693 οἱ
808 1667 925 1702 Τοῠρχοι

137 1714 218 1741 αὑτὸν
235 1713 461 1749 μονομαχήσοντά
485 1722 539 1740 τινι
567 1713 795 1749 προεληλυθέναι,
811 1714 925 1749 ἑστήκε-

139 1768 187 1785 σαν
209 1760 259 1785 καὶ
286 1759 375 1786 αὐτοί.
401 1760 456 1785 Καὶ
486 1759 605 1786 ἐνταῦθα
632 1759 772 1791 ἐξελαύνει
792 1760 847 1786 ἀπὸ
876 1758 925 1786 τοῦ

138 1803 256 1839 στρατοῦ
269 1803 315 1830 τοῦ
336 1804 431 1838 ἑτέρου
447 1803 572 1838 Ἐλιέζης
599 1805 613 1830 6
640 1805 828 1839 Βαρησάταγα
848 1805 924 1838 παῖς,

136 1850 191 1876 τῶν
208 1850 238 1875 ὲν
255 1851 288 1884 τῇ
305 1849 381 1884 Ἀσίᾳ
397 1849 529 1885 ὑπάρχων
553 1849 613 1880 ἑνὸς
639 1850 737 1885 ἀνδρὸς
758 1850 864 1884 ἀγαθοῦ
881 1859 926 1884 γε-

137 1896 249 1930 νόμενος
273 1898 308 1922 τὰ
324 1895 441 1930 πολέμια
453 1916 460 1928 ,
478 1897 526 1923 καὶ
551 1897 687 1932 πρότερον
714 1898 769 1923 τῶν
788 1897 925 1933 νεηλύδων

138 1942 268 1977 ἄρχοντος
289 1942 319 1968 ὲν
335 1942 395 1969 ταῖς
417 1942 548 1977 βασιλέως
569 1942 678 1978 θύραις.
708 1940 792 1975 Οὗτος
817 1945 849 1979 δὴ
864 1944 926 1971 ἐπεὶ

139 1989 166 2019 ἐς
182 1989 212 2014 τό
229 1988 313 2022 μέσον
327 1987 435 2023 προῄει,
456 1988 538 2023 ὁμόσε
554 1989 593 2023 τῷ
612 1989 708 2016 Παίονι
726 1990 792 2023 ἵετο,
808 1991 856 2017 καὶ
870 1991 926 2022 τοῖς

139 2033 247 2068 δόρασιν
268 2034 368 2060 αὐτίκα
385 2033 510 2066 ἐπιόντες
529 2034 658 2068 ἀλλήλοις
671 2055 678 2067 ,
704 2036 740 2062 τά
766 2044 795 2062 τε
824 2036 927 2072 δόρατα

138 2080 285 2112 κατέαξαν.
313 2080 370 2106 Kal.
388 2081 401 2107 6
429 2080 478 2115 μὲν
512 2081 629 2116 Βιτέζης
653 2081 751 2108 ἔπεσεν
776 2082 858 2109 αὑτοῦ
877 2080 927 2110 σὺν

139 2128 178 2162 τῷ
193 2128 270 2162 τππῳ
297 2128 327 2159 ἐς
348 2127 398 2162 τὴν
421 2128 491 2162 γῆν·
508 2128 635 2163 Ἐλιέζης
650 2128 678 2154 δὲ
702 2129 867 2161 ὲχκοπέντος
880 2129 927 2156 τοῦ

140 2172 289 2207 ἑπιστήθου
302 2193 310 2205 ,
326 2174 376 2200 καὶ
401 2172 491 2207 ζώνης
516 2174 565 2200 σὺν
588 2174 627 2209 τῷ
653 2174 790 2210 ὲφιππίῳ,
806 2176 853 2202 ἐπὶ
870 2177 927 2209 τοῖς

139 2221 265 2255 ἐσχάτοις
294 2221 342 2248 τοῦ
374 2222 460 2248 ῐππου
487 2223 611 2256 ἐγεγόνει
636 2223 770 2251 ίππεύων.

139 2267 221 2298 ἵππος
235 2267 357 2301 ἀμείνων
370 2268 468 2294 τούτου
489 2268 581 2304 πολλῷ
602 2266 646 2304 ἦν,
664 2269 712 2296 καὶ
736 2270 786 2297 οὐκ
801 2267 858 2305 εἶχε
877 2270 927 2305 μὲν

138 2312 210 2344 ὅπως
235 2313 282 2339 τὸν
312 2313 414 2341 Παίονα
438 2314 639 2350 διαχρήσαιτο,
658 2316 777 2343 πεσόντα
809 2317 858 2344 σὺν
888 2317 927 2352 τῷ

139 2359 226 2395 ἵππῳ,
254 2360 302 2387 ars
333 2361 380 2387 καὶ
409 2361 491 2393 αὐτὸς
510 2362 637 2396 χαλεπῶς
665 2363 714 2390 καὶ
741 2363 821 2398 μόγις
837 2364 860 2381 ⁵ο
883 2364 928 2390 ῑπ.

140 2407 241 2432 πεύων·
258 2407 389 2438 πεσόντος
416 2408 467 2443 μέν
497 2417 538 2434 τοι
562 2409 610 2435 τοῦ
641 2409 768 2442 Παίονος,
789 2409 928 2443 ἀλάλαξαν

142 2451 212 2485 μέγα
233 2451 264 2478 τὸ
281 2451 338 2478 τῶν
350 2451 481 2487 Τούρκων
504 2454 666 2490 στράτευμα
678 2455 714 2487 ⁸¹,
734 2456 828 2482 οἰωνὸν
845 2464 927 2491 ποιη-

143 2497 265 2529 σάμινοι.
280 2497 360 2524 Ἐπεὶ
384 2498 407 2524 δ’
423 2499 575 2534 ἀμφότεροι
598 2499 704 2534 ἤλασαν
729 2500 758 2532 ἐς
775 2501 804 2527 τδ
821 2501 927 2528 ἑαυτῶν

143 2543 271 2578 ἑκάτερος
291 2544 485 2578 στρατόπεδον,
502 2545 620 2574 ἐνταῦθα
647 2547 826 2582 ’Δμουράτης
849 2548 863 2574 6
879 2547 928 2582 βα-

145 2590 245 2622 σιλεὺς,
274 2591 527 2626 μεταπεμψάμενος
555 2591 679 2628 Ἐλιέζην
715 2593 756 2624 είς
783 2592 845 2628 ὕψιν
876 2593 926 2628 τὴν

976 1582 1154 1611 procursans,
1167 1578 1194 1602 et
1203 1581 1273 1608 equo
1289 1573 1423 1606 insidens,
1440 1573 1606 1608 provocabat
1619 1573 1652 1599 ad
1667 1573 1764 1608 singu—

976 1621 1033 1648 lare
1045 1625 1184 1648 certamen
1197 1620 1276 1654 190
1288 1627 1371 1647 unum
1384 1627 1398 1647 e
1409 1619 1518 1651 Turcis,
1535 1625 1681 1654 antequam
1692 1619 1765 1646 acies

976 1670 1185 1695 concurrerent.
1211 1667 1293 1694 Turci
1314 1666 1360 1694 ubi
1387 1667 1666 1701 exploraruntvirum
1682 1666 1764 1692 istum

976 1715 1157 1751 processisse,
1175 1718 1203 1742 ut
1218 1718 1358 1742 certamen
1375 1713 1517 1748 singulare
1534 1713 1765 1744 committeretur,

976 1761 1128 1788 constitere
1155 1763 1182 1787 et
1209 1759 1271 1794 ipsi.
1301 1759 1372 1786 llinc
1397 1760 1528 1786 continuo
1554 1759 1588 1785 ab
1612 1758 1764 1785 Turcorum

976 1807 1100 1835 exercitu
1115 1806 1346 1842 proficiscebatur
1363 1805 1470 1832 Eliczes
1491 1805 1563 1832 filius
1577 1804 1682 1832 Barizte
1697 1804 1764 1839 (l7),

976 1855 1010 1882 de
1025 1861 1138 1881 numero
1153 1852 1345 1888 praefectorum
1372 1851 1444 1879 Λεία
1468 1850 1518 1878 viri
1541 1850 1670 1883 illustris,
1686 1855 1715 1877 et
1736 1850 1763 1877 in

976 1908 1007 1928 re
1026 1900 1141 1927 militari
1165 1898 1340 1931 excellentis,
1373 1898 1420 1932 qui
1446 1896 1584 1931 quondam
1602 1897 1654 1923 dux
1679 1896 1763 1923 exsti-

977 1952 1048 1976 terat
1074 1948 1283 1983 peregrinorum
1312 1947 1339 1973 in
1363 1945 1456 1980 januis
1482 1945 1565 1979 regis.
1586 1943 1647 1977 llic,
1672 1943 1718 1971 ubi
1735 1944 1762 1971 in

977 1994 1096 2022 medium
1121 1993 1269 2029 processit,
1293 1992 1402 2020 obviam
1432 1991 1561 2026 pergebat
1578 1991 1714 2018 Pannoni.
1732 1990 1766 2018 Et

977 2048 1039 2069 cum
1063 2040 1151 2068 hastis
1175 2039 1285 2068 infestis
1317 2043 1531 2071 concurrerent,
1559 2039 1644 2066 hasta:
1673 2037 1767 2066 fractzr.

978 2091 1053 2114 sunt.
1073 2086 1107 2113 Et.
1123 2085 1231 2114 Bitczes
1247 2093 1301 2113 una
1319 2093 1381 2113 curn
1398 2093 1469 2120 equo
1484 2085 1511 2112 in
1529 2090 1629 2112 terram
1648 2085 1765 2112 corruit.

979 2132 1085 2160 Eliezes
1099 2133 1240 2160 conscisso
1258 2131 1402 2167 pectoraii,
1429 2136 1457 2159 ct
1475 2139 1544 2159 zona
1560 2139 1621 2159 cum
1639 2131 1769 2166 ephippio

979 2179 1080 2213 soluta,
1101 2183 1248 2214 postrema:
1266 2178 1329 2213 equi
1361 2178 1432 2213 par‘ti
1459 2178 1583 2205 insidens
1602 2178 1770 2205 vehebatur.

807 2224 837 2250 Ὀ
872 2224 927 2259 γὰρ
944 2224 967 2252 D
981 2224 1070 2260 Hujus
1096 2225 1170 2252 enim
1197 2231 1286 2260 equus
1304 2224 1386 2260 longe
1410 2224 1510 2252 melior
1527 2227 1587 2251 erat
1603 2224 1699 2256 altero,
1717 2231 1768 2250 nec

981 2275 1072 2298 tamen
1099 2271 1206 2306 lapsum
1233 2270 1393 2298 Pannonem
1416 2270 1552 2305 perimere
1577 2270 1684 2305 quivit,
1703 2269 1766 2304 quia

980 2317 1039 2352 ipse
1059 2324 1170 2353 quoque
1188 2325 1261 2352 aegre
1282 2323 1309 2344 et
1333 2316 1478 2344 dilIiculter
1502 2324 1574 2351 equo
1594 2316 1766 2351 portabatur.

979 2363 1110 2392 Pannone
1141 2364 1168 2391 in
1198 2368 1299 2391 terram
1327 2371 1361 2391 ex
1386 2371 1457 2398 equo
1484 2362 1588 2394 effuso,
1618 2363 1767 2389 clamorem

981 2410 1130 2437 maximum
1142 2410 1255 2437 sustulit
1270 2409 1410 2436 Amuratis
1425 2409 1575 2442 exercitus,
1590 2408 1767 2441 cum;bouum

981 2456 1007 2483 id
1025 2455 1105 2490 quasi
1122 2463 1202 2483 omen
1215 2456 1254 2483 rei
1271 2456 1395 2491 gerenda:
1411 2455 1552 2482 ducerent.
1565 2454 1633 2481 Cum
1652 2459 1768 2488 uterque

981 2500 1014 2527 ad
1032 2507 1112 2527 suum
1126 2502 1277 2527 exercitum
1294 2504 1368 2528 esset
1381 2500 1531 2535 digressus,
1551 2500 1588 2527 ibi
1613 2505 1669 2527 tum
1684 2500 1770 2527 Amu—

981 2551 1055 2574 rates
1079 2546 1197 2574 Eliclem
1219 2546 1252 2573 ad
1281 2553 1311 2574 se
1337 2551 1465 2574 vocatum
1494 2547 1520 2574 in
1555 2547 1627 2574 hunc
1658 2547 1768 2574 modum

981 2593 1119 2621 allocutus
1131 2598 1173 2621 est
1188 2602 1195 2620 :
1213 2593 1236 2620 O
1251 2601 1329 2628 puer,
1346 2601 1378 2621 ex
1395 2593 1495 2628 quibus
1514 2593 1601 2621 initiis
1614 2597 1717 2621 tantam
1732 2593 1770 2620 rei

789 2676 914 2708 Notuleo
930 2676 1136 2716 marginales.

179 2735 234 2771 (IL)
249 2735 373 2771 Zeculcs.

179 2771 235 2806 (l5)
252 2770 361 2803 Erdclii,
375 2770 580 2806 ‘l‘rattssylvani,
597 2771 797 2808 Siebenbtirger.

181 2849 203 2865 "
224 2849 352 2878 ἐνταῦθα.
370 2850 402 2878 R.
419 2857 448 2878 ut
465 2852 489 2879 iu
507 2860 530 2878 ε.
572 2852 593 2868 ⁸⁹
614 2851 644 2879 In
664 2860 725 2885 uno,
745 2852 818 2888 βοῦν.
858 2853 880 2869 "
898 2853 920 2880 R

977 2853 1036 2886 ςλις.
1061 2854 1092 2881 In
1112 2855 1146 2881 ul.
1167 2860 1193 2882 ut
1212 2864 1235 2883 ι’.

1021 2739 1076 2774 (16)
1090 2739 1227 2771 Bitezidze,
1247 2747 1316 2774 quos
1331 2739 1503 2768 Hussarones
1518 2739 1700 2775 appellamus.

1018 2775 1074 2810 (l7)
1087 2775 1130 2802 Al.
1152 2775 1323 2811 Barisatagac.

1280 2857 1301 2872 “
1318 2856 1355 2888 ὡς
1380 2857 1405 2882 οἱ
1429 2855 1626 2885 ποιησάμενος.
