1950 3075
121 142 135 171 3
140 142 170 172 57

635 151 685 180 DE
702 149 829 182 REBUS
845 151 1024 183 TUBCICIS
1045 155 1118 186 LIB.
1141 156 1210 186 VII.

1691 158 1743 189 3E8

123 201 185 235 παρ’
203 201 299 228 ἐλπίδα
327 202 532 239 ἀγωνισάμενοι
546 205 682 242 ἐμάχοντο
707 209 791 241 ἀξίως
814 209 894 244 λόγου

961 212 1076 248 Europae
1098 215 1240 242 exercitus
1269 215 1296 241 itt
1325 217 1454 242 cohortes
1482 221 1616 247 secretus,
1644 223 1743 250 praeter

122 248 264 282 Γενόμενοι
289 249 343 283 γὰρ
370 250 431 276 κατ’
446 250 524 285 ὀλίγα
551 251 588 283 ὥς
613 254 636 279 οἱ
654 254 768 286 Παίονες
791 256 908 283 ἐπελαύ-

124 303 188 325 νειν,
205 295 320 329 ἔφευγον
334 296 386 322 ἀνὰ
402 297 513 330 κράτος,
527 299 565 330 ὡς
581 300 644 331 τοὺς
665 301 788 328 Παιόνων
806 302 907 335 ἵππους

121 341 314 372 ἐπιδιώκοντες
329 343 446 377 κάμνειν
463 352 492 370 τε
512 346 630 380 ίσχυρῶς
645 347 692 373 καὶ
709 349 905 384 ἀπαγορεύειν.

120 386 173 413 Καὶ
198 387 315 414 ἐνταῦθα
336 389 368 423 δὴ
394 390 432 421 ὼς
456 391 481 417 of
499 391 618 426 Τοῦρκοι
645 393 791 428 αὐτάρκως
818 395 906 429 ἔχοιεν

120 433 166 467 τῆς
181 434 273 468 φυγῆς
290 434 457 469 διαστάντες,
473 437 537 469 τούς
550 447 578 464 τε
595 439 696 470 ἵππους
709 440 843 474 ἐτόξευον,
859 442 906 468 καὶ

120 478 232 505 ὄπισθεν
245 480 369 512 ἐπιόντες
393 482 540 509 κατέκαιον
564 484 587 500 ⁸⁸
610 485 675 516 τοὺς
698 486 832 518 Παίονας·
857 487 905 514 ﬁt:

120 524 170 558 γΞιρ
197 525 222 550 οἱ
247 525 377 558 πλείους,
406 528 453 553 καὶ
486 529 529 563 ἐφ’
557 529 647 555 ἵππων
671 529 738 557 πολὺ
763 531 906 565 βελτιόνων

120 571 277 605 φερόμενοι,
293 573 340 599 καὶ
354 574 436 610 τέχνῃ
456 574 489 600 τά
513 575 599 602 πολλὰ
622 576 672 612 τὴν
692 578 781 612 μάχην
797 579 906 606 συνδια-

120 615 308 651 χειρίζοντες,
324 618 437 652 ἄμεινον
464 620 594 655 ἐφέροντο
614 622 669 648 τῶν
696 623 827 651 Παιόνων.
851 625 905 651 Καὶ

70 677 74 680 ι
119 661 167 695 τὴν
188 662 239 696 μὲν
255 663 367 698 πρώτην
382 665 491 700 ἡμέραν
513 666 608 693 πολλοὶ
634 669 684 702 μὲν
705 669 829 696 Παιόνων
846 671 905 696 ἔπι-

120 716 187 733 πτον
203 709 232 734 ὲν
246 710 278 744 τῇ
295 710 380 746 μάχῃ,
396 710 489 737 πολλοὶ
500 711 527 738 δὲ
539 712 669 748 Τούρκων
680 714 837 742 ἀπώλλυντο
850 708 904 742 ’ὑπὸ

122 754 256 782 Παιόνων.
275 756 330 782 Καὶ
343 757 445 791 ταύτην
463 758 513 792 μὲν
526 758 576 794 τὴν
593 759 701 795 ἡμέραν
717 760 781 796 ὅλην
802 762 905 796 ἐμαχέ-

118 809 199 828 σαντο
217 802 379 838 ἀμφότεροι,
398 803 446 830 καὶ
464 804 604 836 luerunt;
626 805 766 839 ἐγένοντο·
791 807 853 834 ἐπεὶ
876 807 904 835 δὲ

115 847 162 881 ὀψὲ
190 846 236 882 ἧν,
263 848 408 883 διέστησάν
435 858 464 876 τε
492 850 540 876 ἀπ’
562 851 696 887 ἀλλήλων,
715 853 761 880 καὶ
787 854 903 881 ἐπὶτῶν

942 651 947 665 \

960 265 1036 293 spem
1051 259 1160 294 egregie
1174 264 1202 287 et
1214 261 1431 288 memorabiliter
1455 262 1604 296 pugnabat.
1621 261 1740 288 Proinde

958 310 1020 329 cum
1047 303 1191 331 Pannoncs
1210 303 1307 332 Turcis
1328 306 1551 340 appropinquare
1579 314 1633 333 non
1658 306 1743 333 aude-

958 354 1031 381 rent,
1049 356 1156 376 summa
1172 350 1197 376 vi
1212 349 1365 385 fugiebant.
1380 351 1461 378 Turci
1479 351 1640 378 Pannontttn
1655 359 1742 386 equos

958 395 1204 429 persequebantur,
1221 401 1250 422 et
1274 396 1396 430 graviter
1415 396 1560 424 admodum
1587 404 1618 424 ca
1636 397 1662 423 in
1681 405 1743 430 per-

957 441 1101 468 secutione
1117 441 1290 469 laborabant.
1308 442 1384 469 Lassi
1406 442 1489 476 igitur
1508 442 1616 469 tandem
1633 448 1659 468 «ιι
1678 442 1741 468 fati-

956 487 1011 519 ιωιί
1031 487 1214 521 insequendo,
1243 487 1363 515 hostium
1392 496 1479 524 equus
1505 490 1611 523 sagittis
1627 488 1740 520 feriunt,

956 532 1158 567 Pannonesque
1169 541 1183 560 a
1196 537 1272 568 tergo
1285 534 1444 561 adorientes
1454 535 1576 568 graviter
1588 535 1738 569 urgebam;

956 585 1019 604 nam
1039 577 1120 605 Turci
1136 586 1253 605 numero
1268 583 1295 605 et
1312 587 1445 613 equorum
1462 579 1644 614 generositate
1660 586 1741 613 supe-

956 624 1065 651 rabant.
1085 624 1221 651 Praeterea
1247 624 1408 659 plerumque
1430 633 1484 651 non
1504 626 1617 659 impetu,
1644 631 1738 651 verum

955 674 1014 697 arte
1032 671 1058 697 in
1078 671 1181 705 prazliis
1198 674 1326 697 utttntur.
1342 670 1514 705 Quapropter
1529 678 1560 697 ea
1575 675 1740 705 tempestate

954 716 1105 744 Turcoruut
1133 725 1177 744 res
1202 717 1316 744 meliore
1342 721 1428 748 statu,
1453 724 1535 751 quam
1558 716 1737 748 Pannonum,

956 768 1048 790 erant.
1070 763 1098 789 Et
1116 763 1341 797 quidemprinto
1364 764 1408 790 die
1435 763 1514 790 mttlti
1538 762 1682 790 Paununes
1709 763 1737 790 in

954 817 1042 844 pugna
1064 810 1209 840 calebant,
1235 817 1342 836 necnon
1372 809 1481 843 plurimi
1510 808 1592 836 Turci
1619 809 1738 836 trucida-

955 857 1054 882 bantur
1067 863 1081 882 a
1097 854 1284 882 Pannonibtts.
1299 855 1351 882 Per
1367 861 1451 882 totum
1470 855 1552 882 istum
1573 855 1645 882 diem
1657 862 1738 890 aequo

116 893 305 927 στρατοπέδων
319 894 548 931 ἀναχωρήσαντες
559 897 582 913 ⁸⁹
597 897 734 933 ἑκάτεροι,
752 898 894 926 ἀνεπαύον-

955 902 1087 936 utrinque
1105 906 1192 929 marte
1211 906 1361 936 pugnatum
1377 906 1429 928 est.
1446 901 1565 936 Vespera
1580 907 1671 928 autem
1687 908 1738 935 ap-

115 946 152 966 το.
170 939 288 971 Παίονες
302 940 352 974 μὲν
375 940 422 968 οὖν
439 942 558 977 οἰόμενοι
570 944 633 975 τοὺς
647 944 786 980 Τούρκους
803 946 900 977 νυκτὸς

113 985 274 1018 οἰχήσεσθαι
291 986 435 1019 ἀπιόντας.
451 988 496 1014 καὶ
508 989 537 1015 οὔ
558 989 707 1023 μενοῦντας
722 990 752 1016 ὲν
762 991 794 1025 τῇ
813 990 898 1023 τάξει.

113 1031 166 1058 Καὶ
186 1031 363 1066 ἱπποδρόμων
385 1032 435 1067 μὲν
453 1034 502 1060 οὐκ
528 1034 612 1069 ὀλίγοι
640 1035 781 1071 ἀπῄεσαν*
796 1036 858 1062 ἐπεὶ
871 1036 898 1063 δὲ

114 1077 177 1109 τοὺς
194 1077 365 1112 Τριϐαλλοὺς
390 1078 520 1115 εὕρισκον
547 1081 578 1107 ἐν
603 1082 661 1113 τοῖς
677 1082 780 1113 στενοῖς
803 1082 898 1116 ἐπιμέ-

113 1131 222 1155 νοντας,
238 1121 316 1155 αὖθις
333 1123 486 1160 ἐπανῄεσαν
503 1126 548 1151 ἐπὶ
574 1125 605 1152 τὸ
628 1126 822 1161 στρατόπεδον.
843 1127 899 1153 Καὶ

113 1170 227 1201 Παίονες
244 1170 293 1205 μὲν
306 1169 379 1197 οὕτω
397 1171 523 1205 ἐνόμιζον
536 1173 569 1206 τῇ
585 1172 718 1208 ὑστεραίᾳ
734 1172 830 1207 βραχεῖ
843 1181 897 1199 τινι

113 1217 204 1251 μυρίῳ
229 1216 277 1243 τοῦ
305 1215 426 1252 στρατοῦ
449 1218 648 1251 ἀντιτάξασθαι
662 1238 669 1250 ,
684 1219 722 1250 ὡς
737 1219 791 1245 τῶν
806 1219 896 1246 ἀλλων

110 1263 311 1297 οῐχησομένων,
329 1264 420 1290 καὶού
438 1265 601 1299 μενούντων,
616 1265 662 1292 καὶ
684 1265 755 1292 οὕτω
769 1265 800 1301 δὴ
818 1274 894 1301 περι-

110 1310 283 1344 ῖενομένους.
303 1311 428 1346 αἱρήσειν
451 1311 549 1338 αὐτίκα
570 1312 619 1344 τὰς
642 1311 773 1346 βασιλέως
798 1312 893 1347 θύρας.

111 1355 241 1387 Βασιλεὺς
269 1355 299 1382 δὲ
322 1357 369 1382 καὶ
385 1356 410 1383 of
430 1356 546 1391 Τοῦρκοι
571 1356 822 1393 ἀναθαρσήσαντες,
845 1358 894 1384 οὐκ

108 1402 136 1427 ἐν
159 1401 251 1436 ὁμοίῳ
275 1401 315 1428 ῑτι
340 1402 395 1428 δέει
426 1402 547 1436 ἐγίνοντο
573 1403 644 1438 ἀμφὶ
667 1404 730 1435 τοὺς
756 1403 893 1436 Παίονας,

108 1448 330 1483 θαρσαλεώτεροι
351 1448 373 1464 ⁸ο
395 1448 418 1475 δ’
433 1448 519 1482 ὄντες,
537 1449 786 1484 παρεσκευάζοντο,
806 1450 844 1482 ὡς
863 1451 894 1483 ὲς

109 1495 155 1529 τὴν
172 1494 325 1529 ὑστεραίαν
339 1494 499 1529 μαχόμενοι,
516 1495 670 1530 τρέψασθαι
684 1496 746 1526 τοὺς
762 1496 892 1528 Παίονας.

953 953 1072 983 petente,
1100 949 1286 983 relinquentes
1307 949 1442 983 ptadtum,
1461 952 1576 983 uterque
1600 947 1737 975 exercittts

952 992 979 1019 itt
999 1000 1047 1019 sua
1065 998 1155 1021 castra
1182 993 1374 1027 colligebatur,
1400 994 1542 1028 quietique
1567 1000 1597 1020 se
1621 993 1735 1020 dabant.

951 1038 1098 1065 Pannones
1127 1039 1260 1072 putabant
1286 1037 1392 1066 Tttrcos
1420 1043 1502 1065 noctu
1528 1038 1652 1065 abituros
1683 1044 1735 1064 nec

951 1084 1069 1119 amplius
1097 1085 1123 1111 in
1141 1084 1243 1111 castris
1268 1091 1423 1111 mansuros.
1450 1083 1484 1110 Et
1501 1084 1611 1118 equites
1624 1083 1733 1118 quidem

952 1139 1007 1158 non
1021 1131 1103 1165 pauci
1121 1131 1177 1165 jam
1199 1130 1396 1157 discesserant.
1417 1129 1468 1156 Ubi
1494 1134 1584 1157 autem
1601 1129 1736 1156 Triballos

953 1176 1083 1204 invenere
1100 1180 1293 1210 exspectantes
1315 1175 1341 1202 in
1359 1176 1494 1209 angustiis
1512 1176 1616 1202 hostem
1631 1175 1735 1201 abeun-

952 1228 1017 1255 tem,
1035 1223 1063 1250 in
1077 1227 1168 1250 castra
1186 1222 1340 1250 redierunt.
1359 1221 1504 1249 Pannoues
1526 1221 1637 1257 quidem
1660 1221 1734 1247 arbi-

950 1270 1094 1297 trabantur
1109 1278 1138 1297 se
1150 1270 1193 1296 die
1209 1269 1330 1297 crastino
1347 1276 1407 1296 cum
1424 1276 1507 1303 parva
1528 1268 1636 1295 ltostilis
1655 1267 1733 1301 192

949 1315 1090 1343 exercitus
1109 1323 1189 1342 mantt
1210 1322 1422 1349 congressuros,
1442 1314 1519 1348 quasi
1544 1314 1635 1341 car-teri
1650 1313 1733 1340 diffu-

950 1362 1065 1397 gissent,
1082 1369 1136 1389 non
1154 1365 1346 1396 exspectantes
1360 1361 1467 1388 hostem
1488 1367 1495 1387 :
1514 1365 1541 1387 et
1557 1360 1597 1386 sic
1619 1360 1732 1385 victoria

952 1407 1031 1435 facile
1044 1408 1192 1442 potituros,
1203 1406 1332 1441 regisque
1349 1406 1450 1441 januas
1465 1405 1663 1432 debellaturus.
1676 1403 1732 1431 Rex

949 1461 1014 1482 vero
1042 1455 1188 1480 Amttrates
1212 1459 1240 1481 et
1265 1452 1348 1480 Turci
1374 1452 1482 1486 seipsos
1513 1451 1708 1478 confirmantes
1724 1469 1733 1482 ,

950 1499 1023 1527 haud
1043 1500 1162 1535 amplius
1178 1499 1340 1526 metuebant
1356 1498 1512 1525 Pantioncs.
1531 1497 1637 1524 Animis
1650 1496 1732 1531 igitur

106 1543 245 1578 receptis,
279 1546 306 1569 et
327 1540 474 1576 plurimum
499 1542 658 1574 exhilarati,
679 1543 895 1578 accingebantur
913 1545 948 1573 ad
968 1547 1105 1582 przlium,
1122 1547 1203 1581 quasi
1220 1553 1253 1574 eo
1269 1545 1312 1573 die
1347 1545 1393 1580 qui
1429 1549 1601 1579 sequeretur,
1623 1544 1732 1578 praelia-

106 1592 157 1618 tnri
176 1599 240 1618 cum
262 1590 400 1622 hostibus,
415 1596 518 1624 eosque
535 1589 562 1617 in
581 1589 672 1626 fugam
689 1592 853 1626 conjecturi.

138 1639 197 1674 Τὴν
217 1639 266 1672 μὲν
281 1636 329 1665 οὖν
342 1638 453 1674 ἡμέραν
467 1638 570 1674 ταύτην
586 1640 615 1672 ἒς
626 1639 755 1668 τοσοῦτον
770 1641 889 1675 ἐγένετο.

991 1639 1030 1667 Εο
1056 1639 1100 1667 die
1124 1646 1185 1673 quae
1218 1638 1298 1666 modo
1329 1637 1543 1666 memoravimus
1580 1635 1730 1671 contigere.

105 1684 143 1720 τῇ
166 1685 197 1711 δὲ
214 1685 294 1711 νυκτὶ
310 1684 397 1720 ταύτῃ
413 1685 528 1716 Παίονες
544 1685 751 1720 βουλευόμενοι,
771 1687 845 1719 ὅπως
859 1689 892 1722 τῇ

104 1729 240 1765 ὑστεραίᾳ
264 1729 314 1764 τὴν
339 1730 431 1764 μάχην
445 1731 625 1765 ποιήσωνται,
641 1731 755 1767 γνώμην
773 1732 892 1766 ἀπεφαί-

105 1785 164 1802 νετο
176 1777 308 1808 ἕκαστος,
323 1776 361 1808 ὡς
374 1775 462 1802 ἐδόκει
477 1776 551 1812 αὐτῷ
565 1776 615 1811 τὴν
633 1776 724 1812 μάχην
739 1777 890 1804 ποιεῖσθαι.

105 1823 159 1850 Καὶ
174 1823 257 1857 λόγος
270 1823 394 1857 ἐγίγνετο
415 1823 509 1854 πολύς.
534 1823 669 1850 Ἐνταῦθα
688 1823 892 1858 βουλευομένων

103 1869 194 1897 αὐτῶν
207 1890 215 1903 ,
232 1869 356 1903 Ταούτης
375 1870 388 1896 ό
404 1868 550 1902 Σαοὺζεω,
569 1869 669 1900 υιῑδοῦς
683 1870 731 1897 τοῦ
757 1871 892 1906 ’Λμουρά-

103 1924 167 1948 seu),
186 1916 268 1950 γένος
282 1916 320 1942 ὣν
339 1916 394 1943 τῶν
414 1916 625 1952 Ὀτουμανίδων.
639 1917 783 1953 παρελθὼν
798 1918 828 1949 ἐς
844 1919 891 1953 μέ-

105 1970 149 1988 σον
163 1961 241 1995 ἔλεξε
264 1961 352 1989 τοιάδε
364 1970 372 1978 ·
391 1960 474 1997 Ἦμτν
491 1963 540 1998 μὲν
559 1963 639 1989 ἱκανὰ
654 1963 840 1998 συμσέϐὶηται
862 1963 890 1996 ές

101 2016 130 2033 τε
147 2007 198 2042 τὴν
222 2008 316 2034 Ἀσίαν
334 2009 382 2035 καὶ
399 2009 428 2039 ἐς
453 2008 503 2044 τὴν
518 2008 665 2044 Εὐρώπην,
680 2008 740 2035 οὐδὲ
756 2009 788 2044 δὴ
803 2009 890 2036 ταῦτα

104 2054 293 2088 προσέχοντας
315 2053 344 2084 ἐς
360 2049 395 2080 τὰ
414 2054 592 2089 Ἀμουράτεω
607 2055 761 2089 πράγματα
774 2055 824 2091 τὴν
839 2056 890 2090 μά-

101 2108 152 2135 χην
177 2099 328 2134 ποιεῖσθαι,
344 2099 464 2133 ἀνήνυτα
483 2100 506 2116 ⁶¹
533 2101 744 2136 ἐργαζομένους.
772 2103 809 2128 Οὐ
835 2103 889 2138 γὰρ

100 2146 132 2172 ἂν
146 2146 346 2182 παρεχομένων
372 2148 442 2181 σφᾶς
456 2147 575 2174 κτείνειν
595 2148 651 2174 τῶν
665 2148 771 2183 ἀνδρῶν
785 2148 888 2176 τούτων

101 2192 245 2227 δυναίμεθ’
261 2192 294 2218 ἂν
310 2192 381 2219 οὕτω
399 2201 431 2226 γε
456 2193 580 2225 εὐπετῶς
603 2194 799 2230 χειρώσασθαι.
818 2195 889 2222 Ἀλλ’

101 2238 164 2272 ἐμοὶ
183 2237 260 2263 δοκεῖ
281 2238 295 2264 ὁ
320 2238 475 2272 μαχόμενος
495 2238 534 2273 τῷ
556 2239 679 2274 πολέμῳ,
702 2239 735 2274 ἢν
752 2240 801 2275 μὲν
819 2241 886 2276 βάλῃ

101 2284 216 2318 καιρίαν
235 2283 354 2318 πληγὴν,
384 2284 518 2311 κατέϐαλέ
547 2294 576 2311 τε
605 2286 651 2312 τὸν
682 2286 824 2321 πολέμιον,
839 2289 887 2314 καὶ

101 2328 156 2363 ἔχει
172 2329 264 2359 καλῶς
283 2329 401 2364 χρῆσθαι
416 2329 455 2364 τῷ
473 2331 661 2366 στρατεύματι
677 2332 716 2348 ⁶¹·
739 2332 790 2359 ποῦ
810 2333 832 2359 δ’
853 2333 886 2360 ἃν

100 2374 177 2409 βάλοι
197 2374 383 2409 καιριωτέραν
408 2375 424 2410 ἢ
449 2376 478 2401 ὲν
505 2377 537 2411 τῇ
566 2377 694 2412 κεφαλῇ;
718 2377 749 2404 τό
774 2385 804 2404 τε
831 2378 886 2412 γὰρ

100 2420 181 2452 σῶμα
206 2419 268 2454 ἀγει
283 2420 348 2451 πᾶν,
362 2421 411 2447 καὶ
433 2422 461 2447 ὲν
475 2421 563 2458 τούτῳ
579 2424 596 2458 ή
610 2423 688 2454 πόλις
699 2424 722 2439 ⁸³
732 2432 738 2439 ·
757 2424 790 2459 ἢν
805 2424 833 2450 δὲ
849 2424 886 2459 μὴ

100 2467 214 2500 καιρίαν
227 2465 309 2500 βάλῃ,
327 2467 446 2493 ἐπίπονα
467 2468 545 2495 ἔσται
569 2469 614 2495 καὶ
627 2469 734 2504 χαλεπὰ
749 2478 887 2506 κατεργα-

100 2512 199 2545 σθῆναι
215 2511 251 2538 τὰ
271 2511 325 2538 τῶν
346 2512 494 2546 πολεμίων.
522 2514 578 2542 Καὶ
600 2515 647 2542 νῦν
670 2515 698 2542 δὲ
714 2516 785 2543 οὕτω
800 2517 884 2546 δοκεῖ.

106 2558 205 2593 Ὁρᾶτε
221 2559 286 2594 γὰρ,
300 2559 338 2590 ὡς
365 2560 394 2585 αἱ
414 2559 495 2594 θύραι
511 2561 557 2587 τοῦ
573 2561 704 2596 βασιλέως
722 2564 886 2598 ὲστῆκεισαν

98 2605 208 2639 οὖδαμῆ
231 2604 400 2640 ὡρμημέναι
417 2606 463 2633 ἐπὶ
474 2607 524 2641 τὴν
545 2607 646 2642 μάχην,
661 2607 722 2634 οὔτε
741 2609 885 2636 ἀνακινδυ-

99 2650 189 2676 νεύειν
216 2649 374 2681 ἐθέλουσιν,
401 2650 438 2682 ὡς
468 2650 498 2677 τὸ
523 2652 577 2678 πᾶν
601 2653 734 2687 φέρουσαι
752 2655 822 2681 αὐτὰ
836 2655 884 2682 τοῦ

945 1686 1024 1714 Istam
1059 1690 1169 1713 noctetn
1207 1684 1359 1712 Pannones
1388 1684 1566 1711 deliberando
1599 1689 1730 1710 consum-

943 1739 1023 1767 psere
1041 1735 1163 1759 :etcum
1185 1730 1385 1761 consultarent,
1402 1729 1503 1763 singuli
1517 1735 1595 1756 suam
1612 1732 1726 1755 senten-

943 1778 1020 1809 tiam,
1050 1775 1281 1810 quemadmodum
1310 1775 1362 1803 sibi
1394 1774 1551 1802 consultutn
1583 1774 1724 1802 videretur

944 1821 1080 1857 auspicari
1102 1820 1237 1856 praelium,
1261 1820 1289 1847 iu
1316 1819 1435 1846 medium
1453 1819 1637 1847 adducebant.
1654 1819 1728 1846 Varii

943 1868 1078 1902 multique
1094 1867 1267 1894 habebantur
1284 1872 1436 1893 sermones.
1465 1865 1502 1893 lbi
1527 1871 1584 1892 tum
1609 1866 1727 1894 consul-

943 1912 1064 1940 tantibus
1080 1911 1269 1943 Pannonibus,
1288 1910 1390 1938 Tautes
1420 1910 1520 1938 Sauzis
1545 1910 1629 1943 ﬁlius,
1646 1917 1728 1939 natus

941 1967 975 1986 ex
1003 1965 1103 1993 genere
1127 1957 1368 1990 Otomanidarum,
1401 1957 1448 1992 qtti
1468 1961 1525 1984 tum
1554 1961 1645 1985 castra
1671 1957 1730 1985 Ull-

941 2011 1072 2040 garorum
1099 2003 1277 2039 sequebatur,
1308 2002 1450 2030 Amuratis
1474 2003 1555 2037 primi
1583 2010 1615 2029 ex
1637 2002 1727 2030 Sauze

941 2050 998 2078 filio
1033 2057 1129 2084 nepos,
1156 2055 1321 2084 progressus
1349 2048 1376 2074 in
1406 2048 1536 2080 medium,
1568 2048 1724 2083 hujus-nodi

940 2094 1094 2127 orationem
1114 2101 1231 2121 exorsus
1248 2097 1292 2120 cst
1310 2102 1317 2120 :
1333 2091 1484 2127 Nobisjam
1506 2092 1574 2120 satis
1587 2101 1726 2128 superque

941 2142 968 2169 in
990 2141 1053 2168 Asia
1068 2145 1096 2167 et
1115 2139 1224 2174 Europa
1244 2143 1394 2174 pugnatum
1416 2143 1468 2167 est.
1496 2138 1617 2168 Necdum
1642 2140 1723 2167 etiam

940 2188 1062 2215 animum
1089 2187 1267 2219 advertimus,
1295 2191 1324 2213 ut
1352 2186 1528 2221 pugnandum
1558 2188 1594 2215 sit
1628 2194 1725 2215 contra

940 2233 1110 2265 Amm-atem,
1137 2237 1167 2260 ut
1186 2241 1229 2261 res
1249 2232 1311 2268 ejus
1329 2227 1543 2261 contundautns.
1572 2233 1632 2262 Nisi
1650 2235 1724 2262 enint

940 2279 1138 2314 peremerimus
1162 2280 1235 2307 viros
1266 2281 1345 2313 istos,
1379 2287 1433 2306 non
1461 2280 1541 2307 facile
1573 2281 1725 2315 poterimus

909 2323 930 2351 D
944 2325 1103 2352 Amuratcm
1118 2326 1238 2352 vincere.
1269 2326 1302 2352 At
1317 2325 1384 2352 tnihi
1406 2326 1523 2357 videtur,
1540 2326 1563 2352 si
1579 2327 1642 2360 quis
1664 2334 1725 2353 cer-

939 2376 1029 2408 tamen
1049 2371 1148 2399 subeat
1176 2379 1238 2398 cutn
1257 2371 1345 2403 hoste,
1370 2372 1451 2406 eique
1467 2371 1570 2405 inﬂigat
1596 2371 1724 2398 lethaletn

938 2418 1034 2450 ictum,
1063 2417 1170 2444 hostem
1200 2416 1309 2451 dejecit,
1328 2421 1356 2443 et
1389 2417 1495 2451 reliquo
1525 2417 1646 2444 exercitu
1673 2425 1723 2451 pro

938 2463 1054 2490 arbitrio
1069 2463 1108 2489 uti
1124 2462 1235 2497 poterit.
1251 2461 1305 2490 Ubi
1326 2467 1415 2490 autem
1434 2463 1522 2497 magis
1537 2462 1636 2490 lethale
1652 2462 1723 2490 inlli-

939 2513 984 2545 gat
999 2509 1108 2540 vulnus,
1126 2516 1206 2544 quam
1222 2509 1246 2536 si
1259 2513 1342 2543 caput
1355 2508 1458 2536 feriat?
1474 2508 1542 2536 Tum
1560 2510 1632 2537 enitn
1659 2517 1725 2536 cor-

942 2563 992 2591 pus
1009 2559 1094 2582 totnm
1110 2554 1196 2582 dolet.
1215 2554 1243 2581 In
1262 2555 1351 2589 capite
1371 2555 1444 2582 enim
1460 2555 1538 2589 quasi
1555 2556 1620 2583 urbs
1633 2560 1660 2584 et
1682 2563 1725 2583 re-

939 2602 1029 2636 gimen
1045 2602 1131 2629 totius
1145 2601 1255 2629 humani
1269 2603 1394 2636 corporis
1408 2602 1490 2629 sittttn
1502 2606 1554 2630 est.
1569 2602 1617 2630 Sin
1629 2606 1721 2630 autem

945 2647 1016 2675 haud
1032 2647 1141 2675 dedetis
1164 2647 1263 2675 lethale
1279 2649 1389 2680 vulnus,
1408 2647 1518 2677 difficile
1532 2649 1679 2677 admodum
1698 2653 1726 2676 et

733 2737 856 2769 Notulaa
877 2740 1077 2779 marginales.

133 2794 157 2809 ”
179 2794 258 2838 [forte
277 2796 448 2838 ξριξέκαινον,
468 2795 549 2838 If._ln
564 2799 601 2825 al.
613 2802 769 2830 κατέκαιον.
789 2810 894 2836 supcrat:

948 2809 966 2830 ‘o
994 2813 1018 2831 v.
1051 2809 1079 2830 ut
1100 2803 1215 2838 legatur,
1243 2805 1415 2831 κατέκαινον.
1453 2805 1476 2820 δί’
1491 2804 1725 2838 ἀποχωρήσαντες

99 2827 121 2855 Β
139 2837 171 2869 Διιι
190 2831 242 2856 hic.
281 2831 304 2846 "
318 2829 348 2856 Itt
365 2839 426 2864 uno,
442 2834 488 2858 καὶ
503 2834 583 2868 θαρσ.
598 2835 683 2868 δντες.
723 2836 741 2851 ⁶¹
762 2827 893 2872 ἀνύιὶἧτάζ

948 2858 953 2866 .
970 2844 997 2865 ut
1016 2839 1043 2865 in
1055 2848 1077 2865 c.
1117 2827 1138 2854 δέ
1152 2839 1183 2866 1η
1199 2827 1262 2872 tino,
1283 2842 1439 2874 πράγματι.
1478 2840 1500 2855 ⁵³
1515 2827 1627 2870 lnhunro‘,
1643 2827 1725 2874 dupe:

103 2865 192 2896 πολις.
