1950 3075
228 120 279 151 359

774 115 930 146 LAONICl
950 115 1286 146 CIIALCOCONDYL/E

1756 142 1766 150 ρ
1796 113 1850 145 360

227 176 395 204 laboriosum
411 175 462 201 erit
475 180 602 208 superare
614 172 730 199 hostem.
748 172 780 198 Et
795 177 823 199 ut
841 179 928 198 meam
948 179 1009 198 sen-

1070 172 1194 204 ιασιλέως
1211 173 1278 208 ὑγιῆ
1304 182 1335 200 τε
1361 171 1444 206 εἶναι,
1470 172 1519 199 καὶ
1548 172 1576 202 ἐς
1596 169 1721 206 ἀνάγκην
1737 170 1850 196 ἐπειδὰν

227 224 341 249 tentiam
365 220 490 255 capiatis,
517 220 557 246 sic
589 219 694 245 audite.
729 217 843 245 Vidistis
864 223 892 244 ut
918 218 1010 251 januae

229 268 303 302 regis
319 267 443 294 steterint
460 271 557 292 neutro
577 263 716 290 inclinata:
741 263 773 289 ad
804 269 934 297 pugnam.
956 261 1010 289 Nec

228 315 309 341 etiam
336 311 484 348 periclitari
510 310 615 340 volunt,
631 309 710 344 quasi
736 309 810 336 salus
837 309 907 342 regis
930 313 1012 342 atque

230 359 298 386 adeo
311 359 394 386 totius
412 357 550 385 exercitus
575 356 603 382 in
629 356 697 390 ipsis
715 356 766 383 sita
790 355 825 382 sit
843 363 850 381 :
870 361 919 381 nec
936 354 1012 388 prius

228 412 308 439 quam
335 404 485 431 necessitas
517 401 674 437 postularit,
701 403 821 436 pugnam
850 403 1011 434 capessunt.

201 462 205 464 Ἴ
228 451 304 485 Agite
337 449 430 484 igitur,
459 449 532 476 hunc
550 448 622 482 regis
647 447 800 475 eset-eitum
827 445 1011 473 invadamus:

198 508 203 543 Ι
227 496 274 530 qui
291 496 313 522 si
330 495 357 522 in
371 495 460 528 fugam
476 494 590 526 abierit,
611 491 703 520 nullus
718 499 768 520 nos
783 495 942 526 exspectare
954 498 1013 518 sus-

228 543 333 569 tinebit.
351 541 456 569 Censeo
472 545 572 572 autem.
592 544 622 567 ut
637 547 727 575 regem
742 539 937 574 aggrediamur
950 544 1012 564 cum

228 588 361 615 universo
379 586 510 619 exercitu,
525 593 586 613 eum
613 586 742 613 curribus
770 592 887 620 quoque,
906 585 932 611 in
950 584 1013 619 qui-

228 635 278 661 bus
294 632 451 660 bombardtn
464 637 492 660 et
502 631 688 659 bombardarii
711 636 797 658 sunt:
819 634 846 657 et
863 635 892 656 ut
915 637 1013 665 perga-

229 687 289 706 mus
309 679 401 705 adhuc
429 679 480 705 hac
507 682 588 704 nocte
618 677 763 704 confestim
789 681 883 703 contra
903 676 1013 710 januas,

230 733 279 752 nec
297 729 470 751 cunctentur.
485 723 517 750 Et
529 723 704 755 accedentes,
720 722 932 749 bombardarum
959 722 1015 757 glo-

229 770 273 796 bis
292 769 454 804 sagittisque
475 772 598 803 petamus
618 768 709 801 janute
725 768 835 799 milites,
853 767 943 802 iisque
956 772 1014 794 ter-

231 822 320 842 rorem
341 814 491 841 maximum
507 814 672 841 inferamus.
688 813 762 840 Satis
776 818 851 840 certo
878 813 945 845 seio,
966 820 1014 840 eos

230 869 284 888 non
309 867 458 887 mansuros
480 868 568 894 usque
590 860 654 887 dum
686 859 828 887 illucescat
851 859 935 886 dies:
965 859 1012 886 sed

232 907 283 934 hac
297 905 387 933 adhuc
414 911 494 933 noete
516 906 619 933 lubenti
647 910 673 932 et
691 906 791 940 cupido
807 905 898 931 animo
923 904 1013 940 fugam

232 953 374 987 arripient.
400 950 479 984 Quod
497 951 519 979 si
548 951 630 978 fuerit
659 951 773 983 factum,
796 951 875 978 facile
898 958 949 978 nos
973 958 1017 978 re-

231 1005 291 1025 rum
308 999 454 1033 potiemur.
471 997 518 1024 llis
530 996 621 1029 dictis,
646 1004 743 1024 omnes
758 1003 922 1023 consensum
948 1003 1017 1030 prae-

234 1044 338 1075 stitere,
365 1046 392 1070 et
409 1049 464 1069 uno
479 1049 526 1069 ore
554 1041 594 1068 sic
621 1040 776 1068 faciendum
807 1048 867 1067 esse
894 1047 1017 1074 pronun-

234 1091 349 1118 tiarunt.
369 1089 505 1117 Continuo
521 1089 601 1123 igitur
623 1088 752 1115 curribus
784 1087 862 1122 193
892 1087 920 1114 in
945 1087 1017 1122 regis

234 1136 384 1164 exercitum
404 1134 504 1162 invecti
522 1139 598 1165 sunt,
622 1133 673 1160 sub
701 1133 789 1167 prima
814 1133 904 1159 adhuc
927 1133 1017 1160 noctis

234 1182 337 1217 vigilia.
363 1180 431 1209 Cum
461 1180 729 1216 appropinquassent
754 1179 845 1214 januae
872 1179 1016 1210 militibus,

236 1232 367 1255 terrorem
398 1227 488 1255 fecere
513 1227 674 1259 maximum,
700 1225 912 1253 bombardarum
930 1225 1019 1261 globis

233 1278 261 1301 et
274 1274 373 1308 jaculis
400 1273 531 1300 ferientes
557 1272 729 1307 peregrinos.
759 1270 791 1298 Et
821 1270 931 1306 quidem
964 1271 1017 1297 vim

235 1318 371 1346 faciebant
384 1319 483 1346 castris
501 1317 651 1344 Amuratis.
671 1316 773 1344 Verum
804 1317 940 1352 peregrini
969 1316 1016 1343 ubi

234 1373 290 1392 rem
312 1369 476 1400 cognorunt,
506 1371 604 1399 magno
620 1363 713 1390 animo
727 1363 914 1397 LPannonihus
941 1363 1020 1390 resti-

236 1417 304 1438 tere.
320 1410 387 1438 Nam
403 1410 572 1438 bombardas
583 1409 774 1443 expediebant,
795 1408 1021 1436 bomliardarios-

235 1464 289 1491 que
302 1455 464 1488 evocabant,
479 1459 506 1483 et
522 1463 576 1482 non
601 1455 747 1482 cessabant
774 1454 891 1489 jaeulari
912 1454 1020 1482 Panno-

235 1511 284 1531 nes
304 1502 435 1537 :plurimi
459 1503 487 1529 in
514 1509 545 1529 ea
567 1505 647 1528 nocte
660 1501 788 1535 utrinque
805 1500 948 1534 cadebant,
974 1501 1019 1528 icti
1032 1503 1056 1534 ο

236 1549 450 1576 bombardarum
468 1548 568 1582 globis.
584 1547 733 1582 Postquam
759 1547 817 1574 dies
848 1547 968 1580 advenit,
993 1551 1021 1575 et

237 1594 383 1622 Pannones
409 1593 541 1620 videbant
555 1592 629 1628 regis
647 1596 739 1619 castra
763 1592 790 1619 in
805 1598 837 1619 ea
853 1592 965 1626 regione
981 1592 1021 1619 lo-

235 1644 298 1667 cata
314 1638 420 1665 fortiter
437 1644 569 1672 pugnare,
595 1635 741 1663 consilium
759 1642 857 1670 cepere
874 1634 1020 1667 redeundi,

237 1685 310 1712 unde
325 1683 429 1718 egressi
446 1687 535 1715 erant,
558 1682 585 1709 in
605 1686 696 1710 castra
712 1691 720 1709 :
739 1689 788 1708 nec
803 1680 1020 1715 exspectandum

236 1739 308 1764 esse,
333 1731 420 1758 donec
437 1729 715 1757 circumducerentur
739 1727 774 1755 ab
791 1728 863 1762 regis
887 1727 1022 1754 militibus

240 1782 348 1804 stantes
363 1784 448 1812 prope
461 1776 570 1810 januas.
581 1775 643 1802 llaec
656 1774 790 1802 sententia
804 1773 849 1800 ubi
862 1773 1020 1808 placuisset,

237 1823 370 1850 cedebant
402 1822 564 1850 festinantes
594 1821 621 1848 in
641 1828 703 1848 eum
728 1821 819 1847 locum
849 1819 895 1847 ubi
917 1824 1024 1847 castra—

236 1869 332 1896 metati
348 1872 436 1895 erant.
454 1867 503 1895 Die
521 1872 615 1894 exorto
632 1867 731 1893 iterum
747 1866 779 1893 ad
808 1866 930 1900 praelium
951 1874 1022 1904 prae-

239 1915 387 1950 parabatur
401 1914 562 1947 Clioniales,
590 1913 743 1948 periculum
770 1912 907 1946 facturus,
935 1914 957 1940 si
986 1913 1023 1940 fe-

240 1962 321 1989 licem
338 1968 429 1988 rerum
460 1959 604 1987 sortiretur
627 1962 767 1986 eventum.
785 1957 913 1993 Pugnans
932 1958 1023 1993 itaque

238 2007 372 2042 impetum
388 2006 470 2033 dabat
489 2006 517 2033 in
535 2005 667 2032 Asianum
684 2005 848 2036 exercitum,
872 2009 900 2032 et
916 2003 1024 2031 fortiter

238 2053 470 2087 congrediebatur
492 2059 556 2079 eum
577 2051 715 2078 hostibus.
742 2050 857 2088 Europae
880 2050 935 2077 dux
960 2056 1024 2077 eum

238 2100 389 2133 accepisset
402 2097 550 2125 Pannones
572 2103 735 2131 congressos
750 2103 812 2123 esse
827 2103 892 2123 cum
921 2095 1024 2123 Asiano

239 2145 374 2175 exercitu,
394 2144 587 2170 Turachanem
599 2141 752 2169 Thessaliae
769 2141 927 2175 praefectum
940 2141 1024 2168 mittit

239 2196 304 2216 cum
327 2195 379 2214 suo
401 2188 536 2220 exercitu,
555 2193 586 2214 ut
611 2194 626 2214 a
643 2191 720 2221 tergo
736 2187 890 2214 adoriretur
914 2186 1024 2214 Panno-

239 2244 299 2269 nes,
316 2240 343 2263 et
363 2243 446 2271 quam
470 2235 620 2263 fortissime
644 2239 740 2262 contra
771 2241 819 2261 eos
845 2234 1024 2268 praeliaretur.

239 2282 419 2310 Turaclianes
436 2282 569 2316 imperata
592 2281 708 2316 impigre
731 2279 846 2313 faciens,
863 2279 1024 2308 Pannonum

240 2328 388 2363 plurimos,
413 2334 476 2354 eum
498 2327 523 2353 in
544 2331 620 2362 terga
652 2333 745 2354 eorum
775 2325 913 2358 irruisset,
938 2326 964 2353 in
993 2333 1027 2353 eo

240 2374 334 2408 prtelio
354 2373 462 2401 stravit.
481 2371 595 2405 Quidam
620 2372 693 2400 enim
719 2371 958 2407 persequebantur
981 2371 1028 2398 Al-

241 2421 340 2453 banos,
355 2427 370 2446 a
383 2427 501 2454 quorum
522 2418 660 2452 vestigiis,
680 2418 806 2453 quamvis
823 2417 967 2445 celerrime
984 2416 1027 2443 fu-

241 2470 348 2501 gerant,
365 2473 501 2501 nusquam
532 2465 673 2493 abstiterc.
703 2464 823 2492 Ministrt
844 2468 933 2490 tamen
957 2471 1026 2498 prte-

244 2511 378 2538 fvctorum
396 2512 444 2545 qui
471 2518 503 2538 ex
522 2511 630 2545 Europa
659 2513 803 2541 venerant,
833 2508 906 2535 haud
936 2508 1025 2541 fugam

242 2557 372 2584 inierant.
391 2557 459 2584 Cum
482 2561 573 2584 autem
591 2564 605 2583 a
637 2556 694 2583 suis
709 2559 802 2583 essent
826 2554 960 2586 destituti,
979 2554 1025 2588 qui

244 2602 306 2636 fuga
329 2601 380 2628 sibi
398 2602 592 2634 consulebant,
612 2601 772 2636 pugnabant
789 2599 863 2626 haud
890 2606 971 2626 secus
994 2606 1025 2626 nc

242 2647 327 2676 Turci
357 2653 454 2674 contra
495 2647 651 2675 Pannones.
685 2647 818 2674 Pra‘terea
851 2651 945 2673 contra
978 2654 1025 2673 eos

243 2694 378 2722 acerrime
399 2694 522 2729 praelium
540 2693 657 2725 inibant.
674 2693 722 2728 qui
740 2697 819 2721 erant
844 2700 878 2720 ex
906 2692 1025 2727 Eur0pa,

1061 221 1192 255 περιστῇ,
1218 219 1364 255 μάχεσθαι.
1393 220 1462 254 Φέρε
1484 217 1530 245 οὖν
1543 239 1550 252 ,
1568 217 1671 251 ταύτην
1689 216 1850 251 κινήσωμεν

1061 267 1111 299 τὴν
1140 266 1271 301 βασιλέως
1301 265 1451 297 σύνταξιν,
1471 265 1519 292 καὶ
1551 264 1702 299 οἰχομένης
1731 263 1846 297 ταύτης,

1062 312 1128 346 ἡμῖν
1154 311 1242 343 οὐδεὶς
1265 311 1320 340 τῶν
1351 311 1439 339 ἄλλων
1469 311 1559 346 μένειν
1583 310 1682 336 ἐθέλει.
1707 310 1788 336 Δοκεῖ
1801 308 1848 336 οὖν

1063 359 1135 393 ἐμοὶ,
1153 359 1264 393 κινῆσαι
1280 359 1311 385 τὸ
1327 358 1510 394 στρατόπεδον
1535 358 1603 393 ἡμῖν
1620 358 1703 388 ἅπαν.
1722 357 1770 384 καὶ
1790 358 1848 388 ταῖς

1063 405 1201 440 ἁμάξαις,
1232 405 1274 440 ἐφ’
1306 404 1349 437 αἷς
1374 406 1398 432 οἱ
1423 405 1565 441 τηλεδόλοι
1590 405 1638 431 καὶ
1662 404 1850 438 τηλεὸολίσιιοι

1063 452 1129 486 ἡμῖν
1154 452 1335 486 τυγχάνουσιν
1358 452 1445 484 ὄντες,
1475 451 1528 478 ὑπὸ
1553 451 1657 485 ταύτην
1686 450 1737 486 τὴν
1765 449 1852 476 νύκτα

1066 499 1135 525 ῑέναι
1150 499 1234 531 ὁμόσε
1250 499 1297 524 ὲπὶ
1317 499 1367 528 τὰς
1383 497 1470 532 Θύρας
1484 497 1602 529 αὐτίκα,
1616 497 1664 523 καὶ
1683 496 1720 531 μὴ
1739 495 1851 529 διαμέλ-

1064 545 1132 572 λειν.
1152 545 1207 571 Καὶ
1226 545 1260 580 ἦν
1286 544 1420 578 ἐπίωμεν,
1437 544 1594 578 τηλεϐόλοις
1616 552 1645 569 τε
1661 543 1708 569 καὶ
1728 543 1784 572 τοῖς
1805 542 1851 568 ἇλ-

1054 591 1120 626 .μ).οις
1139 591 1229 626 βέλεσι
1246 590 1392 625 βάλλοντες
1409 590 1457 621 τὰς
1478 589 1612 623 βασιλέως
1634 589 1730 624 θύρας,
1748 588 1795 614 καὶ
1809 587 1852 613 δε-

1064 638 1228 672 διττόμενοι,
1244 637 1337 671 οἴομαι
1366 636 1403 671 μὴ
1427 635 1568 670 ἐπιμένειν
1586 635 1638 666 ἕως
1656 635 1773 668 ἡμέρας,
1792 633 1850 659 ἀλλ’

1064 684 1102 716 ὼς
1116 684 1171 719 ἔχει
1188 685 1204 719 ὴ
1221 683 1279 715 νὺξ,
1296 683 1382 714 οὕτως
1399 682 1497 714 αὐτοὺς
1515 682 1614 713 ίόντας,
1629 679 1850 707 ἀπαλλάττεσθαι

1065 731 1202 766 ἁσμένως.
1230 730 1285 755 Καὶ
1302 729 1405 755 τούτων
1427 729 1607 762 ἀπωσάμενοι
1627 727 1662 753 τὰ
1686 727 1849 761 πράγματα,

1067 777 1178 811 ἔχοιμεν
1193 776 1228 802 τὰ
1236 776 1360 802 ἐκείνων.
1371 774 1464 802 Ταῦτα
1476 774 1565 808 λέγων
1581 774 1595 800 ὁ
1608 773 1743 808 Ταούτης,
1757 771 1850 798 ἔπειθέ

1065 831 1105 855 τε,
1120 823 1167 848 καὶ
1182 821 1276 848 ὲπίουν
1292 821 1374 848 οὕτω.
1395 821 1449 848 Καὶ
1466 820 1564 847 αὐτίκα
1589 820 1637 846 σὺν
1656 820 1714 850 ταῖς
1732 817 1851 851 ἁμάξαις

1066 868 1187 904 ἐπῄεσαν
1203 868 1232 899 ἐς
1252 868 1283 894 τδ
1297 867 1430 902 βασιλέως
1459 866 1642 901 στρατόπεδον
1659 865 1723 899 περὶ
1738 864 1851 899 πρώτην

1066 916 1192 951 φυλακὴν
1214 915 1264 950 τῆς
1287 915 1396 946 νυκτός.
1419 913 1464 946 Ὧς
1489 913 1518 940 δὲ
1542 912 1626 948 ἀγχοῦ
1650 912 1774 946 ἐγένοντο
1795 911 1850 937 τῶν

1067 963 1202 998 βασιλέως
1228 962 1330 997 θυρῶν,
1359 961 1478 988 ἐνταῦθα
1505 960 1669 987 ὲδεδίττοντο
1695 957 1851 993 τηλεϐόλοις

1066 1020 1096 1038 τε
1110 1011 1158 1038 καὶ
1175 1009 1379 1045 τηλεδολίσκοις
1404 1009 1467 1039 τοὺς
1484 1008 1507 1023 ⁸⁸
1534 1007 1675 1042 νεήλυδας,
1692 1007 1736 1032 καὶ
1754 1005 1852 1031 ἔόκλον

1067 1057 1097 1084 τὸ
1111 1056 1159 1084 τοῦ
1175 1056 1307 1092 βασιλέως
1329 1055 1527 1090 στρατόπεδον·
1546 1054 1593 1080 καὶ
1609 1053 1743 1087 ἐμάχοντο
1766 1052 1853 1085 μεγά-

1067 1103 1120 1135 λως
1146 1103 1214 1138 πρὸς
1239 1103 1271 1129 τὸ
1297 1103 1389 1138 μέρος,
1414 1102 1484 1129 ὥστε
1509 1101 1657 1134 διέφαινεν.
1680 1099 1716 1126 Οἵ
1739 1107 1769 1125 τε
1797 1098 1852 1132 γὰρ

1068 1150 1197 1186 νεήλυδες
1226 1149 1291 1181 τούς
1319 1157 1347 1176 τε
1377 1148 1540 1183 τηλεδόλους
1573 1146 1853 1181 παρασκευασάμενοι

1070 1198 1116 1225 καὶ
1128 1196 1348 1232 τηλεϐολίσκους,
1368 1195 1484 1229 ὑφίεσαν
1507 1194 1553 1221 ἐπὶ
1568 1194 1632 1225 τοὺς
1649 1193 1767 1223 Παίονας
1781 1199 1788 1219 τ
1807 1191 1854 1218 καὶ

1069 1245 1185 1272 ἔπιπτον
1199 1244 1365 1279 ἀμφοτέρων
1381 1243 1431 1269 οὐκ
1445 1241 1531 1276 ὀλίγοι
1547 1242 1579 1276 τῇ
1598 1240 1676 1267 νυκτὶ
1691 1239 1786 1274 ταύτῃ.
1801 1238 1854 1264 ὑπὸ

1069 1292 1225 1328 τηλεὸἇλων
1245 1293 1279 1317 τὰ
1305 1289 1391 1316 πλείω
1414 1288 1603 1323 φθειρόμενοι.
1620 1287 1698 1313 Ἐπεὶ
1716 1286 1744 1313 δὲ
1763 1285 1854 1320 ἡμέρα

1070 1327 1156 1374 άχχοῦ
1170 1338 1289 1372 ἐγένετο,
1304 1337 1351 1363 καὶ
1365 1336 1459 1370 ἑώρων
1474 1335 1504 1361 τὸ
1520 1334 1654 1369 βασιλέως
1671 1332 1854 1368 στρατόπεδον

1072 1383 1215 1419 ἱδρυμένον
1238 1382 1309 1409 κατὰ
1337 1382 1430 1417 χώραν
1454 1380 1638 1414 ἀγωνίζεσθαι
1654 1379 1738 1410 ἀξίως
1760 1377 1854 1412 λόγου,

1072 1432 1158 1459 ἐδόκει
1189 1429 1393 1462 ἀναζεύξαντας
1431 1428 1597 1455 ἀπελαύνειν
1627 1427 1655 1457 ἐς
1688 1425 1733 1452 τὺν
1764 1425 1854 1460 χῶρον

1071 1480 1185 1511 ἐκεῖνον,
1198 1478 1225 1503 ὲν
1242 1474 1264 1511 ᾧ
1281 1474 1555 1512 ἐστρατοπεδεύοντο,
1572 1473 1619 1500 καὶ
1644 1472 1682 1508 μὴ
1707 1472 1855 1506 ἀναμένειν

1072 1525 1290 1560 συλλεγομένους
1306 1522 1472 1550 κυκλοῦσθαι
1498 1521 1577 1556 σφᾶς,
1594 1520 1678 1554 ἐγγὺς
1693 1519 1747 1545 τῶν
1765 1518 1856 1553 Θυρῶν

1072 1572 1248 1607 γενομένους.
1283 1570 1327 1602 Ὠς
1353 1569 1381 1596 δὲ
1399 1569 1506 1600 ἐδόκει,
1531 1567 1578 1594 καὶ
1610 1566 1720 1592 ἰποίουν
1751 1565 1855 1592 ταῦτα’

1072 1619 1228 1655 ἀνεχώρουν
1251 1618 1279 1649 te;
1303 1617 1352 1652 τὴν
1376 1615 1468 1651 χώραν
1485 1614 1587 1644 αὐτῶν.
1607 1613 1668 1640 καθ’
1689 1613 1724 1648 ἥν
1749 1612 1857 1647 ἵδρυντο

1073 1667 1220 1702 πρότερον.
1242 1664 1320 1692 Ἐπεὶ
1342 1663 1371 1690 δὲ
1401 1663 1495 1698 ἡμέρα
1521 1661 1639 1695 ἐγένετο,
1669 1660 1857 1695 παρετάσσετο

1073 1713 1188 1747 δεύτερα
1207 1712 1235 1743 ἒς
1251 1711 1300 1745 τὴν
1318 1710 1420 1744 μάχην,
1438 1707 1639 1742 πειρασόμενος
1685 1706 1718 1733 ἃν
1735 1705 1856 1740 ἀποϐαίη

1073 1760 1148 1796 αὐτῷ
1172 1759 1205 1786 τὰ
1228 1759 1391 1793 πράγματα.
1411 1756 1552 1787 Καθιστάς
1573 1755 1602 1782 δὲ
1618 1755 1647 1781 ἐν
1671 1755 1755 1790 μάχῃ.
1773 1753 1859 1788 €9.65-

1073 1808 1126 1834 λὼν
1164 1808 1193 1838 ἐς
1229 1806 1259 1832 τὸ
1296 1805 1345 1839 τῆς
1387 1802 1480 1834 Ἀσίας
1521 1801 1690 1836 στράτευμα,
1721 1799 1858 1834 συμϐολὴν

1073 1855 1193 1881 ἐποιεῖτο
1212 1851 1330 1879 ἐνταῦθα
1357 1850 1394 1881 ὡς
1418 1848 1560 1881 συνέὃαλε,
1575 1848 1681 1882 πέμπει
1702 1847 1716 1873 ὁ
1739 1845 1790 1880 τῆς
1806 1846 1853 1872 Εὗ-

1075 1901 1170 1938 ρὼπης
1184 1898 1336 1934 στρατηγὸς
1350 1896 1530 1932 Τουραχάνην
1545 1895 1590 1921 τὸν
1605 1893 1754 1925 Θετταλίας
1771 1892 1861 1927 ῦπαρ-

1074 1957 1121 1984 χον
1144 1947 1192 1974 σὺν
1208 1945 1246 1981 τῷ
1272 1944 1354 1972 αὑτοῦ
1385 1943 1582 1978 στρατεύματι,
1598 1941 1668 1969 κατὰ
1681 1940 1766 1968 νώτου
1784 1940 1861 1973 γενό-

1076 2002 1167 2028 μενον,
1183 1993 1238 2024 τοῖς
1261 1991 1358 2018 Παίοσι
1388 1989 1539 2024 συμϐαλεῖν
1562 1988 1600 2020 ὡς
1624 1987 1734 2014 δύναιτο
1749 1986 1858 2021 ἰσχυρό-

1074 2050 1154 2069 τατα.
1168 2039 1302 2067 Ἐνταῦθα
1316 2036 1496 2072 Τουραχάνης
1512 2035 1583 2062 κατὰ
1603 2035 1689 2061 νώτου
1712 2033 1861 2068 γενόμενος

1075 2089 1131 2119 τοῖς
1147 2085 1255 2118 Παίοσι,
1270 2084 1386 2115 πολλοὺς
1408 2083 1499 2110 αὐτῶν
1513 2081 1662 2109 κατέϐαλεν
1684 2081 1713 2107 ἐν
1734 2081 1769 2115 τῇ
1786 2081 1860 2114 μάχῃ

1076 2133 1172 2168 ταύτῃ.
1185 2133 1216 2159 οι
1233 2131 1282 2167 μὲν
1297 2130 1352 2165 γὰρ
1367 2129 1477 2156 ἐδίωκον
1489 2129 1552 2159 τοὺς
1571 2126 1718 2157 ’Λλὸανοὺς
1730 2125 1802 2157 ⁸⁸³⁵,
1813 2127 1863 2153 καὶ

1077 2181 1114 2212 ὡς
1133 2179 1285 2206 ἐπικέοιντο
1299 2176 1454 2208 διώκοντες,
1468 2175 1493 2201 oi
1515 2175 1564 2209 μὲν
1589 2173 1706 2208 ἔφευγον
1723 2172 1775 2198 ἀνὰ
1795 2172 1863 2206 κρά-

1077 2236 1132 2260 τος.
1151 2226 1226 2262 Πλὴν
1237 2226 1269 2260 δὴ
1284 2225 1338 2252 τῶν
1356 2223 1488 2259 ὑπάρχων
1513 2222 1681 2257 θεράποντες
1704 2221 1862 2256 Εὐρωπαῖοι

1077 2275 1165 2306 ὄντες,
1187 2273 1236 2300 καὶ
1257 2271 1417 2302 διαστάντες
1441 2271 1479 2302 ὡς
1501 2270 1643 2304 φεύγοιεν,
1665 2268 1802 2302 ἐμάχοντο
1818 2264 1862 2293 οἷα

1078 2322 1134 2353 τοῖς
1151 2320 1284 2354 Τοῦρκοις
1310 2317 1450 2353 νομίζεται
1474 2316 1542 2352 πρὸς
1565 2315 1629 2346 τοὺς
1646 2314 1774 2345 Παίονας.
1791 2313 1864 2348 Πρὸς

1078 2368 1106 2395 δὲ
1129 2367 1193 2399 τοὺς
1221 2366 1276 2393 ἀπὸ
1305 2365 1357 2400 τῆς
1388 2363 1534 2399 Εὐρώπης,
1558 2361 1630 2388 κατὰ
1660 2359 1746 2387 νώτου
1770 2360 1863 2394 σφίσιν

1079 2413 1284 2448 ἐπικειμένους,
1315 2410 1519 2446 συστραφέντες
1549 2407 1684 2442 συστάδην
1718 2405 1863 2440 ἐμάχοντο,

1079 2460 1174 2488 ἄλλοτε
1191 2459 1259 2494 ἄλλη
1287 2457 1334 2484 τοῦ
1352 2456 1445 2483 πεδίου
1471 2455 1509 2486 ὠς
1535 2453 1711 2489 περιτύχοιεν
1736 2453 1864 2485 ἑκάτεροι

1080 2507 1206 2541 ἀλλήλοις
1235 2505 1414 2539 ἐπικείμενοι.
1442 2503 1529 2533 Δᾶκες
1554 2501 1582 2527 δὲ
1608 2500 1646 2531 ώς
1680 2498 1775 2532 ἑώρων
1802 2500 1864 2529 τοὺς

1081 2553 1222 2587 Τούρκους
1246 2550 1314 2578 πολὺ
1340 2549 1406 2585 παρ’
1437 2548 1534 2576 ἐλπίδα
1557 2546 1788 2581 ἀγωνιζομένους,
1816 2545 1865 2570 καὶ

1083 2598 1157 2633 σφίσι
1176 2597 1224 2624 καὶ
1241 2596 1421 2630 χαλεπώτατα
1447 2592 1634 2629 ἐπηρτῆσθαι,
1652 2589 1813 2624 ἀπαλλαγὴν
1835 2589 1865 2614 δὲ

1083 2644 1161 2680 μόλις
1181 2642 1291 2669 ἔσεσθαι
1314 2639 1362 2668 τοῦ
1388 2640 1486 2673 κακοῦ,
1502 2640 1550 2666 καὶ
1572 2639 1605 2674 ἢν
1623 2638 1693 2669 σῶες
1711 2635 1865 2670 ἀφίκοιντο,

1082 2692 1128 2718 ἐπὶ
1143 2692 1226 2726 ὅρκου
1245 2689 1382 2725 μηδεμίαν
1402 2686 1471 2715 εἶναι
1491 2686 1628 2722 μηχανὴν,
1647 2685 1683 2720 μὶ·
1697 2684 1728 2711 οὑ
1744 2681 1866 2710 δίδοσθαι

878 2772 1001 2804 Notulae
1021 2772 1224 2811 marginales.

285 2834 344 2852 “"'
361 2835 390 2862 τδ
403 2835 562 2871 στράτευμα
575 2833 631 2862 καί.
649 2833 679 2860 In
696 2832 733 2859 al.
745 2837 773 2859 ut
788 2840 812 2859 c.
