1952 3069
191 185 242 218 439

756 186 853 216 LAON
860 186 909 216 [CI
929 187 1001 217 (ΖΗΔ
1007 186 1147 217 LCOCON
1153 186 1257 216 ῡῐιιπ

1758 182 1813 214 ιιο

193 241 296 268 tionem
325 241 528 274 acciperentur.
557 240 617 272 llic,
646 247 708 266 cum
727 240 912 275 ucgligentius
927 248 975 275 op-

1034 242 1114 274 tooac,
1133 240 1273 276 ἐπέϐησάν
1288 249 1316 267 τε
1332 240 1378 267 τοῦ
1395 240 1502 275 τείχους
1527 241 1574 267 καὶ
1587 238 1669 273 ιῖλρν.
1688 239 1812 270 Ἐλπίνης

191 285 282 321 pidani
313 290 426 321 propter
452 286 551 313 missos
579 285 682 320 legatos
712 286 848 314 stationes
880 286 975 313 solitas

191 332 312 363 obirent,
326 330 462 366 peregrini
479 331 657 358 advenientes
674 331 815 358 irrueruut
831 332 858 358 in
869 331 975 363 urbem.

191 383 306 410 eamque
321 375 510 406 obtinuere,et
525 374 712 409 diripuerunt.
728 375 827 403 Postea
852 376 971 403 venien-

192 425 232 448 tes
260 420 293 447 ad
323 420 418 448 urbem
441 420 583 453 Acribam,
604 428 666 447 cum
694 421 824 456 oppidani
842 428 902 449 eam
921 421 977 448 for-

193 466 255 492 titer
270 469 435 497 tutarentur,
459 473 508 492 nec
519 473 579 492 eam
601 466 731 493 deserere
754 467 867 498 vellent,
895 475 974 502 pere-

191 511 261 545 grini
280 510 504 537 conscenderunt
520 518 640 544 murum,
656 519 775 546 eumque
788 517 974 546 occuparunt:

192 564 253 590 quae
270 556 386 584 militum
407 557 504 590 praeda:
530 557 624 584 Cessit.
658 556 726 584 lline
744 558 848 585 ducens
869 558 976 586 exerci-

193 605 261 632 tum,
293 601 368 628 venit
383 600 518 635 Rnpelam
535 600 663 628 Phliasius
679 601 784 629 urbem.
801 601 830 629 In
852 602 902 629 bac
917 609 976 629 ser—

191 646 327 674 vabantur
348 647 458 679 Albani.
489 651 517 674 et
544 646 631 675 Graeci
661 648 708 682 qui
732 655 766 675 eo
797 648 978 682 confugerant

192 700 255 719 eum
277 693 417 720 uxoribus.
446 693 523 721 lianc
550 702 597 721 rex
625 694 708 722 biduo
739 695 929 730 oppugnavit:
950 699 978 723 et

192 746 255 765 cum
266 747 296 767 ea
313 739 395 774 potiri
417 747 470 766 non
490 744 591 775 posset,
618 741 745 775 quamvis
773 740 852 775 pauci
872 740 905 767 de
926 748 977 768 suo

190 785 315 811 exercitu
343 785 523 818 cecidissent,
546 790 672 813 caeterum
704 786 814 821 plurimi
839 786 976 813 vulnerati

191 834 296 862 essent,
324 829 439 857 abduxit
457 830 608 857 exercitum
632 831 714 865 quasi
745 831 880 858 abiturus.
908 830 976 858 Cum

190 875 247 910 jam
265 876 407 904 accitu-tus
435 882 508 913 esset
526 877 558 903 ad
581 877 643 909 iter.
663 877 866 912 superveniunt
895 876 976 911 legati

1026 288 1054 315 ει
1083 286 1315 322 ἠνδραποδίσαντο
1352 285 1400 313 καὶ
1428 286 1542 319 ταύτην.
1568 286 1645 313 Μετὰ
1670 285 1699 312 δὲ
1725 285 1813 311 ταῦτα

1026 333 1147 360 ἐλαύνων
1164 352 1172 364 ,
1199 332 1314 367 ἀφίκετο
1346 333 1376 364 ις
1422 332 1573 366 Ῥουπέλην
1605 332 1654 366 τῆς
1683 331 1814 362 Φλιασίας

1027 379 1169 414 πολίχνην,
1193 379 1222 409 ἐς
1247 379 1281 413 ἣν
1304 377 1429 405 ’Δλϐανοί
1456 386 1486 404 τε
1506 378 1553 404 καὶ
1577 377 1707 410 Ἕλληνες
1727 385 1814 404 κατα-

1027 426 1172 460 φυγόντες,
1189 424 1351 456 διεσώζοντο
1366 424 1443 451 αὐτοί
1466 432 1496 450 τε
1523 425 1580 458 ἅμα
1599 424 1647 456 διαὶ
1663 424 1691 450 αἱ
1719 423 1814 457 γυναῖ-

1026 478 1084 501 κες.
1100 470 1274 505 Προσέϐαλλε
1289 470 1339 504 μὲν
1357 469 1475 496 ινταῦθα
1487 469 1533 496 καὶ
1547 471 1580 504 τῇ
1602 469 1751 504 προτεραίᾳ
1766 469 1814 496 καὶ

1029 517 1063 550 τῇ
1087 516 1230 551 ὑστεραίᾳ,
1249 517 1296 542 καὶ
1308 515 1346 548 ὡς
1370 514 1552 550 οὑκΙὴδύνατο
1573 516 1654 546 ἑλεῖν,
1676 515 1814 542 πεσόντων

1028 561 1144 588 ἐνταῦθα
1159 561 1208 588 οὐκ
1222 561 1321 594 ὀλίγων
1333 561 1388 587 τῶν
1408 560 1551 595 βασιλέως,
1568 561 1617 588 καὶ
1637 560 1743 594 συχνῶν
1759 560 1814 586 τῶν

1027 607 1074 633 τοῦ
1097 607 1278 642 στρατοπέδου
1300 606 1494 640 τετρωμένων,
1511 607 1643 641 ἀπήγαγε
1666 607 1714 632 τὸν
1733 614 1815 640 στρα-

1027 650 1073 676 τὸν
1097 649 1135 681 ὡς
1151 649 1250 677 ἀπιών.
1275 650 1350 676 Ἐπεὶ
1379 650 1407 676 δὲ
1435 651 1621 683 συσκευάζετο
1646 651 1683 682 ὡς
1707 651 1808 682 ἀπιὼν,

1028 695 1145 722 ἑνταῦθα
1173 695 1343 730 προσέφερον
1366 695 1462 729 λόγους
1485 696 1524 730 τῷ
1540 696 1656 731 βασιλεῖ.
1673 695 1812 729 ξυμϐῆναι

1027 748 1056 766 τε
1075 739 1225 774 ἐθέλοντες,
1242 741 1291 766 καὶ
1307 740 1485 775 παραδιδόναι
1501 741 1551 776 τὴν
1572 741 1661 769 πόλιν.
1687 742 1718 768 '0
1732 741 1759 768 δὲ
1775 741 1815 768 ὡς

1028 785 1166 820 παρέλαϐε
1193 785 1241 820 τὴν
1270 785 1420 820 πολίχνην,
1443 785 1504 812 οὔτε
1535 786 1814 821 ἀνδραποδισάμενος,

1028 831 1090 858 οὔτε
1105 832 1169 859 ἄλλο
1185 831 1278 863 ἀεικὲς
1295 831 1497 866 ἐργασάμενος,
1519 833 1566 858 σὺν
1583 831 1694 866 γυναιξί
1707 840 1736 858 τε
1755 831 1815 866 ἃμα

1029 876 1076 902 καὶ
1090 876 1184 902 παισὶν
1204 876 1232 907 ἐς
1246 875 1393 908 Βυζάντιον
1407 875 1567 911 κατέπεμψε
1584 877 1811 912 κατοιχήσοντας.

193 925 314 954 petentes
339 929 443 956 pacem.
468 923 592 951 dicentes
625 930 655 950 se
684 928 796 958 paratos
831 930 892 950 esse
920 922 973 958 ipsi

1034 921 1086 948 Γῶν
1100 930 1129 948 τε
1139 921 1286 948 ⁷’Δλϐανῶν
1299 921 1353 948 τῶν
1367 922 1395 948 έν
1406 922 1445 957 τῷ
1460 921 1559 957 Ταρσῷ
1575 923 1814 956 παραδεδωκότων

194 967 302 994 tradere
324 967 430 996 urbem.
447 969 504 996 [lex
525 969 620 996 urbem
637 969 664 996 in
678 969 859 1001 deditionem,
882 976 977 1003 quem-

194 1012 340 1040 admodum
375 1014 532 1048 petebatur,
546 1015 685 1048 suscepit:
702 1023 751 1042 nec
777 1023 838 1042 eam
861 1015 977 1050 diripuit

193 1057 236 1084 Vel
252 1058 399 1093 quidquam
419 1059 510 1085 damni
528 1059 552 1086 ei
575 1058 687 1086 inﬂixit.
697 1058 830 1086 Caeterum
850 1066 898 1086 eos
915 1067 976 1087 cum

194 1103 324 1131 uxoribus
340 1107 367 1130 et
383 1104 477 1130 liberis
501 1104 675 1139 Byzantium,
700 1108 729 1131 ut
745 1104 781 1131 ibi
809 1104 977 1135 habitarent.

193 1148 359 1175 transmisit.
389 1148 488 1176 Albani
517 1157 584 1177 vero
617 1150 667 1185 qui
700 1150 866 1184 semetipsos
899 1149 977 1177 Tarsi

192 1195 366 1229 dediderant,
381 1202 409 1224 et
425 1197 518 1224 denuo
535 1197 710 1230 aufugerunt,
729 1198 771 1224 usi
783 1201 848 1224 sunt
870 1198 978 1225 fortuna

194 1249 248 1269 non
265 1242 412 1269 admodum
427 1246 560 1270 secunda.
572 1243 637 1270 Nam
655 1251 702 1270 rex
723 1250 771 1270 eos
788 1243 871 1278 cepit,
882 1252 980 1271 manus

194 1287 333 1321 pedesque
351 1294 446 1313 eorum
466 1287 617 1314 crudeliter
638 1287 728 1322 fregit.
762 1286 831 1314 lluic
850 1287 979 1321 turpissi-

195 1340 246 1358 ma:
257 1338 283 1359 et
300 1331 499 1360 crudelissima!
517 1333 600 1360 morti
612 1333 735 1360 Albanos
751 1333 862 1360 circiter
883 1333 980 1367 viginti

193 1378 372 1413 adjudiearit.
404 1379 474 1407 Hine
506 1378 663 1414 profectus,
683 1387 731 1413 per
760 1378 909 1406 Mantinea:
937 1386 981 1404 re-

196 1424 305 1458 gionem
325 1425 400 1451 vertit
414 1425 446 1452 ad
467 1425 563 1451 urbem
582 1424 756 1452 Patenicam.
776 1423 807 1451 In
819 1424 889 1451 banc
905 1423 981 1450 misit

195 1469 416 1497 Cantacuzenum
433 1478 530 1505 :qnem
557 1472 696 1506 quondam
721 1470 822 1497 ducem
854 1473 982 1497 creantes

195 1516 306 1548 Albani.
321 1516 392 1543 bello
420 1516 618 1544 lacessiverunt
640 1517 760 1545 Graecos.
780 1516 805 1544 Is
830 1524 861 1544 ea
880 1521 984 1550 tempe-

197 1567 267 1590 state
282 1562 376 1590 aderat
388 1563 415 1590 in
428 1563 540 1595 castris.
567 1564 721 1592 accersitus
745 1563 779 1590 ab
795 1570 868 1598 rege,
882 1568 911 1589 ut
922 1562 983 1597 ejus

197 1616 280 1644 opera
298 1614 423 1637 uteretur
443 1609 575 1637 adversus
598 1609 718 1637 Albanos
736 1609 783 1644 qui
797 1609 824 1636 in
849 1608 985 1643 Pelopon-

199 1661 263 1682 neso
282 1659 372 1682 erant.
383 1655 498 1682 Volebat
511 1655 582 1683 enim
599 1659 629 1682 ut
645 1663 693 1682 eos
710 1655 809 1686 adiret.
827 1659 853 1682 et
868 1655 901 1681 ad
919 1662 984 1689 pro-

200 1701 332 1729 ditionem
355 1701 490 1736 quosdam
515 1701 696 1735 clandestinis
716 1701 893 1728 sermonibus
920 1707 984 1735 per-

200 1752 332 1775 moveret.
347 1747 396 1775 ilie
411 1755 474 1775 eum
492 1748 595 1776 missus
617 1747 689 1774 foret
705 1747 738 1774 ad
759 1755 806 1774 eos
819 1746 864 1781 qui
888 1747 983 1773 urbem

201 1794 282 1821 istam
300 1793 439 1825 tenebant.
457 1793 550 1827 iussus
568 1796 611 1820 est
624 1793 715 1820 dicere
727 1796 757 1819 ut
774 1800 805 1819 se
833 1791 986 1826 urbemque

200 1840 256 1873 regi
281 1839 422 1868 dederent.
439 1839 516 1875 Apud
542 1839 617 1866 hunc
631 1839 746 1865 aderant
760 1838 841 1866 etiam
870 1837 984 1872 quidam

200 1886 283 1921 238
299 1886 377 1920 regii,
392 1886 439 1921 qui
457 1886 676 1913 criminabantur
696 1893 758 1912 eum
783 1885 853 1919 apud
881 1891 985 1918 regem,

200 1932 278 1967 otiosi
309 1933 348 1960 illi
368 1930 487 1960 consilio
512 1937 538 1959 et
567 1935 636 1959 nutu
662 1930 848 1958 Cantacnzeni
888 1929 985 1956 urbem

202 1986 256 2005 unn
287 1978 477 2005 tradidissent.
511 1976 581 2004 liiuc
609 1977 648 2003 ira
670 1976 793 2012 percitus
830 1983 890 2008 rex,
922 1981 985 2001 cum

204 2025 337 2052 continuo
354 2032 386 2051 ex
404 2024 505 2051 castris
518 2027 651 2051 ext-cdere
675 2022 780 2058 jussit:
800 2026 828 2049 et
843 2021 901 2056 ipse
917 2028 987 2048 con—

203 2076 244 2098 tra
273 2071 368 2098 urbem
383 2070 513 2105 perrexit.
543 2069 610 2096 Cum
640 2074 731 2096 autem
759 2068 861 2095 frustra
890 2075 987 2103 aggre-

202 2118 313 2144 deretur
322 2116 422 2143 Vallum
440 2115 528 2150 (nam,
550 2115 741 2153 relinquentes
762 2115 869 2147 urbem,
885 2114 986 2141 vallum

203 2168 374 2197 Oreuparaut
408 2161 637 2194 munitissimum,
665 2161 781 2195 urbique
820 2161 987 2195 proximum,

203 2213 230 2236 et
252 2215 285 2235 eo
296 2215 325 2235 se
338 2208 468 2235 tenebant
482 2207 551 2234 satis
569 2207 644 2239 tuti),
671 2206 875 2241 impedimentis
902 2205 989 2234 omni-

996 1581 1018 1612 C

1030 968 1110 1002 σφᾶς,
1128 968 1176 994 καὶ
1190 967 1308 994 ἐνταῦθα
1322 968 1346 984 ⁶⁰
1360 967 1488 1002 δεύτερον
1500 965 1577 1000 αὖθις
1600 968 1813 1002 ἀποφυγόντων,

1030 1013 1160 1050 ξυντυχίᾳ
1182 1014 1244 1041 τινὶ.
1261 1014 1443 1049 χρησαμένων
1464 1014 1514 1041 οὐκ
1529 1013 1630 1049 ἀγαθῇ,
1646 1013 1738 1040 λαϐὼν
1754 1015 1818 1040 τού-

1029 1069 1104 1091 τους,
1119 1059 1181 1092 τούς
1203 1068 1233 1086 τε
1250 1059 1334 1091 πόδας
1355 1061 1403 1087 καὶ
1428 1060 1524 1094 χεῖρας
1542 1060 1652 1087 ἔκλασε.
1670 1059 1726 1086 Καὶ
1747 1059 1819 1086 οὕτω

1029 1105 1118 1133 ἀνεῖλε
1132 1105 1255 1140 κακίστῳ
1271 1105 1373 1141 ὀλέθρῳ
1385 1106 1522 1140 παραδοὺς
1537 1107 1609 1142 ἀμφὶ
1621 1107 1684 1138 τοὺς
1701 1105 1816 1133 εἴκοσιν.

1036 1152 1179 1179 Ἐντεῦθεν
1198 1152 1319 1179 ἐλαύνων
1343 1151 1386 1179 διὰ
1403 1152 1570 1183 Μαντινείας
1585 1152 1689 1187 χώρας,
1702 1152 1818 1185 ἀφίκετο

1030 1200 1076 1226 ἐπὶ
1102 1198 1260 1233 Παζενίκην
1284 1198 1372 1230 πόλιν,
1389 1198 1436 1224 καὶ
1456 1198 1565 1232 ἔπεμπε
1579 1196 1818 1231 Καντακουζηνδν,

1030 1244 1059 1271 ὃν
1075 1244 1141 1271 ποτὶ
1155 1244 1180 1270 οι
1195 1243 1321 1270 Ἀλϐανοὶ
1334 1243 1458 1278 ἡγεμόνα
1473 1242 1608 1277 ἑλόμενοι,
1622 1242 1819 1276 ἐστρατεύοντο

1031 1290 1078 1316 ἐπὶ
1095 1289 1158 1320 τοὺς
1174 1287 1319 1323 Ἓλληνας.
1338 1287 1433 1323 Παρῆν
1454 1288 1508 1323 γὰρ
1521 1288 1582 1314 τότε
1597 1288 1626 1314 ἐν
1648 1288 1687 1322 τῷ
1704 1295 1820 1322 στρατο-

1032 1334 1115 1369 πέδῳ,
1129 1334 1326 1369 μετάπεμπτος
1340 1333 1392 1359 ὑπὸ
1407 1332 1550 1367 βασιλέως,
1558 1331 1629 1359 ὥστε
1641 1330 1822 1358 ἐπιλαϐέσθαι

1032 1380 1108 1414 αὐτῷ
1134 1381 1161 1411 ἐς
1195 1379 1259 1410 τοὺς
1289 1379 1319 1405 ὲν
1357 1379 1391 1414 τῇ
1419 1377 1615 1413 Πελοποννήσῳ
1649 1376 1818 1406 ’Δλδανοὺτ-

1034 1427 1161 1462 μετιόντα
1181 1434 1210 1452 τε
1225 1426 1272 1452 καὶ
1289 1425 1387 1459 λόγους
1416 1424 1610 1459 ἐπιπέμποντα
1637 1424 1702 1459 περὶ
1722 1423 1823 1457 προδο-

1034 1473 1104 1504 σίας.
1122 1472 1167 1504 Ὠς
1185 1472 1213 1499 δὲ
1236 1471 1355 1498 ἐνταῦθα
1381 1471 1500 1506 πέμπων
1526 1470 1637 1497 ἐκέλευε
1652 1469 1821 1504 προσφέρειν

1033 1520 1090 1551 τοῖς
1112 1519 1141 1545 ἐν
1166 1520 1199 1554 τῇ
1217 1518 1306 1549 πόλει,
1323 1517 1393 1545 ὥστε
1414 1517 1629 1552 προσχωρῆσαι·
1647 1517 1776 1551 παρῆσαν
1792 1515 1821 1542 δὲ

1035 1565 1094 1600 ἅμα
1117 1564 1193 1600 αὗτῷ
1209 1565 1256 1592 καὶ
1282 1564 1346 1599 νῆες
1360 1563 1383 1579 ⁵¹
1395 1563 1442 1589 τοῦ
1469 1562 1613 1598 βασιλέως,
1630 1562 1823 1596 αίτιασάμενει

1036 1611 1111 1645 παρὰ
1127 1610 1232 1646 βασιλεῖ
1245 1618 1252 1625 ·
1269 1609 1307 1642 ὡς
1326 1610 1355 1636 δὲ
1371 1610 1474 1637 ἐκεῖνον
1488 1609 1565 1643 σφίσι
1582 1608 1697 1643 νεύματι
1716 1607 1824 1642 χρησά-

1037 1665 1127 1691 μενον,
1145 1657 1176 1683 οὗ
1200 1656 1342 1692 παρέδωκε
1361 1657 1442 1687 σφᾶς.
1473 1653 1654 1689 Ἀχθεσθῆναί
1675 1662 1705 1680 τε
1723 1653 1824 1686 συνέϐη

1035 1704 1081 1731 τὸν
1101 1702 1226 1739 βασιλέα,
1239 1703 1287 1729 καὶ
1314 1702 1419 1738 προϊὼν
1436 1702 1548 1730 ἀπιέναι
1576 1701 1618 1728 ὅτι
1646 1700 1776 1736 τάχιστα,
1792 1701 1826 1727 ὲκ

1036 1749 1082 1777 τοῦ
1097 1747 1281 1783 στρατοπέδου
1300 1747 1440 1783 ἐξήλασεν.
1463 1747 1506 1779 Ὠς
1519 1746 1548 1773 δὲ
1560 1745 1680 1773 ἀδύνατα
1699 1745 1822 1780 προσϐα-

1036 1796 1093 1823 λεῖν
1114 1795 1153 1830 τῷ
1169 1795 1289 1831 ιρύματι
1307 1793 1514 1829 (ικλελοιπότες
1535 1793 1590 1828 γὰρ
1604 1794 1628 1820 οί
1643 1794 1672 1820 ιν
1689 1793 1721 1828 τῇ
1746 1792 1825 1819 πόλει

1037 1842 1127 1878 ἔρυμα
1141 1841 1223 1869 αὐτοῦ
1241 1841 1339 1876 ταύτῃ.
1355 1841 1396 1867 ὅτι
1413 1840 1555 1874 ἐγγυτάτω
1576 1839 1615 1872 ὃν,
1629 1838 1777 1866 κατέλαϐόν
1794 1846 1824 1864 τε

1038 1889 1085 1916 καὶ
1112 1886 1296 1922 διεσώζοντο).
1313 1886 1553 1920 συσκευασάμενος
1580 1885 1663 1921 ἀπῄει
1686 1884 1822 1911 ἐντεῦθεν.

1038 1935 1093 1961 Καὶ
1109 1935 1142 1970 τῇ
1159 1933 1292 1968 ὑστεραίᾳ
1318 1931 1441 1959 ἐτέλεσεν
1457 1932 1486 1963 ἐς
1507 1931 1552 1958 τὸν
1563 1931 1704 1966 Τεγεάτην
1723 1930 1824 1965 χῶρον.

1038 1981 1087 2008 καὶ
1112 1979 1289 2015 ἐπηυλίσατο.
1326 1977 1462 2004 Ἐνταῦθα
1485 1976 1644 2004 ἐϐουλεύετο
1669 1976 1713 2003 ἐπ’
1737 1977 1826 2011 ἀμφό-

1037 2034 1117 2062 τερα,
1142 2025 1198 2052 εῐτε
1223 2025 1251 2056 ἐς
1275 2023 1405 2058 Σπάρτην
1427 2022 1545 2054 ἐλαύνοι,
1571 2022 1618 2049 καὶ
1651 2022 1823 2056 Ἐπίδαυρον.

1040 2072 1132 2103 Δεινὺς
1148 2071 1204 2105 γὰρ
1221 2069 1301 2097 αὑτὸν
1315 2068 1390 2104 ἐσῄει
1411 2068 1505 2100 πόθος,
1522 2067 1585 2094 ίδεϊν
1600 2076 1630 2094 τι
1648 2067 1823 2101 Ἐπίδαυρον,

1040 2118 1088 2145 καὶ
1100 2116 1331 2152 παραστήσασθαι
1345 2115 1422 2141 πόλιν
1435 2114 1556 2149 ἐρυμνὴν
1568 2113 1664 2140 πασῶν
1675 2113 1708 2149 δὴ
1720 2113 1826 2140 πόλεων

1039 2162 1078 2191 ὧν
1095 2163 1175 2199 ἡμεῖς
1194 2161 1284 2197 ίσμεν.
1304 2161 1349 2191 Ἐς
1371 2159 1474 2194 ταύτην
1496 2159 1666 2194 καταφυγὼν
1693 2159 1707 2186 δ
1731 2160 1827 2195 ἔτερος

1039 2208 1094 2235 τῶν
1119 2206 1275 2241 ἡγεμόνων,
1297 2204 1345 2231 τοῦ
1366 2204 1461 2239 ἑτέρον
1482 2203 1510 2235 ἐς
1524 2203 1572 2238 τὴν
1589 2202 1756 2231 Μαντίνειαν
1776 2204 1826 2238 τῆς

204 2258 256 2285 bus
286 2255 410 2282 collectis
431 2253 654 2281 discedebatzet
682 2254 802 2281 secundo
831 2253 864 2280 ab
884 2261 917 2281 eo
944 2253 981 2280 dit

1043 2253 1205 2287 Λακωνικῆς
1224 2251 1292 2288 προς
1318 2252 1351 2286 τῇ
1374 2251 1494 2286 θαλάττῃ
1514 2249 1598 2277 οὖσαν
1623 2249 1828 2283 καταφυγόντος

205 2305 351 2341 Tegeatam
378 2302 516 2337 regionem
543 2301 681 2337 ingressus
694 2304 747 2332 est,
765 2299 992 2334 ibidemquecas-

205 2357 247 2380 tra
273 2349 404 2378 ﬁrmavit.
427 2346 548 2375 Maxima
570 2346 709 2382 propesita
738 2351 798 2372 erat
827 2345 991 2373 consultatio

206 2397 336 2426 ductandi
362 2397 388 2423 in
409 2394 568 2427 Laconiam,
582 2398 610 2421 et
630 2393 657 2420 in
682 2393 848 2428 Epidaurum
868 2401 874 2419 :
894 2400 990 2428 magna

206 2446 281 2474 enim
292 2443 393 2479 cupido
403 2450 465 2470 eum
480 2442 632 2469 incesserat
646 2439 771 2467 vidend:e
789 2439 990 2475 Epidauri(87),

208 2495 236 2519 et
257 2489 397 2525 capienda:
414 2488 501 2520 urbis,
526 2495 607 2522 quam
627 2486 731 2514 scimus
755 2492 820 2512 esse
842 2484 995 2511 munitissi-

210 2543 283 2563 mam
317 2534 440 2562 onmium
460 2540 532 2568 quas
558 2532 684 2559 novimus
723 2530 842 2558 urbium.
866 2529 894 2557 In
925 2530 995 2558 hanc

212 2580 374 2615 confugerat
391 2579 460 2606 alter
476 2586 491 2606 e
513 2579 640 2608 ducibus,
664 2581 690 2605 ct
706 2577 775 2604 alter
787 2584 816 2603 se
832 2584 894 2603 cum
911 2583 996 2603 uxore

211 2630 354 2666 receperat
370 2625 398 2652 in
414 2624 578 2651 Mantineam
597 2623 734 2655 Laconim,
746 2622 812 2649 mari
840 2621 993 2649 ﬁnitimam.

212 2673 269 2699 Rex
281 2677 343 2698 cum
365 2669 530 2704 intelligeret
546 2677 605 2696 eam
620 2669 760 2703 regionem
778 2674 840 2695 esse
856 2674 995 2702 asperam,

214 2722 241 2746 et
267 2717 386 2746 transitu
408 2715 557 2746 difﬁcilem,
587 2714 723 2742 abstinuit
747 2713 831 2742 latius
856 2712 995 2748 progredi.

1043 2301 1091 2328 σὺν
1108 2301 1141 2336 τῇ
1158 2298 1281 2334 γυναικὶ,
1297 2298 1344 2324 καὶ
1358 2297 1560 2332 πυνθανόμενος
1587 2296 1636 2332 τὴν
1650 2296 1741 2332 χώραν
1759 2305 1826 2332 τρα-

1042 2347 1119 2383 χεῖάν
1155 2354 1185 2372 τε
1218 2343 1319 2377 οὖσαν,
1344 2345 1390 2370 καὶ
1437 2342 1560 2379 χαλεπὴν
1597 2342 1828 2374 διαπορεύεσθαι,

1043 2394 1142 2428 ἐπέσχε
1174 2391 1224 2427 μὲν
1254 2391 1356 2426 ταύτην
1397 2389 1578 2424 πορεύεσθαι·
1607 2388 1774 2424 συστραφεὶς
1800 2388 1830 2414 δὲ

1045 2439 1179 2474 ἐτράπετο
1194 2437 1240 2464 ἐπὶ
1259 2436 1386 2471 Μηυχλὴν
1413 2435 1462 2470 τῆς
1483 2435 1604 2469 Ίέγαίης
1626 2434 1716 2461 πόλιν.
1732 2435 1830 2468 ιΙροει-

1046 2486 1140 2519 στήκει
1160 2484 1189 2510 δὲ
1209 2483 1295 2518 αὐτῆς
1317 2482 1437 2517 ’Δσάνης
1463 2483 1477 2509 ό
1499 2482 1667 2517 Δημήτριος.
1698 2480 1830 2513 Ἐνταῦθα

1046 2529 1328 2566 στρατοπεδευόμενος
1341 2529 1370 2554 ὲν
1381 2527 1462 2564 χώρῳ
1473 2527 1583 2563 χαλεπῷ
1595 2535 1624 2553 τε
1634 2526 1682 2553 καὶ
1695 2526 1832 2560 δυσϐάτῳ,

1046 2577 1138 2611 ἀνέχει
1169 2576 1224 2610 γὰρ
1257 2576 1274 2610 ή
1305 2574 1382 2605 πόλις
1413 2574 1460 2600 ἐπὶ
1486 2572 1586 2608 ὀχυροῦ
1610 2581 1641 2599 τε
1679 2572 1758 2606 ὅρους
1786 2572 1833 2598 καὶ

1048 2621 1167 2657 ἐρυμνοῦ
1191 2621 1335 2656 ᾠκημένη,
1353 2618 1579 2654 παρεσκευάζετο
1600 2617 1726 2653 μηχανάς
1740 2625 1770 2643 τε
1785 2616 1833 2643 καὶ

1050 2667 1198 2701 κλίμακας,
1211 2665 1249 2698 ὡς
1267 2667 1301 2702 τῇ
1322 2666 1398 2692 πόλει
1422 2664 1652 2699 προσοισόμενος·
1668 2663 1716 2690 καὶ
1732 2662 1833 2689 αὐτίκα

1051 2713 1100 2748 μὲν
1122 2712 1169 2739 τοῦ
1197 2712 1292 2744 ὓδατος
1315 2712 1516 2747 ἐπεκράτησεν,
1530 2710 1544 2737 ὁ
1563 2709 1642 2742 ἐκτὸς
1664 2707 1699 2746 ἦν
1716 2709 1765 2744 τῆς
1783 2707 1833 2734 πό-

846 2783 972 2814 Νοῐυίω
996 2781 1199 2821 marginales.

249 2846 307 2882 (67)
326 2846 491 2881 Epidaurus,
505 2853 578 2873 nunc
593 2844 755 2879 Ragusium,
769 2843 827 2871 sive
843 2844 925 2871 etiam
938 2828 1077 2873 lilalvasia.

132 2935 139 2942 ,
185 2898 192 2903 ’
246 2905 272 2923 ⁸⁸
290 2904 323 2933 In
340 2913 404 2941 toto,
417 2905 552 2933 ἐνταυθοῖ.
582 2905 604 2921 ’³
619 2904 666 2931 καί
678 2912 759 2935 τινες.
775 2902 805 2930 R.
825 2908 852 2930 ut
866 2905 891 2929 in
909 2912 932 2931 ί.
