1952 3069
126 101 179 133 ιεο

641 101 690 130 DE
714 99 842 130 REBUS
869 98 1050 129 TURClClS
1073 99 1147 130 LIB.
1168 100 1221 131 IX.

1697 99 1754 133 490

127 157 186 192 λέα,
202 158 250 185 καὶ
265 157 359 193 χώραν
374 157 467 190 αὑτήν.
486 156 579 184 Ταῦτα
604 157 652 192 μὲν
674 157 702 187 ἐς
720 156 799 182 τοῦτο
814 156 837 171 ⁵⁵
854 155 913 189 ἐγέ-

968 155 1055 182 zuntis
1069 163 1159 190 regem
1179 163 1232 183 una
1259 163 1320 183 cum
1347 156 1458 191 regione
1489 160 1588 184 nactus
1609 159 1661 184 est.
1690 156 1753 185 llaec

127 213 188 233 νετο
200 213 208 221 ·
224 205 274 240 τὴν
293 205 321 231 δὲ
337 204 533 240 Τραπεζοῦντα
545 205 574 236 ἒς
589 204 686 240 μοίρας
701 203 866 236 διελόμενος,
882 203 911 229 τὸ

129 251 179 286 μὲν
193 251 260 286 παρ’
277 251 368 284 ἑαυτῷ
383 252 582 286 κατεκράτησε,
593 251 709 285 ποιήσας
724 249 912 284 Σιλικταρίους

127 299 174 325 καὶ
191 298 403 334 Σπαχογλάνους
414 298 448 330 ⁸⁸,
462 297 577 333 ὕστερον
598 299 627 330 ἐς
648 297 696 329 τὰς
711 297 795 333 θύρας
816 296 912 327 αὑτοῦ,

127 345 241 377 τούτους
255 345 395 381 κρατήσας
410 345 475 379 παρ’
490 344 596 377 ἑαυτὸν,
612 345 766 380 ὑπηρεσίας
782 344 815 360 ’θ’
830 343 912 370 αὐτοῦ

103 390 108 398 ’
125 391 219 424 ἕνεκα,
237 392 285 418 καὶ
299 391 328 423 ἐς
349 391 383 418 τὰ
401 391 523 419 παιδικά.
541 392 577 418 Τὸ
598 392 625 418 δὲ·
649 390 801 426 κατῴκισεν
819 391 848 422 ἐς
862 390 914 416 Βυ-

127 438 245 470 ζάντιον,
261 437 309 464 καὶ
323 437 354 464 τδ
367 437 462 472 ἕτερον
480 437 633 473 πεποίηκεν
653 437 849 471 ἱανιτζαρίους,
866 437 913 463 καὶ

127 485 272 516 δουλευτὰς
294 485 323 512 ὲν
347 485 467 516 σκευαῖς,
492 484 687 519 ἐπιλεξάμενος
711 485 809 516 παῖδας
832 483 913 510 ὀκτα-

126 532 248 563 κοσίους,
268 531 315 558 καὶ
337 532 365 562 ἐς
384 530 434 567 τὴν
452 531 506 558 τῶν
527 531 662 564 νεηλύδων
686 530 762 562 τάξιν
787 529 912 562 ἐτάξατο.

128 578 184 613 Τὴν
197 579 288 613 μέντοι
309 578 447 612 Θυγατέρα.
470 577 518 604 τοῦ
541 577 672 611 βασιλέως
689 577 772 604 Δαόὶδ
798 578 914 611 γυναῖκα

129 626 221 658 μέντοι
235 625 285 651 οὐκ
311 625 442 659 ἠγάγετο,
459 623 517 658 μετ’
541 623 572 650 οὐ
598 623 664 650 πολὺ
687 623 714 650 δὲ
740 624 768 654 ὲς
789 622 835 649 τὸν
855 631 913 649 κοι-

127 673 201 698 τῶνα
228 671 423 707 μετεπέμψατο
450 671 546 705 αὐτὴν,
562 670 780 705 σφαγιασθέντος
802 670 849 697 τοῦ
866 669 915 705 βει-

128 718 224 749 σιλέως
239 717 332 751 Δαὸὶδ,
349 716 397 743 καὶ
412 717 459 743 τὸν
474 717 556 743 παῖδα
575 717 688 751 ἔγγονον
711 716 758 743 τοῦ
780 716 914 753 πρότερον

129 760 272 795 βασιλέως,
288 761 384 796 νήπιον
404 761 468 788 ὄντα
491 759 548 795 εἷχε
565 762 631 796 παρ’
649 761 738 795 ἑαυτῷ
753 762 767 788 ὁ
785 761 912 796 Κράτων.

135 807 164 834 '0
191 808 284 842 μέντοι
313 808 444 842 βασιλέως
469 810 534 840 παῖς
560 809 575 835 ό
607 807 749 844 νεώτερος,
777 809 913 844 Γεώργιος

131 853 260 889 τοῦνομα,
273 855 311 886 ὡς
333 856 362 885 ἐς
380 850 430 890 τὴν
457 855 676 891 Ἀδριανούπολιν
705 857 810 891 παρὼν,
832 857 914 893 ἐτρά-

129 910 195 928 πετο
210 903 255 928 tm
276 902 325 937 τὴν
339 901 385 929 τοῦ
409 903 561 937 Μεχμέτεω
578 903 738 938 θρησκείαν,
752 904 800 930 καὶ
826 905 854 937 ἐς
879 906 914 933 τὰ

130 948 182 983 ἢθη
197 949 342 984 γενόμενος
365 947 399 975 τὰ
414 949 536 982 ἐκείνων,
551 949 582 976 οὑ
601 950 692 985 πολλῷ
708 951 821 986 ὕστερον
837 961 915 979 συνε-

128 995 217 1030 λήφθη
234 995 292 1030 ἅμα
305 995 343 1031 τῷ
361 997 445 1032 πατρὶ
460 996 505 1023 καὶ
531 997 587 1029 τοῖς
614 998 738 1032 ἀδελφοῖς
761 999 813 1025 ὑπὸ
837 999 915 1034 βασι-

130 1042 209 1074 λέως.
233 1043 288 1070 Καὶ
303 1043 324 1059 ⁸⁷
343 1043 398 1078 γὰρ
417 1043 525 1079 ἔπεμψε
545 1043 698 1080 γράμματα
713 1045 730 1080 ἠ
748 1045 847 1080 ἀνεψιὰ
868 1045 914 1072 τοῦ

131 1088 275 1123 βασιλέως,
297 1089 373 1123 ὴτοῦ
392 1090 504 1125 Xman
519 1090 542 1106 "
565 1091 645 1126 γυνὴ1
662 1092 708 1118 καὶ
735 1092 914 1126 μετεκαλεῖτο

131 1135 148 1168 ἢ
166 1135 188 1150 θ’
205 1137 250 1161 τὸν
277 1135 323 1162 τοῦ
351 1135 483 1170 βασιλέως
508 1137 576 1169 υιδν.
595 1138 612 1172 ἣ
628 1138 673 1164 Iov
700 1139 811 1171 ἀνεψιὸν
831 1139 915 1166 αὐτοῦ

131 1181 176 1206 τὸν
195 1181 314 1214 ’Δλέξιον
340 1183 385 1209 τὸν
415 1183 448 1210 ὲκ
474 1183 642 1220 Μυτιλήνης,
671 1184 813 1220 Κομνηνὺν
840 1184 915 1213 ὅντα.

131 1226 185 1252 Καὶ
210 1226 246 1253 τὰ
279 1227 329 1261 μὲν
357 1227 508 1263 γράμματα
538 1229 704 1263 ἐνεχείρισαν
731 1229 770 1264 τῷ
798 1229 914 1265 βασιλεῖ,

131 1272 335 1307 δηλοποιοῦντα,
349 1273 422 1305 ὅπως
439 1271 479 1306 εἷς
501 1274 534 1300 ἐκ
550 1274 604 1301 τῶν
622 1274 689 1301 υἱῶν
706 1274 754 1301 τοῦ
771 1275 915 1309 βασιλέως,

132 1318 148 1352 ἦ
166 1320 180 1345 ὁ
197 1319 308 1354 ἀνεψιὸς
325 1319 420 1352 αὑτοῦ,
439 1321 477 1352 ὡς
491 1321 610 1356 εῐρηται,
626 1320 757 1357 ἁφίξηται
782 1322 850 1356 πρὸς
867 1323 916 1355 τὴν

132 1365 275 1392 δέσποιναν
295 1366 345 1400 τὴν
360 1367 477 1400 γυναῖκα
493 1367 542 1393 τοῦ
560 1367 674 1401 Μακροῠ
689 1367 805 1400 Χασάνη
821 1367 914 1394 οὖσαν.

138 1411 303 1446 Ἐνεχείρισε
317 1412 344 1438 δὲ
359 1413 445 1439 ταῦτα
461 1413 495 1439 τὰ
512 1413 663 1447 γράμματα
685 1414 698 1439 ὁ
713 1414 918 1449 πρωτοῆεστιά-

135 1465 190 1491 pte;
218 1457 354 1492 Γεώργιος
376 1458 515 1494 ἐπιτρόπῳ
535 1458 619 1486 τᾶλλα
633 1460 729 1495 ἀγαθῷ
743 1461 817 1490 ὅπως
832 1462 917 1495 φανή-

964 200 1074 235 quidem
1090 199 1223 229 hactenus
1237 203 1388 236 contigere.
1398 197 1600 237 Trapezuntios
1614 203 1641 230 in
1657 208 1750 238 partes

964 246 1123 274 distribuit:
1142 251 1247 282 partem
1264 256 1317 275 una
1339 249 1535 282 retinuitipse,
1549 257 1581 276 ex
1613 257 1668 284 qua
1687 251 1752 279 fecit

965 292 1130 326 Silictarios,
1145 300 1172 321 et
1188 294 1398 330 Spathoglanos.
1415 295 1470 323 llos
1484 295 1510 323 in
1521 295 1614 330 januis
1629 298 1753 328 tenebat.

964 347 1114 375 eorumque
1135 341 1285 369 ministerio
1302 342 1439 374 utebatur,
1475 350 1581 370 necnon
1597 344 1664 378 ipsis
1679 345 1755 371 nefa-

966 388 1007 414 rio
1020 395 1113 415 amore
1133 393 1229 422 raptus
1240 389 1414 416 abutebatur.
1433 390 1541 417 Partem
1565 397 1656 418 atttctn
1669 392 1751 419 aliam

965 431 1123 469 Byzantium
1136 435 1301 463 transmisit.
1316 435 1401 463 Porro
1419 444 1452 464 ea
1466 437 1519 464 alia
1535 437 1687 471 janitzaros
1700 439 1755 466 ele-

965 479 1013 514 git.
1031 478 1168 511 Quosdam
1189 481 1332 508 constituit
1343 489 1449 515 servos,
1463 483 1511 517 qui
1526 483 1553 510 in
1568 484 1754 513 tabernaculis

965 526 1109 552 servirent.
1125 525 1229 554 Pueros
1242 534 1275 554 ex
1298 528 1427 556 omnibus
1460 529 1541 564 elegit
1568 530 1754 564 octingentos,

964 578 1067 605 eosque
1082 571 1108 598 in
1124 572 1334 606 peregrinorum
1348 573 1489 601 cohortem
1501 572 1641 603 submisit.
1654 571 1753 606 Filiam

964 617 1037 651 regis
1049 616 1159 645 Davidis
1174 626 1238 651 non,
1256 619 1488 654 quemadmodum
1503 629 1551 648 rex
1565 621 1610 650 hic
1623 623 1751 658 petierat,

965 672 1079 691 ultorem
1097 664 1287 693 duxitzhaud
1317 671 1408 694 tamen
1436 668 1522 703 multo
1551 673 1614 703 post
1642 678 1701 697 eam
1726 671 1755 698 in

965 718 1046 744 suum
1057 711 1214 739 cubiculum
1226 712 1372 740 accersivit
1387 718 1526 748 perempto
1554 723 1617 750 rege
1641 717 1753 744 Davide.

964 751 1093 791 Nepotem
1108 764 1198 785 autem
1210 758 1304 793 hujus,
1315 759 1360 793 qui
1377 759 1466 787 fuerat
1478 759 1550 788 ﬁlius
1559 761 1648 789 adhuc
1661 762 1754 790 infans

928 825 950 855 Β
966 802 1066 836 prioris
1082 804 1165 838 regis,
1179 805 1250 839 apud
1261 813 1289 833 se
1307 805 1401 833 habuit
1425 806 1517 834 Grato.
1547 806 1630 843 Regis
1660 814 1751 836 autetn

964 849 1075 878 Davidis
1098 851 1169 879 ﬁlius
1189 852 1292 887 junior,
1300 853 1411 881 nomine
1426 854 1569 888 Georgius.
1580 863 1641 882 cutn
1658 856 1755 883 Adria-

965 898 1086 931 nopolim
1103 898 1232 931 venisset,
1248 899 1281 926 ad
1304 899 1464 928 Mecltmetze
1492 901 1652 936 religionem
1686 910 1754 930 con-

965 951 1061 971 versus
1083 950 1135 972 est.
1168 945 1324 980 Asstnnptis
1348 945 1502 974 Turcorum
1543 942 1668 976 moribus
1697 958 1752 976 non

967 991 1051 1017 multo
1069 996 1130 1025 post
1141 997 1238 1026 captus
1255 996 1297 1019 est
1310 993 1344 1020 ab
1365 1000 1426 1028 rege
1443 1001 1498 1021 una
1527 1002 1590 1022 cum
1622 1001 1698 1030 patre
1726 1003 1753 1023 et

965 1034 1107 1063 fratribus.
1120 1035 1187 1063 Nam
1200 1036 1293 1064 missis
1319 1037 1417 1066 litteris
1450 1038 1616 1068 consobrina
1644 1041 1754 1069 Davidis

967 1081 1048 1116 regis,
1065 1085 1134 1108 uxor
1144 1081 1280 1110 Chasanis
1296 1084 1412 1111 vocabat
1427 1090 1473 1112 aut
1498 1087 1571 1121 regis
1591 1087 1687 1121 lilium,
1705 1094 1754 1116 aut

966 1128 1115 1162 patruelem
1131 1129 1202 1164 ejus,
1215 1128 1340 1156 Alexium
1353 1129 1523 1159 Comnenum
1538 1140 1571 1160 ex
1599 1130 1752 1169 Mitylenis.

967 1172 1000 1200 Et
1014 1174 1119 1202 litteras
1133 1175 1254 1210 quidem,
1273 1177 1375 1211 quibus
1406 1178 1613 1212 signiﬁcabatur
1641 1185 1753 1209 utunus

966 1227 998 1246 ex
1018 1221 1080 1248 liliis
1089 1222 1160 1256 regis
1174 1222 1294 1254 Davidis,
1310 1228 1356 1250 aut
1369 1225 1501 1258 patruelis
1516 1226 1577 1261 ejus
1594 1225 1635 1262 (ut
1648 1227 1752 1255 dictum

943 1268 947 1272 ”
967 1266 1019 1301 est)
1035 1267 1139 1295 veniret
1156 1269 1189 1295 ad
1202 1268 1354 1302 dominam,
1370 1279 1432 1305 qute
1450 1279 1521 1299 uxor
1545 1277 1605 1300 erat
1619 1274 1754 1302 Chasanis

967 1313 1064 1349 Longi,
1090 1313 1259 1343 tradiderant
1283 1316 1360 1351 regi;
1386 1325 1447 1345 nam
1467 1314 1570 1347 litteras
1597 1321 1662 1348 istas
1680 1321 1754 1349 dedit

968 1359 1199 1390 Protovestiarius
1214 1362 1350 1397 Georgius
1362 1365 1494 1396 curatori,
1510 1365 1633 1394 tnoribus
1655 1372 1753 1395 caetera

967 1414 1022 1434 non
1036 1409 1172 1442 improbo,
1183 1413 1212 1436 ut
1224 1410 1430 1445 appareretregi
1444 1412 1513 1443 talis,
1527 1413 1601 1446 quali
1617 1412 1754 1442 ﬁdendum

968 1459 1044 1481 esset
1059 1455 1086 1481 in
1115 1455 1268 1490 quibusvis,
1295 1461 1425 1491 praetcrea
1441 1465 1475 1484 ne
1492 1458 1755 1496 innotesceretquo-

135 1512 209 1532 σεται
224 1506 238 1532 ὁ
261 1504 389 1540 βασιλεὺς
414 1506 454 1537 είς
482 1507 613 1533 πίπτωσιν
641 1506 706 1538 ἴσως
726 1504 843 1542 ἀγαθὴν,
870 1507 915 1534 καὶ

969 1502 1051 1529 modo
1067 1501 1293 1536 protovestlarius
1323 1510 1379 1530 rem
1406 1503 1477 1531 hanc
1494 1506 1623 1538 celasset,
1654 1507 1755 1535 timens

132 1552 220 1583 ἄλλως
242 1552 285 1578 ἵνα
313 1552 350 1586 μὴ
373 1552 495 1589 ἀκουσοῇ
517 1554 562 1580 καὶ.
591 1554 657 1588 παρ’
677 1552 776 1586 ἄλλων,
803 1553 878 1585 ὅπως
904 1554 918 1579 ὁ

133 1598 382 1634 πρωτοϐεστιάριος
404 1598 506 1634 ἔκρυψε
533 1599 610 1626 τοῦτο
635 1600 803 1634 φοϐούμενος
820 1601 865 1626 τόν
888 1609 917 1627 τε

134 1646 268 1680 αὐθέντην
287 1646 332 1672 τὸν
350 1646 448 1680 μέγαν.
465 1646 511 1672 καὶ
533 1647 579 1672 τὸν
596 1646 687 1673 [Iactat
702 1648 725 1663 "°
751 1645 919 1682 Μαχουμού-

133 1698 193 1724 την,
209 1691 255 1717 χαὶ
269 1690 343 1725 πάθῃ
363 1691 456 1722 κακῶς
469 1692 482 1716 ὁ
501 1692 750 1727 πρωτοόεστιάριος
776 1695 851 1728 παρὰ
870 1694 917 1720 τοῦ

135 1737 256 1772 μεγάλου
276 1737 417 1765 αὐθέντου.
435 1737 487 1764 Καὶ
514 1738 556 1764 διὰ
584 1738 661 1764 τοῦτο
685 1739 785 1765 δέδωκε
803 1740 850 1766 καὶ
873 1741 918 1766 τὸν

134 1785 238 1819 χάρτην
267 1785 334 1819 πρὸς
363 1785 410 1810 τὸν
437 1785 524 1819 μέγαν
552 1784 696 1820 αὐθέντην.
724 1785 765 1812 Τὰ
795 1786 844 1820 μὲν
872 1786 918 1812 οὖν

134 1830 286 1864 γράμματα
307 1828 455 1863 δεξάμενος
476 1831 489 1856 ὁ
516 1829 653 1864 βασιλεὺς,
669 1830 716 1856 καὶ
743 1830 794 1866 νόῳ
818 1830 918 1864 λαϐὼν,

127 1870 281 1903 ’καθίστατο
306 1877 335 1907 ἐς
358 1876 488 1911 ὑποψίαν,
505 1877 552 1903 καὶ
578 1877 677 1909 αὐτοὺς
707 1877 858 1910 συλλαϐὼν,
873 1880 919 1904 τόν

135 1931 164 1948 τε
189 1923 271 1950 Δαὸὶδ
291 1923 418 1957 βασιλέα,
440 1923 486 1949 καὶ
509 1923 573 1954 τοὺς
598 1923 672 1955 υἱοὺς
699 1924 782 1950 αὑτοῦ
809 1925 858 1950 σὺν
881 1925 920 1959 τῷ

135 1969 238 2004 ἀνεψιῷ
252 1969 390 2003 καθεῖρξε.
407 1970 460 1995 Καὶ
471 1969 520 2004 τὴν
538 1970 588 2003 μὲν
603 1969 742 2004 θυγατέρι
756 1971 785 2001 ἐς
800 1971 918 1997 κοιτῶνα

137 2016 212 2050 αὐτῷ
230 2015 434 2050 μετεπέμψατο.
457 2015 545 2050 Ἔχων
565 2016 593 2042 δὲ
608 2016 706 2047 αὐτοὺς
727 2017 790 2043 ὲν⁷¹
811 2018 919 2050 πέδαις,

134 2063 165 2087 οὐ
190 2061 280 2095 πολλῷ
308 2061 432 2095 ὕστερον,
449 2061 603 2095 ἀπαγαγὼν
628 2062 658 2093 ὲς
683 2062 842 2095 Βυζάντιον,
867 2064 921 2090 διε-

134 2108 266 2143 χρήσατο.
281 2106 351 2138 Τοὺς
370 2107 419 2141 μέν
434 2115 475 2133 τοι
492 2108 592 2138 παῖδας
607 2109 671 2140 τοὺς
697 2109 719 2125 ⁷²
735 2110 789 2136 ἀπὸ
805 2111 919 2144 ἄστεως,

136 2156 182 2180 καὶ
194 2154 248 2181 ἀπὸ
269 2154 323 2180 τῶν
337 2153 487 2188 περιοίκων
504 2153 626 2189 χωρίων,
639 2156 704 2186 τοὺς
724 2157 774 2189 μὲν
788 2156 920 2192 νεήλυδας

969 1549 1132 1576 Authentem
1152 1549 1209 1576 sive
1222 1549 1413 1584 imperatorem
1440 1559 1580 1586 magnum.
1597 1557 1623 1580 et
1636 1553 1747 1581 Bassam

969 1595 1158 1628 lllechmetem,
1178 1595 1259 1631 265
1275 1604 1308 1623 ne
1323 1604 1352 1624 re
1366 1597 1476 1632 cognita
1502 1606 1597 1633 pinnas
1613 1599 1690 1627 daret
1704 1609 1754 1628 au-

970 1641 1055 1668 tltenti
1074 1649 1173 1676 magno
1192 1642 1429 1676 protovestiarius.
1458 1643 1629 1680 Quapropter
1649 1647 1756 1674 litteras

970 1695 1069 1723 magno
1085 1688 1209 1715 authenti
1227 1689 1335 1717 obtulit.
1362 1690 1428 1722 Rex,
1457 1691 1554 1720 litteris
1582 1694 1700 1728 acceptis
1729 1701 1755 1722 et

971 1734 1133 1766 lectis,ni|til
1149 1734 1212 1762 boni
1229 1735 1431 1770 suspicabatur.
1451 1733 1649 1773 Comprehendi
1664 1741 1756 1777 itaque

968 1782 1050 1816 jussit
1067 1781 1195 1808 Davidetn
1215 1789 1305 1816 regem
1319 1787 1346 1808 et
1364 1781 1434 1810 ﬁlios
1457 1783 1517 1818 ejus
1543 1793 1597 1813 una
1623 1795 1684 1814 cutn
1709 1797 1757 1823 pa-

971 1829 1067 1862 truele,
1085 1836 1153 1864 quos
1162 1836 1258 1855 omnes
1275 1828 1301 1855 in
1316 1829 1468 1856 custodiam
1506 1830 1592 1858 dedit.
1619 1832 1753 1861 Caeterum

971 1875 1052 1902 ﬁliam
1072 1875 1098 1902 in
1110 1883 1187 1901 suum
1203 1873 1360 1902 cubiculum
1388 1876 1567 1905 accersebat:
1589 1885 1650 1905 cum
1664 1886 1754 1907 autem

970 1930 1016 1948 eos
1031 1921 1168 1956 aliquanto
1182 1925 1305 1955 tempore
1320 1922 1347 1948 in
1355 1920 1481 1950 custodia
1497 1930 1678 1956 asset-vasset,
1695 1931 1755 1953 tan.

971 1967 1031 1994 dem
1059 1967 1192 1994 abductos
1210 1966 1369 2002 Byzantium
1387 1968 1504 1995 necavit.
1523 1969 1627 1997 Pueros
1646 1970 1755 2005 quidem

971 2022 1004 2041 ex
1016 2013 1092 2047 urbe,
1109 2020 1136 2041 et
1149 2014 1181 2041 ab
1197 2014 1264 2041 locis
1281 2013 1340 2041 urbi
1361 2013 1620 2050 ﬁnitintis,allectos,
1637 2018 1663 2044 in
1678 2026 1755 2051 pere-

972 2062 1110 2096 grinorum
1125 2060 1223 2087 album
1242 2061 1430 2093 conscribens,
1448 2062 1482 2089 ad
1500 2070 1580 2089 suum
1597 2064 1754 2092 cubiculum

972 2105 1126 2131 ordinabat.
1143 2104 1285 2145 Quosdam
1298 2110 1430 2140 praeterea
1446 2107 1557 2134 tradidit
1583 2108 1609 2135 in
1630 2109 1755 2143 discipli-

974 2159 1046 2183 nam,
1064 2155 1094 2178 ut
1109 2146 1260 2178 Turcorum
1275 2151 1373 2179 studiis
1395 2152 1596 2181 imbuerentur.
1633 2153 1756 2192 Reliquis

135 2200 298 2235 ταξάμενος,
312 2200 443 2227 κατέθετο
466 2200 494 2231 ἐς
515 2201 562 2226 τὸν
584 2201 684 2227 ἑαυτοῦ
711 2202 839 2234 κοιτῶνα,
856 2205 915 2235 τοὺς

974 2198 1035 2224 tiliis
1051 2198 1109 2224 suis
1119 2203 1145 2224 et
1162 2198 1279 2232 satrapis
1290 2198 1361 2225 dono
1378 2199 1451 2226 dedit
1466 2200 1593 2235 virgines,
1623 2204 1755 2237 quasdam

136 2248 158 2275 δ’
171 2249 267 2278 ἄλλους
283 2249 310 2273 ὲν
342 2249 398 2278 τοῖς
421 2247 518 2273 ἑαυτοῦ
541 2248 740 2282 ἐπιτηδεύμασι
754 2250 817 2280 τοὺς
832 2245 855 2275 δἱ
871 2250 920 2276 ἄλ-

135 2296 198 2326 λους
212 2295 236 2310 "
249 2293 437 2329 ἀπεχαρίσατο
450 2295 506 2325 τοῖς
528 2294 596 2325 υἱοῖς
624 2294 718 2326 αὐτοῦ,
734 2295 780 2321 καὶ
796 2297 852 2327 τοῖς
870 2296 919 2331 ἆρ-

135 2348 224 2374 χουσι.
246 2338 300 2370 Τὰς
317 2339 344 2364 δὲ
361 2338 455 2372 κόρας,
471 2338 520 2368 τὰς
537 2338 587 2373 μὲν
601 2340 630 2365 ὲν
643 2340 698 2370 τοῖς
711 2339 793 2366 αὐτοῦ
806 2341 919 2367 κοιτῶσι

137 2387 277 2416 κατέθετο,
293 2386 342 2416 τὰς
367 2385 396 2411 όὲ
414 2384 612 2419 ἀπεχαρίσαςο,
631 2385 675 2411 καί
693 2394 769 2417 τινας
783 2385 812 2418 ἐξ
829 2386 920 2413 αὐτῶν

135 2433 191 2462 τοῖς
219 2432 287 2462 υἱοῖς
315 2430 398 2457 αὐτοῦ
426 2430 617 2463 ἀπεστέλλετο,
647 2430 722 2462 ἐνίας
751 2431 774 2457 δ’
806 2431 835 2458 ἐν
865 2440 920 2459 τινι

135 2478 218 2512 ὀλίγῳ
234 2476 323 2511 καιρῷ
347 2478 396 2504 καὶ
409 2476 432 2492 "
447 2475 663 2510 ὑπανδρευσατο.
679 2475 732 2502 Τοῦ
749 2477 842 2511 μέντοι
861 2487 920 2511 χει-

137 2522 227 2558 μῶνος
249 2522 345 2549 τούτου
374 2521 500 2556 βασιλεὺς
519 2521 666 2557 διατρίσων
689 2523 718 2548 ὲν
743 2523 799 2554 τοῖς
821 2523 921 2555 ἑαυτοῦ

975 2251 1084 2278 quoque
1104 2251 1152 2278 per
1166 2251 1215 2270 sua
1233 2243 1359 2271 cubicula
1373 2244 1516 2279 disposuit,
1544 2248 1677 2281 quasdam
1689 2250 1757 2275 ami-

975 2291 1151 2323 cisdonavlt,
1163 2290 1293 2323 quasdam
1312 2297 1377 2317 vero
1389 2290 1453 2318 ﬁliis
1472 2292 1530 2319 suis
1550 2293 1634 2326 misit,
1650 2301 1757 2322 necnon

974 2337 1104 2372 quasdam
1132 2336 1207 2362 brevi
1229 2340 1351 2370 tempore
1371 2336 1477 2363 maritis
1491 2337 1644 2372 conjunxit.
1661 2338 1697 2365 Ea
1711 2348 1757 2366 an-

973 2386 1026 2407 tem
1057 2388 1118 2415 qute
1145 2381 1310 2414 sequebatur
1334 2380 1434 2413 hieme,
1467 2381 1495 2408 in
1520 2382 1594 2417 regni
1607 2385 1671 2410 sede
1702 2393 1757 2412 nta-

974 2435 1052 2462 nens,
1075 2427 1189 2455 vocabat
1218 2427 1341 2460 Bladuut,
1356 2428 1412 2463 (94)
1445 2428 1568 2457 Draculis
1591 2430 1686 2464 ﬁlium,
1705 2433 1756 2459 du-

973 2482 1031 2502 cem
1058 2473 1155 2500 Dacite.
1179 2471 1245 2499 Nam
1273 2473 1353 2507 hujus
1379 2473 1490 2501 fratrem
1519 2476 1656 2510 juniorcm
1686 2479 1757 2512 apud

974 2530 1003 2549 se
1021 2520 1137 2547 habebat
1151 2527 1238 2554 eoque
1251 2527 1299 2554 per
1311 2527 1432 2548 amorem
1452 2523 1567 2557 turpiter
1579 2524 1756 2557 abutebatur.

772 2604 894 2635 Notulaa
911 2605 1108 2643 marginales.

172 2680 227 2715 (9t)
239 2679 338 2707 Bladus
352 2679 478 2710 Dracula.
509 2678 649 2706 Moldaviaa
662 2699 670 2713 ,
689 2687 749 2714 quae
779 2683 805 2706 et
821 2679 1009 2714 Transalpina,
1025 2679 1150 2714 princeps
1166 2689 1172 2706 :
1189 2680 1235 2715 qui
1252 2685 1278 2708 et
1294 2680 1437 2709 Vulaldus.

177 2750 199 2768 "
208 2751 345 2777 τοσοῦτον.
383 2750 405 2766 ⁸⁸
419 2750 636 2786 Σπηοογλάνους.
652 2749 684 2776 R.
695 2749 814 2784 Σπαθογ.
829 2750 942 2786 ὕστερον
951 2751 1083 2785 πρότερον
1097 2750 1146 2786 εἰς.
1162 2750 1195 2766 ⁵⁸·
1205 2751 1306 2783 Είςύπ.
1318 2752 1400 2779 αὑτοῦ
1414 2753 1459 2779 καὶ
1472 2754 1522 2783 εἰς.
1561 2754 1583 2769 ⁸⁷
1595 2753 1627 2780 In
1644 2762 1706 2785 uno.
1719 2754 1756 2785 ὡς

137 2795 166 2818 γ.
205 2786 226 2802 ⁶¹
239 2786 270 2813 li.
288 2786 337 2824 τοῦ
354 2786 480 2824 χασάνου.
521 2785 542 2800 ⁶⁹
562 2785 729 2824 [ngratilm'
752 2785 915 2824 adnotatur,

968 2786 1073 2824 ιταῦτα
1081 2785 1168 2824 ’ᾄλλου
1183 2787 1266 2818 τινος,
1281 2787 1335 2824 διαὶ-
1343 2788 1372 2813 οὑ
1386 2789 1530 2822 Λαονίκου,
1547 2797 1628 2824 usque
1645 2789 1680 2816 ad
1697 2797 1755 2816 ver-

138 2823 210 2855 l-um,
233 2821 411 2856 φοϐούμενος.
433 2820 526 2855 κῦρος.
565 2820 589 2836 ⁷ο
603 2821 722 2847 Πασίαν.
761 2821 782 2836 ⁷¹
800 2823 870 2853 ταῖς.

283 2872 420 2901 PA't‘ttoL.
444 2868 502 2899 CIR.
520 2866 618 2898 CLIX.

911 2822 933 2839 -"
949 2821 1006 2853 οὓς.

1285 2822 1307 2838 ⁷⁵
1321 2822 1353 2849 1η
1369 2831 1419 2850 uno
1433 2824 1513 2851 deest.

1542 2869 1578 2902 16

1046 2820 1067 2836 "
1076 2819 1108 2847 Β.
1125 2821 1244 2857 ἐτέρους.
