1952 3069
516 138 528 152 Ι

166 179 219 212 503

730 182 886 214 LAONICI
907 184 1234 216 CHALCOCONDYL/E

1730 192 1783 223 504

166 249 262 270 corum
283 241 409 269 manibus
438 241 581 269 cadebant.
610 241 784 278 l’edites'qui
800 244 871 279 apud
895 243 947 271 Mc-

1004 245 1063 272 me.
1080 245 1229 281 Ἐμάχοντο
1258 247 1307 282 μὲν
1333 247 1379 274 οὖν
1400 247 1516 275 ἐνταῦθα
1541 248 1587 276 ἐπὶ
1603 249 1699 284 συχνόν
1722 259 1782 277 τινα

165 287 321 315 chumetem
344 291 432 319 erant.
445 294 507 315 cum
533 292 626 315 essent
650 289 702 316 viri
720 289 814 320 fortes.
844 290 949 325 praelia-

165 333 266 360 banlur
280 333 423 363 admodum
454 334 676 362 memorabiliter.
707 334 828 362 Tandem
854 343 949 363 omnes

166 383 300 413 quotquot
313 383 391 406 erant
403 379 436 406 de
449 380 570 408 exercitu
586 381 671 416 regio.
684 381 880 417 praterjanuz
897 382 949 409 mi-

166 424 239 458 lites,
251 425 432 453 amendarunt
457 427 483 453 in
502 434 588 461 equos
607 427 750 462 ;pra:lium
764 435 796 456 eo
824 428 875 456 loci
902 429 948 457 diu

167 471 298 499 l‘erVebat.
319 470 388 500 Hinc
408 473 531 500 conversi
557 472 632 507 Daci,
644 474 818 503 maturabant
841 475 890 503 iter
915 475 948 503 ad

166 517 396 550 regisianuarum
412 516 523 545 milites.
545 517 613 545 Cum
640 522 732 546 autem
756 519 904 547 instructos
923 524 950 547 et

167 568 287 590 armatos
323 563 489 596 invenirent.
520 564 595 592 brevi
622 568 743 600 tempore
784 572 949 601 pugnarunt.

167 607 270 636 Deinde
284 609 389 637 omisso
411 610 525 644 prmlio,
549 614 691 639 vertuntur
715 611 741 638 in
770 611 858 639 forum
890 620 950 640 cas-

168 661 273 682 trorum
288 663 295 682 :
311 656 382 690 quod
398 657 568 692 diripientes,
580 661 607 684 et
622 658 646 685 si
662 665 742 692 quem
760 658 831 686 forte
852 658 889 686 ibi
908 659 950 686 in-

167 705 297 728 venerant
309 701 477 734 occidentes,
506 703 613 730 tandem
641 711 702 730 Clllll
725 711 822 731 aurora
853 712 951 740 appro-

167 747 313 782 pinquaret
328 752 354 775 et
367 749 527 780 lucesceret.
542 751 644 784 egressi
660 754 724 777 sunt
743 750 852 782 castris.
866 751 950 778 antis-

167 793 206 820 sis
224 795 319 828 paucis
346 794 491 822 admodum
522 803 553 823 ea
568 800 657 824 nocte.
682 796 769 825 Etiam
800 796 895 832 pauci,
922 802 952 824 ut

169 840 268 875 fertur,
295 841 328 868 de
360 842 434 876 regio
463 843 584 870 exercitu
614 843 760 871 desiderati
791 848 865 870 sunt.
899 844 949 872 Ubi

167 886 285 919 primum
301 887 359 914 dies
375 887 473 920 illuxit,
485 896 531 915 rex
548 888 652 923 eligens
682 888 800 923 optimos
815 897 949 924 quosque,

168 932 215 969 qui
239 933 291 960 sub
319 934 437 962 tribunis
467 934 612 971 degebant,
636 940 664 963 ct
689 934 793 965 Halicm
813 935 952 964 Michaelis

170 979 254 1007 ﬁlium
284 979 380 1007 ducem
414 981 474 1009 istis
500 989 672 1018 praeponens,
698 983 782 1018 jussit
811 988 840 1012 ut
870 984 952 1012 citato

168 1026 278 1060 agmine
289 1025 376 1054 Dacos
402 1027 530 1057 cedentes
557 1027 775 1063 insequerentur.
801 1029 893 1057 ﬂalies
909 1038 952 1057 as-

169 1075 279 1108 sumpto
294 1072 433 1104 exercitu,
461 1073 600 1108 profectus
627 1079 669 1103 est
683 1082 789 1103 summa
815 1076 953 1103 celeritate

169 1117 308 1150 adhibita,
334 1123 428 1146 contra
464 1118 577 1147 Bladum
595 1140 603 1153 ,
638 1126 666 1148 et
694 1122 810 1149 summis
847 1122 952 1150 viribus

169 1162 295 1191 abeuntis
321 1163 434 1199 vestigia
452 1170 576 1198 secutus,
600 1165 676 1194 Bladi
702 1167 854 1194 exercitum
878 1175 954 1195 asse-

170 1213 251 1236 cutus
267 1213 317 1238 est.
331 1208 426 1238 Subito
441 1216 530 1239 autem
545 1213 573 1240 in
589 1213 715 1240 hostilem
739 1215 889 1241 exercitum
917 1215 954 1242 ir-

169 1263 263 1289 ruens,
275 1256 413 1284 interfecit
443 1258 596 1292 plurimos:
614 1265 764 1295 captosque
782 1260 867 1289 Dacos
892 1262 947 1288 cir-

168 1304 235 1330 citer
249 1303 331 1335 mille,
350 1304 376 1330 in
395 1305 469 1340 regia
498 1309 589 1333 castra
613 1307 735 1334 abduxit.
764 1307 839 1340 Quos
870 1309 953 1335 inter-

168 1350 213 1376 ﬁci
241 1357 336 1379 omnes
365 1358 412 1378 rex
446 1351 562 1379 curavit.
587 1351 675 1379 Etiam
695 1358 775 1381 noctu
807 1355 952 1388 quemdam

169 1396 434 1430 comprehenderunt
447 1397 480 1424 de
503 1398 577 1425 Bladi
602 1398 757 1432 militibus;
775 1399 857 1427 Τηῐοὶ
880 1401 953 1427 hunc

170 1442 340 1469 deduxerunt
354 1443 386 1470 ad
402 1443 607 1477 Mechumetem,
623 1445 669 1479 qui
686 1453 748 1472 cum
761 1447 951 1482 interrogavit.

171 1489 297 1522 quisnam
309 1493 335 1516 et
346 1489 425 1524 cujus
436 1493 520 1522 esset,
534 1494 560 1517 et
575 1490 647 1517 unde
664 1491 790 1518 veniret?
802 1491 852 1525 Qui
864 1493 906 1519 ubi
920 1493 953 1519 ad

171 1537 298 1572 singula,
324 1537 557 1571 quemadmodum
583 1537 769 1573 interrogatus
799 1543 875 1570 erat,
898 1547 954 1566 rcs-

1000 291 1104 325 χρόνον.
1121 292 1200 319 Μετὰ
1226 293 1254 320 δὲ
1286 294 1498 329 συστραφέντες,
1525 295 1640 330 ἤλαυνον
1663 295 1710 322 ἐπὶ
1734 296 1783 327 τὰς

1001 337 1137 371 βασιλέως·
1147 338 1244 372 θύρας,
1256 339 1301 366 καὶ
1320 337 1399 375 εὖρον
1413 341 1476 372 τοὺς
1487 341 1561 376 ἀμφὶ
1576 341 1690 377 βασιλέα
1705 342 1782 372 ἐκτὸς

999 382 1053 409 τῶν
1064 383 1154 418 θυρῶν
1169 386 1440 421 παρατεταγμένους,
1451 388 1498 414 καὶ
1513 388 1600 423 βραχὺ
1614 388 1654 414 ἔτι
1665 388 1783 414 ἐνταῦθα

1002 431 1197 464 μαχεσάμενοι,
1216 432 1367 467 ἐτράποντο
1383 433 1428 460 ἐπὶ
1450 433 1501 469 τὴν
1519 434 1621 469 ἀγορὰν
1636 435 1683 461 τοῦ
1703 442 1783 469 στρα-

1000 477 1124 510 τοπέδου,
1137 478 1184 504 καὶ
1210 478 1411 513 διαρπάσαντες
1431 480 1481 516 τήν
1501 489 1532 507 τε
1559 481 1672 516 ἀγορὰν,
1686 481 1734 507 ml.
1758 480 1785 507 εἴ

1000 521 1043 552 τίς
1061 530 1113 548 που
1136 522 1222 558 ταύτῃ
1239 523 1372 555 hvic-rato,
1388 524 1605 560 διαφθείραντες.
1630 525 1674 556 Ὣς
1700 525 1783 559 ἐγγὺς

1000 563 1068 603 ἧκεν
1093 568 1110 602 ἡ
1135 568 1202 602 ἠὼς,
1229 570 1275 595 καὶ
1309 569 1460 604 ἐπέφανεν,
1485 571 1625 606 ἀπεχώρει
1651 571 1705 598 ἀπὸ
1735 571 1783 597 τοῦ

1002 614 1198 648 στρατοπέδου,
1226 615 1372 642 ἀποϐαλὼν
1402 616 1454 651 μὲν
1475 617 1578 651 ταύτης
1606 618 1656 649 τῆς
1686 618 1783 649 νυκτὸς

1001 659 1109 693 ὀλίγους
1125 660 1196 687 πάνυ
1211 662 1298 692 τινὰς,
1314 661 1362 688 καὶ
1374 662 1398 688 οἱ
1412 662 1466 688 ἀπὸ
1486 662 1531 690 τοῦ
1550 663 1680 698 βασιλέως
1702 672 1784 696 στρα-

1001 705 1124 738 τοπέδου,
1141 706 1226 740 ὀλίγοι
1240 707 1438 742 διεφθάρησαν,
1451 708 1489 739 ὡς
1508 709 1616 742 ἐλέγετο
1627 717 1634 724 ·
1656 709 1726 742 μετὰ
1745 709 1784 738 δὲ.

1001 750 1038 781 ὡς
1051 751 1143 786 ἡμέρα
1157 752 1273 786 τάχιστα
1289 753 1428 787 ἐγεγόνει,
1447 754 1574 789 βασιλεὺς
1590 755 1785 788 ἐπιλεξάμενος

1001 796 1055 822 τῶν
1077 797 1208 832 ὑπάρχων
1231 798 1293 829 τοὺς
1313 798 1440 832 λογάδας,
1457 800 1504 826 καὶ
1523 800 1615 834 Ἀλίην
1634 801 1681 826 τὸν
1700 799 1785 834 Μιχά-

1001 841 1055 869 λεω
1080 844 1161 869 παῖδα
1185 844 1338 878 στρατηγὸν
1365 845 1522 877 ἀποδείξας,
1543 846 1668 872 ἐκέλευεν
1696 847 1785 876 ἰόντας

1003 889 1117 915 κατόπιν
1142 889 1194 915 τῶν
1212 890 1317 922 Δακῶν,
1335 890 1491 917 ἐπιδιώκειν
1516 891 1553 923 ὡς
1583 892 1670 926 ἔχοιεν
1690 895 1784 926 τάχος.

1007 933 1037 960 Ὀ
1061 934 1111 968 μὲν
1127 932 1173 960 οὖν
1201 934 1303 970 ’Λλίης,
1327 936 1491 971 παραλαὸὼν
1514 937 1560 963 τὴν
1584 938 1711 972 στρατὸν,
1733 935 1785 972 ἦγε

1003 981 1121 1017 σπουδὴν
1144 982 1191 1009 ἐπὶ
1214 981 1260 1009 τὸν
1281 982 1398 1017 βλάδον,
1416 983 1464 1009 καὶ
1489 983 1605 1010 κατόπιν
1629 985 1785 1018 γενιὶμενος,

1003 1029 1099 1063 ἧλαυνε
1114 1029 1183 1055 κατὰ
1204 1030 1314 1063 κράτος,
1333 1030 1378 1055 καὶ
1400 1030 1605 1064 καταλαμϐάνει
1627 1030 1673 1056 τὶν
1685 1030 1785 1057 Βλὰδου

1004 1074 1130 1109 στρατὸν,
1147 1077 1194 1101 καὶ
1219 1075 1404 1108 ἐπεισπεσὼν,
1419 1075 1554 1110 διέφθειρε
1582 1077 1631 1110 μὲν
1659 1076 1782 1107 πολλοὺς.

1004 1122 1149 1156 ζωγρήσας
1160 1121 1189 1147 δὲ
1203 1122 1274 1156 ἀμφὶ
1288 1122 1352 1152 τοὺς
1371 1121 1474 1156 χιλίους
1488 1123 1541 1148 τῶν
1556 1121 1661 1153 Δακῶν,
1676 1122 1785 1156 ἀπήγα-

1003 1177 1052 1200 γεν
1067 1169 1096 1198 ὲς
1110 1168 1140 1194 τὸ
1162 1168 1342 1202 στρατόπεδον
1363 1168 1440 1203 παρὰ
1463 1168 1584 1203 βασιλέα.
1600 1168 1717 1196 Τούτους
1735 1169 1785 1202 μὲν

1003 1214 1093 1241 λαὸὼν
1122 1216 1136 1241 ό
1168 1215 1311 1248 βασιλεὺς,
1342 1215 1390 1242 καὶ
1417 1215 1589 1249 ἀπαγαγὼν,
1623 1215 1786 1249 διεχρήσατο

1004 1260 1139 1291 ἅπαντας.
1152 1260 1207 1287 Καί
1220 1269 1280 1287 τινα
1295 1260 1422 1291 λαϐόντες
1435 1261 1533 1291 νυκτὸς
1554 1259 1655 1295 ταύτης
1669 1259 1724 1285 τῶν
1738 1259 1784 1285 τοῦ

1005 1307 1106 1333 Βλάὸου
1130 1307 1306 1341 στρατιωτῶν
1327 1307 1352 1333 οἱ
1373 1306 1420 1332 τοῦ
1440 1306 1577 1343 ,βασιλέως
1606 1307 1785 1341 στρατιῶται,

1004 1352 1052 1378 καὶ
1079 1351 1271 1385 ἀπαγαγόντες
1295 1351 1324 1382 ἐς
1348 1352 1562 1386 Μαχουμούτην,
1582 1351 1676 1386 ἠρώτα
1694 1352 1787 1382 αὐτὴν,

1004 1398 1076 1430 ὅστις
1088 1406 1117 1423 τε
1134 1398 1188 1433 εἴη,
1202 1399 1249 1424 καὶ
1262 1398 1322 1424 ὃθεν
1334 1398 1408 1433 ἥκοι.
1424 1398 1501 1424 Μετὰ.
1512 1398 1541 1424 δὲ
1555 1398 1593 1428 ὡς
1608 1398 1714 1424 ἕκαστα
1730 1398 1783 1424 διε-

1005 1444 1098 1479 λέχθη,
1122 1444 1274 1478 ὲπανήρετο
1297 1444 1379 1470 αὐτὸν
1399 1445 1423 1469 εἰ
1445 1444 1539 1478 εἱδοίη,
1555 1444 1623 1470 ὅπου
1641 1442 1787 1478 διατρίϐων

1004 1489 1133 1524 τυγχάνει
1146 1489 1256 1521 Βλάδος,
1271 1490 1284 1514 ό
1302 1489 1348 1523 τῆς
1363 1489 1464 1520 Δακίας
1483 1488 1604 1523 ἡγεμών.
1622 1489 1653 1514 '0
1667 1488 1688 1513 δ’
1702 1489 1782 1523 ἀμεί-

1006 1537 1079 1569 ϐετο,
1096 1537 1134 1567 ὡς
1156 1536 1239 1571 εἰδοίη
1257 1535 1279 1551 ’³
1294 1536 1398 1571 σαφῶς,
1413 1536 1540 1562 οὐδέππί
1552 1536 1573 1562 δ’
1590 1536 1622 1562 ἂν
1635 1537 1706 1562 εἴποι
1724 1535 1786 1561 τού-

171 1583 276 1617 pondit,
298 1583 406 1611 tandem
419 1583 514 1618 jussus
530 1588 572 1610 cst
586 1584 684 1616 dicere,
698 1584 720 1611 si
736 1585 816 1611 sciret
845 1585 951 1612 ubinam

1008 1591 1061 1608 των
1078 1582 1163 1614 οὐδὲν,
1175 1581 1301 1613 δεδοικὼς
1318 1582 1421 1608 ἐκεῖνον
1431 1582 1476 1608 τὸν
1497 1582 1590 1616 ἄνδρα.
1605 1582 1635 1608 Ui
1650 1581 1671 1606 δ’
1687 1580 1732 1607 οὖν
1750 1581 1786 1611 ὡς

171 1628 271 1658 Bladus
291 1629 376 1661 Daciae
394 1629 519 1664 princeps
551 1637 622 1656 nunc
643 1635 794 1659 moraretur
817 1630 865 1658 ?Is
898 1638 954 1658 res-

170 1677 278 1711 p0ndit,
291 1683 321 1707 se
330 1676 436 1711 quidem
449 1684 509 1711 quae
520 1678 588 1704 scire
600 1681 735 1711 expetant,
751 1682 846 1705 exacte
860 1686 951 1706 nosse:

170 1730 265 1749 verum
291 1728 321 1749 se
349 1730 488 1757 nunquam
517 1723 727 1752 enuntiaturum
747 1723 845 1751 ltorum
875 1725 954 1759 quid-

170 1775 266 1805 quam,
280 1767 348 1795 adeo
374 1773 495 1796 metuere
517 1776 547 1797 se
561 1769 669 1797 dicebat
684 1769 771 1797 virum
800 1770 886 1798 illum.
912 1770 953 1797 llli

170 1820 259 1845 autent
278 1816 415 1851 minantes
444 1816 651 1849 dixerunt,nisi
666 1825 727 1852 quae
745 1817 952 1845 sciscitarentur

171 1862 300 1896 continuo
313 1867 495 1897 expromeret,
527 1864 689 1898 periturum.
717 1863 769 1896 Qui
801 1864 952 1898 respondit,

170 1916 199 1936 se
212 1908 321 1944 quidem
338 1914 454 1937 mortem
474 1910 577 1944 perpeti
607 1913 731 1944 paratum
749 1917 819 1941 esse,
842 1917 872 1936 se
888 1917 951 1937 vero

171 1962 225 1981 non
243 1955 345 1988 audere
356 1955 503 1990 quidquam
521 1963 614 1983 eorum
626 1963 686 1990 quae
714 1956 784 1983 scire
807 1961 948 1990 cuperent,

1008 1628 1128 1663 ἔφασκον
1147 1628 1229 1655 αὑτὸν
1252 1627 1458 1658 ἀποθανεῖσθαι,
1473 1627 1505 1655 ἃν
1522 1629 1559 1662 μὴ
1577 1627 1716 1654 πύθωνται
1735 1628 1786 1653 αὑ-

1007 1675 1055 1701 τοῦ
1073 1675 1087 1701 ὃ
1110 1675 1250 1710 βούλονται
1271 1675 1400 1711 ἔρεσθαι·
1422 1675 1502 1706 αὐτὸς
1525 1674 1638 1709 ἔφασκε,
1661 1674 1785 1700 τεθνάναι

1009 1724 1058 1758 μὲν
1068 1722 1178 1758 ἕτοιμον
1192 1721 1263 1749 εἶναι
1277 1723 1324 1748 καὶ
1340 1722 1421 1753 πάνυ,
1438 1721 1557 1753 ἐξειπεῖν
1577 1721 1605 1747 δὲ
1626 1721 1713 1748 ὁτιοῦν
1730 1720 1785 1747 τῶν

1008 1769 1112 1796 ἐκείνου
1137 1770 1187 1795 οὐκ
1207 1769 1240 1796 ἂν
1255 1768 1377 1803 τολμῴη.
1394 1767 1487 1794 Ταῦτα
1513 1768 1541 1793 ἐν
1565 1767 1684 1801 θαύματι
1708 1775 1772 1802 ποιη

1009 1816 1126 1850 σάμενον
1139 1816 1185 1842 τὸν
1201 1815 1413 1850 Μαχουμούτην,
1434 1813 1539 1840 ἀνελεῖν
1556 1813 1605 1848 μὲν
1623 1813 1667 1840 τὸν
1689 1813 1784 1846 ἄνδρα,

1007 1861 1182 1895 ἐπιλέγεσθαι
1203 1861 1242 1892 δὲ,
1266 1861 1303 1892 ὡς
1322 1861 1376 1888 δέοι
1398 1869 1436 1895 τῳ
1458 1860 1528 1895 ἀμφ’
1554 1859 1646 1890 αὑτὸν,
1680 1859 1704 1884 ει
1729 1855 1785 1892 εἶχε

1006 1909 1122 1944 στρατὸν
1135 1908 1210 1940 ἀξιον
1231 1908 1322 1941 λόγου,
1336 1908 1364 1939 ἐς
1381 1907 1452 1942 μέγα
1470 1907 1502 1934 ἂν
1518 1906 1604 1932 ἐδόκει
1621 1901 1699 1937 οὗτος
1723 1906 1786 1938 ἀφι-

1004 1955 1110 1982 κέσθαι.

170 2001 284 2038 profari.
312 2002 497 2030 Maclnunetes
521 2003 670 2030 admiratus
698 2002 748 2030 viri
778 2010 949 2037 responsum,
970 2010 1030 2029 eum
1056 2002 1183 2030 continuo
1196 2001 1312 2032 necavit,
1326 2000 1440 2027 dicens:
1460 1999 1487 2027 Si
1511 1999 1551 2027 vir
1576 1999 1620 2027 ille
1636 1998 1784 2026 exul-citum

171 2051 281 2083 haberet
294 2051 506 2083 memorabilem,
521 2059 575 2078 non
600 2051 695 2079 dubito
721 2052 785 2086 quin
805 2051 880 2079 brevi
892 2051 923 2078 ad
936 2059 1059 2085 magnam
1077 2051 1225 2078 claritatem
1239 2051 1375 2077 evaderet.

207 2098 271 2130 Ilaec
285 2099 395 2132 quidem
411 2098 543 2126 hactenus
556 2098 626 2126 facta
646 2103 720 2127 sunt.
745 2099 801 2127 Rex
819 2099 883 2126 hinc
907 2100 954 2126 de—

171 2146 280 2177 cedens,
301 2149 377 2172 recta
390 2145 571 2174 contendebat
585 2145 619 2172 ad
632 2145 728 2172 urbem
744 2146 770 2172 in
782 2153 834 2180 qua
851 2146 950 2180 regiam

171 2191 263 2222 sedem
286 2190 386 2218 Bladus
417 2191 534 2218 habebat
566 2191 632 2225 (96).
656 2191 777 2224 Singulis
806 2192 950 2224 noctibus,

173 2236 327 2271 ubicunque
342 2235 480 2267 manebat,
511 2243 559 2270 per
593 2235 737 2262 circuitum
765 2241 853 2263 castra
882 2237 952 2264 vallo

170 2281 367 2319 circumdabat,
383 2287 409 2308 et
421 2281 618 2309 munitionibus
636 2281 780 2308 admodum
808 2282 952 2315 diligenter

1044 2099 1136 2127 Ταῦτα
1149 2100 1198 2133 μὲν
1211 2100 1271 2125 τότε
1289 2099 1317 2128 ἐς
1331 2097 1456 2124 τοσοῦτον
1478 2097 1601 2130 ἐγένετο·
1617 2094 1743 2129 βασιλεὺς
1757 2094 1785 2120 δὲ

1006 2147 1037 2174 τὸ
1057 2146 1184 2173 ἐντεῦθεν
1200 2144 1302 2180 προῖὼν
1325 2145 1354 2175 ὲς
1377 2145 1406 2170 τὸ
1424 2143 1518 2178 πρόσω
1542 2142 1591 2177 τῆς
1613 2141 1716 2176 χώρας,
1731 2141 1785 2167 ἵετο

1007 2193 1072 2219 εὐθὺ
1094 2191 1145 2227 τῆς
1170 2191 1283 2222 πόλεως.
1304 2190 1333 2216 ὲν
1386 2190 1420 2215 τὰ
1437 2189 1561 2224 βασίλεια
1588 2187 1631 2223 ἦν,
1647 2187 1720 2219 αὑτῷ
1746 2187 1785 2221 τῷ

1006 2239 1120 2274 ἡγεμόνι
1147 2237 1251 2271 Βλάδῳ.
1276 2237 1330 2262 Καὶ
1355 2235 1450 2265 νυκτὸς
1479 2236 1530 2269 μὲν
1555 2235 1683 2268 ἑκάστης,
1705 2233 1785 2259 ὁπότε

1006 2285 1127 2318 σταθμὸν
1156 2285 1312 2318 ποιήσαιτο,
1338 2283 1455 2309 ἐποιεῖτο
1480 2282 1589 2316 χάρακα
1617 2280 1710 2314 κύκλῳ
1738 2280 1784 2305 τοῦ

171 2335 261 2358 castra
278 2329 447 2362 emuniebat.
460 2329 573 2364 Vigilias
590 2335 717 2364 prmterea
733 2330 815 2358 solito
832 2331 950 2367 majores

1004 2331 1200 2366 στρατοπέδου,
1217 2330 1263 2356 καὶ
1289 2330 1409 2364 φραγαῐς
1437 2327 1613 2363 φραξάμενος
1638 2326 1713 2356 ἐντὸς
1738 2325 1785 2350 τοῦ

170 2377 322 2410 deducebat
345 2377 550 2410 exercitumque
577 2376 621 2403 diu
649 2381 787 2411 noctuque
813 2378 839 2403 in
869 2378 952 2405 artnis

171 2423 290 2456 tenebat.
302 2423 417 2457 Agmine
427 2422 508 2457 273
519 2427 609 2450 autem
621 2423 953 2458 compositolprolieiscens

172 2470 199 2495 in
215 2468 326 2495 Daciam
341 2471 476 2503 peI‘Vcttit,
492 2474 519 2497 et
530 2469 647 2497 accessit
666 2469 699 2496 ad
715 2477 774 2496 eam
803 2470 907 2503 urbem,
926 2470 952 2496 in

170 2521 224 2547 qua
253 2512 337 2545 Blado
362 2514 434 2548 regia
453 2514 532 2545 sedes
558 2519 627 2541 erat.
643 2513 705 2541 Daci
721 2515 829 2548 quidem
848 2522 877 2541 se
899 2522 951 2541 non

173 2559 316 2593 parabant,
329 2561 406 2594 quasi
423 2560 458 2586 ab
473 2568 534 2594 rege
557 2560 710 2588 obsidendi.
740 2561 837 2588 Portus
863 2562 953 2595 itaque

173 2609 348 2638 aperuerunt,
365 2609 392 2632 et
416 2607 501 2640 parati
519 2611 598 2634 erant
621 2607 760 2641 suscipere
772 2615 861 2641 regem
892 2616 952 2634 cum

172 2650 293 2678 exercitu
304 2651 501 2679 advenientem.
531 2652 587 2680 Rex
615 2659 713 2688 prater
728 2655 820 2681 urbem
848 2659 951 2684 vectus,

173 2698 337 2732 cumvirtun
358 2698 460 2726 nullum
495 2700 520 2732 in
553 2699 638 2731 muris
662 2700 876 2734 conspicari-tur,
904 2709 954 2726 nec

1005 2379 1137 2413 χάρακος,
1153 2378 1284 2412 διετήρει,
1301 2375 1426 2410 φύλακάς
1435 2383 1464 2401 τε
1478 2375 1598 2400 ἐποιεῖτο
1611 2372 1720 2407 μεὶζους
1733 2371 1785 2397 τῶν

1005 2424 1184 2458 γιγνομὲνων,
1204 2423 1251 2449 καὶ
1267 2422 1337 2449 ὅπλα
1352 2422 1382 2448 ἐν
1403 2421 1495 2451 ὅπλοις
1513 2418 1675 2454 παρηγγύα,
1689 2418 1785 2447 νυκτός

1004 2479 1034 2496 τε
1049 2471 1095 2497 καὶ
1117 2469 1224 2504 ἡμέρας
1250 2469 1325 2503 αὐτῷ
1342 2465 1413 2494 εἶναι
1427 2468 1462 2493 τὰ
1481 2466 1684 2501 στρατεύματα.
1702 2465 1786 2498 Προε-

1006 2516 1110 2542 λαύνων
1130 2515 1159 2541 δὲ
1180 2515 1251 2541 οὕτω
1265 2514 1474 2548 συντεταγμένῳ
1492 2512 1531 2546 τῷ
1548 2511 1742 2546 στρατεύματι,
1758 2509 1785 2539 ὲς

1005 2562 1034 2587 τὸ
1059 2562 1152 2595 πρόσω
1166 2561 1215 2596 τῆς
1232 2561 1342 2593 Δακίας,
1357 2561 1472 2594 ἀφίκετο
1489 2559 1534 2585 ἐπὶ
1550 2559 1598 2592 τὴν
1621 2557 1707 2588 πόλιν,
1721 2557 1749 2581 ἐν

1006 2607 1098 2641 Βλάιδῳ
1115 2607 1153 2641 τῷ
1172 2608 1283 2641 ἡγεμόνι
1301 2605 1335 2642 ἦν
1350 2607 1384 2632 τὰ
1406 2605 1540 2640 βασίλεια.
1563 2604 1618 2630 Καὶ
1634 2604 1657 2628 οἱ
1673 2603 1721 2636 μὲν
1735 2601 1787 2627 ΔΞ-

1005 2662 1051 2684 κες
1068 2654 1088 2668 ’⁷
1101 2653 1389 2687 παρασκευασάμενοι,
1404 2652 1440 2683 ὼς
1456 2651 1574 2677 ἐνταῦθα
1587 2649 1639 2675 ὑπὸ
1653 2648 1786 2684 βασιλέως

1006 2700 1258 2734 πολιορκησόμενοι,
1272 2700 1319 2730 τάς
1337 2708 1365 2725 τε
1383 2698 1466 2734 θύρας
1479 2697 1612 2733 ἡνέῳξαν,
1623 2697 1670 2723 καὶ
1682 2695 1786 2728 ἕτοιμοι

806 2757 926 2786 Nutulte
943 2757 1139 2795 marginales.

210 2806 265 2840 (96)
285 2806 445 2841 Praylnbutu
462 2808 585 2842 farturae.

211 2901 234 2922 εδ
247 2902 278 2929 In
299 2911 360 2935 uno,
387 2903 482 2939 εἰδείη,

534 2904 553 2918 ¹⁷
575 2902 626 2930 llic
639 2903 771 2935 particula
798 2905 914 2938 try/uim
931 2903 959 2929 οὐ
983 2903 1064 2936 ducat,
1083 2905 1198 2930 etiamm
1218 2903 1248 2930 It.
