1952 3069
127 148 180 181 Ξοὸ

663 155 712 185 DE
728 155 857 186 REBUS
877 155 1058 187 TURCICIS
1078 158 1153 189 LIB.
1170 158 1225 190 IX.

1698 159 1752 192 506

124 205 195 242 ἦσαν
219 206 342 242 δέχεσθαι
370 209 451 235 αὐτον
476 210 589 245 βασιλέα
604 212 653 237 σιν
668 212 707 244 τῷ
725 212 833 247 στρατῷ
847 214 908 239 ἑπι-

967 215 1043 242 etiam
1058 215 1264 244 bombardarius
1284 215 1330 251 qui
1352 215 1378 243 in
1399 216 1549 244 exercitum
1579 217 1752 252 ejacularen-

125 254 198 280 ὄντα.
223 253 356 285 Βασιλεὺς
382 256 432 289 μὲν
453 254 500 283 οὖν
526 258 575 292 τήν
596 266 625 284 τε
648 258 727 284 πόλιν
752 258 909 291 διελαύνων,

126 300 171 325 καὶ
187 299 273 334 ἄνδρα
287 301 384 327 οὐδένα
400 302 448 328 ἐπὶ
464 303 526 341 τῶν.
541 304 640 338 τειχῶν
657 293 805 338 θεώμενος,
818 304 858 330 ὅτι
873 304 911 339 μὴ

125 345 317 378 τηλεὸολιστὰς
331 347 499 380 ἔπαφιέντας
510 348 672 383 τηλεϐόλους
685 350 712 381 ἐς
726 350 771 376 τὸν
785 350 912 385 στρατὸν.

125 390 187 418 οὔτε
204 393 487 427 ἐστρατοπεδεύσατο,
500 395 562 422 οὔτε
579 397 608 427 ὲς
626 396 677 431 τὴν
693 397 854 432 πολιορκίαν
864 406 913 424 κα-

131 438 252 465 θίστατο.
271 440 378 475 Προϊὼν
399 441 438 473 δὲ,
454 441 494 474 ὡς
519 444 582 474 τοὺς
606 444 755 478 σφετέρους
780 445 869 471 αὐτῶν
884 446 914 472 ὲν

126 485 183 515 τοῖς
212 485 340 520 σκόλοψιν
363 486 511 523 ἐθεώρουν,
536 489 668 523 προϊεσαν
695 490 762 517 ὡσεὶ
789 491 913 523 σταδίους

127 531 213 558 εἰκοσι
228 532 354 559 καὶὲπτά
363 541 371 549 ·
384 534 572 570 καὶὲμπίπτει
583 537 596 563 ὁ
606 537 739 572 βασιλέως
755 538 870 573 στρατὸς
884 539 914 570 ἐς

127 578 189 609 τοὺς
202 578 466 615 ἀνασκολοπισμοὺς,
479 581 570 616 χῶρον
585 582 734 618 ἐπέχοντας
755 584 784 610 τὸ
799 585 849 618 μὲν
863 586 915 620 μῆ-

127 632 174 655 κος
189 624 237 650 ἐπὶ
252 625 376 657 σταδίους
386 627 583 659 ἑπτακαίδεκα,
595 629 625 655 τὸ
639 628 719 665 εὖρος
731 631 776 657 ἐπὶ
788 630 914 663 σταδίους

127 670 208 697 ἑπτά.
233 671 370 704 Σκόλοπες
393 673 420 699 δὲ
448 674 563 708 μεγάλοι
586 675 697 710 ὲνῆσαν,
716 676 745 702 ὲν
762 673 803 708 οἷς
819 676 916 704 διαπε-

127 717 292 752 πειρωμένοι
306 717 403 753 ἄνδρες
413 727 443 745 τε
457 721 505 746 καὶ
519 722 660 753 γυναῖκες,
674 722 721 748 καὶ
734 722 829 754 παῖδες
842 723 915 757 ἀμφὶ

127 764 190 795 τοὺς
207 763 378 800 δισμυρίους,
389 766 426 796 ὡς
443 767 564 801 ἐλέγετο,
581 767 671 803 θέαμα
682 769 846 805 παρείχοντο
857 771 914 802 τοῖς

129 809 272 845 Τούρκοις,
289 813 336 838 καὶ
354 812 429 847 αὑτῷ
444 813 483 848 τῷ
503 814 618 848 βασιλεῖ.
635 815 716 842 Καὶὸ
731 825 762 843 τε
787 817 915 852 βασιλεὺς

129 857 157 882 ὲν
182 856 275 889 Θαῦμα
303 858 325 874 ¹⁸
350 859 513 894 ὲρισχεοεὶς,
537 860 666 895 ἔφασκεν,
681 862 719 894 ὡς
742 863 780 890 οὐ
802 863 914 890 δυνατόν

963 267 1017 295 tur,
1038 270 1088 290 nec
1107 267 1328 294 castrametatus.
1360 271 1410 291 nec
1437 263 1534 291 urbem
1561 264 1686 292 obsidere
1706 272 1751 300 ag-

963 316 1071 342 gressus
1082 314 1134 337 est.
1151 309 1290 344 Progressi
1311 310 1403 345 igitur,
1430 315 1460 338 ut
1473 318 1538 339 suos
1567 311 1698 347 patibulis
1725 316 1752 338 et

962 355 1031 390 palis
1049 355 1144 383 aﬂixos
1157 356 1294 388 viderunt,
1308 356 1363 384 iter
1379 362 1577 392 promovcrunt
1599 358 1632 385 ad
1661 358 1751 385 stadia

962 402 1072 429 circiter
1080 401 1174 437 viginti
1184 407 1299 437 septem.
1317 402 1462 431 Exercitus
1477 403 1586 439 quidem
1617 404 1689 439 regis
1703 403 1750 431 in-

962 445 1031 473 cidit
1045 446 1072 473 iu
1087 446 1205 481 patibula
1218 451 1246 474 et
1261 448 1348 482 palos,
1362 453 1530 483 occupantes
1561 449 1652 476 locum
1669 457 1676 476 :
1690 450 1751 483 eius

963 492 1104 527 longitudo
1118 493 1240 521 extendit
1258 501 1288 521 se
1303 494 1337 521 ad
1356 494 1445 522 stadia
1464 495 1558 522 decem
1580 500 1607 523 et
1634 500 1750 531 septem.

963 538 1091 566 Latitudo
1109 546 1174 567 vero
1184 539 1305 567 continet
1317 540 1403 568 stadia
1428 545 1543 575 septem.
1575 541 1698 569 Patibula
1725 547 1753 570 et

964 585 1016 619 pali
1031 586 1197 621 apparebant
1215 586 1339 619 maximi,
1371 587 1472 622 quibus
1496 587 1569 615 aﬂixi
1596 589 1752 622 conspicie-

964 632 1066 659 bantur
1090 632 1153 664 viri,
1185 632 1322 664 mulieres,
1350 637 1378 660 et
1395 632 1489 668 pueri.
1523 633 1623 662 Horum
1652 634 1753 662 misere

963 682 1168 714 peremptorum
1211 687 1343 708 numerus
1383 680 1617 715 complectebatur
1656 681 1752 716 viginti

964 725 1048 752 millia
1063 725 1214 752 hominum.
1226 725 1354 753 Profecto
1368 725 1536 754 horrendum
1552 731 1579 753 et
1596 727 1754 755 miserabile

964 771 1148 806 spectaculum
1165 779 1228 799 cum
1245 771 1354 805 Turcis,
1367 778 1425 801 tum
1451 773 1520 808 regi.
1546 772 1602 800 Rex
1632 773 1754 800 admira-

965 817 1039 846 tione
1066 818 1182 851 dellxus.
1211 818 1336 847 dicebat:
1365 818 1441 847 llaud
1469 819 1601 854 possibile
1626 824 1667 847 est
1689 828 1752 848 eum

965 865 1054 891 virum
1072 863 1119 899 qui
1139 864 1209 891 adeo
1232 871 1331 899 magna
1354 864 1458 897 fecerit,
1482 865 1593 900 regione
1620 872 1669 892 sua
1690 873 1754 899 spo-

129 899 214 934 ὲστιν,
232 904 316 940 ἄνδρα
335 905 407 932 οὕτω
425 907 554 941 μεγάλως
569 908 770 943 ἐργασάμενον,
786 910 913 945 ἀφαιρεῖ-

967 909 1025 936 liari
1040 917 1130 944 posse,
1145 909 1296 952 praesertim
1323 917 1384 937 cum
1414 910 1484 937 adeo
1502 909 1665 937 mirabiliter
1693 916 1752 937 tum

129 948 191 975 σθαι
202 949 252 984 τὴν
266 949 368 986 χώραν,
384 951 422 983 ὡς
443 953 590 988 δαιμονίως
604 954 782 990 ἐπισταμένῳ
793 956 912 991 χρῆσθαι

127 997 159 1030 τῇ
179 996 250 1032 ἀρχῇ
276 998 391 1029 καὶτοῖς
418 999 560 1034 ὑπηκόοις.
586 1000 640 1027 Καὶ
665 1000 770 1035 ἔλεγεν,
783 1002 821 1034 ὡς
838 1003 868 1029 οὑ
886 1003 908 1020 η

129 1042 226 1069 πολλοῦ
243 1043 297 1079 ἄρα
315 1044 389 1078 ἄξιος
411 1046 453 1080 εῐη
468 1047 482 1073 ὁ
498 1047 567 1082 ἀνὴρ
590 1045 678 1082 οὗτος,
701 1050 815 1077 τοιαῦτα
831 1050 914 1084 ἔργα·

129 1089 256 1123 σάμενος.
272 1092 326 1118 Kal
343 1093 368 1119 οἱ
384 1093 473 1121 λοιποὶ
489 1094 618 1128 Τοῦρκοι,
633 1096 751 1130 ὁρῶντες
764 1097 794 1124 τὸ
809 1097 914 1132 πλῆθος

127 1136 181 1162 τῶν
194 1138 240 1163 ἐπὶ
251 1139 308 1169 τοῖς
325 1139 451 1175 σκόλοψιν
459 1141 574 1175 ἀνδρῶν.
589 1142 796 1177 ἐξεπλήττοντο·
812 1145 914 1179 ὲνῆσαν

127 1182 154 1209 δὲ
170 1183 218 1209 καὶ
236 1184 321 1219 νήπια
331 1185 417 1212 τέκνα
427 1186 482 1212 τῶν
494 1187 622 1222 μητέρων
635 1188 735 1224 ἑξηρτη
741 1179 848 1222 μέναὶὲν
857 1192 915 1221 τοῖς

128 1229 266 1264 σκόλοψιν
283 1232 331 1257 καὶ
347 1233 438 1267 πτηνὰ
458 1233 577 1266 ὲνῴκουν
607 1235 636 1261 ὲν
653 1236 710 1267 τοῖς
726 1236 853 1270 ὲγκάτοις
866 1238 915 1264 αὺ-

127 1274 182 1300 τῶν
204 1275 408 1309 ἔμφωλεύοντα.
432 1277 476 1309 Ὠς
502 1278 530 1304 δὲ
549 1279 619 1314 πρὸς
644 1282 702 1311 τοῖς
726 1281 914 1317 στρατεύμασι

127 1320 253 1355 βασιλεὺς
275 1323 481 1357 ὲερεπόμενος.ὁ
497 1325 598 1357 Βλάδος
613 1325 724 1362 ἔφθειρε
750 1336 780 1354 τε
808 1329 835 1355 εἴ
857 1338 910 1356 που

127 1368 323 1402 διασπασθείη,
338 1371 394 1396 εἴτε
417 1372 596 1406 ἱπποδρόμος,
622 1372 677 1400 εἴτε
714 1374 852 1410 Ἀζάπης·
867 1376 917 1402 αὺ-

127 1415 171 1446 τὺς
189 1416 238 1450 μὶν
249 1416 385 1451 ἐτράπετο
399 1417 445 1444 ἐπὶ
460 1418 506 1444 τδν
521 1419 659 1455 Μελαίνης
680 1421 836 1454 Πογδανίας
850 1423 916 1456 ἡγε-

130 1461 208 1495 μόνα,
222 1462 433 1497 πολιορκοῦντα,
444 1465 481 1490 ὡς
492 1464 641 1499 ἠγγέλλετο
652 1467 726 1499 αὐτῷ
742 1469 771 1494 τὺ
788 1469 899 1495 Κελλίον
907 1476 914 1484 ·

130 1509 241 1543 στρατὸν
256 1509 284 1536 δὲ
299 1510 371 1545 ἀμφὶ
386 1511 448 1543 τοὺς
472 1512 676 1548 ἑξακισχιλίους
691 1515 850 1542 καταλιπὼν
866 1518 915 1542 αὐ-

128 1555 185 1588 τοῦ,
198 1556 349 1590 παρηγγύα
367 1557 482 1585 ἕπεσθαι
497 1559 536 1593 τῷ
553 1559 658 1594 βασιλεῖ
679 1562 723 1588 διὰ
736 1562 790 1589 τῶν
805 1563 915 1598 δρυμώ-
928 1575 949 1603 α

128 1609 192 1629 νων.
211 1602 267 1628 Καὶ
279 1603 314 1638 ἦν
336 1603 378 1635 τίς
396 1613 447 1631 που
472 1605 665 1642 διασπασθείη,
680 1608 774 1634 τοῦτον
790 1609 914 1641 ἐπιόντες

128 1648 228 1675 αὐτίκα
251 1649 417 1677 ἒπιδαίνειν.
437 1651 492 1678 Kal
508 1652 522 1678 ὁ
545 1652 594 1687 μὲν
609 1653 692 1687 ἧγετο
713 1653 795 1689 ὁμόσε
809 1654 848 1690 τῷ
867 1664 915 1690 με·

129 1696 221 1731 λαίνης
237 1698 389 1731 Πογδεινίας
404 1698 537 1733 ἡγεμόνι·
552 1700 566 1725 ό
578 1700 606 1726 δὲ
620 1700 748 1735 στρατὸς,
761 1701 798 1732 ὡς
810 1701 913 1737 ὰνεχὼ‹

130 1752 172 1778 ρει
185 1744 198 1770 6
217 1743 355 1779 βασιλεὺς,
370 1744 413 1772 ἰθὺ
424 1745 470 1772 τοῦ
486 1747 604 1780 στρατοῦ
619 1747 740 1774 ἐλαύνων
756 1749 915 1783 ἀναθαρρή-

131 1800 237 1824 σαντες,
260 1792 298 1824 ὡς
340 1793 475 1828 οἰχομένῳ
517 1795 744 1826 ἐπεισπεσόντες,
788 1795 914 1830 μεγάλως

129 1838 245 1872 ἡγοῦντο
263 1839 465 1873 εὐδοκιμήσειν,
482 1839 530 1866 καὶ
545 1840 670 1871 ἐπιόντες
695 1841 724 1872 ἐς
746 1841 777 1867 τὸ
801 1842 915 1877 στρατό-

131 1884 211 1911 πεδον
222 1884 269 1911 τοῦ
296 1884 440 1918 βασιλέως,
457 1885 622 1919 ἐπήλαυνον.
641 1886 721 1913 Ἐπεὶ
746 1886 774 1913 δὲ
799 1887 916 1921 ἀγγελία

131 1931 243 1965 ἀφίκετο
256 1931 334 1968 παρὰ
346 1932 396 1967 τῆς
410 1932 496 1968 ταύτῃ
521 1941 574 1960 που
596 1933 732 1968 φυλακῆς,
747 1933 785 1966 ὡς
798 1935 821 1961 οε
836 1934 915 1961 πολέ-

134 1986 189 2012 μιοι
202 1978 326 2012 ἐπίωσιν,
343 1979 457 2014 ὥρμητο
475 1979 524 2015 μὲν
539 1980 622 2011 αὐτός
637 1988 679 2012 τις
694 1979 810 2013 ἕκαστος
822 1981 870 2007 ἐπὶ
882 1982 916 2007 τὰ

132 2025 213 2056 ὅπλα,
227 2025 298 2060 πλὴν
311 2025 365 2052 τῶν
381 2026 516 2061 βασιλέως
533 2026 623 2062 θυρῶν
635 2034 643 2041 ·
661 2027 810 2061 Ἰωσούφην
821 2028 844 2055 δ’
859 2029 917 2055 ἐκέ-

131 2071 192 2097 λευε
219 2071 422 2107 Μαχουμοὺτης
438 2072 586 2106 προσιόντα
603 2072 626 2088 ¹⁰
650 2072 829 2105 ὑπαντιάζειν
854 2074 917 2106 τοὺς

131 2117 289 2152 πολεμίους.
302 2118 357 2144 Καὶ
372 2118 454 2148 αὐτός
469 2126 499 2144 τε
512 2119 541 2144 έν
557 2119 650 2150 ὅπλοις
664 2117 699 2154 ἦν
713 2119 917 2155 Μαχουμούτης

133 2162 181 2188 σὺν
199 2164 256 2192 τοῖς
283 2162 497 2197 στρατεύμασιν.
525 2163 556 2190 Ὀ
582 2164 674 2198 μέντοι
701 2163 861 2199 Ἰωσούφης,
879 2165 917 2196 ὡς

132 2207 216 2234 ἐπιὼν
231 2207 331 2234 αὐτίκα
350 2208 524 2239 συνέϐαλλεν,
538 2209 644 2243 ἡττήθη
662 2218 702 2242 τε,
717 2209 765 2236 καὶ
780 2210 810 2241 ὲς
826 2210 918 2245 φυγὴν

964 956 1130 992 principatu,
1160 960 1218 983 tum
1245 956 1362 984 subditis
1380 956 1419 983 uti
1446 956 1528 984 norit.
1555 955 1753 984 Verumtamen

964 1001 1093 1033 addebat,
1120 1009 1183 1029 eum
1212 1002 1300 1029 virum
1332 1001 1380 1037 qui
1400 1005 1474 1029 tanta
1499 1002 1658 1036 patraverit,
1683 1002 1755 1030 haud

966 1046 1042 1074 multi
1066 1046 1223 1074 faciendum
1250 1053 1323 1074 esse.
1341 1047 1452 1082 Reliqui
1482 1046 1565 1075 Turci
1589 1047 1754 1082 aspicientes

965 1093 1170 1120 multitudinem
1190 1093 1331 1120 hominum
1348 1093 1375 1120 in
1401 1093 1534 1128 patibulis
1550 1099 1577 1120 et
1606 1094 1675 1128 palis
1695 1094 1754 1121 ha:-

965 1140 1098 1171 rentinm,
1127 1139 1286 1175 stupebant.
1315 1139 1400 1167 Erant
1430 1147 1549 1175 namque
1572 1140 1703 1175 patibulis
1728 1144 1756 1167 et

965 1188 1034 1222 palis
1044 1187 1116 1215 afﬁxi
1132 1187 1252 1215 infantes
1264 1194 1280 1215 e
1293 1191 1414 1214 matrum
1431 1187 1535 1222 gremio
1564 1187 1646 1222 rapti.
1673 1187 1756 1214 Volu-

966 1241 1027 1262 cres
1050 1234 1132 1262 nidos
1146 1233 1268 1262 fecerant
1295 1233 1324 1260 in
1354 1232 1532 1261 inferioribus
1552 1239 1661 1260 eorum.
1685 1232 1754 1260 Cum

965 1285 1055 1308 autem
1082 1287 1128 1307 rex
1146 1279 1378 1314 proﬁcisceretur,
1402 1278 1502 1306 Bladus
1524 1285 1622 1313 agmen
1650 1277 1755 1312 regium

966 1334 1055 1361 usque
1071 1326 1209 1361 carpebat,
1225 1326 1395 1353 interﬁciens
1420 1325 1538 1360 equites.
1565 1329 1592 1352 et
1611 1324 1755 1359 Azapides,

965 1373 988 1400 si
1005 1372 1114 1407 quando
1124 1371 1327 1407 imprudentius
1340 1371 1375 1399 ab
1405 1371 1526 1399 exercitu
1543 1371 1621 1406 regio
1646 1372 1757 1398 fuerant

965 1418 1195 1454 evagati.B|adus
1217 1419 1339 1446 animum
1363 1418 1521 1446 intendebat
1547 1417 1574 1445 in
1596 1417 1685 1451 Nigrae
1705 1417 1758 1445 Po-

966 1466 1072 1502 gdaniaz
1088 1465 1146 1501 (97)
1170 1465 1334 1501 principem,
1362 1465 1409 1500 qui
1431 1465 1662 1501 quemadmodum
1687 1472 1758 1491 nun-

966 1514 1060 1540 tiatum
1073 1516 1142 1545 erat,
1157 1512 1301 1540 obsidione
1312 1511 1534 1539 circumvenerat
1562 1511 1677 1538 Gellium
1699 1511 1757 1546 (98)

965 1560 1060 1588 urbem
1090 1559 1177 1587 Bladi.
1210 1558 1378 1594 Relinquens
1404 1563 1493 1586 autem
1518 1558 1690 1591 exercitum,
1710 1559 1755 1590 qui

968 1605 1124 1634 continebat
1138 1605 1249 1633 circiter
1261 1612 1308 1633 sex
1324 1605 1410 1632 millia
1436 1604 1590 1636 hominum,
1608 1611 1656 1631 eos
1673 1604 1757 1638 ju5sit

969 1660 1017 1687 per
1042 1657 1170 1687 querceta
1191 1652 1268 1688 sequi
1300 1659 1412 1687 regem:
1430 1656 1457 1679 et
1480 1651 1504 1679 si
1532 1651 1594 1686 quis
1613 1651 1760 1686 paululum.

969 1699 1051 1726 modo
1077 1698 1216 1733 digressus
1250 1697 1332 1725 fuerit
1355 1697 1390 1725 ab
1418 1697 1495 1732 regio
1525 1697 1656 1731 agmine,
1691 1704 1760 1724 eum.

969 1751 1096 1772 truncare
1118 1745 1201 1779 jussit
1230 1744 1362 1772 continuo
1393 1748 1579 1771 accurrentes.
1606 1743 1667 1778 Ipse
1689 1750 1759 1770 vero

970 1796 1042 1819 recta
1053 1791 1170 1819 ducebat
1194 1795 1289 1818 contra
1314 1789 1404 1825 Nigrae
1429 1789 1573 1825 Pogdaniaa
1595 1790 1755 1824 principem.

971 1838 1114 1865 Exercitus
1135 1841 1225 1864 autem
1259 1836 1334 1864 Bladi
1364 1843 1427 1863 cum
1444 1837 1502 1871 ipse
1529 1836 1651 1868 abiissct,
1679 1837 1761 1864 abitu

969 1884 1100 1919 principis
1115 1883 1263 1911 admodum
1280 1883 1437 1918 gaudebat:
1458 1887 1486 1910 et
1501 1887 1576 1910 recta
1593 1890 1707 1918 pergens
1726 1883 1756 1910 in

971 1931 1086 1964 hostem,
1103 1929 1236 1965 putabant
1251 1937 1280 1957 se
1299 1936 1426 1964 magnam
1439 1929 1554 1964 gloriam
1582 1929 1758 1962 inventuros,

970 1979 993 2006 si
1017 1978 1123 2006 hostem
1139 1977 1230 2004 subito
1249 1975 1461 2011 oppressissent.
1485 1975 1554 2003 Cum
1570 1976 1683 2002 nuntius
1707 1983 1755 2002 ve-

970 2024 1098 2052 nissetad
1113 2023 1225 2059 vigilum
1239 2023 1385 2050 stationem
1409 2029 1470 2056 qua:
1481 2021 1518 2050 ibi
1532 2027 1600 2054 erat,
1619 2022 1756 2049 indicabat

970 2070 1238 2102 hostesadventare;
1267 2069 1367 2104 singuli
1396 2068 1490 2104 igitur,
1517 2074 1617 2103 praeter
1632 2069 1757 2104 regisja-

971 2125 1052 2148 nuas.
1070 2117 1102 2144 ad
1118 2123 1194 2144 arma
1213 2115 1401 2151 prosiliebant.
1415 2114 1602 2143 Mechumetes
1628 2114 1758 2150 praecepit

970 2163 1098 2199 Josepho.
1116 2168 1146 2191 ut
1159 2162 1316 2198 praecedens
1331 2163 1436 2190 hostem
1456 2162 1490 2189 ad
1517 2162 1639 2196 praelium
1655 2161 1756 2189 eliciat.

971 2210 1156 2239 Mechumetes
1170 2210 1280 2245 quidem
1296 2216 1357 2236 cum
1385 2208 1468 2244 274
1485 2209 1613 2236 universo
1638 2208 1758 2235 exercitu

132 2253 314 2287 τραπόμενος,
334 2253 448 2288 ἐφέρετο
470 2255 498 2285 ὲς
511 2254 541 2280 τὺ
557 2254 691 2289 βασιλέως
717 2256 899 2291 στρατόπεδον
910 2266 916 2274 ·

972 2259 999 2286 in
1013 2257 1097 2285 armis
1110 2261 1179 2284 erat.
1192 2255 1330 2290 Iosephus
1345 2255 1391 2282 ubi
1409 2255 1483 2282 venit
1501 2254 1533 2281 ad
1552 2255 1671 2287 hostem,
1690 2262 1758 2281 con-

131 2299 254 2334 ’ομάρης
270 2300 298 2326 δὲ
312 2301 326 2326 ὁ
341 2299 524 2336 Τουραχάνεω
542 2303 619 2333 παῖς,
632 2302 743 2338 ταχθεὶς
768 2304 815 2329 καὶ
838 2305 919 2336 αὐτος

133 2345 183 2370 ὑπὸ
199 2345 246 2371 τοῦ
268 2345 487 2380 Μαχουμούτεω,
504 2347 589 2381 ὁμόσε
610 2347 679 2375 ίέναι
691 2349 749 2380 τοῖς
765 2349 918 2384 πολεμίοις,

131 2389 178 2416 καὶ
190 2389 319 2422 ἐλαύνων,
335 2391 442 2426 ὑπήντα
464 2391 503 2426 τῷ
518 2392 652 2428 Ὶωσούιρῃ
666 2393 796 2428 φεύγοντι
812 2395 839 2425 ἐς
856 2396 919 2426 τοὺς

132 2435 286 2470 πολεμίους,
302 2436 475 2472 ἐϐλασφήμει
499 2438 546 2465 καὶ
568 2430 644 2473 ἔλεγε
666 2439 754 2466 τοιάδε
766 2447 775 2456 ·
789 2437 827 2467 *Ω
837 2441 919 2467 κακό-

130 2482 237 2516 δαιμον.
256 2483 304 2509 ποῖ
328 2484 416 2520 φέρῃ;
443 2485 478 2511 Ἢ
502 2485 552 2511 οὐκ
570 2483 648 2513 οἶσθα
670 2487 779 2522 βασιλέα
796 2488 870 2518 ὅπως
889 2496 918 2514 σε

131 2528 267 2562 φεύγοντα
296 2531 475 2566 ὑπσδέχεταις
499 2533 533 2559 Ἦ
555 2534 584 2559 οὖ
606 2535 695 2568 χεῖρον
710 2534 763 2560 τῶν
781 2534 918 2569 πολεμίων

130 2576 298 2604 διακείσεταὶ
327 2587 368 2605 σοι
397 2579 478 2611 αὐτὸς
509 2580 645 2613 βασιλεὺς,
673 2581 721 2608 καὶ
744 2581 865 2616 κακίστῳ
889 2590 918 2608 σε

131 2622 233 2659 ὀλέθρῳ
252 2624 439 2660 παραδίδωσιν
457 2626 477 2641 ¹¹
496 2626 605 2659 αὐτίκα,
618 2627 727 2653 ἐπειδάν
739 2636 768 2653 σε
783 2627 918 2662 φεύγοντα

972 2306 1048 2332 ιίηιιο
1065 2303 1153 2331 victus
1165 2306 1207 2330 est
1221 2311 1229 2329 :
1245 2306 1272 2329 et
1302 2301 1411 2336 fugiens
1422 2322 1429 2334 ,
1446 2300 1592 2328 festinabat
1620 2300 1646 2327 in
1667 2304 1756 2327 castra

972 2350 1053 2385 regis.
1073 2348 1196 2378 Omares,
1217 2346 1390 2373 'l'urachanis
1416 2345 1496 2377 filius.
1515 2345 1561 2380 qui
1579 2350 1606 2372 ct
1635 2346 1693 2378 ipse
1716 2350 1760 2371 nr—

972 2396 1082 2422 diuatus
1095 2397 1155 2421 erat
1174 2393 1207 2420 ab
1222 2392 1402 2425 Mcchumcte,
1420 2397 1450 2419 ut
1462 2391 1587 2419 cominus
1613 2395 1757 2425 pugnaret,

971 2446 1033 2466 eum
1059 2437 1148 2470 hoste,
1183 2437 1216 2463 ad
1252 2443 1368 2470 pugnam
1408 2434 1584 2468 proﬁciscens
1602 2453 1610 2466 ,
1638 2434 1762 2461 occurrit

971 2484 1092 2518 Josepho
1106 2482 1232 2517 fugienti,
1253 2489 1372 2516 eumque
1388 2480 1602 2515 blasphemando
1620 2485 1647 2507 et
1677 2480 1762 2507 male-

972 2530 1088 2559 dicendo
1110 2530 1150 2557 sic
1180 2528 1345 2564 alloquitur:
1370 2529 1391 2554 0
1412 2527 1496 2554 miser
1526 2534 1581 2562 quo
1614 2526 1694 2554 abis?
1725 2533 1759 2553 an

973 2578 1083 2612 ignoras
1100 2583 1201 2611 regem,
1221 2575 1359 2609 quomodo
1381 2578 1407 2600 te
1431 2573 1580 2609 fugientem
1612 2573 1649 2601 sit
1666 2580 1761 2608 excep.

973 2623 1070 2651 turus?
1086 2624 1127 2650 An
1144 2630 1197 2649 nou
1211 2620 1353 2649 crudelius
1363 2620 1399 2648 ab
1413 2628 1475 2655 rege
1491 2627 1573 2655 quam
1585 2621 1620 2647 ab
1636 2619 1762 2647 hostibus

785 2697 907 2729 Notulrc
925 2695 1127 2735 marginales.

165 2762 221 2797 (97)
251 2762 379 2790 Podaliat‘.

168 2857 188 2871 ”
208 2855 240 2882 In
255 2864 318 2885 uno,
337 2855 366 2880 ἐν
380 2854 501 2891 Θαύμαῖι
518 2857 612 2891 apum.
628 2858 654 2884 in
681 2865 729 2884 ora
749 2856 871 2891 alterius,
885 2856 977 2883 ἐπισκ.

135 2892 156 2915 I‘
173 2891 204 2918 In
221 2900 285 2926 Ima,
309 2889 461 2924 παραδιδοῖ.

1009 2761 1064 2797 (98)
1080 2760 1172 2788 Kililn.

1032 2854 1052 2870 ‘-'
1069 2853 1102 2880 In
1119 2861 1170 2881 uno
1187 2852 1258 2880 deest
1277 2850 1392 2886 negatio.
1450 2848 1472 2865 ιθ
1491 2847 1526 2876 In
1543 2855 1605 2880 una,
1621 2847 1759 2884 προϊόντα.
