  <div class='ocr_page' id='page_1' title='image "/cluster/home/n/w/nwhite01/storage/ocr_20150623/159/njp.32101077773248/257.png"; bbox 0 0 1952 3069; ppageno 0'>
   <div class='ocr_carea' id='block_1_1' title="bbox 175 181 228 216">
    <p class='ocr_par' dir='ltr' id='par_1_1' title="bbox 175 181 228 216">
     <span class='ocr_line' id='line_1_1' title="bbox 175 181 228 216; baseline 0 -1"><span class='ocrx_word' id='word_1_1' title='bbox 175 181 228 216; x_wconf 74' lang='grc'><strong>511</strong></span> 
     </span>
    </p>
   </div>
   <div class='ocr_carea' id='block_1_2' title="bbox 735 160 1242 216">
    <p class='ocr_par' dir='ltr' id='par_1_2' title="bbox 735 160 1242 216">
     <span class='ocr_line' id='line_1_2' title="bbox 735 160 1242 216; baseline -0.008 -2"><span class='ocrx_word' id='word_1_2' title='bbox 735 160 890 216; x_wconf 66' lang='lat' dir='ltr'><strong>uomat</strong></span> <span class='ocrx_word' id='word_1_3' title='bbox 909 180 1242 213; x_wconf 54' lang='lat' dir='ltr'><strong>CH‘ALCOCONDYLIE</strong></span> 
     </span>
    </p>
   </div>
   <div class='ocr_carea' id='block_1_3' title="bbox 1732 172 1787 206">
    <p class='ocr_par' dir='ltr' id='par_1_3' title="bbox 1732 172 1787 206">
     <span class='ocr_line' id='line_1_3' title="bbox 1732 172 1787 206; baseline -0.073 1"><span class='ocrx_word' id='word_1_4' title='bbox 1732 172 1787 206; x_wconf 73' lang='lat'><strong>512</strong></span> 
     </span>
    </p>
   </div>
   <div class='ocr_carea' id='block_1_4' title="bbox 175 228 964 274">
    <p class='ocr_par' dir='ltr' id='par_1_4' title="bbox 175 237 953 274">
     <span class='ocr_line' id='line_1_4' title="bbox 175 237 953 274; baseline -0.003 -8"><span class='ocrx_word' id='word_1_5' title='bbox 175 244 254 274; x_wconf 68' lang='lat' dir='ltr'><strong>reges</strong></span> <span class='ocrx_word' id='word_1_6' title='bbox 270 237 388 266; x_wconf 81' lang='lat' dir='ltr'><strong>insulam</strong></span> <span class='ocrx_word' id='word_1_7' title='bbox 402 237 473 266; x_wconf 80' lang='lat' dir='ltr'><strong>banc</strong></span> <span class='ocrx_word' id='word_1_8' title='bbox 493 238 665 266; x_wconf 71' lang='lat' dir='ltr'><strong>tributariam</strong></span> <span class='ocrx_word' id='word_1_9' title='bbox 681 238 813 270; x_wconf 84' lang='lat' dir='ltr'><strong>habuere,</strong></span> <span class='ocrx_word' id='word_1_10' title='bbox 846 245 953 266; x_wconf 80' lang='lat' dir='ltr'><strong>necnon</strong></span> 
     </span>
    </p>
   </div>
   <div class='ocr_carea' id='block_1_5' title="bbox 1015 228 1787 274">
    <p class='ocr_par' dir='ltr' id='par_1_5' title="bbox 1015 228 1787 271">
     <span class='ocr_line' id='line_1_5' title="bbox 1015 228 1787 271; baseline -0.009 -10"><span class='ocrx_word' id='word_1_11' title='bbox 1015 236 1054 271; x_wconf 69' lang='grc' dir='ltr'><strong>τῆς</strong></span> <span class='ocrx_word' id='word_1_12' title='bbox 1066 235 1172 263; x_wconf 79' lang='grc' dir='ltr'>Λέσϐου</span> <span class='ocrx_word' id='word_1_13' title='bbox 1186 234 1344 268; x_wconf 79' lang='grc' dir='ltr'>εὐδαίμονα·</span> <span class='ocrx_word' id='word_1_14' title='bbox 1368 233 1415 260; x_wconf 77' lang='grc' dir='ltr'><strong>καὶ</strong></span> <span class='ocrx_word' id='word_1_15' title='bbox 1425 231 1525 266; x_wconf 78' lang='grc' dir='ltr'>ἐξελὼν</span> <span class='ocrx_word' id='word_1_16' title='bbox 1542 229 1655 265; x_wconf 81' lang='grc' dir='ltr'>ταύτην,</span> <span class='ocrx_word' id='word_1_17' title='bbox 1674 228 1787 263; x_wconf 71' lang='grc' dir='ltr'>ἀπεχώ-</span> 
     </span>
    </p>
   </div>
   <div class='ocr_carea' id='block_1_6' title="bbox 175 283 952 320">
    <p class='ocr_par' dir='ltr' id='par_1_6' title="bbox 175 283 952 320">
     <span class='ocr_line' id='line_1_6' title="bbox 175 283 952 320; baseline 0.001 -10"><span class='ocrx_word' id='word_1_18' title='bbox 175 283 284 318; x_wconf 82' lang='lat' dir='ltr'><strong>Cbium,</strong></span> <span class='ocrx_word' id='word_1_19' title='bbox 301 289 421 320; x_wconf 77' lang='lat' dir='ltr'><strong>tempore</strong></span> <span class='ocrx_word' id='word_1_20' title='bbox 435 284 575 312; x_wconf 79' lang='lat' dir='ltr'><strong>Amnratis</strong></span> <span class='ocrx_word' id='word_1_21' title='bbox 589 291 670 317; x_wconf 82' lang='lat' dir='ltr'><strong>quem</strong></span> <span class='ocrx_word' id='word_1_22' title='bbox 691 285 787 318; x_wconf 73' lang='lat' dir='ltr'><strong>genuit</strong></span> <span class='ocrx_word' id='word_1_23' title='bbox 800 283 952 312; x_wconf 84' lang='lat' dir='ltr'><strong>Orcbanes.</strong></span> 
     </span>
    </p>
   </div>
   <div class='ocr_carea' id='block_1_7' title="bbox 175 328 954 364">
    <p class='ocr_par' dir='ltr' id='par_1_7' title="bbox 175 328 954 364">
     <span class='ocr_line' id='line_1_7' title="bbox 175 328 954 364; baseline -0.001 -8"><span class='ocrx_word' id='word_1_24' title='bbox 175 328 233 356; x_wconf 85' lang='lat' dir='ltr'><strong>Sub</strong></span> <span class='ocrx_word' id='word_1_25' title='bbox 245 336 279 356; x_wconf 82' lang='lat' dir='ltr'><strong>oo</strong></span> <span class='ocrx_word' id='word_1_26' title='bbox 291 336 354 364; x_wconf 77' lang='lat' dir='ltr'><strong>rege</strong></span> <span class='ocrx_word' id='word_1_27' title='bbox 366 330 437 357; x_wconf 87' lang='lat' dir='ltr'><strong>inter</strong></span> <span class='ocrx_word' id='word_1_28' title='bbox 450 334 563 358; x_wconf 55' lang='lat' dir='ltr'><strong>caeteros</strong></span> <span class='ocrx_word' id='word_1_29' title='bbox 576 334 605 358; x_wconf 86' lang='lat' dir='ltr'><strong>et</strong></span> <span class='ocrx_word' id='word_1_30' title='bbox 617 330 732 358; x_wconf 84' lang='lat' dir='ltr'><strong>lonuzes</strong></span> <span class='ocrx_word' id='word_1_31' title='bbox 744 329 847 357; x_wconf 83' lang='lat' dir='ltr'><strong>electus</strong></span> <span class='ocrx_word' id='word_1_32' title='bbox 860 329 894 356; x_wconf 82' lang='lat' dir='ltr'><strong>ab</strong></span> <span class='ocrx_word' id='word_1_33' title='bbox 912 329 954 364; x_wconf 76' lang='lat' dir='ltr'><strong>ja-</strong></span> 
     </span>
    </p>
   </div>
   <div class='ocr_carea' id='block_1_8' title="bbox 176 374 957 410">
    <p class='ocr_par' dir='ltr' id='par_1_8' title="bbox 176 374 957 410">
     <span class='ocr_line' id='line_1_8' title="bbox 176 374 957 410; baseline 0.003 -10"><span class='ocrx_word' id='word_1_34' title='bbox 176 381 293 401; x_wconf 84' lang='lat' dir='ltr'><strong>nnarum</strong></span> <span class='ocrx_word' id='word_1_35' title='bbox 308 374 450 408; x_wconf 72' lang='lat' dir='ltr'><strong>militibus,</strong></span> <span class='ocrx_word' id='word_1_36' title='bbox 479 375 620 410; x_wconf 86' lang='lat' dir='ltr'><strong>profectus</strong></span> <span class='ocrx_word' id='word_1_37' title='bbox 631 379 673 403; x_wconf 84' lang='lat' dir='ltr'><strong>est</strong></span> <span class='ocrx_word' id='word_1_38' title='bbox 702 375 731 402; x_wconf 94' lang='lat' dir='ltr'><strong>in</strong></span> <span class='ocrx_word' id='word_1_39' title='bbox 761 375 903 403; x_wconf 85' lang='lat' dir='ltr'><strong>Lesbum:</strong></span> <span class='ocrx_word' id='word_1_40' title='bbox 929 378 957 402; x_wconf 87' lang='lat' dir='ltr'><strong>et</strong></span> 
     </span>
    </p>
   </div>
   <div class='ocr_carea' id='block_1_9' title="bbox 175 419 956 453">
    <p class='ocr_par' dir='ltr' id='par_1_9' title="bbox 175 419 956 453">
     <span class='ocr_line' id='line_1_9' title="bbox 175 419 956 453; baseline 0.001 -7"><span class='ocrx_word' id='word_1_41' title='bbox 175 419 318 447; x_wconf 80' lang='lat' dir='ltr'><strong>obsidione</strong></span> <span class='ocrx_word' id='word_1_42' title='bbox 344 419 563 448; x_wconf 82' lang='lat' dir='ltr'><strong>circumveniens</strong></span> <span class='ocrx_word' id='word_1_43' title='bbox 593 420 735 453; x_wconf 76' lang='lat' dir='ltr'><strong>Molibum,</strong></span> <span class='ocrx_word' id='word_1_44' title='bbox 757 420 827 448; x_wconf 91' lang='lat' dir='ltr'><strong>nihil</strong></span> <span class='ocrx_word' id='word_1_45' title='bbox 850 420 956 447; x_wconf 77' lang='lat' dir='ltr'><strong>efﬁcere</strong></span> 
     </span>
    </p>
   </div>
   <div class='ocr_carea' id='block_1_10' title="bbox 175 463 956 501">
    <p class='ocr_par' dir='ltr' id='par_1_10' title="bbox 175 463 956 501">
     <span class='ocr_line' id='line_1_10' title="bbox 175 463 956 501; baseline 0.004 -11"><span class='ocrx_word' id='word_1_46' title='bbox 175 463 263 497; x_wconf 88' lang='lat' dir='ltr'><strong>potuit</strong></span> <span class='ocrx_word' id='word_1_47' title='bbox 276 471 343 492; x_wconf 84' lang='lat' dir='ltr'><strong>sane</strong></span> <span class='ocrx_word' id='word_1_48' title='bbox 352 472 446 492; x_wconf 82' lang='lat' dir='ltr'><strong>eorum</strong></span> <span class='ocrx_word' id='word_1_49' title='bbox 455 473 573 501; x_wconf 89' lang='lat' dir='ltr'><strong>quorum</strong></span> <span class='ocrx_word' id='word_1_50' title='bbox 588 466 674 500; x_wconf 75' lang='lat' dir='ltr'><strong>gratia</strong></span> <span class='ocrx_word' id='word_1_51' title='bbox 687 466 844 493; x_wconf 79' lang='lat' dir='ltr'><strong>advenerat.</strong></span> <span class='ocrx_word' id='word_1_52' title='bbox 866 465 956 494; x_wconf 67' lang='lat' dir='ltr'><strong>Causa</strong></span> 
     </span>
    </p>
   </div>
   <div class='ocr_carea' id='block_1_11' title="bbox 174 510 957 544">
    <p class='ocr_par' dir='ltr' id='par_1_11' title="bbox 174 510 957 544">
     <span class='ocr_line' id='line_1_11' title="bbox 174 510 957 544; baseline 0.004 -10"><span class='ocrx_word' id='word_1_53' title='bbox 174 513 265 536; x_wconf 87' lang='lat' dir='ltr'><strong>autem</strong></span> <span class='ocrx_word' id='word_1_54' title='bbox 280 516 365 544; x_wconf 87' lang='lat' dir='ltr'><strong>quare</strong></span> <span class='ocrx_word' id='word_1_55' title='bbox 377 517 423 537; x_wconf 76' lang='lat' dir='ltr'><strong>rex</strong></span> <span class='ocrx_word' id='word_1_56' title='bbox 437 510 527 538; x_wconf 89' lang='lat' dir='ltr'><strong>Lesbo</strong></span> <span class='ocrx_word' id='word_1_57' title='bbox 541 518 616 539; x_wconf 89' lang='lat' dir='ltr'><strong>arma</strong></span> <span class='ocrx_word' id='word_1_58' title='bbox 630 510 774 544; x_wconf 75' lang='lat' dir='ltr'><strong>inferebat,</strong></span> <span class='ocrx_word' id='word_1_59' title='bbox 797 510 860 538; x_wconf 88' lang='lat' dir='ltr'><strong>talis</strong></span> <span class='ocrx_word' id='word_1_60' title='bbox 886 516 957 538; x_wconf 81' lang='lat' dir='ltr'><strong>erat.</strong></span> 
     </span>
    </p>
   </div>
   <div class='ocr_carea' id='block_1_12' title="bbox 175 553 958 592">
    <p class='ocr_par' dir='ltr' id='par_1_12' title="bbox 175 553 958 592">
     <span class='ocr_line' id='line_1_12' title="bbox 175 553 958 592; baseline 0.005 -12"><span class='ocrx_word' id='word_1_61' title='bbox 175 553 232 581; x_wconf 77' lang='lat' dir='ltr'><strong>Rex</strong></span> <span class='ocrx_word' id='word_1_62' title='bbox 253 554 353 583; x_wconf 87' lang='lat' dir='ltr'><strong>Lesbio</strong></span> <span class='ocrx_word' id='word_1_63' title='bbox 367 556 476 584; x_wconf 88' lang='lat' dir='ltr'><strong>crimini</strong></span> <span class='ocrx_word' id='word_1_64' title='bbox 494 557 587 591; x_wconf 81' lang='lat' dir='ltr'><strong>dabat,</strong></span> <span class='ocrx_word' id='word_1_65' title='bbox 597 558 667 592; x_wconf 89' lang='lat' dir='ltr'><strong>quod</strong></span> <span class='ocrx_word' id='word_1_66' title='bbox 684 556 905 585; x_wconf 73' lang='lat' dir='ltr'><strong>Tarraconenses</strong></span> <span class='ocrx_word' id='word_1_67' title='bbox 917 558 958 592; x_wconf 85' lang='lat' dir='ltr'><strong>pi-</strong></span> 
     </span>
    </p>
   </div>
   <div class='ocr_carea' id='block_1_13' title="bbox 175 602 956 638">
    <p class='ocr_par' dir='ltr' id='par_1_13' title="bbox 175 602 956 638">
     <span class='ocr_line' id='line_1_13' title="bbox 175 602 956 638; baseline 0.006 -13"><span class='ocrx_word' id='word_1_68' title='bbox 175 603 250 627; x_wconf 73' lang='lat' dir='ltr'><strong>ratas</strong></span> <span class='ocrx_word' id='word_1_69' title='bbox 263 605 341 634; x_wconf 85' lang='lat' dir='ltr'><strong>portu</strong></span> <span class='ocrx_word' id='word_1_70' title='bbox 357 602 519 637; x_wconf 81' lang='lat' dir='ltr'><strong>excepisset,</strong></span> <span class='ocrx_word' id='word_1_71' title='bbox 531 607 558 630; x_wconf 87' lang='lat' dir='ltr'><strong>et</strong></span> <span class='ocrx_word' id='word_1_72' title='bbox 573 603 709 637; x_wconf 85' lang='lat' dir='ltr'><strong>mancipia</strong></span> <span class='ocrx_word' id='word_1_73' title='bbox 728 603 846 638; x_wconf 90' lang='lat' dir='ltr'><strong>plurima</strong></span> <span class='ocrx_word' id='word_1_74' title='bbox 873 603 907 630; x_wconf 91' lang='lat' dir='ltr'><strong>ab</strong></span> <span class='ocrx_word' id='word_1_75' title='bbox 923 604 956 631; x_wconf 85' lang='lat' dir='ltr'><strong>iis</strong></span> 
     </span>
    </p>
   </div>
   <div class='ocr_carea' id='block_1_14' title="bbox 174 646 959 685">
    <p class='ocr_par' dir='ltr' id='par_1_14' title="bbox 174 646 959 685">
     <span class='ocr_line' id='line_1_14' title="bbox 174 646 959 685; baseline 0.008 -13"><span class='ocrx_word' id='word_1_76' title='bbox 174 646 294 678; x_wconf 84' lang='lat' dir='ltr'><strong>emisset,</strong></span> <span class='ocrx_word' id='word_1_77' title='bbox 305 654 366 681; x_wconf 82' lang='lat' dir='ltr'><strong>quae</strong></span> <span class='ocrx_word' id='word_1_78' title='bbox 387 652 519 676; x_wconf 79' lang='lat' dir='ltr'><strong>venerant</strong></span> <span class='ocrx_word' id='word_1_79' title='bbox 540 648 575 677; x_wconf 92' lang='lat' dir='ltr'><strong>ab</strong></span> <span class='ocrx_word' id='word_1_80' title='bbox 593 650 703 685; x_wconf 70' lang='lat' dir='ltr'><strong>regione</strong></span> <span class='ocrx_word' id='word_1_81' title='bbox 727 650 852 684; x_wconf 76' lang='lat' dir='ltr'><strong>regis,ex</strong></span> <span class='ocrx_word' id='word_1_82' title='bbox 860 650 959 685; x_wconf 84' lang='lat' dir='ltr'><strong>quibus</strong></span> 
     </span>
    </p>
   </div>
   <div class='ocr_carea' id='block_1_15' title="bbox 177 693 959 730">
    <p class='ocr_par' dir='ltr' id='par_1_15' title="bbox 177 693 959 730">
     <span class='ocr_line' id='line_1_15' title="bbox 177 693 959 730; baseline 0.008 -12"><span class='ocrx_word' id='word_1_83' title='bbox 177 699 232 719; x_wconf 93' lang='lat' dir='ltr'><strong>non</strong></span> <span class='ocrx_word' id='word_1_84' title='bbox 245 700 341 727; x_wconf 87' lang='lat' dir='ltr'><strong>parum</strong></span> <span class='ocrx_word' id='word_1_85' title='bbox 361 693 427 721; x_wconf 91' lang='lat' dir='ltr'><strong>lucri</strong></span> <span class='ocrx_word' id='word_1_86' title='bbox 450 694 568 724; x_wconf 75' lang='lat' dir='ltr'><strong>Lesbius</strong></span> <span class='ocrx_word' id='word_1_87' title='bbox 579 696 709 730; x_wconf 76' lang='lat' dir='ltr'><strong>princeps</strong></span> <span class='ocrx_word' id='word_1_88' title='bbox 724 699 876 729; x_wconf 85' lang='lat' dir='ltr'><strong>acceperat.</strong></span> <span class='ocrx_word' id='word_1_89' title='bbox 892 696 959 724; x_wconf 88' lang='lat' dir='ltr'><strong>Nam</strong></span> 
     </span>
    </p>
   </div>
   <div class='ocr_carea' id='block_1_16' title="bbox 177 736 959 775">
    <p class='ocr_par' dir='ltr' id='par_1_16' title="bbox 177 736 959 775">
     <span class='ocr_line' id='line_1_16' title="bbox 177 736 959 775; baseline 0.005 -12"><span class='ocrx_word' id='word_1_90' title='bbox 177 736 398 766; x_wconf 69' lang='lat' dir='ltr'><strong>Tarraconenses</strong></span> <span class='ocrx_word' id='word_1_91' title='bbox 406 740 441 767; x_wconf 85' lang='lat' dir='ltr'><strong>ab</strong></span> <span class='ocrx_word' id='word_1_92' title='bbox 452 739 541 768; x_wconf 80' lang='lat' dir='ltr'><strong>Lesbo</strong></span> <span class='ocrx_word' id='word_1_93' title='bbox 564 744 757 775; x_wconf 80' lang='lat' dir='ltr'><strong>procursantes</strong></span> <span class='ocrx_word' id='word_1_94' title='bbox 770 740 804 768; x_wconf 84' lang='lat' dir='ltr'><strong>ad</strong></span> <span class='ocrx_word' id='word_1_95' title='bbox 823 740 959 768; x_wconf 79' lang='lat' dir='ltr'><strong>maritima</strong></span> 
     </span>
    </p>
   </div>
   <div class='ocr_carea' id='block_1_17' title="bbox 176 783 960 822">
    <p class='ocr_par' dir='ltr' id='par_1_17' title="bbox 176 783 960 822">
     <span class='ocr_line' id='line_1_17' title="bbox 176 783 960 822; baseline 0.004 -12"><span class='ocrx_word' id='word_1_96' title='bbox 176 783 330 817; x_wconf 88' lang='lat' dir='ltr'><strong>latrocinia,</strong></span> <span class='ocrx_word' id='word_1_97' title='bbox 345 792 452 813; x_wconf 82' lang='lat' dir='ltr'><strong>necnon</strong></span> <span class='ocrx_word' id='word_1_98' title='bbox 470 786 498 813; x_wconf 89' lang='lat' dir='ltr'><strong>hi</strong></span> <span class='ocrx_word' id='word_1_99' title='bbox 513 786 561 822; x_wconf 88' lang='lat' dir='ltr'><strong>qui</strong></span> <span class='ocrx_word' id='word_1_100' title='bbox 588 787 722 822; x_wconf 72' lang='lat' dir='ltr'><strong>degebant</strong></span> <span class='ocrx_word' id='word_1_101' title='bbox 735 786 762 814; x_wconf 91' lang='lat' dir='ltr'><strong>in</strong></span> <span class='ocrx_word' id='word_1_102' title='bbox 784 785 883 815; x_wconf 76' lang='lat' dir='ltr'><strong>inSulis</strong></span> <span class='ocrx_word' id='word_1_103' title='bbox 905 785 960 821; x_wconf 84' lang='lat' dir='ltr'><strong>Cy—</strong></span> 
     </span>
    </p>
   </div>
   <div class='ocr_carea' id='block_1_18' title="bbox 175 829 961 865">
    <p class='ocr_par' dir='ltr' id='par_1_18' title="bbox 175 829 961 865">
     <span class='ocr_line' id='line_1_18' title="bbox 175 829 961 865; baseline 0.003 -9"><span class='ocrx_word' id='word_1_104' title='bbox 175 829 301 858; x_wconf 76' lang='lat' dir='ltr'><strong>cladibus</strong></span> <span class='ocrx_word' id='word_1_105' title='bbox 316 831 390 858; x_wconf 89' lang='lat' dir='ltr'><strong>idem</strong></span> <span class='ocrx_word' id='word_1_106' title='bbox 411 832 522 860; x_wconf 83' lang='lat' dir='ltr'><strong>vivendi</strong></span> <span class='ocrx_word' id='word_1_107' title='bbox 533 833 688 860; x_wconf 85' lang='lat' dir='ltr'><strong>institutum</strong></span> <span class='ocrx_word' id='word_1_108' title='bbox 703 832 961 865; x_wconf 66' lang='lat' dir='ltr'><strong>occipientes,regis</strong></span> 
     </span>
    </p>
   </div>
   <div class='ocr_carea' id='block_1_19' title="bbox 176 876 958 912">
    <p class='ocr_par' dir='ltr' id='par_1_19' title="bbox 176 876 958 912">
     <span class='ocr_line' id='line_1_19' title="bbox 176 876 958 912; baseline 0.004 -10"><span class='ocrx_word' id='word_1_109' title='bbox 176 876 316 910; x_wconf 73' lang='lat' dir='ltr'><strong>regionem</strong></span> <span class='ocrx_word' id='word_1_110' title='bbox 345 877 522 912; x_wconf 83' lang='lat' dir='ltr'><strong>diripiebant.</strong></span> <span class='ocrx_word' id='word_1_111' title='bbox 548 878 650 906; x_wconf 85' lang='lat' dir='ltr'><strong>Deinde</strong></span> <span class='ocrx_word' id='word_1_112' title='bbox 675 882 843 907; x_wconf 82' lang='lat' dir='ltr'><strong>revertentes</strong></span> <span class='ocrx_word' id='word_1_113' title='bbox 868 878 958 906; x_wconf 89' lang='lat' dir='ltr'><strong>onusti</strong></span> 
     </span>
    </p>
   </div>
   <div class='ocr_carea' id='block_1_20' title="bbox 1006 275 1787 318">
    <p class='ocr_par' dir='ltr' id='par_1_20' title="bbox 1006 275 1787 318">
     <span class='ocr_line' id='line_1_20' title="bbox 1006 275 1787 318; baseline -0.013 -8"><span class='ocrx_word' id='word_1_114' title='bbox 1006 291 1088 318; x_wconf 82' lang='grc' dir='ltr'>ρησεν</span> <span class='ocrx_word' id='word_1_115' title='bbox 1100 284 1144 309; x_wconf 62' lang='grc' dir='ltr'><strong>ἐπ’</strong></span> <span class='ocrx_word' id='word_1_116' title='bbox 1161 282 1248 308; x_wconf 80' lang='grc' dir='ltr'>οίκου.</span> <span class='ocrx_word' id='word_1_117' title='bbox 1269 280 1324 307; x_wconf 76' lang='grc' dir='ltr'><strong>Καὶ</strong></span> <span class='ocrx_word' id='word_1_118' title='bbox 1339 279 1472 316; x_wconf 80' lang='grc' dir='ltr'>πρότερον</span> <span class='ocrx_word' id='word_1_119' title='bbox 1490 278 1539 313; x_wconf 70' lang='grc' dir='ltr'>μὲν</span> <span class='ocrx_word' id='word_1_120' title='bbox 1557 276 1695 311; x_wconf 78' lang='grc' dir='ltr'>ὕπόφορον</span> <span class='ocrx_word' id='word_1_121' title='bbox 1706 275 1787 309; x_wconf 71' lang='grc' dir='ltr'>ἔσχον</span> 
     </span>
    </p>
   </div>
   <div class='ocr_carea' id='block_1_21' title="bbox 1004 322 1792 365">
    <p class='ocr_par' dir='ltr' id='par_1_21' title="bbox 1004 322 1792 365">
     <span class='ocr_line' id='line_1_21' title="bbox 1004 322 1792 365; baseline -0.013 -8"><span class='ocrx_word' id='word_1_122' title='bbox 1004 331 1029 357; x_wconf 80' lang='grc' dir='ltr'>οι</span> <span class='ocrx_word' id='word_1_123' title='bbox 1046 329 1167 365; x_wconf 77' lang='grc' dir='ltr'><strong>βασιλεῖς</strong></span> <span class='ocrx_word' id='word_1_124' title='bbox 1174 327 1276 362; x_wconf 79' lang='grc' dir='ltr'>ταύτην</span> <span class='ocrx_word' id='word_1_125' title='bbox 1292 327 1342 363; x_wconf 84' lang='grc' dir='ltr'><strong>τὴν</strong></span> <span class='ocrx_word' id='word_1_126' title='bbox 1356 326 1451 361; x_wconf 84' lang='grc' dir='ltr'>νῆσον,</span> <span class='ocrx_word' id='word_1_127' title='bbox 1462 325 1509 352; x_wconf 61' lang='grc' dir='ltr'><strong>κώ.</strong></span> <span class='ocrx_word' id='word_1_128' title='bbox 1523 324 1590 351; x_wconf 82' lang='grc' dir='ltr'>Χίον</span> <span class='ocrx_word' id='word_1_129' title='bbox 1605 323 1660 351; x_wconf 78' lang='grc' dir='ltr'>ἀπὺ</span> <span class='ocrx_word' id='word_1_130' title='bbox 1688 322 1792 357; x_wconf 82' lang='grc' dir='ltr'>Ἀμου-.</span> 
     </span>
    </p>
   </div>
   <div class='ocr_carea' id='block_1_22' title="bbox 1007 368 1787 411">
    <p class='ocr_par' dir='ltr' id='par_1_22' title="bbox 1007 368 1787 411">
     <span class='ocr_line' id='line_1_22' title="bbox 1007 368 1787 411; baseline -0.014 -8"><span class='ocrx_word' id='word_1_131' title='bbox 1007 375 1095 411; x_wconf 75' lang='grc' dir='ltr'>ρατεω</span> <span class='ocrx_word' id='word_1_132' title='bbox 1112 374 1159 402; x_wconf 82' lang='grc' dir='ltr'>τοῦ</span> <span class='ocrx_word' id='word_1_133' title='bbox 1180 374 1328 409; x_wconf 83' lang='grc' dir='ltr'><strong>Ὀρχάνεω.</strong></span> <span class='ocrx_word' id='word_1_134' title='bbox 1342 372 1390 399; x_wconf 76' lang='grc' dir='ltr'><strong>καὶ</strong></span> <span class='ocrx_word' id='word_1_135' title='bbox 1410 373 1456 399; x_wconf 70' lang='grc' dir='ltr'><strong>ἐπὶ</strong></span> <span class='ocrx_word' id='word_1_136' title='bbox 1478 370 1554 397; x_wconf 82' lang='grc' dir='ltr'>τοῦδε</span> <span class='ocrx_word' id='word_1_137' title='bbox 1574 368 1622 396; x_wconf 77' lang='grc' dir='ltr'>τοῦ</span> <span class='ocrx_word' id='word_1_138' title='bbox 1641 368 1787 404; x_wconf 72' lang='grc' dir='ltr'>βασιλέως,</span> 
     </span>
    </p>
   </div>
   <div class='ocr_carea' id='block_1_23' title="bbox 1005 413 1789 454">
    <p class='ocr_par' dir='ltr' id='par_1_23' title="bbox 1005 413 1789 454">
     <span class='ocr_line' id='line_1_23' title="bbox 1005 413 1789 454; baseline -0.013 -5"><span class='ocrx_word' id='word_1_139' title='bbox 1005 421 1080 450; x_wconf 76' lang='grc' dir='ltr'>ἄλλοι</span> <span class='ocrx_word' id='word_1_140' title='bbox 1095 430 1124 448; x_wconf 81' lang='grc' dir='ltr'>τε</span> <span class='ocrx_word' id='word_1_141' title='bbox 1138 421 1186 448; x_wconf 77' lang='grc' dir='ltr'><strong>καὶ</strong></span> <span class='ocrx_word' id='word_1_142' title='bbox 1217 417 1352 454; x_wconf 78' lang='grc' dir='ltr'>’Ῑονούζης</span> <span class='ocrx_word' id='word_1_143' title='bbox 1368 419 1393 435; x_wconf 84' lang='grc'><strong>¹⁶</strong></span> <span class='ocrx_word' id='word_1_144' title='bbox 1412 417 1625 452; x_wconf 78' lang='grc' dir='ltr'><strong>ὀνομαζόμενος,</strong></span> <span class='ocrx_word' id='word_1_145' title='bbox 1650 413 1789 444; x_wconf 84' lang='grc' dir='ltr'>καταστὰς</span> 
     </span>
    </p>
   </div>
   <div class='ocr_carea' id='block_1_24' title="bbox 1007 460 1790 502">
    <p class='ocr_par' dir='ltr' id='par_1_24' title="bbox 1007 460 1790 502">
     <span class='ocr_line' id='line_1_24' title="bbox 1007 460 1790 502; baseline -0.011 -8"><span class='ocrx_word' id='word_1_146' title='bbox 1007 468 1060 494; x_wconf 76' lang='grc' dir='ltr'><strong>ὑπὸ</strong></span> <span class='ocrx_word' id='word_1_147' title='bbox 1077 466 1131 494; x_wconf 84' lang='grc' dir='ltr'><strong>τῶν</strong></span> <span class='ocrx_word' id='word_1_148' title='bbox 1142 466 1243 502; x_wconf 77' lang='grc' dir='ltr'>θυρῶν,</span> <span class='ocrx_word' id='word_1_149' title='bbox 1263 465 1379 500; x_wconf 74' lang='grc' dir='ltr'>ἀφίκετο</span> <span class='ocrx_word' id='word_1_150' title='bbox 1395 465 1442 491; x_wconf 83' lang='grc' dir='ltr'><strong>ὲπὶ</strong></span> <span class='ocrx_word' id='word_1_151' title='bbox 1465 463 1581 495; x_wconf 78' lang='grc' dir='ltr'>Λέσϐον,</span> <span class='ocrx_word' id='word_1_152' title='bbox 1603 461 1654 496; x_wconf 21' lang='grc' dir='ltr'>,καὶ</span> <span class='ocrx_word' id='word_1_153' title='bbox 1669 460 1790 488; x_wconf 76' lang='grc' dir='ltr'>Μόλιῆον</span> 
     </span>
    </p>
   </div>
   <div class='ocr_carea' id='block_1_25' title="bbox 1007 506 1789 548">
    <p class='ocr_par' dir='ltr' id='par_1_25' title="bbox 1007 506 1789 548">
     <span class='ocr_line' id='line_1_25' title="bbox 1007 506 1789 548; baseline -0.01 -8"><span class='ocrx_word' id='word_1_154' title='bbox 1007 513 1211 548; x_wconf 72' lang='grc' dir='ltr'>ἐπολιόρκησεν·</span> <span class='ocrx_word' id='word_1_155' title='bbox 1224 512 1253 539; x_wconf 85' lang='grc' dir='ltr'>οὐ</span> <span class='ocrx_word' id='word_1_156' title='bbox 1267 512 1358 547; x_wconf 85' lang='grc' dir='ltr'>μέντοι</span> <span class='ocrx_word' id='word_1_157' title='bbox 1367 509 1578 546; x_wconf 77' lang='grc' dir='ltr'><strong>προσεχώρησεν</strong></span> <span class='ocrx_word' id='word_1_158' title='bbox 1587 509 1610 524; x_wconf 83' lang='grc'><strong>’⁷</strong></span> <span class='ocrx_word' id='word_1_159' title='bbox 1618 508 1693 543; x_wconf 78' lang='grc' dir='ltr'>αὐτῷ</span> <span class='ocrx_word' id='word_1_160' title='bbox 1701 506 1789 538; x_wconf 70' lang='grc' dir='ltr'>οὐδὲν,</span> 
     </span>
    </p>
   </div>
   <div class='ocr_carea' id='block_1_26' title="bbox 1007 552 1788 594">
    <p class='ocr_par' dir='ltr' id='par_1_26' title="bbox 1007 552 1788 594">
     <span class='ocr_line' id='line_1_26' title="bbox 1007 552 1788 594; baseline -0.012 -6"><span class='ocrx_word' id='word_1_161' title='bbox 1007 557 1044 588; x_wconf 79' lang='grc' dir='ltr'><strong>ὧν</strong></span> <span class='ocrx_word' id='word_1_162' title='bbox 1058 560 1157 587; x_wconf 78' lang='grc' dir='ltr'>οὔνεκα</span> <span class='ocrx_word' id='word_1_163' title='bbox 1170 559 1294 594; x_wconf 78' lang='grc' dir='ltr'>ἀφίκετο.</span> <span class='ocrx_word' id='word_1_164' title='bbox 1308 558 1403 586; x_wconf 77' lang='grc' dir='ltr'>Αίτίαν</span> <span class='ocrx_word' id='word_1_165' title='bbox 1433 557 1462 584; x_wconf 72' lang='grc' dir='ltr'>δὲ</span> <span class='ocrx_word' id='word_1_166' title='bbox 1488 556 1593 591; x_wconf 85' lang='grc' dir='ltr'>ταύτην</span> <span class='ocrx_word' id='word_1_167' title='bbox 1626 552 1788 587; x_wconf 72' lang='grc' dir='ltr'>ἐπενεγκὼν</span> 
     </span>
    </p>
   </div>
   <div class='ocr_carea' id='block_1_27' title="bbox 1010 598 1794 641">
    <p class='ocr_par' dir='ltr' id='par_1_27' title="bbox 1010 598 1794 641">
     <span class='ocr_line' id='line_1_27' title="bbox 1010 598 1794 641; baseline -0.011 -8"><span class='ocrx_word' id='word_1_168' title='bbox 1010 606 1136 641; x_wconf 81' lang='grc' dir='ltr'>βασιλεὺς</span> <span class='ocrx_word' id='word_1_169' title='bbox 1149 605 1188 640; x_wconf 80' lang='grc' dir='ltr'>τῷ</span> <span class='ocrx_word' id='word_1_170' title='bbox 1201 604 1305 632; x_wconf 78' lang='grc' dir='ltr'>Δέσεου</span> <span class='ocrx_word' id='word_1_171' title='bbox 1320 603 1449 640; x_wconf 82' lang='grc' dir='ltr'><strong>ἡγεμόνι,</strong></span> <span class='ocrx_word' id='word_1_172' title='bbox 1475 601 1657 637; x_wconf 72' lang='grc' dir='ltr'>ἐστρατεύετο</span> <span class='ocrx_word' id='word_1_173' title='bbox 1686 598 1730 626; x_wconf 78' lang='grc' dir='ltr'><strong>ἐπ’</strong></span> <span class='ocrx_word' id='word_1_174' title='bbox 1744 599 1794 624; x_wconf 80' lang='grc' dir='ltr'><strong>αὑ-</strong></span> 
     </span>
    </p>
   </div>
   <div class='ocr_carea' id='block_1_28' title="bbox 1008 644 1792 685">
    <p class='ocr_par' dir='ltr' id='par_1_28' title="bbox 1008 644 1792 685">
     <span class='ocr_line' id='line_1_28' title="bbox 1008 644 1792 685; baseline -0.01 -8"><span class='ocrx_word' id='word_1_175' title='bbox 1008 650 1066 682; x_wconf 71' lang='grc' dir='ltr'>τὸν,</span> <span class='ocrx_word' id='word_1_176' title='bbox 1078 650 1120 677; x_wconf 80' lang='grc' dir='ltr'>ὅτι</span> <span class='ocrx_word' id='word_1_177' title='bbox 1139 650 1194 676; x_wconf 82' lang='grc' dir='ltr'><strong>τῶν</strong></span> <span class='ocrx_word' id='word_1_178' title='bbox 1208 647 1441 685; x_wconf 82' lang='grc' dir='ltr'>Ταρακθννησίων</span> <span class='ocrx_word' id='word_1_179' title='bbox 1460 646 1525 679; x_wconf 82' lang='grc' dir='ltr'>τοὺς</span> <span class='ocrx_word' id='word_1_180' title='bbox 1543 645 1680 681; x_wconf 83' lang='grc' dir='ltr'><strong>πειρατὰς</strong></span> <span class='ocrx_word' id='word_1_181' title='bbox 1703 644 1792 671; x_wconf 72' lang='grc' dir='ltr'>ἐδόκει</span> 
     </span>
    </p>
   </div>
   <div class='ocr_carea' id='block_1_29' title="bbox 1010 689 1794 730">
    <p class='ocr_par' dir='ltr' id='par_1_29' title="bbox 1010 689 1794 730">
     <span class='ocr_line' id='line_1_29' title="bbox 1010 689 1794 730; baseline -0.009 -8"><span class='ocrx_word' id='word_1_182' title='bbox 1010 696 1090 727; x_wconf 74' lang='grc' dir='ltr'>αὐτὸς</span> <span class='ocrx_word' id='word_1_183' title='bbox 1105 696 1135 722; x_wconf 73' lang='grc' dir='ltr'>ἐν</span> <span class='ocrx_word' id='word_1_184' title='bbox 1151 694 1241 730; x_wconf 80' lang='grc' dir='ltr'><strong>λιμένι</strong></span> <span class='ocrx_word' id='word_1_185' title='bbox 1251 695 1300 728; x_wconf 85' lang='grc' dir='ltr'>τῆς</span> <span class='ocrx_word' id='word_1_186' title='bbox 1315 693 1419 721; x_wconf 79' lang='grc' dir='ltr'>Δέσΰου</span> <span class='ocrx_word' id='word_1_187' title='bbox 1430 691 1620 728; x_wconf 62' lang='grc' dir='ltr'>ὕωδέχεσθαι,</span> <span class='ocrx_word' id='word_1_188' title='bbox 1637 689 1729 718; x_wconf 77' lang='grc' dir='ltr'>καὶτὰ</span> <span class='ocrx_word' id='word_1_189' title='bbox 1739 689 1794 716; x_wconf 71' lang='grc' dir='ltr'>ἀπὸ</span> 
     </span>
    </p>
   </div>
   <div class='ocr_carea' id='block_1_30' title="bbox 1010 735 1794 777">
    <p class='ocr_par' dir='ltr' id='par_1_30' title="bbox 1010 735 1794 777">
     <span class='ocr_line' id='line_1_30' title="bbox 1010 735 1794 777; baseline -0.01 -8"><span class='ocrx_word' id='word_1_190' title='bbox 1010 742 1059 777; x_wconf 82' lang='grc' dir='ltr'><strong>τῆς</strong></span> <span class='ocrx_word' id='word_1_191' title='bbox 1070 740 1204 776; x_wconf 86' lang='grc' dir='ltr'>βασιλέως</span> <span class='ocrx_word' id='word_1_192' title='bbox 1215 740 1308 776; x_wconf 83' lang='grc' dir='ltr'>χώρας</span> <span class='ocrx_word' id='word_1_193' title='bbox 1323 739 1476 775; x_wconf 80' lang='grc' dir='ltr'>ἀνδράποδα</span> <span class='ocrx_word' id='word_1_194' title='bbox 1485 736 1659 771; x_wconf 70' lang='grc' dir='ltr'>ἐξωνεῖσθαι,</span> <span class='ocrx_word' id='word_1_195' title='bbox 1684 735 1733 763; x_wconf 70' lang='grc' dir='ltr'><strong>καὶ</strong></span> <span class='ocrx_word' id='word_1_196' title='bbox 1744 735 1794 761; x_wconf 85' lang='grc' dir='ltr'><strong>αὺ-</strong></span> 
     </span>
    </p>
   </div>
   <div class='ocr_carea' id='block_1_31' title="bbox 1010 781 1795 823">
    <p class='ocr_par' dir='ltr' id='par_1_31' title="bbox 1010 781 1795 823">
     <span class='ocr_line' id='line_1_31' title="bbox 1010 781 1795 823; baseline -0.01 -8"><span class='ocrx_word' id='word_1_197' title='bbox 1010 788 1056 815; x_wconf 81' lang='grc' dir='ltr'><strong>τὺν</strong></span> <span class='ocrx_word' id='word_1_198' title='bbox 1070 787 1246 823; x_wconf 72' lang='grc' dir='ltr'><strong>κερδαίνοντα</strong></span> <span class='ocrx_word' id='word_1_199' title='bbox 1262 786 1316 813; x_wconf 72' lang='grc' dir='ltr'><strong>ἀπὸ</strong></span> <span class='ocrx_word' id='word_1_200' title='bbox 1332 785 1421 813; x_wconf 82' lang='grc' dir='ltr'>τοῦδε.</span> <span class='ocrx_word' id='word_1_201' title='bbox 1442 784 1617 820; x_wconf 83' lang='grc' dir='ltr'>ὀρμώμενοι</span> <span class='ocrx_word' id='word_1_202' title='bbox 1629 783 1658 809; x_wconf 74' lang='grc' dir='ltr'>δὲ</span> <span class='ocrx_word' id='word_1_203' title='bbox 1680 782 1737 809; x_wconf 78' lang='grc' dir='ltr'><strong>ἀπὸ</strong></span> <span class='ocrx_word' id='word_1_204' title='bbox 1744 781 1795 814; x_wconf 83' lang='grc' dir='ltr'><strong>τῆς</strong></span> 
     </span>
    </p>
   </div>
   <div class='ocr_carea' id='block_1_32' title="bbox 1011 825 1795 868">
    <p class='ocr_par' dir='ltr' id='par_1_32' title="bbox 1011 825 1795 868">
     <span class='ocr_line' id='line_1_32' title="bbox 1011 825 1795 868; baseline -0.013 -7"><span class='ocrx_word' id='word_1_205' title='bbox 1011 834 1115 861; x_wconf 75' lang='grc' dir='ltr'>Λέσϐου</span> <span class='ocrx_word' id='word_1_206' title='bbox 1131 833 1156 860; x_wconf 81' lang='lat' dir='ltr'><strong>oi</strong></span> <span class='ocrx_word' id='word_1_207' title='bbox 1171 841 1201 859; x_wconf 84' lang='grc' dir='ltr'>τε</span> <span class='ocrx_word' id='word_1_208' title='bbox 1215 832 1434 868; x_wconf 76' lang='grc' dir='ltr'>Ταρακοννήσιοι</span> <span class='ocrx_word' id='word_1_209' title='bbox 1451 830 1499 857; x_wconf 70' lang='grc' dir='ltr'><strong>ἐπὶ</strong></span> <span class='ocrx_word' id='word_1_210' title='bbox 1509 828 1638 866; x_wconf 75' lang='grc' dir='ltr'><strong>λῃστείαν</strong></span> <span class='ocrx_word' id='word_1_211' title='bbox 1660 826 1732 854; x_wconf 83' lang='grc' dir='ltr'>κατὰ</span> <span class='ocrx_word' id='word_1_212' title='bbox 1745 825 1795 852; x_wconf 81' lang='grc' dir='ltr'><strong>θά-</strong></span> 
     </span>
    </p>
   </div>
   <div class='ocr_carea' id='block_1_33' title="bbox 1012 873 1795 915">
    <p class='ocr_par' dir='ltr' id='par_1_33' title="bbox 1012 873 1795 915">
     <span class='ocr_line' id='line_1_33' title="bbox 1012 873 1795 915; baseline -0.011 -8"><span class='ocrx_word' id='word_1_213' title='bbox 1012 880 1112 907; x_wconf 83' lang='grc' dir='ltr'>λατταν</span> <span class='ocrx_word' id='word_1_214' title='bbox 1124 879 1321 915; x_wconf 81' lang='grc' dir='ltr'><strong>τετραμμένοι,</strong></span> <span class='ocrx_word' id='word_1_215' title='bbox 1338 879 1386 905; x_wconf 71' lang='grc' dir='ltr'><strong>καὶ</strong></span> <span class='ocrx_word' id='word_1_216' title='bbox 1400 875 1430 904; x_wconf 69' lang='grc' dir='ltr'>οἵ</span> <span class='ocrx_word' id='word_1_217' title='bbox 1440 877 1495 903; x_wconf 79' lang='grc' dir='ltr'><strong>ἀπὸ</strong></span> <span class='ocrx_word' id='word_1_218' title='bbox 1512 874 1664 903; x_wconf 77' lang='grc' dir='ltr'>Κυκλάδων</span> <span class='ocrx_word' id='word_1_219' title='bbox 1693 873 1795 908; x_wconf 82' lang='grc' dir='ltr'>νήσων,</span> 
     </span>
    </p>
   </div>
   <div class='ocr_carea' id='block_1_34' title="bbox 178 911 964 964">
    <p class='ocr_par' dir='ltr' id='par_1_34' title="bbox 178 911 960 960">
     <span class='ocr_line' id='line_1_34' title="bbox 178 911 960 960; baseline 0.001 -10"><span class='ocrx_word' id='word_1_220' title='bbox 178 923 377 958; x_wconf 85' lang='lat' dir='ltr'><strong>mancipiorum</strong></span> <span class='ocrx_word' id='word_1_221' title='bbox 390 911 479 958; x_wconf 62' lang='lat' dir='ltr'><strong>praeda</strong></span> <span class='ocrx_word' id='word_1_222' title='bbox 493 924 520 952; x_wconf 91' lang='lat' dir='ltr'><strong>in</strong></span> <span class='ocrx_word' id='word_1_223' title='bbox 534 924 665 958; x_wconf 83' lang='lat' dir='ltr'><strong>Lesbum,</strong></span> <span class='ocrx_word' id='word_1_224' title='bbox 678 933 708 953; x_wconf 77' lang='lat' dir='ltr'><strong>ea</strong></span> <span class='ocrx_word' id='word_1_225' title='bbox 734 926 805 954; x_wconf 89' lang='lat' dir='ltr'><strong>inter</strong></span> <span class='ocrx_word' id='word_1_226' title='bbox 819 933 880 953; x_wconf 87' lang='lat' dir='ltr'><strong>sese</strong></span> <span class='ocrx_word' id='word_1_227' title='bbox 897 933 960 960; x_wconf 87' lang='lat' dir='ltr'><strong>par-</strong></span> 
     </span>
    </p>
   </div>
   <div class='ocr_carea' id='block_1_35' title="bbox 1015 911 1797 964">
    <p class='ocr_par' dir='ltr' id='par_1_35' title="bbox 1015 911 1797 964">
     <span class='ocr_line' id='line_1_35' title="bbox 1015 911 1797 964; baseline -0.013 -10"><span class='ocrx_word' id='word_1_228' title='bbox 1015 927 1115 964; x_wconf 79' lang='grc' dir='ltr'>ταύτην</span> <span class='ocrx_word' id='word_1_229' title='bbox 1134 911 1273 961; x_wconf 70' lang='grc' dir='ltr'>μετιόντες</span> <span class='ocrx_word' id='word_1_230' title='bbox 1282 925 1331 960; x_wconf 86' lang='grc' dir='ltr'>τὴν</span> <span class='ocrx_word' id='word_1_231' title='bbox 1345 922 1604 960; x_wconf 74' lang='grc' dir='ltr'>λῃστικὴν,ὲλήῖζον</span> <span class='ocrx_word' id='word_1_232' title='bbox 1615 921 1638 937; x_wconf 81' lang='grc'><strong>¹⁸</strong></span> <span class='ocrx_word' id='word_1_233' title='bbox 1655 919 1704 954; x_wconf 84' lang='grc' dir='ltr'><strong>τὴν</strong></span> <span class='ocrx_word' id='word_1_234' title='bbox 1718 919 1797 954; x_wconf 88' lang='grc' dir='ltr'>βασι-</span> 
     </span>
    </p>
   </div>
   <div class='ocr_carea' id='block_1_36' title="bbox 179 969 961 1006">
    <p class='ocr_par' dir='ltr' id='par_1_36' title="bbox 179 969 961 1006">
     <span class='ocr_line' id='line_1_36' title="bbox 179 969 961 1006; baseline 0.003 -10"><span class='ocrx_word' id='word_1_235' title='bbox 179 969 326 1002; x_wconf 84' lang='lat' dir='ltr'><strong>tiebantur,</strong></span> <span class='ocrx_word' id='word_1_236' title='bbox 335 970 508 1006; x_wconf 76' lang='lat' dir='ltr'><strong>assignantes</strong></span> <span class='ocrx_word' id='word_1_237' title='bbox 521 971 620 999; x_wconf 86' lang='lat' dir='ltr'><strong>Lesbio</strong></span> <span class='ocrx_word' id='word_1_238' title='bbox 636 972 699 999; x_wconf 90' lang='lat' dir='ltr'><strong>duci</strong></span> <span class='ocrx_word' id='word_1_239' title='bbox 709 978 814 1006; x_wconf 85' lang='lat' dir='ltr'><strong>partem</strong></span> <span class='ocrx_word' id='word_1_240' title='bbox 824 978 961 1006; x_wconf 75' lang='lat' dir='ltr'><strong>magnam,</strong></span> 
     </span>
    </p>
   </div>
   <div class='ocr_carea' id='block_1_37' title="bbox 178 1017 960 1051">
    <p class='ocr_par' dir='ltr' id='par_1_37' title="bbox 178 1017 960 1051">
     <span class='ocr_line' id='line_1_37' title="bbox 178 1017 960 1051; baseline 0.001 -8"><span class='ocrx_word' id='word_1_241' title='bbox 178 1020 207 1043; x_wconf 91' lang='lat' dir='ltr'><strong>et</strong></span> <span class='ocrx_word' id='word_1_242' title='bbox 227 1017 383 1051; x_wconf 80' lang='lat' dir='ltr'><strong>neutiquam</strong></span> <span class='ocrx_word' id='word_1_243' title='bbox 406 1019 646 1048; x_wconf 84' lang='lat' dir='ltr'><strong>contemnendam.</strong></span> <span class='ocrx_word' id='word_1_244' title='bbox 668 1017 732 1046; x_wconf 63' lang='lat' dir='ltr'><strong>Haec</strong></span> <span class='ocrx_word' id='word_1_245' title='bbox 763 1025 827 1045; x_wconf 89' lang='lat' dir='ltr'><strong>cum</strong></span> <span class='ocrx_word' id='word_1_246' title='bbox 849 1019 960 1045; x_wconf 86' lang='lat' dir='ltr'><strong>nuntia-</strong></span> 
     </span>
    </p>
   </div>
   <div class='ocr_carea' id='block_1_38' title="bbox 180 1064 963 1099">
    <p class='ocr_par' dir='ltr' id='par_1_38' title="bbox 180 1064 963 1099">
     <span class='ocr_line' id='line_1_38' title="bbox 180 1064 963 1099; baseline 0.004 -10"><span class='ocrx_word' id='word_1_247' title='bbox 180 1067 278 1090; x_wconf 89' lang='lat' dir='ltr'><strong>rentur</strong></span> <span class='ocrx_word' id='word_1_248' title='bbox 298 1064 364 1099; x_wconf 68' lang='grc' dir='ltr'>τεεί,</span> <span class='ocrx_word' id='word_1_249' title='bbox 377 1069 467 1092; x_wconf 87' lang='lat' dir='ltr'><strong>motus</strong></span> <span class='ocrx_word' id='word_1_250' title='bbox 494 1069 534 1093; x_wconf 87' lang='lat' dir='ltr'><strong>est</strong></span> <span class='ocrx_word' id='word_1_251' title='bbox 550 1065 583 1092; x_wconf 83' lang='lat' dir='ltr'><strong>ad</strong></span> <span class='ocrx_word' id='word_1_252' title='bbox 600 1065 700 1093; x_wconf 87' lang='lat' dir='ltr'><strong>bellum</strong></span> <span class='ocrx_word' id='word_1_253' title='bbox 714 1064 885 1093; x_wconf 89' lang='lat' dir='ltr'><strong>inferendum</strong></span> <span class='ocrx_word' id='word_1_254' title='bbox 898 1064 963 1092; x_wconf 82' lang='lat' dir='ltr'><strong>Les-</strong></span> 
     </span>
    </p>
   </div>
   <div class='ocr_carea' id='block_1_39' title="bbox 181 1109 962 1147">
    <p class='ocr_par' dir='ltr' id='par_1_39' title="bbox 181 1109 962 1147">
     <span class='ocr_line' id='line_1_39' title="bbox 181 1109 962 1147; baseline 0.004 -11"><span class='ocrx_word' id='word_1_255' title='bbox 181 1110 226 1137; x_wconf 91' lang='lat' dir='ltr'><strong>bio</strong></span> <span class='ocrx_word' id='word_1_256' title='bbox 239 1109 367 1144; x_wconf 87' lang='lat' dir='ltr'><strong>principi.</strong></span> <span class='ocrx_word' id='word_1_257' title='bbox 383 1110 506 1139; x_wconf 80' lang='lat' dir='ltr'><strong>AtLesbi</strong></span> <span class='ocrx_word' id='word_1_258' title='bbox 518 1112 645 1147; x_wconf 85' lang='lat' dir='ltr'><strong>princeps</strong></span> <span class='ocrx_word' id='word_1_259' title='bbox 653 1111 691 1147; x_wconf 80' lang='lat' dir='ltr'><strong>(i)</strong></span> <span class='ocrx_word' id='word_1_260' title='bbox 703 1111 962 1146; x_wconf 87' lang='lat' dir='ltr'><strong>Dominicus,quem</strong></span> 
     </span>
    </p>
   </div>
   <div class='ocr_carea' id='block_1_40' title="bbox 179 1155 963 1194">
    <p class='ocr_par' dir='ltr' id='par_1_40' title="bbox 179 1155 963 1194">
     <span class='ocr_line' id='line_1_40' title="bbox 179 1155 963 1194; baseline 0.004 -11"><span class='ocrx_word' id='word_1_261' title='bbox 179 1155 267 1184; x_wconf 72' lang='lat' dir='ltr'><strong>Graeci</strong></span> <span class='ocrx_word' id='word_1_262' title='bbox 282 1156 426 1192; x_wconf 80' lang='lat' dir='ltr'><strong>Cyriacum</strong></span> <span class='ocrx_word' id='word_1_263' title='bbox 459 1162 570 1191; x_wconf 81' lang='lat' dir='ltr'><strong>vocant,</strong></span> <span class='ocrx_word' id='word_1_264' title='bbox 585 1158 669 1186; x_wconf 85' lang='lat' dir='ltr'><strong>frater</strong></span> <span class='ocrx_word' id='word_1_265' title='bbox 695 1158 789 1194; x_wconf 87' lang='lat' dir='ltr'><strong>junior</strong></span> <span class='ocrx_word' id='word_1_266' title='bbox 818 1158 963 1192; x_wconf 79' lang='lat' dir='ltr'><strong>exsistcus,</strong></span> 
     </span>
    </p>
   </div>
   <div class='ocr_carea' id='block_1_41' title="bbox 179 1203 963 1240">
    <p class='ocr_par' dir='ltr' id='par_1_41' title="bbox 179 1203 963 1240">
     <span class='ocr_line' id='line_1_41' title="bbox 179 1203 963 1240; baseline 0.004 -12"><span class='ocrx_word' id='word_1_267' title='bbox 179 1203 316 1229; x_wconf 85' lang='lat' dir='ltr'><strong>seniorem</strong></span> <span class='ocrx_word' id='word_1_268' title='bbox 326 1203 373 1238; x_wconf 90' lang='lat' dir='ltr'><strong>qui</strong></span> <span class='ocrx_word' id='word_1_269' title='bbox 389 1211 404 1230; x_wconf 87' lang='lat' dir='ltr'><strong>a</strong></span> <span class='ocrx_word' id='word_1_270' title='bbox 417 1208 493 1238; x_wconf 88' lang='lat' dir='ltr'><strong>patre</strong></span> <span class='ocrx_word' id='word_1_271' title='bbox 507 1204 587 1232; x_wconf 86' lang='lat' dir='ltr'><strong>Lesbi</strong></span> <span class='ocrx_word' id='word_1_272' title='bbox 601 1204 786 1240; x_wconf 89' lang='lat' dir='ltr'><strong>principatum</strong></span> <span class='ocrx_word' id='word_1_273' title='bbox 808 1209 963 1240; x_wconf 74' lang='lat' dir='ltr'><strong>acceperat,</strong></span> 
     </span>
    </p>
   </div>
   <div class='ocr_carea' id='block_1_42' title="bbox 180 1250 964 1285">
    <p class='ocr_par' dir='ltr' id='par_1_42' title="bbox 180 1250 964 1285">
     <span class='ocr_line' id='line_1_42' title="bbox 180 1250 964 1285; baseline 0.005 -11"><span class='ocrx_word' id='word_1_274' title='bbox 180 1255 298 1279; x_wconf 83' lang='lat' dir='ltr'><strong>cumque</strong></span> <span class='ocrx_word' id='word_1_275' title='bbox 313 1252 435 1284; x_wconf 86' lang='lat' dir='ltr'><strong>tempore</strong></span> <span class='ocrx_word' id='word_1_276' title='bbox 449 1250 530 1285; x_wconf 76' lang='lat' dir='ltr'><strong>longo</strong></span> <span class='ocrx_word' id='word_1_277' title='bbox 544 1250 757 1283; x_wconf 81' lang='lat' dir='ltr'><strong>administrarat,</strong></span> <span class='ocrx_word' id='word_1_278' title='bbox 779 1251 886 1278; x_wconf 86' lang='lat' dir='ltr'><strong>insidiis</strong></span> <span class='ocrx_word' id='word_1_279' title='bbox 909 1251 964 1278; x_wconf 85' lang='lat' dir='ltr'><strong>eir-</strong></span> 
     </span>
    </p>
   </div>
   <div class='ocr_carea' id='block_1_43' title="bbox 179 1295 965 1331">
    <p class='ocr_par' dir='ltr' id='par_1_43' title="bbox 179 1295 965 1331">
     <span class='ocr_line' id='line_1_43' title="bbox 179 1295 965 1331; baseline 0.005 -11"><span class='ocrx_word' id='word_1_280' title='bbox 179 1298 354 1321; x_wconf 89' lang='lat' dir='ltr'><strong>cumventum</strong></span> <span class='ocrx_word' id='word_1_281' title='bbox 379 1295 450 1330; x_wconf 88' lang='lat' dir='ltr'><strong>cepit</strong></span> <span class='ocrx_word' id='word_1_282' title='bbox 463 1315 470 1328; x_wconf 90' lang='lat'><strong>,</strong></span> <span class='ocrx_word' id='word_1_283' title='bbox 482 1301 508 1323; x_wconf 89' lang='lat' dir='ltr'><strong>et</strong></span> <span class='ocrx_word' id='word_1_284' title='bbox 522 1295 650 1331; x_wconf 69' lang='lat' dir='ltr'><strong>Baptistae</strong></span> <span class='ocrx_word' id='word_1_285' title='bbox 661 1297 720 1324; x_wconf 91' lang='lat' dir='ltr'><strong>viro</strong></span> <span class='ocrx_word' id='word_1_286' title='bbox 741 1297 889 1330; x_wconf 82' lang='lat' dir='ltr'><strong>Januensi,</strong></span> <span class='ocrx_word' id='word_1_287' title='bbox 909 1305 965 1331; x_wconf 85' lang='lat' dir='ltr'><strong>quo</strong></span> 
     </span>
    </p>
   </div>
   <div class='ocr_carea' id='block_1_44' title="bbox 180 1340 967 1376">
    <p class='ocr_par' dir='ltr' id='par_1_44' title="bbox 180 1340 967 1376">
     <span class='ocr_line' id='line_1_44' title="bbox 180 1340 967 1376; baseline 0.006 -10"><span class='ocrx_word' id='word_1_288' title='bbox 180 1347 248 1368; x_wconf 89' lang='lat' dir='ltr'><strong>usus</strong></span> <span class='ocrx_word' id='word_1_289' title='bbox 261 1340 351 1368; x_wconf 86' lang='lat' dir='ltr'><strong>fuerat</strong></span> <span class='ocrx_word' id='word_1_290' title='bbox 379 1340 542 1370; x_wconf 80' lang='lat' dir='ltr'><strong>auxiliatore</strong></span> <span class='ocrx_word' id='word_1_291' title='bbox 566 1342 594 1370; x_wconf 93' lang='lat' dir='ltr'><strong>in</strong></span> <span class='ocrx_word' id='word_1_292' title='bbox 625 1342 742 1376; x_wconf 87' lang='lat' dir='ltr'><strong>insidiis,</strong></span> <span class='ocrx_word' id='word_1_293' title='bbox 758 1343 879 1370; x_wconf 87' lang='lat' dir='ltr'><strong>tradidit.</strong></span> <span class='ocrx_word' id='word_1_294' title='bbox 909 1342 967 1370; x_wconf 83' lang='lat' dir='ltr'><strong>Nec</strong></span> 
     </span>
    </p>
   </div>
   <div class='ocr_carea' id='block_1_45' title="bbox 180 1387 964 1424">
    <p class='ocr_par' dir='ltr' id='par_1_45' title="bbox 180 1387 964 1424">
     <span class='ocr_line' id='line_1_45' title="bbox 180 1387 964 1424; baseline 0.003 -10"><span class='ocrx_word' id='word_1_295' title='bbox 180 1394 246 1414; x_wconf 84' lang='lat' dir='ltr'><strong>sane</strong></span> <span class='ocrx_word' id='word_1_296' title='bbox 262 1388 343 1422; x_wconf 74' lang='lat' dir='ltr'><strong>longo</strong></span> <span class='ocrx_word' id='word_1_297' title='bbox 365 1387 507 1423; x_wconf 91' lang='lat' dir='ltr'><strong>interjecto</strong></span> <span class='ocrx_word' id='word_1_298' title='bbox 526 1394 649 1424; x_wconf 85' lang='lat' dir='ltr'><strong>tempore</strong></span> <span class='ocrx_word' id='word_1_299' title='bbox 662 1390 774 1417; x_wconf 79' lang='lat' dir='ltr'><strong>fratrem</strong></span> <span class='ocrx_word' id='word_1_300' title='bbox 805 1390 964 1422; x_wconf 80' lang='lat' dir='ltr'><strong>obtruncat,</strong></span> 
     </span>
    </p>
   </div>
   <div class='ocr_carea' id='block_1_46' title="bbox 181 1435 964 1472">
    <p class='ocr_par' dir='ltr' id='par_1_46' title="bbox 181 1435 964 1472">
     <span class='ocr_line' id='line_1_46' title="bbox 181 1435 964 1472; baseline 0.005 -12"><span class='ocrx_word' id='word_1_301' title='bbox 181 1435 347 1468; x_wconf 82' lang='lat' dir='ltr'><strong>atquesolns</strong></span> <span class='ocrx_word' id='word_1_302' title='bbox 370 1435 646 1471; x_wconf 85' lang='lat' dir='ltr'><strong>principatupotitur,</strong></span> <span class='ocrx_word' id='word_1_303' title='bbox 662 1436 785 1470; x_wconf 88' lang='lat' dir='ltr'><strong>pendens</strong></span> <span class='ocrx_word' id='word_1_304' title='bbox 806 1437 864 1472; x_wconf 75' lang='lat' dir='ltr'><strong>regi</strong></span> <span class='ocrx_word' id='word_1_305' title='bbox 877 1436 964 1464; x_wconf 86' lang='lat' dir='ltr'><strong>tribu-</strong></span> 
     </span>
    </p>
   </div>
   <div class='ocr_carea' id='block_1_47' title="bbox 182 1481 966 1515">
    <p class='ocr_par' dir='ltr' id='par_1_47' title="bbox 182 1481 966 1515">
     <span class='ocr_line' id='line_1_47' title="bbox 182 1481 966 1515; baseline 0.006 -10"><span class='ocrx_word' id='word_1_306' title='bbox 182 1484 239 1506; x_wconf 90' lang='lat' dir='ltr'><strong>tum</strong></span> <span class='ocrx_word' id='word_1_307' title='bbox 255 1481 401 1515; x_wconf 78' lang='lat' dir='ltr'><strong>quntannis</strong></span> <span class='ocrx_word' id='word_1_308' title='bbox 416 1482 523 1510; x_wconf 74' lang='lat' dir='ltr'><strong>circiter</strong></span> <span class='ocrx_word' id='word_1_309' title='bbox 539 1482 593 1510; x_wconf 92' lang='lat' dir='ltr'><strong>duo</strong></span> <span class='ocrx_word' id='word_1_310' title='bbox 613 1482 699 1510; x_wconf 89' lang='lat' dir='ltr'><strong>millia</strong></span> <span class='ocrx_word' id='word_1_311' title='bbox 723 1486 853 1510; x_wconf 76' lang='lat' dir='ltr'><strong>stateram</strong></span> <span class='ocrx_word' id='word_1_312' title='bbox 869 1490 966 1512; x_wconf 80' lang='lat' dir='ltr'><strong>aureo-</strong></span> 
     </span>
    </p>
   </div>
   <div class='ocr_carea' id='block_1_48' title="bbox 182 1533 253 1553">
    <p class='ocr_par' dir='ltr' id='par_1_48' title="bbox 182 1533 253 1553">
     <span class='ocr_line' id='line_1_48' title="bbox 182 1533 253 1553; baseline 0.014 -1"><span class='ocrx_word' id='word_1_313' title='bbox 182 1533 253 1553; x_wconf 88' lang='lat' dir='ltr'><strong>rum.</strong></span> 
     </span>
    </p>
   </div>
   <div class='ocr_carea' id='block_1_49' title="bbox 1011 966 1796 1008">
    <p class='ocr_par' dir='ltr' id='par_1_49' title="bbox 1011 966 1796 1008">
     <span class='ocr_line' id='line_1_49' title="bbox 1011 966 1796 1008; baseline -0.009 -9"><span class='ocrx_word' id='word_1_314' title='bbox 1011 973 1080 1004; x_wconf 77' lang='grc' dir='ltr'>λέως</span> <span class='ocrx_word' id='word_1_315' title='bbox 1103 972 1208 1008; x_wconf 84' lang='grc' dir='ltr'>χώραν,</span> <span class='ocrx_word' id='word_1_316' title='bbox 1241 971 1296 999; x_wconf 81' lang='grc' dir='ltr'><strong>Καὶ</strong></span> <span class='ocrx_word' id='word_1_317' title='bbox 1312 971 1534 1006; x_wconf 67' lang='grc' dir='ltr'><strong>ὑποστρέφοντες</strong></span> <span class='ocrx_word' id='word_1_318' title='bbox 1567 969 1596 1001; x_wconf 80' lang='grc' dir='ltr'><strong>ές</strong></span> <span class='ocrx_word' id='word_1_319' title='bbox 1612 968 1663 1003; x_wconf 83' lang='grc' dir='ltr'>τὴν</span> <span class='ocrx_word' id='word_1_320' title='bbox 1679 966 1796 997; x_wconf 76' lang='grc' dir='ltr'>Λέσϐον,</span> 
     </span>
    </p>
   </div>
   <div class='ocr_carea' id='block_1_50' title="bbox 1013 1013 1797 1054">
    <p class='ocr_par' dir='ltr' id='par_1_50' title="bbox 1013 1013 1797 1054">
     <span class='ocr_line' id='line_1_50' title="bbox 1013 1013 1797 1054; baseline -0.011 -7"><span class='ocrx_word' id='word_1_321' title='bbox 1013 1020 1220 1054; x_wconf 84' lang='grc' dir='ltr'>διανειμάμενοι</span> <span class='ocrx_word' id='word_1_322' title='bbox 1250 1019 1284 1045; x_wconf 84' lang='grc' dir='ltr'>τὰ</span> <span class='ocrx_word' id='word_1_323' title='bbox 1301 1018 1467 1053; x_wconf 80' lang='grc' dir='ltr'>ἀνδράποδα,</span> <span class='ocrx_word' id='word_1_324' title='bbox 1511 1017 1610 1052; x_wconf 85' lang='grc' dir='ltr'>μοῖραν</span> <span class='ocrx_word' id='word_1_325' title='bbox 1633 1013 1797 1050; x_wconf 80' lang='grc' dir='ltr'>παρείχοντο</span> 
     </span>
    </p>
   </div>
   <div class='ocr_carea' id='block_1_51' title="bbox 1013 1058 1797 1102">
    <p class='ocr_par' dir='ltr' id='par_1_51' title="bbox 1013 1058 1797 1102">
     <span class='ocr_line' id='line_1_51' title="bbox 1013 1058 1797 1102; baseline -0.013 -8"><span class='ocrx_word' id='word_1_326' title='bbox 1013 1067 1090 1101; x_wconf 79' lang='grc' dir='ltr'><strong>αὖτῷ</strong></span> <span class='ocrx_word' id='word_1_327' title='bbox 1106 1066 1212 1102; x_wconf 73' lang='grc' dir='ltr'>ἱκανὴν,</span> <span class='ocrx_word' id='word_1_328' title='bbox 1227 1066 1274 1093; x_wconf 75' lang='grc' dir='ltr'><strong>καὶ</strong></span> <span class='ocrx_word' id='word_1_329' title='bbox 1289 1066 1320 1091; x_wconf 84' lang='grc' dir='ltr'>οὗ</span> <span class='ocrx_word' id='word_1_330' title='bbox 1334 1064 1453 1100; x_wconf 85' lang='grc' dir='ltr'><strong>φαύλην.</strong></span> <span class='ocrx_word' id='word_1_331' title='bbox 1472 1062 1568 1090; x_wconf 81' lang='grc' dir='ltr'>Ταῦτα</span> <span class='ocrx_word' id='word_1_332' title='bbox 1597 1061 1635 1092; x_wconf 86' lang='grc' dir='ltr'>ὼς</span> <span class='ocrx_word' id='word_1_333' title='bbox 1658 1058 1797 1095; x_wconf 78' lang='grc' dir='ltr'><strong>ἀνηνέχθη</strong></span> 
     </span>
    </p>
   </div>
   <div class='ocr_carea' id='block_1_52' title="bbox 1014 1105 1797 1149">
    <p class='ocr_par' dir='ltr' id='par_1_52' title="bbox 1014 1105 1797 1149">
     <span class='ocr_line' id='line_1_52' title="bbox 1014 1105 1797 1149; baseline -0.011 -8"><span class='ocrx_word' id='word_1_334' title='bbox 1014 1115 1042 1145; x_wconf 79' lang='grc' dir='ltr'><strong>ές</strong></span> <span class='ocrx_word' id='word_1_335' title='bbox 1056 1114 1179 1149; x_wconf 77' lang='grc' dir='ltr'><strong>βασιλέα,</strong></span> <span class='ocrx_word' id='word_1_336' title='bbox 1195 1113 1298 1148; x_wconf 77' lang='grc' dir='ltr'>ἐπῆρεν</span> <span class='ocrx_word' id='word_1_337' title='bbox 1308 1112 1388 1140; x_wconf 79' lang='grc' dir='ltr'>αὐτον</span> <span class='ocrx_word' id='word_1_338' title='bbox 1404 1108 1604 1146; x_wconf 74' lang='grc' dir='ltr'>στρατεύεσθαι</span> <span class='ocrx_word' id='word_1_339' title='bbox 1615 1106 1661 1134; x_wconf 72' lang='grc' dir='ltr'><strong>ἐπὶ</strong></span> <span class='ocrx_word' id='word_1_340' title='bbox 1681 1105 1797 1133; x_wconf 79' lang='grc' dir='ltr'>Λέσσον.</span> 
     </span>
    </p>
   </div>
   <div class='ocr_carea' id='block_1_53' title="bbox 1020 1151 1800 1194">
    <p class='ocr_par' dir='ltr' id='par_1_53' title="bbox 1020 1151 1800 1194">
     <span class='ocr_line' id='line_1_53' title="bbox 1020 1151 1800 1194; baseline -0.013 -8"><span class='ocrx_word' id='word_1_341' title='bbox 1020 1158 1050 1185; x_wconf 89' lang='lat'><strong>&#39;0</strong></span> <span class='ocrx_word' id='word_1_342' title='bbox 1069 1159 1097 1185; x_wconf 82' lang='grc' dir='ltr'>δὲ</span> <span class='ocrx_word' id='word_1_343' title='bbox 1111 1159 1223 1194; x_wconf 82' lang='grc' dir='ltr'>ἡγεμὼν</span> <span class='ocrx_word' id='word_1_344' title='bbox 1246 1158 1295 1194; x_wconf 82' lang='grc' dir='ltr'>τῆς</span> <span class='ocrx_word' id='word_1_345' title='bbox 1310 1156 1413 1184; x_wconf 77' lang='grc' dir='ltr'>Λέσϐου</span> <span class='ocrx_word' id='word_1_346' title='bbox 1429 1154 1573 1190; x_wconf 81' lang='grc' dir='ltr'>Δομίνικος</span> <span class='ocrx_word' id='word_1_347' title='bbox 1590 1154 1626 1185; x_wconf 78' lang='grc'><strong>’⁸,</strong></span> <span class='ocrx_word' id='word_1_348' title='bbox 1645 1151 1800 1186; x_wconf 69' lang='grc' dir='ltr'><strong>Ἑλληνιστὶ⁵</strong></span> 
     </span>
    </p>
   </div>
   <div class='ocr_carea' id='block_1_54' title="bbox 1014 1196 1798 1239">
    <p class='ocr_par' dir='ltr' id='par_1_54' title="bbox 1014 1196 1798 1239">
     <span class='ocr_line' id='line_1_54' title="bbox 1014 1196 1798 1239; baseline -0.013 -8"><span class='ocrx_word' id='word_1_349' title='bbox 1014 1204 1043 1232; x_wconf 78' lang='grc' dir='ltr'>δὲ</span> <span class='ocrx_word' id='word_1_350' title='bbox 1054 1203 1208 1239; x_wconf 80' lang='grc' dir='ltr'>Κυριακὸς,</span> <span class='ocrx_word' id='word_1_351' title='bbox 1224 1202 1357 1238; x_wconf 81' lang='grc' dir='ltr'>νεώτερος</span> <span class='ocrx_word' id='word_1_352' title='bbox 1379 1201 1491 1236; x_wconf 80' lang='grc' dir='ltr'>ἀδελφὸς</span> <span class='ocrx_word' id='word_1_353' title='bbox 1506 1200 1555 1233; x_wconf 84' lang='grc' dir='ltr'>ὢν,</span> <span class='ocrx_word' id='word_1_354' title='bbox 1580 1199 1627 1226; x_wconf 80' lang='grc' dir='ltr'><strong>τδν</strong></span> <span class='ocrx_word' id='word_1_355' title='bbox 1642 1196 1798 1233; x_wconf 77' lang='grc' dir='ltr'>πρεσὸύτε-</span> 
     </span>
    </p>
   </div>
   <div class='ocr_carea' id='block_1_55' title="bbox 1017 1242 1798 1285">
    <p class='ocr_par' dir='ltr' id='par_1_55' title="bbox 1017 1242 1798 1285">
     <span class='ocr_line' id='line_1_55' title="bbox 1017 1242 1798 1285; baseline -0.012 -8"><span class='ocrx_word' id='word_1_356' title='bbox 1017 1259 1062 1285; x_wconf 87' lang='grc' dir='ltr'><strong>ρον</strong></span> <span class='ocrx_word' id='word_1_357' title='bbox 1071 1249 1263 1285; x_wconf 74' lang='grc' dir='ltr'>διαδεξάμενον</span> <span class='ocrx_word' id='word_1_358' title='bbox 1278 1249 1354 1284; x_wconf 77' lang='grc' dir='ltr'>παρὰ</span> <span class='ocrx_word' id='word_1_359' title='bbox 1367 1248 1415 1276; x_wconf 80' lang='grc' dir='ltr'><strong>τοῦ</strong></span> <span class='ocrx_word' id='word_1_360' title='bbox 1439 1246 1545 1282; x_wconf 79' lang='grc' dir='ltr'>πατρὸς</span> <span class='ocrx_word' id='word_1_361' title='bbox 1571 1246 1622 1280; x_wconf 85' lang='grc' dir='ltr'><strong>τὴν</strong></span> <span class='ocrx_word' id='word_1_362' title='bbox 1648 1242 1798 1279; x_wconf 79' lang='grc' dir='ltr'>ἠγεμονίαν</span> 
     </span>
    </p>
   </div>
   <div class='ocr_carea' id='block_1_56' title="bbox 1015 1290 1797 1332">
    <p class='ocr_par' dir='ltr' id='par_1_56' title="bbox 1015 1290 1797 1332">
     <span class='ocr_line' id='line_1_56' title="bbox 1015 1290 1797 1332; baseline -0.01 -9"><span class='ocrx_word' id='word_1_363' title='bbox 1015 1297 1065 1332; x_wconf 76' lang='grc' dir='ltr'>τῆς</span> <span class='ocrx_word' id='word_1_364' title='bbox 1078 1296 1195 1328; x_wconf 83' lang='grc' dir='ltr'>Λέσῦου,</span> <span class='ocrx_word' id='word_1_365' title='bbox 1215 1296 1262 1322; x_wconf 77' lang='grc' dir='ltr'><strong>καὶ</strong></span> <span class='ocrx_word' id='word_1_366' title='bbox 1277 1295 1407 1322; x_wconf 79' lang='grc' dir='ltr'>διέποντα</span> <span class='ocrx_word' id='word_1_367' title='bbox 1426 1293 1472 1321; x_wconf 71' lang='grc' dir='ltr'><strong>ἐπὶ</strong></span> <span class='ocrx_word' id='word_1_368' title='bbox 1495 1293 1590 1329; x_wconf 80' lang='grc' dir='ltr'>χρόνον</span> <span class='ocrx_word' id='word_1_369' title='bbox 1611 1291 1715 1323; x_wconf 79' lang='grc' dir='ltr'>ἱκανὸν,</span> <span class='ocrx_word' id='word_1_370' title='bbox 1737 1290 1797 1316; x_wconf 69' lang='grc' dir='ltr'>ἑπι-</span> 
     </span>
    </p>
   </div>
   <div class='ocr_carea' id='block_1_57' title="bbox 1015 1336 1796 1374">
    <p class='ocr_par' dir='ltr' id='par_1_57' title="bbox 1015 1336 1796 1374">
     <span class='ocr_line' id='line_1_57' title="bbox 1015 1336 1796 1374; baseline -0.009 -5"><span class='ocrx_word' id='word_1_371' title='bbox 1015 1342 1166 1372; x_wconf 80' lang='grc' dir='ltr'>6ουλεύσας</span> <span class='ocrx_word' id='word_1_372' title='bbox 1178 1341 1320 1373; x_wconf 80' lang='grc' dir='ltr'>συνέλαὸε,</span> <span class='ocrx_word' id='word_1_373' title='bbox 1336 1341 1383 1368; x_wconf 77' lang='grc' dir='ltr'><strong>καὶ</strong></span> <span class='ocrx_word' id='word_1_374' title='bbox 1398 1339 1550 1374; x_wconf 78' lang='grc' dir='ltr'>κατέστησε</span> <span class='ocrx_word' id='word_1_375' title='bbox 1578 1337 1720 1371; x_wconf 78' lang='grc' dir='ltr'>Βαπτιστῇ</span> <span class='ocrx_word' id='word_1_376' title='bbox 1750 1336 1796 1362; x_wconf 85' lang='grc' dir='ltr'><strong>ἀν-</strong></span> 
     </span>
    </p>
   </div>
   <div class='ocr_carea' id='block_1_58' title="bbox 1016 1382 1794 1424">
    <p class='ocr_par' dir='ltr' id='par_1_58' title="bbox 1016 1382 1794 1424">
     <span class='ocr_line' id='line_1_58' title="bbox 1016 1382 1794 1424; baseline -0.008 -9"><span class='ocrx_word' id='word_1_377' title='bbox 1016 1389 1060 1424; x_wconf 73' lang='grc' dir='ltr'>δρὶ</span> <span class='ocrx_word' id='word_1_378' title='bbox 1081 1388 1196 1423; x_wconf 81' lang='grc' dir='ltr'>Ἰανυῖῳ,</span> <span class='ocrx_word' id='word_1_379' title='bbox 1208 1387 1383 1423; x_wconf 77' lang='grc' dir='ltr'>χρησάμενος</span> <span class='ocrx_word' id='word_1_380' title='bbox 1394 1385 1518 1421; x_wconf 88' lang='grc' dir='ltr'>συνεργῷ</span> <span class='ocrx_word' id='word_1_381' title='bbox 1535 1385 1564 1416; x_wconf 80' lang='grc' dir='ltr'><strong>ές</strong></span> <span class='ocrx_word' id='word_1_382' title='bbox 1578 1384 1626 1420; x_wconf 84' lang='grc' dir='ltr'>τὴν</span> <span class='ocrx_word' id='word_1_383' title='bbox 1637 1382 1794 1417; x_wconf 75' lang='grc' dir='ltr'>έπιὸουλήν.</span> 
     </span>
    </p>
   </div>
   <div class='ocr_carea' id='block_1_59' title="bbox 1016 1428 1815 1469">
    <p class='ocr_par' dir='ltr' id='par_1_59' title="bbox 1016 1428 1815 1469">
     <span class='ocr_line' id='line_1_59' title="bbox 1016 1428 1815 1469; baseline -0.009 -8"><span class='ocrx_word' id='word_1_384' title='bbox 1016 1434 1125 1462; x_wconf 76' lang='grc' dir='ltr'>Μετὀὖ</span> <span class='ocrx_word' id='word_1_385' title='bbox 1137 1434 1204 1460; x_wconf 80' lang='grc' dir='ltr'>πολὺ</span> <span class='ocrx_word' id='word_1_386' title='bbox 1217 1434 1244 1461; x_wconf 80' lang='grc' dir='ltr'>δὲ</span> <span class='ocrx_word' id='word_1_387' title='bbox 1259 1433 1477 1469; x_wconf 80' lang='grc' dir='ltr'>διαχρησάμενος</span> <span class='ocrx_word' id='word_1_388' title='bbox 1488 1432 1534 1458; x_wconf 79' lang='grc' dir='ltr'><strong>τὸν</strong></span> <span class='ocrx_word' id='word_1_389' title='bbox 1547 1430 1671 1464; x_wconf 73' lang='grc' dir='ltr'>ἀδελφὺν,</span> <span class='ocrx_word' id='word_1_390' title='bbox 1689 1429 1795 1464; x_wconf 74' lang='grc' dir='ltr'>ήγεμό-</span> <span class='ocrx_word' id='word_1_391' title='bbox 1811 1428 1815 1430; x_wconf 62' lang='grc'>⁷</span> 
     </span>
    </p>
   </div>
   <div class='ocr_carea' id='block_1_60' title="bbox 1015 1474 1801 1515">
    <p class='ocr_par' dir='ltr' id='par_1_60' title="bbox 1015 1474 1801 1515">
     <span class='ocr_line' id='line_1_60' title="bbox 1015 1474 1801 1515; baseline -0.008 -9"><span class='ocrx_word' id='word_1_392' title='bbox 1015 1488 1078 1507; x_wconf 84' lang='grc' dir='ltr'>νευε</span> <span class='ocrx_word' id='word_1_393' title='bbox 1096 1481 1145 1515; x_wconf 81' lang='grc' dir='ltr'>τῆς</span> <span class='ocrx_word' id='word_1_394' title='bbox 1155 1480 1249 1514; x_wconf 84' lang='grc' dir='ltr'>νήσου,</span> <span class='ocrx_word' id='word_1_395' title='bbox 1261 1479 1413 1513; x_wconf 77' lang='grc' dir='ltr'>ἀπαγαγὼν</span> <span class='ocrx_word' id='word_1_396' title='bbox 1424 1478 1507 1513; x_wconf 81' lang='grc' dir='ltr'>φόρον</span> <span class='ocrx_word' id='word_1_397' title='bbox 1523 1477 1562 1513; x_wconf 83' lang='grc' dir='ltr'><strong>τῷ</strong></span> <span class='ocrx_word' id='word_1_398' title='bbox 1576 1476 1682 1512; x_wconf 78' lang='grc' dir='ltr'>βασιλεῖ</span> <span class='ocrx_word' id='word_1_399' title='bbox 1700 1475 1729 1507; x_wconf 80' lang='grc' dir='ltr'><strong>ές</strong></span> <span class='ocrx_word' id='word_1_400' title='bbox 1741 1474 1801 1501; x_wconf 83' lang='grc' dir='ltr'>δισ-</span> 
     </span>
    </p>
   </div>
   <div class='ocr_carea' id='block_1_61' title="bbox 1018 1527 1297 1563">
    <p class='ocr_par' dir='ltr' id='par_1_61' title="bbox 1018 1527 1297 1563">
     <span class='ocr_line' id='line_1_61' title="bbox 1018 1527 1297 1563; baseline 0 -9"><span class='ocrx_word' id='word_1_401' title='bbox 1018 1527 1140 1563; x_wconf 84' lang='grc' dir='ltr'>σχιλίους</span> <span class='ocrx_word' id='word_1_402' title='bbox 1149 1528 1297 1562; x_wconf 80' lang='grc' dir='ltr'>στατῆρας.</span> 
     </span>
    </p>
   </div>
   <div class='ocr_carea' id='block_1_62' title="bbox 214 1565 964 1610">
    <p class='ocr_par' dir='ltr' id='par_1_62' title="bbox 214 1571 961 1610">
     <span class='ocr_line' id='line_1_62' title="bbox 214 1571 961 1610; baseline 0.005 -12"><span class='ocrx_word' id='word_1_403' title='bbox 214 1571 309 1599; x_wconf 86' lang='lat' dir='ltr'><strong>Genus</strong></span> <span class='ocrx_word' id='word_1_404' title='bbox 323 1572 477 1608; x_wconf 85' lang='lat' dir='ltr'><strong>principum</strong></span> <span class='ocrx_word' id='word_1_405' title='bbox 496 1573 617 1606; x_wconf 87' lang='lat' dir='ltr'><strong>illorum,</strong></span> <span class='ocrx_word' id='word_1_406' title='bbox 631 1574 749 1602; x_wconf 88' lang='lat' dir='ltr'><strong>Lesbum</strong></span> <span class='ocrx_word' id='word_1_407' title='bbox 762 1575 807 1610; x_wconf 92' lang='lat' dir='ltr'><strong>qui</strong></span> <span class='ocrx_word' id='word_1_408' title='bbox 822 1575 961 1610; x_wconf 65' lang='lat' dir='ltr'><strong>regebant.</strong></span> 
     </span>
    </p>
   </div>
   <div class='ocr_carea' id='block_1_63' title="bbox 1015 1565 1800 1610">
    <p class='ocr_par' dir='ltr' id='par_1_63' title="bbox 1050 1565 1800 1607">
     <span class='ocr_line' id='line_1_63' title="bbox 1050 1565 1800 1607; baseline -0.007 -8"><span class='ocrx_word' id='word_1_409' title='bbox 1050 1571 1087 1600; x_wconf 84' lang='grc' dir='ltr'><strong>Τὸ</strong></span> <span class='ocrx_word' id='word_1_410' title='bbox 1097 1571 1126 1598; x_wconf 72' lang='grc' dir='ltr'>δὲ</span> <span class='ocrx_word' id='word_1_411' title='bbox 1138 1572 1217 1606; x_wconf 83' lang='grc' dir='ltr'>γένος</span> <span class='ocrx_word' id='word_1_412' title='bbox 1237 1571 1293 1598; x_wconf 88' lang='grc' dir='ltr'>τῶν</span> <span class='ocrx_word' id='word_1_413' title='bbox 1308 1565 1452 1607; x_wconf 73' lang='grc' dir='ltr'>ἡγεμόνων</span> <span class='ocrx_word' id='word_1_414' title='bbox 1481 1569 1584 1597; x_wconf 83' lang='grc' dir='ltr'>τούτων</span> <span class='ocrx_word' id='word_1_415' title='bbox 1612 1569 1663 1603; x_wconf 80' lang='grc' dir='ltr'>τῆς</span> <span class='ocrx_word' id='word_1_416' title='bbox 1680 1568 1800 1601; x_wconf 80' lang='grc' dir='ltr'>Λέσϐου,</span> 
     </span>
    </p>
   </div>
   <div class='ocr_carea' id='block_1_64' title="bbox 182 1616 967 1654">
    <p class='ocr_par' dir='ltr' id='par_1_64' title="bbox 182 1616 967 1654">
     <span class='ocr_line' id='line_1_64' title="bbox 182 1616 967 1654; baseline 0.008 -11"><span class='ocrx_word' id='word_1_417' title='bbox 182 1620 211 1643; x_wconf 83' lang='lat' dir='ltr'><strong>et</strong></span> <span class='ocrx_word' id='word_1_418' title='bbox 223 1616 352 1644; x_wconf 87' lang='lat' dir='ltr'><strong>Calelusii</strong></span> <span class='ocrx_word' id='word_1_419' title='bbox 367 1617 605 1652; x_wconf 83' lang='lat' dir='ltr'><strong>nuncupabantur,</strong></span> <span class='ocrx_word' id='word_1_420' title='bbox 617 1624 728 1654; x_wconf 76' lang='lat' dir='ltr'><strong>apparot</strong></span> <span class='ocrx_word' id='word_1_421' title='bbox 742 1620 776 1647; x_wconf 82' lang='lat' dir='ltr'><strong>ab</strong></span> <span class='ocrx_word' id='word_1_422' title='bbox 785 1619 967 1649; x_wconf 83' lang='lat' dir='ltr'><strong>Januensibns</strong></span> 
     </span>
    </p>
   </div>
   <div class='ocr_carea' id='block_1_65' title="bbox 182 1662 967 1704">
    <p class='ocr_par' dir='ltr' id='par_1_65' title="bbox 182 1662 967 1704">
     <span class='ocr_line' id='line_1_65' title="bbox 182 1662 967 1704; baseline 0.008 -15"><span class='ocrx_word' id='word_1_423' title='bbox 182 1662 290 1690; x_wconf 82' lang='lat' dir='ltr'><strong>deduci.</strong></span> <span class='ocrx_word' id='word_1_424' title='bbox 306 1662 373 1691; x_wconf 81' lang='lat' dir='ltr'><strong>Nam</strong></span> <span class='ocrx_word' id='word_1_425' title='bbox 389 1665 530 1692; x_wconf 88' lang='lat' dir='ltr'><strong>venientes</strong></span> <span class='ocrx_word' id='word_1_426' title='bbox 543 1666 648 1693; x_wconf 77' lang='lat' dir='ltr'><strong>auxilio</strong></span> <span class='ocrx_word' id='word_1_427' title='bbox 663 1666 818 1694; x_wconf 61' lang='lat' dir='ltr'><strong>Graecorum</strong></span> <span class='ocrx_word' id='word_1_428' title='bbox 839 1668 906 1704; x_wconf 73' lang='lat' dir='ltr'><strong>regi,</strong></span> <span class='ocrx_word' id='word_1_429' title='bbox 919 1668 967 1703; x_wconf 85' lang='lat' dir='ltr'><strong>qui</strong></span> 
     </span>
    </p>
   </div>
   <div class='ocr_carea' id='block_1_66' title="bbox 184 1708 968 1749">
    <p class='ocr_par' dir='ltr' id='par_1_66' title="bbox 184 1708 968 1749">
     <span class='ocr_line' id='line_1_66' title="bbox 184 1708 968 1749; baseline 0.009 -14"><span class='ocrx_word' id='word_1_430' title='bbox 184 1708 342 1744; x_wconf 82' lang='lat' dir='ltr'><strong>Byzantium</strong></span> <span class='ocrx_word' id='word_1_431' title='bbox 360 1710 480 1743; x_wconf 86' lang='lat' dir='ltr'><strong>tenebat,</strong></span> <span class='ocrx_word' id='word_1_432' title='bbox 497 1717 524 1739; x_wconf 89' lang='lat' dir='ltr'><strong>et</strong></span> <span class='ocrx_word' id='word_1_433' title='bbox 541 1720 600 1740; x_wconf 83' lang='lat' dir='ltr'><strong>eam</strong></span> <span class='ocrx_word' id='word_1_434' title='bbox 627 1712 744 1740; x_wconf 89' lang='lat' dir='ltr'><strong>insulam</strong></span> <span class='ocrx_word' id='word_1_435' title='bbox 767 1713 883 1749; x_wconf 85' lang='lat' dir='ltr'><strong>imperio</strong></span> <span class='ocrx_word' id='word_1_436' title='bbox 900 1719 968 1742; x_wconf 87' lang='lat' dir='ltr'><strong>tem-</strong></span> 
     </span>
    </p>
   </div>
   <div class='ocr_carea' id='block_1_67' title="bbox 185 1755 968 1796">
    <p class='ocr_par' dir='ltr' id='par_1_67' title="bbox 185 1755 968 1796">
     <span class='ocr_line' id='line_1_67' title="bbox 185 1755 968 1796; baseline 0.009 -15"><span class='ocrx_word' id='word_1_437' title='bbox 185 1755 306 1789; x_wconf 83' lang='lat' dir='ltr'><strong>perabat,</strong></span> <span class='ocrx_word' id='word_1_438' title='bbox 336 1761 446 1786; x_wconf 85' lang='lat' dir='ltr'><strong>strenue</strong></span> <span class='ocrx_word' id='word_1_439' title='bbox 470 1766 532 1786; x_wconf 89' lang='lat' dir='ltr'><strong>eum</strong></span> <span class='ocrx_word' id='word_1_440' title='bbox 564 1759 741 1794; x_wconf 84' lang='lat' dir='ltr'><strong>adjuvarunt,</strong></span> <span class='ocrx_word' id='word_1_441' title='bbox 774 1766 855 1796; x_wconf 89' lang='lat' dir='ltr'><strong>atque</strong></span> <span class='ocrx_word' id='word_1_442' title='bbox 871 1769 968 1796; x_wconf 78' lang='lat' dir='ltr'><strong>magna</strong></span> 
     </span>
    </p>
   </div>
   <div class='ocr_carea' id='block_1_68' title="bbox 183 1801 966 1842">
    <p class='ocr_par' dir='ltr' id='par_1_68' title="bbox 183 1801 966 1842">
     <span class='ocr_line' id='line_1_68' title="bbox 183 1801 966 1842; baseline 0.011 -14"><span class='ocrx_word' id='word_1_443' title='bbox 183 1801 340 1830; x_wconf 73' lang='lat' dir='ltr'><strong>cﬂecerunt.</strong></span> <span class='ocrx_word' id='word_1_444' title='bbox 366 1803 422 1831; x_wconf 78' lang='lat' dir='ltr'><strong>liex</strong></span> <span class='ocrx_word' id='word_1_445' title='bbox 438 1803 520 1840; x_wconf 77' lang='lat' dir='ltr'><strong>igitur</strong></span> <span class='ocrx_word' id='word_1_446' title='bbox 530 1805 676 1842; x_wconf 84' lang='lat' dir='ltr'><strong>Byzantius</strong></span> <span class='ocrx_word' id='word_1_447' title='bbox 689 1808 966 1837; x_wconf 89' lang='lat' dir='ltr'><strong>utvirorumillornm</strong></span> 
     </span>
    </p>
   </div>
   <div class='ocr_carea' id='block_1_69' title="bbox 184 1846 968 1886">
    <p class='ocr_par' dir='ltr' id='par_1_69' title="bbox 184 1846 968 1886">
     <span class='ocr_line' id='line_1_69' title="bbox 184 1846 968 1886; baseline 0.011 -12"><span class='ocrx_word' id='word_1_448' title='bbox 184 1846 310 1876; x_wconf 85' lang='lat' dir='ltr'><strong>virtutem</strong></span> <span class='ocrx_word' id='word_1_449' title='bbox 325 1848 417 1884; x_wconf 90' lang='lat' dir='ltr'><strong>aliquo</strong></span> <span class='ocrx_word' id='word_1_450' title='bbox 436 1850 517 1878; x_wconf 83' lang='lat' dir='ltr'><strong>modo</strong></span> <span class='ocrx_word' id='word_1_451' title='bbox 543 1858 733 1886; x_wconf 88' lang='lat' dir='ltr'><strong>veneraretur,</strong></span> <span class='ocrx_word' id='word_1_452' title='bbox 759 1854 795 1882; x_wconf 76' lang='lat' dir='ltr'><strong>iis</strong></span> <span class='ocrx_word' id='word_1_453' title='bbox 828 1855 968 1884; x_wconf 83' lang='lat' dir='ltr'><strong>concessit</strong></span> 
     </span>
    </p>
   </div>
   <div class='ocr_carea' id='block_1_70' title="bbox 184 1894 967 1932">
    <p class='ocr_par' dir='ltr' id='par_1_70' title="bbox 184 1894 967 1932">
     <span class='ocr_line' id='line_1_70' title="bbox 184 1894 967 1932; baseline 0.011 -11"><span class='ocrx_word' id='word_1_454' title='bbox 184 1894 279 1922; x_wconf 76' lang='lat' dir='ltr'><strong>insula:</strong></span> <span class='ocrx_word' id='word_1_455' title='bbox 291 1895 373 1930; x_wconf 83' lang='lat' dir='ltr'><strong>hujus</strong></span> <span class='ocrx_word' id='word_1_456' title='bbox 390 1896 586 1932; x_wconf 85' lang='lat' dir='ltr'><strong>principatum.</strong></span> <span class='ocrx_word' id='word_1_457' title='bbox 599 1897 651 1932; x_wconf 86' lang='lat' dir='ltr'><strong>Qui</strong></span> <span class='ocrx_word' id='word_1_458' title='bbox 669 1904 791 1928; x_wconf 85' lang='lat' dir='ltr'><strong>tenentes</strong></span> <span class='ocrx_word' id='word_1_459' title='bbox 803 1906 865 1928; x_wconf 89' lang='lat' dir='ltr'><strong>eam</strong></span> <span class='ocrx_word' id='word_1_460' title='bbox 887 1902 967 1930; x_wconf 88' lang='lat' dir='ltr'><strong>insu-</strong></span> 
     </span>
    </p>
   </div>
   <div class='ocr_carea' id='block_1_71' title="bbox 185 1940 969 1982">
    <p class='ocr_par' dir='ltr' id='par_1_71' title="bbox 185 1940 969 1982">
     <span class='ocr_line' id='line_1_71' title="bbox 185 1940 969 1982; baseline 0.013 -15"><span class='ocrx_word' id='word_1_461' title='bbox 185 1940 250 1974; x_wconf 88' lang='lat' dir='ltr'><strong>lam,</strong></span> <span class='ocrx_word' id='word_1_462' title='bbox 275 1941 385 1970; x_wconf 88' lang='lat' dir='ltr'><strong>tandem</strong></span> <span class='ocrx_word' id='word_1_463' title='bbox 404 1943 469 1970; x_wconf 91' lang='lat' dir='ltr'><strong>inde</strong></span> <span class='ocrx_word' id='word_1_464' title='bbox 496 1945 632 1978; x_wconf 75' lang='lat' dir='ltr'><strong>progressi</strong></span> <span class='ocrx_word' id='word_1_465' title='bbox 652 1951 726 1979; x_wconf 91' lang='lat' dir='ltr'><strong>sunt,</strong></span> <span class='ocrx_word' id='word_1_466' title='bbox 747 1951 777 1973; x_wconf 83' lang='lat' dir='ltr'><strong>ut</strong></span> <span class='ocrx_word' id='word_1_467' title='bbox 802 1953 969 1982; x_wconf 84' lang='lat' dir='ltr'><strong>occuparent</strong></span> 
     </span>
    </p>
   </div>
   <div class='ocr_carea' id='block_1_72' title="bbox 186 1986 966 2026">
    <p class='ocr_par' dir='ltr' id='par_1_72' title="bbox 186 1986 966 2026">
     <span class='ocr_line' id='line_1_72' title="bbox 186 1986 966 2026; baseline 0.01 -12"><span class='ocrx_word' id='word_1_468' title='bbox 186 1986 287 2014; x_wconf 64' lang='lat' dir='ltr'><strong>xEnum</strong></span> <span class='ocrx_word' id='word_1_469' title='bbox 303 1989 396 2016; x_wconf 83' lang='lat' dir='ltr'><strong>urbem</strong></span> <span class='ocrx_word' id='word_1_470' title='bbox 412 1989 546 2023; x_wconf 66' lang='lat' dir='ltr'><strong>Thraciae,</strong></span> <span class='ocrx_word' id='word_1_471' title='bbox 559 1990 636 2026; x_wconf 86' lang='lat' dir='ltr'><strong>juxta</strong></span> <span class='ocrx_word' id='word_1_472' title='bbox 649 1992 748 2019; x_wconf 82' lang='lat' dir='ltr'><strong>ﬂumen</strong></span> <span class='ocrx_word' id='word_1_473' title='bbox 756 1992 886 2021; x_wconf 86' lang='lat' dir='ltr'><strong>Hebrum.</strong></span> <span class='ocrx_word' id='word_1_474' title='bbox 897 1994 966 2022; x_wconf 90' lang='lat' dir='ltr'><strong>Nam</strong></span> 
     </span>
    </p>
   </div>
   <div class='ocr_carea' id='block_1_73' title="bbox 185 2034 970 2075">
    <p class='ocr_par' dir='ltr' id='par_1_73' title="bbox 185 2034 970 2075">
     <span class='ocr_line' id='line_1_73' title="bbox 185 2034 970 2075; baseline 0.01 -15"><span class='ocrx_word' id='word_1_475' title='bbox 185 2034 259 2061; x_wconf 89' lang='lat' dir='ltr'><strong>cives</strong></span> <span class='ocrx_word' id='word_1_476' title='bbox 272 2035 333 2069; x_wconf 89' lang='lat' dir='ltr'><strong>cjus</strong></span> <span class='ocrx_word' id='word_1_477' title='bbox 348 2035 408 2063; x_wconf 88' lang='lat' dir='ltr'><strong>urbi</strong></span> <span class='ocrx_word' id='word_1_478' title='bbox 428 2035 643 2065; x_wconf 82' lang='lat' dir='ltr'><strong>adversabantur</strong></span> <span class='ocrx_word' id='word_1_479' title='bbox 665 2037 817 2066; x_wconf 79' lang='lat' dir='ltr'><strong>Harmostae</strong></span> <span class='ocrx_word' id='word_1_480' title='bbox 827 2040 866 2075; x_wconf 76' lang='grc' dir='ltr'><strong>(Ξ)</strong></span> <span class='ocrx_word' id='word_1_481' title='bbox 877 2048 883 2066; x_wconf 90' lang='lat'>:</span> <span class='ocrx_word' id='word_1_482' title='bbox 896 2047 924 2068; x_wconf 88' lang='lat' dir='ltr'><strong>et</strong></span> <span class='ocrx_word' id='word_1_483' title='bbox 939 2045 970 2068; x_wconf 87' lang='lat' dir='ltr'><strong>ut</strong></span> 
     </span>
    </p>
   </div>
   <div class='ocr_carea' id='block_1_74' title="bbox 186 2074 969 2117">
    <p class='ocr_par' dir='ltr' id='par_1_74' title="bbox 186 2074 969 2117">
     <span class='ocr_line' id='line_1_74' title="bbox 186 2074 969 2117; baseline 0.009 -9"><span class='ocrx_word' id='word_1_484' title='bbox 186 2082 237 2109; x_wconf 89' lang='lat' dir='ltr'><strong>sibi</strong></span> <span class='ocrx_word' id='word_1_485' title='bbox 260 2082 333 2110; x_wconf 84' lang='lat' dir='ltr'><strong>vires</strong></span> <span class='ocrx_word' id='word_1_486' title='bbox 349 2088 487 2117; x_wconf 87' lang='lat' dir='ltr'><strong>pararent,</strong></span> <span class='ocrx_word' id='word_1_487' title='bbox 505 2074 640 2111; x_wconf 73' lang='lat' dir='ltr'><strong>vocabant</strong></span> <span class='ocrx_word' id='word_1_488' title='bbox 653 2085 687 2112; x_wconf 86' lang='lat' dir='ltr'><strong>ab</strong></span> <span class='ocrx_word' id='word_1_489' title='bbox 707 2085 796 2114; x_wconf 87' lang='lat' dir='ltr'><strong>Lesbo</strong></span> <span class='ocrx_word' id='word_1_490' title='bbox 813 2086 969 2116; x_wconf 80' lang='lat' dir='ltr'><strong>Catelusio-</strong></span> 
     </span>
    </p>
   </div>
   <div class='ocr_carea' id='block_1_75' title="bbox 186 2129 968 2168">
    <p class='ocr_par' dir='ltr' id='par_1_75' title="bbox 186 2129 968 2168">
     <span class='ocr_line' id='line_1_75' title="bbox 186 2129 968 2168; baseline 0.009 -13"><span class='ocrx_word' id='word_1_491' title='bbox 186 2136 244 2155; x_wconf 92' lang='lat' dir='ltr'><strong>rum</strong></span> <span class='ocrx_word' id='word_1_492' title='bbox 258 2136 356 2163; x_wconf 77' lang='lat' dir='ltr'><strong>genus.</strong></span> <span class='ocrx_word' id='word_1_493' title='bbox 367 2129 588 2165; x_wconf 75' lang='lat' dir='ltr'><strong>Catelusii278</strong></span> <span class='ocrx_word' id='word_1_494' title='bbox 603 2131 699 2158; x_wconf 85' lang='lat' dir='ltr'><strong>urbem</strong></span> <span class='ocrx_word' id='word_1_495' title='bbox 714 2139 774 2159; x_wconf 84' lang='lat' dir='ltr'><strong>eam</strong></span> <span class='ocrx_word' id='word_1_496' title='bbox 787 2139 968 2168; x_wconf 79' lang='lat' dir='ltr'><strong>occuparunt,</strong></span> 
     </span>
    </p>
   </div>
   <div class='ocr_carea' id='block_1_76' title="bbox 185 2173 969 2211">
    <p class='ocr_par' dir='ltr' id='par_1_76' title="bbox 185 2173 969 2211">
     <span class='ocr_line' id='line_1_76' title="bbox 185 2173 969 2211; baseline 0.009 -10"><span class='ocrx_word' id='word_1_497' title='bbox 185 2179 213 2202; x_wconf 89' lang='lat' dir='ltr'><strong>ct</strong></span> <span class='ocrx_word' id='word_1_498' title='bbox 223 2173 332 2202; x_wconf 80' lang='lat' dir='ltr'><strong>fortiter</strong></span> <span class='ocrx_word' id='word_1_499' title='bbox 344 2179 497 2207; x_wconf 85' lang='lat' dir='ltr'><strong>retenuere,</strong></span> <span class='ocrx_word' id='word_1_500' title='bbox 511 2183 573 2203; x_wconf 86' lang='lat' dir='ltr'><strong>cum</strong></span> <span class='ocrx_word' id='word_1_501' title='bbox 584 2176 747 2211; x_wconf 82' lang='lat' dir='ltr'><strong>plerumque</strong></span> <span class='ocrx_word' id='word_1_502' title='bbox 761 2178 900 2207; x_wconf 87' lang='lat' dir='ltr'><strong>intestinis</strong></span> <span class='ocrx_word' id='word_1_503' title='bbox 924 2187 969 2207; x_wconf 86' lang='lat' dir='ltr'><strong>se-</strong></span> 
     </span>
    </p>
   </div>
   <div class='ocr_carea' id='block_1_77' title="bbox 186 2219 969 2259">
    <p class='ocr_par' dir='ltr' id='par_1_77' title="bbox 186 2219 969 2259">
     <span class='ocr_line' id='line_1_77' title="bbox 186 2219 969 2259; baseline 0.009 -13"><span class='ocrx_word' id='word_1_504' title='bbox 186 2219 337 2255; x_wconf 80' lang='lat' dir='ltr'><strong>ditionibus</strong></span> <span class='ocrx_word' id='word_1_505' title='bbox 354 2224 381 2247; x_wconf 91' lang='lat' dir='ltr'><strong>et</strong></span> <span class='ocrx_word' id='word_1_506' title='bbox 394 2220 465 2247; x_wconf 88' lang='lat' dir='ltr'><strong>odiis</strong></span> <span class='ocrx_word' id='word_1_507' title='bbox 483 2221 689 2256; x_wconf 78' lang='lat' dir='ltr'><strong>exagitarentut‘</strong></span> <span class='ocrx_word' id='word_1_508' title='bbox 705 2221 864 2251; x_wconf 64' lang='lat' dir='ltr'><strong>Grmeorum</strong></span> <span class='ocrx_word' id='word_1_509' title='bbox 881 2231 969 2259; x_wconf 77' lang='lat' dir='ltr'><strong>reges.</strong></span> 
     </span>
    </p>
   </div>
   <div class='ocr_carea' id='block_1_78' title="bbox 187 2266 970 2301">
    <p class='ocr_par' dir='ltr' id='par_1_78' title="bbox 187 2266 970 2301">
     <span class='ocr_line' id='line_1_78' title="bbox 187 2266 970 2301; baseline 0.006 -7"><span class='ocrx_word' id='word_1_510' title='bbox 187 2266 299 2294; x_wconf 84' lang='lat' dir='ltr'><strong>Videtur</strong></span> <span class='ocrx_word' id='word_1_511' title='bbox 310 2271 401 2294; x_wconf 88' lang='lat' dir='ltr'><strong>autem</strong></span> <span class='ocrx_word' id='word_1_512' title='bbox 413 2267 464 2295; x_wconf 87' lang='lat' dir='ltr'><strong>ista</strong></span> <span class='ocrx_word' id='word_1_513' title='bbox 476 2266 625 2301; x_wconf 87' lang='lat' dir='ltr'><strong>insulajam</strong></span> <span class='ocrx_word' id='word_1_514' title='bbox 638 2268 689 2296; x_wconf 91' lang='lat' dir='ltr'><strong>sub</strong></span> <span class='ocrx_word' id='word_1_515' title='bbox 698 2268 842 2297; x_wconf 84' lang='lat' dir='ltr'><strong>Catelusiis</strong></span> <span class='ocrx_word' id='word_1_516' title='bbox 850 2269 970 2299; x_wconf 81' lang='lat' dir='ltr'><strong>Januen-</strong></span> 
     </span>
    </p>
   </div>
   <div class='ocr_carea' id='block_1_79' title="bbox 186 2313 988 2348">
    <p class='ocr_par' dir='ltr' id='par_1_79' title="bbox 186 2313 988 2348">
     <span class='ocr_line' id='line_1_79' title="bbox 186 2313 988 2348; baseline 0.005 -7"><span class='ocrx_word' id='word_1_517' title='bbox 186 2313 262 2341; x_wconf 85' lang='lat' dir='ltr'><strong>sibus</strong></span> <span class='ocrx_word' id='word_1_518' title='bbox 277 2313 428 2346; x_wconf 82' lang='lat' dir='ltr'><strong>exstitisse,</strong></span> <span class='ocrx_word' id='word_1_519' title='bbox 440 2318 467 2340; x_wconf 88' lang='lat' dir='ltr'><strong>et</strong></span> <span class='ocrx_word' id='word_1_520' title='bbox 481 2313 605 2348; x_wconf 86' lang='lat' dir='ltr'><strong>paruisse</strong></span> <span class='ocrx_word' id='word_1_521' title='bbox 622 2314 729 2343; x_wconf 68' lang='lat' dir='ltr'><strong>Phocis:</strong></span> <span class='ocrx_word' id='word_1_522' title='bbox 742 2316 767 2343; x_wconf 93' lang='lat' dir='ltr'><strong>in</strong></span> <span class='ocrx_word' id='word_1_523' title='bbox 785 2316 850 2343; x_wconf 80' lang='lat' dir='ltr'><strong>Asia</strong></span> <span class='ocrx_word' id='word_1_524' title='bbox 882 2317 971 2345; x_wconf 91' lang='lat' dir='ltr'><strong>admi-</strong></span> <span class='ocrx_word' id='word_1_525' title='bbox 986 2313 988 2315; x_wconf 75' lang='grc'><em>’</em></span> 
     </span>
    </p>
   </div>
   <div class='ocr_carea' id='block_1_80' title="bbox 187 2357 970 2392">
    <p class='ocr_par' dir='ltr' id='par_1_80' title="bbox 187 2357 970 2392">
     <span class='ocr_line' id='line_1_80' title="bbox 187 2357 970 2392; baseline 0.003 -6"><span class='ocrx_word' id='word_1_526' title='bbox 187 2358 336 2392; x_wconf 84' lang='lat' dir='ltr'><strong>nistratori,</strong></span> <span class='ocrx_word' id='word_1_527' title='bbox 352 2358 397 2387; x_wconf 91' lang='lat' dir='ltr'><strong>cui</strong></span> <span class='ocrx_word' id='word_1_528' title='bbox 413 2365 513 2386; x_wconf 86' lang='lat' dir='ltr'><strong>nomen</strong></span> <span class='ocrx_word' id='word_1_529' title='bbox 529 2357 582 2385; x_wconf 83' lang='lat' dir='ltr'><strong>fuit</strong></span> <span class='ocrx_word' id='word_1_530' title='bbox 607 2358 734 2386; x_wconf 80' lang='lat' dir='ltr'><strong>Catanes.</strong></span> <span class='ocrx_word' id='word_1_531' title='bbox 755 2359 855 2387; x_wconf 86' lang='lat' dir='ltr'><strong>Verum</strong></span> <span class='ocrx_word' id='word_1_532' title='bbox 872 2369 905 2388; x_wconf 79' lang='lat' dir='ltr'><strong>ex</strong></span> <span class='ocrx_word' id='word_1_533' title='bbox 927 2361 970 2388; x_wconf 90' lang='lat' dir='ltr'><strong>in-</strong></span> 
     </span>
    </p>
   </div>
   <div class='ocr_carea' id='block_1_81' title="bbox 186 2403 969 2439">
    <p class='ocr_par' dir='ltr' id='par_1_81' title="bbox 186 2403 969 2439">
     <span class='ocr_line' id='line_1_81' title="bbox 186 2403 969 2439; baseline 0.005 -10"><span class='ocrx_word' id='word_1_534' title='bbox 186 2403 262 2431; x_wconf 80' lang='lat' dir='ltr'><strong>sidiis</strong></span> <span class='ocrx_word' id='word_1_535' title='bbox 287 2404 403 2431; x_wconf 86' lang='lat' dir='ltr'><strong>insulam</strong></span> <span class='ocrx_word' id='word_1_536' title='bbox 420 2404 641 2439; x_wconf 78' lang='lat' dir='ltr'><strong>liancoccupavit</strong></span> <span class='ocrx_word' id='word_1_537' title='bbox 663 2405 790 2432; x_wconf 84' lang='lat' dir='ltr'><strong>Catanes.</strong></span> <span class='ocrx_word' id='word_1_538' title='bbox 808 2404 857 2433; x_wconf 90' lang='lat' dir='ltr'><strong>Cui</strong></span> <span class='ocrx_word' id='word_1_539' title='bbox 869 2405 969 2433; x_wconf 84' lang='lat' dir='ltr'><strong>bellum</strong></span> 
     </span>
    </p>
   </div>
   <div class='ocr_carea' id='block_1_82' title="bbox 188 2450 970 2487">
    <p class='ocr_par' dir='ltr' id='par_1_82' title="bbox 188 2450 970 2487">
     <span class='ocr_line' id='line_1_82' title="bbox 188 2450 970 2487; baseline 0.004 -11"><span class='ocrx_word' id='word_1_540' title='bbox 188 2450 309 2478; x_wconf 85' lang='lat' dir='ltr'><strong>inferens</strong></span> <span class='ocrx_word' id='word_1_541' title='bbox 332 2450 488 2479; x_wconf 66' lang='lat' dir='ltr'><strong>Graecorum</strong></span> <span class='ocrx_word' id='word_1_542' title='bbox 517 2460 576 2485; x_wconf 79' lang='lat' dir='ltr'><strong>rex,</strong></span> <span class='ocrx_word' id='word_1_543' title='bbox 593 2451 675 2479; x_wconf 89' lang='lat' dir='ltr'><strong>ctiam</strong></span> <span class='ocrx_word' id='word_1_544' title='bbox 692 2451 834 2487; x_wconf 81' lang='lat' dir='ltr'><strong>Mitylenas</strong></span> <span class='ocrx_word' id='word_1_545' title='bbox 852 2460 901 2479; x_wconf 88' lang='lat' dir='ltr'><strong>suo</strong></span> <span class='ocrx_word' id='word_1_546' title='bbox 918 2453 970 2479; x_wconf 77' lang='lat' dir='ltr'><strong>im-</strong></span> 
     </span>
    </p>
   </div>
   <div class='ocr_carea' id='block_1_83' title="bbox 189 2497 968 2534">
    <p class='ocr_par' dir='ltr' id='par_1_83' title="bbox 189 2497 968 2534">
     <span class='ocr_line' id='line_1_83' title="bbox 189 2497 968 2534; baseline 0.003 -10"><span class='ocrx_word' id='word_1_547' title='bbox 189 2498 264 2532; x_wconf 84' lang='lat' dir='ltr'><strong>pcrio</strong></span> <span class='ocrx_word' id='word_1_548' title='bbox 279 2497 380 2532; x_wconf 75' lang='lat' dir='ltr'><strong>junxit,</strong></span> <span class='ocrx_word' id='word_1_549' title='bbox 396 2506 444 2526; x_wconf 86' lang='lat' dir='ltr'><strong>nec</strong></span> <span class='ocrx_word' id='word_1_550' title='bbox 466 2498 568 2526; x_wconf 87' lang='lat' dir='ltr'><strong>bellum</strong></span> <span class='ocrx_word' id='word_1_551' title='bbox 593 2506 686 2534; x_wconf 77' lang='lat' dir='ltr'><strong>gerere</strong></span> <span class='ocrx_word' id='word_1_552' title='bbox 716 2503 811 2525; x_wconf 86' lang='lat' dir='ltr'><strong>contra</strong></span> <span class='ocrx_word' id='word_1_553' title='bbox 826 2499 968 2526; x_wconf 68' lang='lat' dir='ltr'><strong>Phameam</strong></span> 
     </span>
    </p>
   </div>
   <div class='ocr_carea' id='block_1_84' title="bbox 188 2543 969 2579">
    <p class='ocr_par' dir='ltr' id='par_1_84' title="bbox 188 2543 969 2579">
     <span class='ocr_line' id='line_1_84' title="bbox 188 2543 969 2579; baseline 0.001 -10"><span class='ocrx_word' id='word_1_554' title='bbox 188 2543 331 2570; x_wconf 73' lang='lat' dir='ltr'><strong>abstinuit.</strong></span> <span class='ocrx_word' id='word_1_555' title='bbox 352 2544 456 2571; x_wconf 78' lang='lat' dir='ltr'><strong>Exinde</strong></span> <span class='ocrx_word' id='word_1_556' title='bbox 480 2552 542 2571; x_wconf 92' lang='lat' dir='ltr'><strong>cum</strong></span> <span class='ocrx_word' id='word_1_557' title='bbox 558 2544 687 2572; x_wconf 85' lang='lat' dir='ltr'><strong>Catclusii</strong></span> <span class='ocrx_word' id='word_1_558' title='bbox 707 2543 821 2579; x_wconf 78' lang='lat' dir='ltr'><strong>impigre</strong></span> <span class='ocrx_word' id='word_1_559' title='bbox 845 2543 969 2572; x_wconf 86' lang='lat' dir='ltr'><strong>subsidio</strong></span> 
     </span>
    </p>
   </div>
   <div class='ocr_carea' id='block_1_85' title="bbox 189 2589 971 2626">
    <p class='ocr_par' dir='ltr' id='par_1_85' title="bbox 189 2589 971 2626">
     <span class='ocr_line' id='line_1_85' title="bbox 189 2589 971 2626; baseline 0.001 -10"><span class='ocrx_word' id='word_1_560' title='bbox 189 2590 328 2618; x_wconf 83' lang='lat' dir='ltr'><strong>venissent</strong></span> <span class='ocrx_word' id='word_1_561' title='bbox 338 2589 467 2626; x_wconf 85' lang='lat' dir='ltr'><strong>Byzantio</strong></span> <span class='ocrx_word' id='word_1_562' title='bbox 478 2591 545 2626; x_wconf 78' lang='lat' dir='ltr'><strong>regi,</strong></span> <span class='ocrx_word' id='word_1_563' title='bbox 555 2591 688 2618; x_wconf 83' lang='lat' dir='ltr'><strong>beneﬁcio</strong></span> <span class='ocrx_word' id='word_1_564' title='bbox 702 2591 762 2626; x_wconf 80' lang='lat' dir='ltr'><strong>ejus</strong></span> <span class='ocrx_word' id='word_1_565' title='bbox 777 2590 871 2617; x_wconf 78' lang='lat' dir='ltr'><strong>insulae</strong></span> <span class='ocrx_word' id='word_1_566' title='bbox 882 2590 971 2617; x_wconf 89' lang='lat' dir='ltr'><strong>domi-</strong></span> 
     </span>
    </p>
   </div>
   <div class='ocr_carea' id='block_1_86' title="bbox 191 2636 971 2672">
    <p class='ocr_par' dir='ltr' id='par_1_86' title="bbox 191 2636 971 2672">
     <span class='ocr_line' id='line_1_86' title="bbox 191 2636 971 2672; baseline -0.001 -8"><span class='ocrx_word' id='word_1_567' title='bbox 191 2638 265 2666; x_wconf 86' lang='lat' dir='ltr'><strong>nium</strong></span> <span class='ocrx_word' id='word_1_568' title='bbox 279 2637 418 2665; x_wconf 82' lang='lat' dir='ltr'><strong>conseculi</strong></span> <span class='ocrx_word' id='word_1_569' title='bbox 435 2643 510 2666; x_wconf 87' lang='lat' dir='ltr'><strong>sunt.</strong></span> <span class='ocrx_word' id='word_1_570' title='bbox 522 2636 598 2665; x_wconf 87' lang='lat' dir='ltr'><strong>Hanc</strong></span> <span class='ocrx_word' id='word_1_571' title='bbox 613 2642 734 2672; x_wconf 89' lang='lat' dir='ltr'><strong>tempore</strong></span> <span class='ocrx_word' id='word_1_572' title='bbox 748 2637 828 2671; x_wconf 73' lang='lat' dir='ltr'><strong>longo</strong></span> <span class='ocrx_word' id='word_1_573' title='bbox 840 2640 951 2663; x_wconf 86' lang='lat' dir='ltr'><strong>tenuere</strong></span> <span class='ocrx_word' id='word_1_574' title='bbox 963 2645 971 2670; x_wconf 90' lang='lat'><strong>;</strong></span> 
     </span>
    </p>
   </div>
   <div class='ocr_carea' id='block_1_87' title="bbox 188 2681 973 2721">
    <p class='ocr_par' dir='ltr' id='par_1_87' title="bbox 188 2681 973 2721">
     <span class='ocr_line' id='line_1_87' title="bbox 188 2681 973 2721; baseline -0.001 -10"><span class='ocrx_word' id='word_1_575' title='bbox 188 2684 248 2721; x_wconf 82' lang='lat' dir='ltr'><strong>ejus</strong></span> <span class='ocrx_word' id='word_1_576' title='bbox 262 2683 399 2720; x_wconf 84' lang='lat' dir='ltr'><strong>principes</strong></span> <span class='ocrx_word' id='word_1_577' title='bbox 415 2684 497 2712; x_wconf 89' lang='lat' dir='ltr'><strong>etiam</strong></span> <span class='ocrx_word' id='word_1_578' title='bbox 516 2688 609 2712; x_wconf 88' lang='lat' dir='ltr'><strong>nostra</strong></span> <span class='ocrx_word' id='word_1_579' title='bbox 625 2684 738 2718; x_wconf 73' lang='lat' dir='ltr'><strong>attigere</strong></span> <span class='ocrx_word' id='word_1_580' title='bbox 754 2688 887 2718; x_wconf 87' lang='lat' dir='ltr'><strong>tempora.</strong></span> <span class='ocrx_word' id='word_1_581' title='bbox 906 2681 973 2710; x_wconf 75' lang='lat' dir='ltr'><strong>Jun-</strong></span> 
     </span>
    </p>
   </div>
   <div class='ocr_carea' id='block_1_88' title="bbox 1018 1616 1802 1653">
    <p class='ocr_par' dir='ltr' id='par_1_88' title="bbox 1018 1616 1802 1653">
     <span class='ocr_line' id='line_1_88' title="bbox 1018 1616 1802 1653; baseline -0.005 -8"><span class='ocrx_word' id='word_1_582' title='bbox 1018 1618 1210 1650; x_wconf 75' lang='grc' dir='ltr'>Κατελουτζων</span> <span class='ocrx_word' id='word_1_583' title='bbox 1227 1617 1454 1653; x_wconf 70' lang='grc' dir='ltr'>ὶπικαλούμενον,</span> <span class='ocrx_word' id='word_1_584' title='bbox 1470 1617 1546 1644; x_wconf 76' lang='grc' dir='ltr'>δοκεῖ</span> <span class='ocrx_word' id='word_1_585' title='bbox 1555 1616 1605 1652; x_wconf 78' lang='grc' dir='ltr'>μὲν</span> <span class='ocrx_word' id='word_1_586' title='bbox 1620 1616 1802 1650; x_wconf 83' lang='grc' dir='ltr'>ύπδῚανυίης</span> 
     </span>
    </p>
   </div>
   <div class='ocr_carea' id='block_1_89' title="bbox 1017 1663 1802 1701">
    <p class='ocr_par' dir='ltr' id='par_1_89' title="bbox 1017 1663 1802 1701">
     <span class='ocr_line' id='line_1_89' title="bbox 1017 1663 1802 1701; baseline -0.006 -8"><span class='ocrx_word' id='word_1_587' title='bbox 1017 1665 1156 1701; x_wconf 76' lang='grc' dir='ltr'>γενέσθαι.</span> <span class='ocrx_word' id='word_1_588' title='bbox 1181 1665 1360 1700; x_wconf 78' lang='grc' dir='ltr'>’Δφικόμενον</span> <span class='ocrx_word' id='word_1_589' title='bbox 1370 1664 1399 1691; x_wconf 68' lang='grc' dir='ltr'>δὲ</span> <span class='ocrx_word' id='word_1_590' title='bbox 1414 1664 1461 1690; x_wconf 72' lang='grc' dir='ltr'><strong>ἐπὶ</strong></span> <span class='ocrx_word' id='word_1_591' title='bbox 1479 1663 1638 1699; x_wconf 79' lang='grc' dir='ltr'>συμμαχίαν</span> <span class='ocrx_word' id='word_1_592' title='bbox 1660 1663 1714 1690; x_wconf 82' lang='grc' dir='ltr'><strong>τῶν</strong></span> <span class='ocrx_word' id='word_1_593' title='bbox 1743 1663 1802 1689; x_wconf 85' lang='grc' dir='ltr'><strong>Ἐλ-</strong></span> 
     </span>
    </p>
   </div>
   <div class='ocr_carea' id='block_1_90' title="bbox 1017 1709 1804 1748">
    <p class='ocr_par' dir='ltr' id='par_1_90' title="bbox 1017 1709 1804 1748">
     <span class='ocr_line' id='line_1_90' title="bbox 1017 1709 1804 1748; baseline -0.005 -9"><span class='ocrx_word' id='word_1_594' title='bbox 1017 1712 1108 1748; x_wconf 88' lang='grc' dir='ltr'>λήνων</span> <span class='ocrx_word' id='word_1_595' title='bbox 1119 1711 1267 1744; x_wconf 76' lang='grc' dir='ltr'>Βυζαντίου</span> <span class='ocrx_word' id='word_1_596' title='bbox 1284 1711 1401 1746; x_wconf 83' lang='grc' dir='ltr'>βασιλεί,</span> <span class='ocrx_word' id='word_1_597' title='bbox 1417 1711 1506 1745; x_wconf 76' lang='grc' dir='ltr'>ἔχοντι</span> <span class='ocrx_word' id='word_1_598' title='bbox 1522 1710 1644 1745; x_wconf 83' lang='grc' dir='ltr'>ὑπήκοον</span> <span class='ocrx_word' id='word_1_599' title='bbox 1654 1709 1705 1745; x_wconf 80' lang='grc' dir='ltr'><strong>τήν</strong></span> <span class='ocrx_word' id='word_1_600' title='bbox 1722 1710 1804 1744; x_wconf 84' lang='grc' dir='ltr'>νῆσον</span> 
     </span>
    </p>
   </div>
   <div class='ocr_carea' id='block_1_91' title="bbox 1017 1756 1804 1795">
    <p class='ocr_par' dir='ltr' id='par_1_91' title="bbox 1017 1756 1804 1795">
     <span class='ocr_line' id='line_1_91' title="bbox 1017 1756 1804 1795; baseline -0.005 -9"><span class='ocrx_word' id='word_1_601' title='bbox 1017 1758 1131 1795; x_wconf 84' lang='grc' dir='ltr'>ταύτην,</span> <span class='ocrx_word' id='word_1_602' title='bbox 1147 1758 1335 1793; x_wconf 77' lang='grc' dir='ltr'>συμϐαλέσθαι</span> <span class='ocrx_word' id='word_1_603' title='bbox 1347 1766 1376 1784; x_wconf 88' lang='grc' dir='ltr'><strong>τε</strong></span> <span class='ocrx_word' id='word_1_604' title='bbox 1390 1758 1438 1784; x_wconf 72' lang='grc' dir='ltr'><strong>καὶ</strong></span> <span class='ocrx_word' id='word_1_605' title='bbox 1454 1757 1629 1792; x_wconf 72' lang='grc' dir='ltr'>ὑπουργῆσαι</span> <span class='ocrx_word' id='word_1_606' title='bbox 1644 1756 1753 1791; x_wconf 75' lang='grc' dir='ltr'>μεγάλα</span> <span class='ocrx_word' id='word_1_607' title='bbox 1764 1756 1804 1790; x_wconf 85' lang='grc' dir='ltr'>τῷ</span> 
     </span>
    </p>
   </div>
   <div class='ocr_carea' id='block_1_92' title="bbox 1019 1799 1803 1840">
    <p class='ocr_par' dir='ltr' id='par_1_92' title="bbox 1019 1799 1803 1840">
     <span class='ocr_line' id='line_1_92' title="bbox 1019 1799 1803 1840; baseline -0.008 -9"><span class='ocrx_word' id='word_1_608' title='bbox 1019 1805 1134 1840; x_wconf 78' lang='grc' dir='ltr'>βασιλεῖ,</span> <span class='ocrx_word' id='word_1_609' title='bbox 1149 1804 1183 1831; x_wconf 82' lang='grc' dir='ltr'>δι’</span> <span class='ocrx_word' id='word_1_610' title='bbox 1201 1803 1219 1831; x_wconf 78' lang='grc' dir='ltr'>ἃ</span> <span class='ocrx_word' id='word_1_611' title='bbox 1232 1803 1266 1839; x_wconf 84' lang='grc' dir='ltr'>δὴ</span> <span class='ocrx_word' id='word_1_612' title='bbox 1284 1803 1375 1839; x_wconf 84' lang='grc' dir='ltr'>σφίσιν</span> <span class='ocrx_word' id='word_1_613' title='bbox 1389 1801 1575 1838; x_wconf 78' lang='grc' dir='ltr'>ἐπιτραπῆναι</span> <span class='ocrx_word' id='word_1_614' title='bbox 1585 1800 1635 1836; x_wconf 82' lang='grc' dir='ltr'>τὴν</span> <span class='ocrx_word' id='word_1_615' title='bbox 1650 1800 1733 1835; x_wconf 81' lang='grc' dir='ltr'>νῆσον</span> <span class='ocrx_word' id='word_1_616' title='bbox 1749 1799 1803 1826; x_wconf 83' lang='grc' dir='ltr'><strong>ύπδ</strong></span> 
     </span>
    </p>
   </div>
   <div class='ocr_carea' id='block_1_93' title="bbox 1019 1846 1805 1888">
    <p class='ocr_par' dir='ltr' id='par_1_93' title="bbox 1019 1846 1805 1888">
     <span class='ocr_line' id='line_1_93' title="bbox 1019 1846 1805 1888; baseline -0.008 -9"><span class='ocrx_word' id='word_1_617' title='bbox 1019 1852 1074 1880; x_wconf 86' lang='grc' dir='ltr'><strong>τῶν</strong></span> <span class='ocrx_word' id='word_1_618' title='bbox 1090 1852 1222 1888; x_wconf 81' lang='grc' dir='ltr'>βασιλέων</span> <span class='ocrx_word' id='word_1_619' title='bbox 1237 1850 1341 1886; x_wconf 79' lang='grc' dir='ltr'>ἄρχειν.</span> <span class='ocrx_word' id='word_1_620' title='bbox 1358 1850 1532 1885; x_wconf 74' lang='grc' dir='ltr'>Κατέχοντας</span> <span class='ocrx_word' id='word_1_621' title='bbox 1550 1849 1572 1865; x_wconf 76' lang='grc'><strong><em>³⁸</em></strong></span> <span class='ocrx_word' id='word_1_622' title='bbox 1588 1847 1618 1875; x_wconf 78' lang='grc' dir='ltr'>δὲ</span> <span class='ocrx_word' id='word_1_623' title='bbox 1632 1847 1735 1883; x_wconf 80' lang='grc' dir='ltr'>ταύτην</span> <span class='ocrx_word' id='word_1_624' title='bbox 1754 1846 1805 1882; x_wconf 80' lang='grc' dir='ltr'><strong>τὴν</strong></span> 
     </span>
    </p>
   </div>
   <div class='ocr_carea' id='block_1_94' title="bbox 1019 1894 1805 1934">
    <p class='ocr_par' dir='ltr' id='par_1_94' title="bbox 1019 1894 1805 1934">
     <span class='ocr_line' id='line_1_94' title="bbox 1019 1894 1805 1934; baseline -0.006 -9"><span class='ocrx_word' id='word_1_625' title='bbox 1019 1900 1102 1934; x_wconf 76' lang='grc' dir='ltr'>νῆσον</span> <span class='ocrx_word' id='word_1_626' title='bbox 1125 1897 1239 1932; x_wconf 79' lang='grc' dir='ltr'>ὕστερον</span> <span class='ocrx_word' id='word_1_627' title='bbox 1250 1897 1433 1932; x_wconf 81' lang='grc' dir='ltr'>ὡρμημένους</span> <span class='ocrx_word' id='word_1_628' title='bbox 1445 1895 1500 1922; x_wconf 81' lang='grc' dir='ltr'><strong>ἀπὸ</strong></span> <span class='ocrx_word' id='word_1_629' title='bbox 1513 1894 1628 1930; x_wconf 66' lang='grc' dir='ltr'>ταύτης,</span> <span class='ocrx_word' id='word_1_630' title='bbox 1661 1894 1805 1929; x_wconf 82' lang='grc' dir='ltr'>καταλαμ-</span> 
     </span>
    </p>
   </div>
   <div class='ocr_carea' id='block_1_95' title="bbox 1019 1940 1806 1979">
    <p class='ocr_par' dir='ltr' id='par_1_95' title="bbox 1019 1940 1806 1979">
     <span class='ocr_line' id='line_1_95' title="bbox 1019 1940 1806 1979; baseline -0.006 -7"><span class='ocrx_word' id='word_1_631' title='bbox 1019 1946 1112 1972; x_wconf 70' lang='grc' dir='ltr'>ϐάνειν</span> <span class='ocrx_word' id='word_1_632' title='bbox 1124 1942 1247 1972; x_wconf 68' lang='lat' dir='ltr'><strong>&quot;‘Mvov</strong></span> <span class='ocrx_word' id='word_1_633' title='bbox 1275 1943 1354 1970; x_wconf 86' lang='grc' dir='ltr'>πόλιν</span> <span class='ocrx_word' id='word_1_634' title='bbox 1370 1942 1420 1979; x_wconf 81' lang='grc' dir='ltr'>τὴν</span> <span class='ocrx_word' id='word_1_635' title='bbox 1438 1942 1468 1969; x_wconf 83' lang='grc' dir='ltr'>ὲν</span> <span class='ocrx_word' id='word_1_636' title='bbox 1498 1942 1531 1978; x_wconf 84' lang='grc' dir='ltr'><strong>τῇ</strong></span> <span class='ocrx_word' id='word_1_637' title='bbox 1553 1941 1650 1977; x_wconf 80' lang='grc' dir='ltr'><strong>Θρᾴκῃ</strong></span> <span class='ocrx_word' id='word_1_638' title='bbox 1674 1940 1750 1976; x_wconf 82' lang='grc' dir='ltr'>παρὰ</span> <span class='ocrx_word' id='word_1_639' title='bbox 1766 1941 1806 1975; x_wconf 84' lang='grc' dir='ltr'>τῷ</span> 
     </span>
    </p>
   </div>
   <div class='ocr_carea' id='block_1_96' title="bbox 1019 1987 1806 2027">
    <p class='ocr_par' dir='ltr' id='par_1_96' title="bbox 1019 1987 1806 2027">
     <span class='ocr_line' id='line_1_96' title="bbox 1019 1987 1806 2027; baseline -0.006 -9"><span class='ocrx_word' id='word_1_640' title='bbox 1019 1990 1099 2027; x_wconf 79' lang='grc' dir='ltr'><strong>Εὗρῳ</strong></span> <span class='ocrx_word' id='word_1_641' title='bbox 1111 1990 1227 2026; x_wconf 83' lang='grc' dir='ltr'>ποταμῷ</span> <span class='ocrx_word' id='word_1_642' title='bbox 1243 1989 1436 2025; x_wconf 77' lang='grc' dir='ltr'>διενεχθέντων</span> <span class='ocrx_word' id='word_1_643' title='bbox 1451 1988 1506 2015; x_wconf 84' lang='grc' dir='ltr'>τῶν</span> <span class='ocrx_word' id='word_1_644' title='bbox 1524 1989 1554 2014; x_wconf 79' lang='grc' dir='ltr'>ὲν</span> <span class='ocrx_word' id='word_1_645' title='bbox 1574 1989 1608 2023; x_wconf 81' lang='grc' dir='ltr'><strong>τῇ</strong></span> <span class='ocrx_word' id='word_1_646' title='bbox 1636 1987 1715 2014; x_wconf 85' lang='grc' dir='ltr'>πόλει</span> <span class='ocrx_word' id='word_1_647' title='bbox 1736 1987 1806 2022; x_wconf 80' lang='grc' dir='ltr'>πρὸς</span> 
     </span>
    </p>
   </div>
   <div class='ocr_carea' id='block_1_97' title="bbox 1019 2032 1805 2072">
    <p class='ocr_par' dir='ltr' id='par_1_97' title="bbox 1019 2032 1805 2072">
     <span class='ocr_line' id='line_1_97' title="bbox 1019 2032 1805 2072; baseline -0.006 -8"><span class='ocrx_word' id='word_1_648' title='bbox 1019 2037 1065 2064; x_wconf 82' lang='grc' dir='ltr'><strong>τὸν</strong></span> <span class='ocrx_word' id='word_1_649' title='bbox 1080 2036 1143 2072; x_wconf 83' lang='grc' dir='ltr'>τῇδε</span> <span class='ocrx_word' id='word_1_650' title='bbox 1162 2035 1245 2063; x_wconf 71' lang='grc' dir='ltr'>αὐτοῦ</span> <span class='ocrx_word' id='word_1_651' title='bbox 1260 2036 1310 2071; x_wconf 80' lang='grc' dir='ltr'>τῆς</span> <span class='ocrx_word' id='word_1_652' title='bbox 1335 2034 1441 2065; x_wconf 81' lang='grc' dir='ltr'>πόλεως</span> <span class='ocrx_word' id='word_1_653' title='bbox 1464 2032 1618 2069; x_wconf 79' lang='grc' dir='ltr'>ἁρμοστὴν,</span> <span class='ocrx_word' id='word_1_654' title='bbox 1648 2033 1696 2059; x_wconf 82' lang='grc' dir='ltr'><strong>καὶ</strong></span> <span class='ocrx_word' id='word_1_655' title='bbox 1712 2033 1805 2068; x_wconf 84' lang='grc' dir='ltr'>σφίσιν</span> 
     </span>
    </p>
   </div>
   <div class='ocr_carea' id='block_1_98' title="bbox 1019 2078 1807 2117">
    <p class='ocr_par' dir='ltr' id='par_1_98' title="bbox 1019 2078 1807 2117">
     <span class='ocr_line' id='line_1_98' title="bbox 1019 2078 1807 2117; baseline -0.006 -8"><span class='ocrx_word' id='word_1_656' title='bbox 1019 2081 1244 2117; x_wconf 70' lang='grc' dir='ltr'>ἐπικαλουμένων</span> <span class='ocrx_word' id='word_1_657' title='bbox 1269 2081 1324 2107; x_wconf 72' lang='grc' dir='ltr'><strong>ἀπὸ</strong></span> <span class='ocrx_word' id='word_1_658' title='bbox 1351 2080 1399 2114; x_wconf 83' lang='grc' dir='ltr'>τῆς</span> <span class='ocrx_word' id='word_1_659' title='bbox 1434 2079 1536 2106; x_wconf 77' lang='grc' dir='ltr'>Λέσϐου</span> <span class='ocrx_word' id='word_1_660' title='bbox 1561 2078 1592 2105; x_wconf 78' lang='grc' dir='ltr'>τὸ</span> <span class='ocrx_word' id='word_1_661' title='bbox 1614 2078 1807 2110; x_wconf 76' lang='grc' dir='ltr'>Κατελουΐζων</span> 
     </span>
    </p>
   </div>
   <div class='ocr_carea' id='block_1_99' title="bbox 1020 2126 1807 2163">
    <p class='ocr_par' dir='ltr' id='par_1_99' title="bbox 1020 2126 1807 2163">
     <span class='ocr_line' id='line_1_99' title="bbox 1020 2126 1807 2163; baseline -0.004 -8"><span class='ocrx_word' id='word_1_662' title='bbox 1020 2128 1108 2163; x_wconf 86' lang='grc' dir='ltr'>γένος.</span> <span class='ocrx_word' id='word_1_663' title='bbox 1127 2127 1336 2159; x_wconf 75' lang='grc' dir='ltr'>Καταλαὸὀντες</span> <span class='ocrx_word' id='word_1_664' title='bbox 1344 2127 1373 2154; x_wconf 82' lang='grc' dir='ltr'>δὲ</span> <span class='ocrx_word' id='word_1_665' title='bbox 1387 2127 1593 2162; x_wconf 78' lang='grc' dir='ltr'>διαφερομένων</span> <span class='ocrx_word' id='word_1_666' title='bbox 1615 2126 1742 2161; x_wconf 75' lang='grc' dir='ltr'>ἀλλήλοις</span> <span class='ocrx_word' id='word_1_667' title='bbox 1770 2126 1807 2156; x_wconf 81' lang='grc' dir='ltr'>ὡς</span> 
     </span>
    </p>
   </div>
   <div class='ocr_carea' id='block_1_100' title="bbox 1020 2171 1808 2208">
    <p class='ocr_par' dir='ltr' id='par_1_100' title="bbox 1020 2171 1808 2208">
     <span class='ocr_line' id='line_1_100' title="bbox 1020 2171 1808 2208; baseline -0.005 -6"><span class='ocrx_word' id='word_1_668' title='bbox 1020 2175 1067 2202; x_wconf 71' lang='grc' dir='ltr'><strong>ἐπὶ</strong></span> <span class='ocrx_word' id='word_1_669' title='bbox 1083 2175 1112 2202; x_wconf 76' lang='grc' dir='ltr'>τὸ</span> <span class='ocrx_word' id='word_1_670' title='bbox 1127 2174 1251 2201; x_wconf 81' lang='grc' dir='ltr'>πλεῖστον</span> <span class='ocrx_word' id='word_1_671' title='bbox 1265 2174 1319 2200; x_wconf 81' lang='grc' dir='ltr'><strong>τῶν</strong></span> <span class='ocrx_word' id='word_1_672' title='bbox 1337 2173 1405 2200; x_wconf 72' lang='grc' dir='ltr'>ποτὲ</span> <span class='ocrx_word' id='word_1_673' title='bbox 1424 2172 1561 2208; x_wconf 83' lang='grc' dir='ltr'>Ἐλλήνων</span> <span class='ocrx_word' id='word_1_674' title='bbox 1588 2171 1732 2208; x_wconf 74' lang='grc' dir='ltr'>βασιλέων.</span> <span class='ocrx_word' id='word_1_675' title='bbox 1760 2173 1808 2198; x_wconf 85' lang='grc' dir='ltr'><strong>Δο-</strong></span> 
     </span>
    </p>
   </div>
   <div class='ocr_carea' id='block_1_101' title="bbox 1022 2218 1808 2257">
    <p class='ocr_par' dir='ltr' id='par_1_101' title="bbox 1022 2218 1808 2257">
     <span class='ocr_line' id='line_1_101' title="bbox 1022 2218 1808 2257; baseline -0.005 -9"><span class='ocrx_word' id='word_1_676' title='bbox 1022 2223 1064 2248; x_wconf 78' lang='grc' dir='ltr'>κεῖ</span> <span class='ocrx_word' id='word_1_677' title='bbox 1077 2222 1105 2248; x_wconf 78' lang='grc' dir='ltr'>δὲ</span> <span class='ocrx_word' id='word_1_678' title='bbox 1119 2222 1136 2257; x_wconf 88' lang='grc' dir='ltr'><strong>ή</strong></span> <span class='ocrx_word' id='word_1_679' title='bbox 1150 2222 1232 2256; x_wconf 86' lang='grc' dir='ltr'>νῆσος</span> <span class='ocrx_word' id='word_1_680' title='bbox 1247 2219 1331 2255; x_wconf 78' lang='grc' dir='ltr'>αὕτη,</span> <span class='ocrx_word' id='word_1_681' title='bbox 1349 2220 1399 2246; x_wconf 77' lang='grc' dir='ltr'><strong>καὶ</strong></span> <span class='ocrx_word' id='word_1_682' title='bbox 1413 2219 1548 2255; x_wconf 83' lang='grc' dir='ltr'>πρότερον</span> <span class='ocrx_word' id='word_1_683' title='bbox 1571 2219 1618 2246; x_wconf 79' lang='grc' dir='ltr'><strong>ἐπὶ</strong></span> <span class='ocrx_word' id='word_1_684' title='bbox 1633 2219 1737 2245; x_wconf 84' lang='grc' dir='ltr'>τούτων</span> <span class='ocrx_word' id='word_1_685' title='bbox 1754 2218 1808 2245; x_wconf 84' lang='grc' dir='ltr'><strong>τῶν</strong></span> 
     </span>
    </p>
   </div>
   <div class='ocr_carea' id='block_1_102' title="bbox 1024 2265 1806 2301">
    <p class='ocr_par' dir='ltr' id='par_1_102' title="bbox 1024 2265 1806 2301">
     <span class='ocr_line' id='line_1_102' title="bbox 1024 2265 1806 2301; baseline -0.004 -7"><span class='ocrx_word' id='word_1_686' title='bbox 1024 2267 1224 2300; x_wconf 73' lang='grc' dir='ltr'>Κατελουϊζων,</span> <span class='ocrx_word' id='word_1_687' title='bbox 1240 2265 1368 2301; x_wconf 72' lang='grc' dir='ltr'>γενέσθαι</span> <span class='ocrx_word' id='word_1_688' title='bbox 1377 2265 1431 2292; x_wconf 81' lang='grc' dir='ltr'>ὑπὸ</span> <span class='ocrx_word' id='word_1_689' title='bbox 1439 2265 1551 2292; x_wconf 78' lang='grc' dir='ltr'>Ἰανυῖου</span> <span class='ocrx_word' id='word_1_690' title='bbox 1557 2274 1580 2298; x_wconf 79' lang='grc' dir='ltr'><strong>ς,</strong></span> <span class='ocrx_word' id='word_1_691' title='bbox 1590 2265 1637 2293; x_wconf 73' lang='grc' dir='ltr'><strong>καὶ</strong></span> <span class='ocrx_word' id='word_1_692' title='bbox 1646 2265 1806 2298; x_wconf 75' lang='grc' dir='ltr'>ὑπακούειν,</span> 
     </span>
    </p>
   </div>
   <div class='ocr_carea' id='block_1_103' title="bbox 1022 2311 1810 2349">
    <p class='ocr_par' dir='ltr' id='par_1_103' title="bbox 1022 2311 1810 2349">
     <span class='ocr_line' id='line_1_103' title="bbox 1022 2311 1810 2349; baseline -0.005 -7"><span class='ocrx_word' id='word_1_693' title='bbox 1022 2314 1085 2342; x_wconf 72' lang='grc' dir='ltr'>τότε</span> <span class='ocrx_word' id='word_1_694' title='bbox 1096 2313 1134 2349; x_wconf 81' lang='grc' dir='ltr'>τῷ</span> <span class='ocrx_word' id='word_1_695' title='bbox 1149 2312 1258 2348; x_wconf 83' lang='grc' dir='ltr'>Φωκίης</span> <span class='ocrx_word' id='word_1_696' title='bbox 1289 2313 1318 2339; x_wconf 78' lang='grc' dir='ltr'>ὲν</span> <span class='ocrx_word' id='word_1_697' title='bbox 1334 2314 1367 2348; x_wconf 82' lang='grc' dir='ltr'><strong>τῇ</strong></span> <span class='ocrx_word' id='word_1_698' title='bbox 1398 2311 1476 2348; x_wconf 81' lang='grc' dir='ltr'>Ἀσίᾳ</span> <span class='ocrx_word' id='word_1_699' title='bbox 1504 2312 1725 2346; x_wconf 78' lang='grc' dir='ltr'>ἐπιτροπεύοντι,</span> <span class='ocrx_word' id='word_1_700' title='bbox 1754 2313 1810 2338; x_wconf 84' lang='grc' dir='ltr'><strong>Κα-</strong></span> 
     </span>
    </p>
   </div>
   <div class='ocr_carea' id='block_1_104' title="bbox 1022 2356 1808 2396">
    <p class='ocr_par' dir='ltr' id='par_1_104' title="bbox 1022 2356 1808 2396">
     <span class='ocr_line' id='line_1_104' title="bbox 1022 2356 1808 2396; baseline -0.005 -8"><span class='ocrx_word' id='word_1_701' title='bbox 1022 2361 1090 2396; x_wconf 78' lang='grc' dir='ltr'>τάνη</span> <span class='ocrx_word' id='word_1_702' title='bbox 1104 2359 1222 2395; x_wconf 83' lang='grc' dir='ltr'>τοῦνομα</span> <span class='ocrx_word' id='word_1_703' title='bbox 1235 2359 1334 2394; x_wconf 74' lang='grc' dir='ltr'>ἔχοντι.</span> <span class='ocrx_word' id='word_1_704' title='bbox 1357 2356 1420 2385; x_wconf 84' lang='grc' dir='ltr'>Εἴλε</span> <span class='ocrx_word' id='word_1_705' title='bbox 1439 2358 1467 2385; x_wconf 81' lang='grc' dir='ltr'>δὲ</span> <span class='ocrx_word' id='word_1_706' title='bbox 1486 2359 1615 2394; x_wconf 82' lang='grc' dir='ltr'>Κατάνης</span> <span class='ocrx_word' id='word_1_707' title='bbox 1645 2359 1695 2394; x_wconf 81' lang='grc' dir='ltr'>τὴν</span> <span class='ocrx_word' id='word_1_708' title='bbox 1725 2358 1808 2393; x_wconf 74' lang='grc' dir='ltr'>νῆσον</span> 
     </span>
    </p>
   </div>
   <div class='ocr_carea' id='block_1_105' title="bbox 1021 2405 1804 2442">
    <p class='ocr_par' dir='ltr' id='par_1_105' title="bbox 1021 2405 1804 2442">
     <span class='ocr_line' id='line_1_105' title="bbox 1021 2405 1804 2442; baseline -0.004 -8"><span class='ocrx_word' id='word_1_709' title='bbox 1021 2408 1126 2442; x_wconf 79' lang='grc' dir='ltr'>ταύτην</span> <span class='ocrx_word' id='word_1_710' title='bbox 1154 2406 1297 2442; x_wconf 75' lang='grc' dir='ltr'>ἐπιϐουλῇ.</span> <span class='ocrx_word' id='word_1_711' title='bbox 1325 2405 1382 2432; x_wconf 73' lang='grc' dir='ltr'><strong>Καὶ</strong></span> <span class='ocrx_word' id='word_1_712' title='bbox 1409 2405 1423 2432; x_wconf 80' lang='grc' dir='ltr'><strong>δ</strong></span> <span class='ocrx_word' id='word_1_713' title='bbox 1447 2414 1477 2432; x_wconf 83' lang='grc' dir='ltr'><strong>τε</strong></span> <span class='ocrx_word' id='word_1_714' title='bbox 1509 2405 1644 2440; x_wconf 83' lang='grc' dir='ltr'>Ἑλλήνων</span> <span class='ocrx_word' id='word_1_715' title='bbox 1678 2405 1804 2440; x_wconf 77' lang='grc' dir='ltr'>βασιλεὺς</span> 
     </span>
    </p>
   </div>
   <div class='ocr_carea' id='block_1_106' title="bbox 1024 2451 1803 2489">
    <p class='ocr_par' dir='ltr' id='par_1_106' title="bbox 1024 2451 1803 2489">
     <span class='ocr_line' id='line_1_106' title="bbox 1024 2451 1803 2489; baseline -0.004 -9"><span class='ocrx_word' id='word_1_716' title='bbox 1024 2453 1262 2489; x_wconf 79' lang='grc' dir='ltr'>στρατευσάμενος</span> <span class='ocrx_word' id='word_1_717' title='bbox 1287 2451 1434 2485; x_wconf 82' lang='grc' dir='ltr'>ὲπ“αύτδν,</span> <span class='ocrx_word' id='word_1_718' title='bbox 1464 2451 1511 2478; x_wconf 77' lang='grc' dir='ltr'><strong>καὶ</strong></span> <span class='ocrx_word' id='word_1_719' title='bbox 1524 2453 1575 2487; x_wconf 81' lang='grc' dir='ltr'><strong>τήν</strong></span> <span class='ocrx_word' id='word_1_720' title='bbox 1589 2459 1620 2478; x_wconf 83' lang='grc' dir='ltr'><strong>τε</strong></span> <span class='ocrx_word' id='word_1_721' title='bbox 1646 2451 1803 2486; x_wconf 79' lang='grc' dir='ltr'>Μιτυλήνην</span> 
     </span>
    </p>
   </div>
   <div class='ocr_carea' id='block_1_107' title="bbox 1023 2497 1807 2535">
    <p class='ocr_par' dir='ltr' id='par_1_107' title="bbox 1023 2497 1807 2535">
     <span class='ocr_line' id='line_1_107' title="bbox 1023 2497 1807 2535; baseline -0.003 -8"><span class='ocrx_word' id='word_1_722' title='bbox 1023 2501 1226 2535; x_wconf 74' lang='grc' dir='ltr'>παρεστήσατο,</span> <span class='ocrx_word' id='word_1_723' title='bbox 1255 2498 1302 2525; x_wconf 74' lang='grc' dir='ltr'><strong>καὶ</strong></span> <span class='ocrx_word' id='word_1_724' title='bbox 1328 2498 1456 2532; x_wconf 72' lang='grc' dir='ltr'>ἐπολέμει</span> <span class='ocrx_word' id='word_1_725' title='bbox 1480 2499 1512 2534; x_wconf 82' lang='grc' dir='ltr'>τῇ</span> <span class='ocrx_word' id='word_1_726' title='bbox 1539 2497 1642 2534; x_wconf 77' lang='grc' dir='ltr'><strong>Φωκίῃ.</strong></span> <span class='ocrx_word' id='word_1_727' title='bbox 1672 2498 1752 2525; x_wconf 76' lang='grc' dir='ltr'><strong>Μετὰ</strong></span> <span class='ocrx_word' id='word_1_728' title='bbox 1779 2499 1807 2525; x_wconf 78' lang='grc' dir='ltr'>δὲ</span> 
     </span>
    </p>
   </div>
   <div class='ocr_carea' id='block_1_108' title="bbox 1024 2544 1810 2581">
    <p class='ocr_par' dir='ltr' id='par_1_108' title="bbox 1024 2544 1810 2581">
     <span class='ocr_line' id='line_1_108' title="bbox 1024 2544 1810 2581; baseline -0.004 -8"><span class='ocrx_word' id='word_1_729' title='bbox 1024 2546 1120 2578; x_wconf 79' lang='grc' dir='ltr'>ταῦτα,</span> <span class='ocrx_word' id='word_1_730' title='bbox 1145 2544 1379 2581; x_wconf 78' lang='grc' dir='ltr'>συμόαλ).ομένων</span> <span class='ocrx_word' id='word_1_731' title='bbox 1395 2544 1451 2570; x_wconf 78' lang='grc' dir='ltr'>τῶν</span> <span class='ocrx_word' id='word_1_732' title='bbox 1475 2544 1667 2576; x_wconf 82' lang='grc' dir='ltr'>Κατελουῖζων</span> <span class='ocrx_word' id='word_1_733' title='bbox 1696 2544 1735 2579; x_wconf 84' lang='grc' dir='ltr'>τῷ</span> <span class='ocrx_word' id='word_1_734' title='bbox 1757 2544 1810 2570; x_wconf 82' lang='grc' dir='ltr'><strong>Βυ-</strong></span> 
     </span>
    </p>
   </div>
   <div class='ocr_carea' id='block_1_109' title="bbox 1025 2589 1811 2625">
    <p class='ocr_par' dir='ltr' id='par_1_109' title="bbox 1025 2589 1811 2625">
     <span class='ocr_line' id='line_1_109' title="bbox 1025 2589 1811 2625; baseline -0.003 -7"><span class='ocrx_word' id='word_1_735' title='bbox 1025 2591 1134 2623; x_wconf 79' lang='grc' dir='ltr'>ζαντίου</span> <span class='ocrx_word' id='word_1_736' title='bbox 1156 2590 1270 2625; x_wconf 80' lang='grc' dir='ltr'>βασιλεῖ,</span> <span class='ocrx_word' id='word_1_737' title='bbox 1295 2589 1484 2625; x_wconf 76' lang='grc' dir='ltr'>ὲπετράποντό</span> <span class='ocrx_word' id='word_1_738' title='bbox 1507 2598 1538 2616; x_wconf 86' lang='grc' dir='ltr'><strong>τε</strong></span> <span class='ocrx_word' id='word_1_739' title='bbox 1566 2589 1616 2624; x_wconf 79' lang='grc' dir='ltr'><strong>τὴν</strong></span> <span class='ocrx_word' id='word_1_740' title='bbox 1640 2591 1734 2625; x_wconf 84' lang='grc' dir='ltr'>νῆσον,</span> <span class='ocrx_word' id='word_1_741' title='bbox 1763 2591 1811 2616; x_wconf 71' lang='grc' dir='ltr'>καὶ</span> 
     </span>
    </p>
   </div>
   <div class='ocr_carea' id='block_1_110' title="bbox 1025 2635 1810 2673">
    <p class='ocr_par' dir='ltr' id='par_1_110' title="bbox 1025 2635 1810 2673">
     <span class='ocr_line' id='line_1_110' title="bbox 1025 2635 1810 2673; baseline -0.001 -9"><span class='ocrx_word' id='word_1_742' title='bbox 1025 2637 1104 2673; x_wconf 76' lang='grc' dir='ltr'>ἔσχον</span> <span class='ocrx_word' id='word_1_743' title='bbox 1117 2637 1163 2663; x_wconf 81' lang='grc' dir='ltr'>ἐπί</span> <span class='ocrx_word' id='word_1_744' title='bbox 1177 2645 1255 2668; x_wconf 77' lang='grc' dir='ltr'>τινας</span> <span class='ocrx_word' id='word_1_745' title='bbox 1268 2637 1375 2670; x_wconf 76' lang='grc' dir='ltr'>γενεὰς,</span> <span class='ocrx_word' id='word_1_746' title='bbox 1391 2635 1582 2671; x_wconf 79' lang='grc' dir='ltr'>διαγενόμενοι</span> <span class='ocrx_word' id='word_1_747' title='bbox 1599 2636 1628 2668; x_wconf 79' lang='grc' dir='ltr'>ἐς</span> <span class='ocrx_word' id='word_1_748' title='bbox 1643 2645 1674 2663; x_wconf 77' lang='grc' dir='ltr'>τε</span> <span class='ocrx_word' id='word_1_749' title='bbox 1699 2637 1746 2663; x_wconf 77' lang='grc' dir='ltr'><strong>ἐπὶ</strong></span> <span class='ocrx_word' id='word_1_750' title='bbox 1763 2637 1810 2663; x_wconf 80' lang='grc' dir='ltr'>τὸν</span> 
     </span>
    </p>
   </div>
   <div class='ocr_carea' id='block_1_111' title="bbox 1027 2683 1810 2719">
    <p class='ocr_par' dir='ltr' id='par_1_111' title="bbox 1027 2683 1810 2719">
     <span class='ocr_line' id='line_1_111' title="bbox 1027 2683 1810 2719; baseline -0.001 -8"><span class='ocrx_word' id='word_1_751' title='bbox 1027 2684 1088 2711; x_wconf 77' lang='grc' dir='ltr'><strong>καθ’</strong></span> <span class='ocrx_word' id='word_1_752' title='bbox 1104 2683 1177 2719; x_wconf 77' lang='grc' dir='ltr'>ἡμᾶς</span> <span class='ocrx_word' id='word_1_753' title='bbox 1193 2683 1298 2718; x_wconf 80' lang='grc' dir='ltr'>χρόνον.</span> <span class='ocrx_word' id='word_1_754' title='bbox 1317 2683 1372 2710; x_wconf 73' lang='grc' dir='ltr'>Καὶ</span> <span class='ocrx_word' id='word_1_755' title='bbox 1384 2683 1537 2718; x_wconf 77' lang='grc' dir='ltr'>ἐπιγαμίας</span> <span class='ocrx_word' id='word_1_756' title='bbox 1556 2683 1716 2717; x_wconf 78' lang='grc' dir='ltr'>ποιούμενοι</span> <span class='ocrx_word' id='word_1_757' title='bbox 1740 2684 1810 2717; x_wconf 75' lang='grc' dir='ltr'>πρός</span> 
     </span>
    </p>
   </div>
   <div class='ocr_carea' id='block_1_112' title="bbox 834 2739 1177 2780">
    <p class='ocr_par' dir='ltr' id='par_1_112' title="bbox 834 2739 1177 2780">
     <span class='ocr_line' id='line_1_112' title="bbox 834 2739 1177 2780; baseline -0.009 -7"><span class='ocrx_word' id='word_1_758' title='bbox 834 2742 959 2774; x_wconf 80' lang='lat' dir='ltr'><strong>Notuloe</strong></span> <span class='ocrx_word' id='word_1_759' title='bbox 975 2739 1177 2780; x_wconf 81' lang='lat' dir='ltr'><strong>marginales.</strong></span> 
     </span>
    </p>
   </div>
   <div class='ocr_carea' id='block_1_113' title="bbox 223 2801 1543 2843">
    <p class='ocr_par' dir='ltr' id='par_1_113' title="bbox 223 2801 1543 2843">
     <span class='ocr_line' id='line_1_113' title="bbox 223 2801 1543 2843; baseline -0.004 -8"><span class='ocrx_word' id='word_1_760' title='bbox 223 2808 263 2843; x_wconf 91' lang='lat' dir='ltr'><strong>(i)</strong></span> <span class='ocrx_word' id='word_1_761' title='bbox 277 2807 367 2843; x_wconf 74' lang='lat' dir='ltr'><strong>Lesbo</strong></span> <span class='ocrx_word' id='word_1_762' title='bbox 379 2807 496 2836; x_wconf 84' lang='lat' dir='ltr'><strong>donatur</strong></span> <span class='ocrx_word' id='word_1_763' title='bbox 515 2805 677 2835; x_wconf 80' lang='lat' dir='ltr'><strong>Franciscus</strong></span> <span class='ocrx_word' id='word_1_764' title='bbox 700 2804 856 2833; x_wconf 79' lang='lat' dir='ltr'><strong>Catalusius</strong></span> <span class='ocrx_word' id='word_1_765' title='bbox 888 2803 966 2838; x_wconf 75' lang='grc'><strong>1552,</strong></span> <span class='ocrx_word' id='word_1_766' title='bbox 988 2811 1167 2839; x_wconf 85' lang='lat' dir='ltr'><strong>sororemque</strong></span> <span class='ocrx_word' id='word_1_767' title='bbox 1180 2803 1254 2832; x_wconf 88' lang='lat' dir='ltr'><strong>ducit</strong></span> <span class='ocrx_word' id='word_1_768' title='bbox 1269 2801 1461 2830; x_wconf 74' lang='lat' dir='ltr'><strong>Caio-Joannis</strong></span> <span class='ocrx_word' id='word_1_769' title='bbox 1478 2802 1543 2837; x_wconf 86' lang='lat' dir='ltr'><strong>imp.</strong></span> 
     </span>
    </p>
   </div>
   <div class='ocr_carea' id='block_1_114' title="bbox 225 2842 430 2878">
    <p class='ocr_par' dir='ltr' id='par_1_114' title="bbox 225 2842 430 2878">
     <span class='ocr_line' id='line_1_114' title="bbox 225 2842 430 2878; baseline 0 -8"><span class='ocrx_word' id='word_1_770' title='bbox 225 2842 265 2878; x_wconf 70' lang='lat'><strong>(2)</strong></span> <span class='ocrx_word' id='word_1_771' title='bbox 289 2842 430 2871; x_wconf 78' lang='lat' dir='ltr'><strong>l&#39;ra-fecto.</strong></span> 
     </span>
    </p>
   </div>
   <div class='ocr_carea' id='block_1_115' title="bbox 227 2925 412 2959">
    <p class='ocr_par' dir='ltr' id='par_1_115' title="bbox 227 2925 412 2959">
     <span class='ocr_line' id='line_1_115' title="bbox 227 2925 412 2959; baseline -0.005 -5"><span class='ocrx_word' id='word_1_772' title='bbox 227 2925 250 2941; x_wconf 88' lang='grc'>¹¹</span> <span class='ocrx_word' id='word_1_773' title='bbox 265 2925 412 2959; x_wconf 76' lang='grc' dir='ltr'>Ἰανούζης.</span> 
     </span>
    </p>
   </div>
   <div class='ocr_carea' id='block_1_116' title="bbox 464 2922 1052 2958">
    <p class='ocr_par' dir='ltr' id='par_1_116' title="bbox 464 2922 1052 2958">
     <span class='ocr_line' id='line_1_116' title="bbox 464 2922 1052 2958; baseline -0.007 -5"><span class='ocrx_word' id='word_1_774' title='bbox 464 2927 484 2942; x_wconf 86' lang='lat'><strong>&quot;</strong></span> <span class='ocrx_word' id='word_1_775' title='bbox 497 2922 598 2958; x_wconf 51' lang='grc' dir='ltr'>’προίῃ</span> <span class='ocrx_word' id='word_1_776' title='bbox 636 2924 657 2941; x_wconf 77' lang='grc'><strong>’⁸</strong></span> <span class='ocrx_word' id='word_1_777' title='bbox 676 2924 822 2956; x_wconf 69' lang='grc' dir='ltr'>ὲὶιηῖςονῑο.</span> <span class='ocrx_word' id='word_1_778' title='bbox 862 2924 883 2940; x_wconf 70' lang='grc' dir='ltr'>υ</span> <span class='ocrx_word' id='word_1_779' title='bbox 897 2923 1052 2956; x_wconf 74' lang='grc' dir='ltr'>Δεμένιχος.</span> 
     </span>
    </p>
   </div>
   <div class='ocr_carea' id='block_1_117' title="bbox 1094 2917 1724 2953">
    <p class='ocr_par' dir='ltr' id='par_1_117' title="bbox 1094 2917 1724 2953">
     <span class='ocr_line' id='line_1_117' title="bbox 1094 2917 1724 2953; baseline -0.003 -6"><span class='ocrx_word' id='word_1_780' title='bbox 1094 2921 1113 2936; x_wconf 80' lang='grc'><strong>³⁸</strong></span> <span class='ocrx_word' id='word_1_781' title='bbox 1131 2919 1302 2953; x_wconf 70' lang='grc' dir='ltr'>κατέχοντες.</span> <span class='ocrx_word' id='word_1_782' title='bbox 1318 2917 1346 2946; x_wconf 75' lang='grc' dir='ltr'><em>η.</em></span> <span class='ocrx_word' id='word_1_783' title='bbox 1364 2924 1389 2945; x_wconf 83' lang='lat' dir='ltr'><strong>ut</strong></span> <span class='ocrx_word' id='word_1_784' title='bbox 1407 2919 1432 2945; x_wconf 84' lang='lat' dir='ltr'><strong>iu</strong></span> <span class='ocrx_word' id='word_1_785' title='bbox 1446 2927 1468 2946; x_wconf 77' lang='grc' dir='ltr'><strong>ε.</strong></span> <span class='ocrx_word' id='word_1_786' title='bbox 1509 2920 1530 2936; x_wconf 81' lang='grc'><strong>³·</strong></span> <span class='ocrx_word' id='word_1_787' title='bbox 1547 2918 1724 2947; x_wconf 69' lang='grc' dir='ltr'>καταλαϐεῖν.</span> 
     </span>
    </p>
   </div>
  </div>
