1952 3069
122 147 123 151 η
158 121 212 156 513

706 121 753 152 DE
773 120 901 152 REBUS
916 121 1096 153 TURCICIS
1117 122 1191 152 LIB.
1213 123 1250 153 X.

1726 122 1779 157 stt
1792 104 1802 111 ’

153 189 184 209 τε
195 180 261 211 τοὺς
275 177 330 206 ἀπὺ
347 176 556 213 Τραπεζοῦντος
575 175 709 210 βασιλεῖς,
727 178 775 204 καὶ
799 177 936 212 Ἐλλήνων

990 181 1083 211 gentes
1096 181 1185 205 autem
1197 176 1334 205 connubia
1343 184 1406 204 cum
1420 177 1610 212 Trapezuntiis
1622 178 1741 213 regibus,
1752 185 1780 207 et

153 227 303 263 ἡγεμόνας,
335 226 382 252 καὶ
407 224 471 256 τοὺς
495 224 563 259 παρ’
579 219 694 258 Ἕλλησι
737 224 939 258 πρωτεύοντας,

154 274 283 308 κατεῖχον
297 272 349 307 τὴν
365 272 448 306 νῆσον
464 271 493 303 ἐς
508 271 543 297 τὰ
575 270 695 306 μάλιστα
724 270 938 305 εὐνομουμένην.

160 319 270 353 Ἐπέχει
286 317 313 344 δὲ
331 318 347 352 ἡ
366 319 449 352 νῆσος
462 316 533 351 αὕτη
559 316 614 342 ἀπὸ
631 317 680 350 τῆς
708 317 750 348 ὲςκ
765 316 816 350 τὴν
847 315 940 342 Ἀσίαν

152 364 268 400 ἠπείρου
283 363 408 394 σταδίους
420 361 539 397 μάλιστα
551 360 728 396 ὁγδοήκοντα.

195 411 268 437 Ἀλλ’
285 411 303 445 ἡ
320 410 369 444 μὲν
380 409 445 440 Χίος
457 408 602 443 κατείχετο
617 407 667 442 μὲν
683 407 729 434 καὶ
745 406 815 441 αὗτη
843 407 940 442 πρότε-

153 467 201 494 ρον
216 457 270 484 ὑπὸ
291 457 425 487 Ίανυῖων,
439 455 471 482 οὐ
486 455 579 490 μέντοι
593 453 676 486 ἑάλω,
707 453 777 493 ἀλλα
801 453 941 488 δεομένων

153 505 208 532 τῶν
235 503 385 536 Βυζαντίου
416 501 550 536 βασιλέων
583 500 743 536 χρημάτων,
775 500 856 527 ίκανὰ
883 500 941 531 τοῖς

154 551 271 586 Ἕλλησι
281 551 370 577 δέδοτο
385 549 438 575 ὑπὸ
453 548 605 583 Μαρτίνου,
621 547 670 574 τοῦ
681 546 731 582 τὴν
745 546 827 581 νῆσον
837 546 940 581 ταύτην

155 598 352 633 κατασχόντος,
368 597 415 623 ὑπ’
429 596 554 630 ἀνάγκης
579 594 640 621 τότε
657 593 711 620 τῶν
731 593 868 628 Ἐλλήνων
895 593 939 620 διὰ

152 647 199 672 τὴν
209 645 279 681 πρὸς
294 644 408 679 Μήδους
425 642 533 670 καὶτὸν
545 641 718 677 Τριϐαλλοὺς
737 640 866 675 πόλεμον.
883 639 940 667 Καὶ

153 692 269 727 ὕστερον
285 693 378 727 μέντοι
412 689 552 718 ἀπέλαϐον
576 689 628 723 τήν
651 688 733 724 νῆσον
746 689 770 715 ol
797 687 937 722 Ἕλληνες,

153 739 300 770 ἀποδόντες
323 737 355 764 τὸ
375 736 456 772 χρέος
473 736 512 771 τῷ
537 732 679 770 Μαρτίνῳ.
709 734 788 762 Μετὰ
802 734 832 760 δὲ
851 732 939 760 ταῦτα

153 787 264 820 ἐγένετο
279 784 332 811 ὑπὸ
362 783 501 816 Ἰανυῑοις,
528 782 642 817 ὕστερον
667 781 757 817 χρόνῳ
787 780 819 807 οὐ
848 780 939 815 ⁸πολλῷ

153 834 294 868 τριήρεσιν
326 830 504 866 ἀφικομένοις
534 829 583 856 καὶ
610 828 864 863 παραστησαμένοις
887 826 938 862 τὴν

261 879 316 910 οὓς
331 861 394 905 olis:
411 861 697 911 ήπὸλις-ὲξέπεμιίκεν
808 874 857 910 τὴν
887 861 938 909 τῆς
952 861 976 892 Β

153 927 236 962 νήσου
250 923 458 959 καταστροφὴν,
472 922 535 950 οὕτε
550 923 627 957 κοινῇ
645 921 698 948 ὑπὸ
706 921 763 947 τῶν
777 921 865 948 τελῶν
880 920 939 952 ἒξε-

153 974 331 1009 πέμφθησαν.
354 970 426 998 Ἀλλ’
437 970 516 997 αὐτοὶ
528 969 703 1005 ὡρμημένοι,
720 968 745 995 οἱ
757 968 834 994 ἱννέα
845 967 939 994 οἰκιῶν

153 1020 297 1055 γενόμενοι
314 1018 456 1054 ἄρχοντες,
472 1016 523 1052 τὴν
539 1016 621 1051 νῆσον
636 1014 870 1050 κατεστρέψαντο.
883 1014 939 1040 Καὶ

152 1067 192 1103 τῷ
204 1066 257 1094 ὑπὸ
271 1065 349 1092 τοῦδε
361 1065 449 1100 ταύτῃ
464 1064 500 1096 ³¹,
514 1063 553 1095 ὡς
567 1063 643 1097 σφίσι
653 1070 684 1088 τε
706 1062 809 1093 αὐτοῖς,
823 1061 871 1087 καὶ
882 1061 940 1092 τοῖς

154 1116 184 1142 ἒν
207 1115 241 1150 τῇ
262 1113 341 1140 πόλει
373 1111 549 1147 μετριώτατα
574 1109 761 1144 διαιτώμενοι,
787 1109 866 1143 κοινῇ
889 1108 939 1142 τὴν

154 1160 232 1187 πόλιν
243 1159 371 1194 διῴκουν.
394 1154 628 1191 Ἐξωνησαμένων
643 1153 714 1189 μετὰ
726 1152 813 1180 ταῦτα
825 1153 873 1178 καὶ
890 1153 939 1183 τὰς

155 1206 205 1241 τῆς
221 1203 327 1236 πόλεώς
354 1212 384 1230 τε
406 1204 455 1229 καὶ
483 1203 567 1237 νήσου
599 1201 698 1236 μοίρας
725 1199 779 1226 τῶν
811 1199 865 1226 ἀπὸ
890 1199 940 1234 τῆς

148 1250 270 1285 ἱῚανὺης
283 1249 401 1284 ἀνδρῶν.
417 1248 490 1283 μέγα
503 1247 662 1282 δυναμένων
687 1247 716 1277 ὲς
746 1245 862 1272 πλοῦτον
895 1245 940 1272 διὰ

147 1285 204 1334 ἶτήν
216 1298 267 1332 τῆς
285 1296 422 1332 μαστίχης
436 1294 577 1330 πρόσοδον.
607 1294 694 1329 Κοινῇ
711 1292 766 1328 γὰρ
782 1293 815 1328 δὴ
836 1291 906 1328 αὕτη
919 1292 937 1327 ἡ

153 1345 236 1379 νῆσος
249 1344 305 1371 τῶν
315 1344 347 1370 ὲν
358 1343 397 1378 τῷ
409 1342 516 1377 Αἰγαίῳ
541 1341 620 1376 φέρει
650 1340 758 1376 καρπὸν
781 1340 876 1367 τοῦτον
900 1338 938 1371 ὡς

154 1391 291 1418 πλεῖστον.
310 1390 365 1417 Καὶ
382 1389 565 1425 ἐργαζόμενοι
579 1387 612 1421 ³³,
630 1386 833 1423 χρηματίζεται
851 1385 937 1422 μεγά-

146 1428 209 1471 Δλως
225 1439 254 1465 ὲν
280 1436 382 1472 τούτῳ.
409 1435 499 1471 Διιχει
525 1435 554 1462 δὲ
569 1435 681 1461 ἔλαττον
707 1434 794 1470 ταύτῃ
818 1433 872 1461 ἀπὸ
887 1434 937 1470 τῆς

160 1486 251 1518 Ἀσίας
281 1484 406 1515 σταδίους
432 1482 498 1509 ὡσεὶ
526 1481 698 1516 πεντήκοντα
716 1501 721 1506 .
736 1481 855 1515 μάλιστά
884 1489 936 1516 πη.

154 1532 301 1559 Διοικεϊται
317 1529 345 1556 δὲ
355 1529 372 1564 ἡ
384 1528 461 1558 πόλις
478 1527 549 1562 αὕτη
564 1526 616 1553 ὑπὸ
631 1526 685 1554 τῶν
697 1526 775 1553 ἐννέα
787 1526 938 1561 ἀρχόντων,
949 1537 972 1569 C

152 1578 237 1613 τήντε
249 1577 333 1612 νῆσον
342 1573 430 1610 ἀρχὴν
439 1573 573 1606 τὰπρῶτα
585 1572 838 1607 κατασχόντων,καὶ
860 1571 938 1599 ὕστε-

153 1632 200 1660 ρον
211 1623 300 1650 ἄλλων
318 1619 530 1655 ὲξωνησαμένων
544 1618 616 1646 αὐτὰ
623 1619 658 1645 τὰ
670 1618 841 1654 πάτρια,τῶν
858 1618 888 1644 ὲν
901 1619 936 1653 τῇ

151 1671 227 1698 πόλει
233 1668 324 1696 ἀστῶν
332 1667 386 1695 ἀπὸ
393 1666 448 1693 τῶν
462 1665 596 1701 Ἑλλήνων
604 1665 744 1700 βασιλέων.
756 1664 900 1699 Εὐνομήθη
908 1664 937 1690 δὲ

150 1718 196 1745 καὶ
204 1717 221 1752 ὴ
230 1716 310 1748 πόλις
322 1716 373 1750 τῆς
386 1714 466 1746 Χίου,
477 1713 595 1747 μάλιστα
605 1712 634 1739 δὲ
648 1712 753 1739 πόλεων
765 1711 820 1738 τῶν
838 1712 866 1738 ἐν
878 1711 936 1743 ταῖς

149 1764 243 1799 νήσοις
257 1762 382 1791 ταύταις,
398 1759 446 1786 καὶ
466 1758 618 1793 προσαδίων
650 1757 805 1792 ἱκανωτάτη
819 1757 899 1792 ἔσχεν
918 1758 934 1791 ἡ

149 1810 236 1841 πόλις.
250 1809 322 1835 ὥστε
337 1807 384 1833 ἐπὶ
401 1806 472 1841 μέγα
483 1804 563 1832 ὄλϐον
578 1804 727 1839 ἀφικέσθαι
740 1804 801 1835 τοὺς
819 1804 868 1839 τὴν
887 1803 934 1830 πό-

149 1857 193 1884 λιν
218 1855 300 1890 τήνδε
316 1854 473 1883 διέποντας.
495 1850 693 1886 Ἐστρατεύετο
707 1850 734 1877 δὲ
763 1850 909 1885 Μεχμέτης
922 1850 935 1876 ὁ

157 1901 332 1937 Άμουράτεω
346 1899 392 1926 ιπὶ
406 1898 457 1934 τὴν
469 1897 575 1924 Λέσϐον
588 1895 719 1928 διἀἰτίας
731 1895 786 1922 τῶν
801 1896 935 1931 πρότερόν

150 1958 195 1985 μοι
213 1947 418 1984 δεδηλωμένων*
437 1945 578 1980 ἐπιφέρων
594 1943 623 1970 δὲ
641 1944 687 1970 τὸν
700 1943 746 1970 τοῦ
762 1942 878 1977 ἀδελφοῦ
890 1943 936 1978 φό-

149 2005 203 2028 νον,
211 1997 257 2023 καὶ
264 1994 396 2030 τιμωρῶν
409 1993 441 2028 τῇ
452 1991 556 2019 ἐκείνου
564 1991 649 2026 ψυχῇ·
662 1990 732 2025 μετὰ
741 1990 769 2016 δὲ
780 1992 826 2020 καὶ
833 1991 878 2016 διὰ
886 1990 936 2025 τὴν

150 2043 218 2078 πρδς
234 2042 299 2073 τοὺς
313 2039 446 2076 πειρατὰς
458 2038 583 2073 ἑταιρίαν
598 2035 692 2064 αὑτοῦ.
734 2036 892 2071 Ἐκομίζετο
906 2036 948 2067 δὲ,

148 2089 231 2120 αὐτὸς
245 2088 294 2123 μὲν
307 2087 378 2122 πεζῇ
391 2087 418 2117 ές
426 2085 477 2121 τὴν
492 2085 588 2110 Ἀσίαν
611 2083 721 2114 διαὸάς·
733 2083 779 2109 τὸν
793 2083 821 2109 δὲ
839 2083 934 2110 στόλον

147 2134 231 2163 αὑτοῦ
244 2135 288 2161 διὰ
299 2133 438 2169 Θαλάσσης
452 2132 610 2167 ἐκπέμψας.
627 2131 756 2166 τριήρεις
785 2131 836 2165 μὲν
849 2131 931 2158 πέντε

149 2182 197 2208 καὶ
216 2181 313 2213 εῐκσσι,
327 2180 407 2207 πλοῖα
417 2179 446 2206 δὲ
463 2179 551 2214 μικρὰ
566 2179 638 2214 ἀμφὶ
660 2177 695 2204 τὰ
724 2177 831 2204 ἑκατόν.
863 2177 934 2209 Τοὺς

994 224 1150 252 Graecorum
1169 225 1296 258 ducibus,
1308 231 1415 252 necnon
1433 232 1494 252 cum
1513 225 1549 253 iis
1559 225 1605 261 qui
1621 226 1690 260 apud
1703 225 1779 253 Grat-

993 278 1042 298 cos
1058 275 1188 305 praestare
1201 271 1377 304 videbantur,
1392 270 1509 298 insulam
1522 278 1581 299 eam
1595 276 1724 299 rexerunt
1737 279 1780 299 sa-

993 317 1262 352 luberrimislegibus
1275 317 1426 345 fundatam.
1437 317 1478 344 Ab
1493 325 1524 345 ea
1540 318 1707 351 continente,
1720 326 1780 353 qua:

993 363 1084 392 Asiam
1099 369 1216 399 spectat,
1226 364 1347 392 excurrit
1357 364 1391 391 ad
1405 364 1492 392 stadia
1509 364 1620 392 circiter
1629 366 1778 401 octoginta.

1033 409 1168 437 Caeterum
1181 415 1209 437 et
1219 410 1275 445 jam
1285 409 1383 437 olimi'n
1399 409 1714 444 potestatelanuensium
1729 412 1779 439 fuit

993 455 1087 488 Chius,
1103 464 1154 484 nec
1171 460 1259 484 tamen
1275 457 1362 484 armis
1378 461 1470 491 capta.
1502 455 1600 483 Verum
1616 465 1679 484 cum
1703 457 1779 486 Gras—

993 508 1089 529 corum
1107 509 1183 538 reges
1207 501 1333 537 pecunia:
1365 502 1457 537 inopia
1483 503 1648 536 laborarent,
1671 509 1781 539 propter

993 547 1094 575 bellqu
1109 549 1182 584 quod
1196 555 1228 575 ea
1249 552 1412 583 tempestate
1424 549 1554 583 gerebant
1567 557 1628 577 cum
1646 550 1730 579 Medis
1740 552 1778 588 (5)

993 600 1021 623 et
1033 594 1170 627 Triballis,
1190 603 1314 630 magnam
1330 595 1452 630 pecuniae
1467 597 1521 622 vim
1553 601 1651 624 mutuo
1665 605 1781 633 accepe-

994 646 1058 669 runt
1072 641 1211 669 alllartino
1222 641 1261 677 (4)
1269 642 1328 677 ejus
1341 642 1436 669 insulae
1444 647 1561 670 rectore.
1575 642 1661 672 Graeci
1670 646 1778 672 tandem

992 696 1051 716 eam
1070 688 1185 715 insulam
1208 693 1384 723 receperunt,
1412 695 1475 716 cum
1503 696 1540 716 as
1565 689 1697 723 alienum,
1725 699 1780 726 quo

992 739 1070 764 erant
1087 735 1197 770 obligati
1210 735 1336 768 Martiae,
1359 735 1566 769 persolvisseut.
1585 736 1689 764 Deinde
1705 738 1780 765 venit

992 780 1081 808 insula
1105 780 1162 808 hac
1191 781 1218 808 in
1238 780 1417 808 Januensium
1452 780 1610 810 ditionem:
1640 783 1698 818 qui,
1715 790 1777 810 cum

992 834 1046 854 non
1056 827 1313 861 multum-temporis
1322 827 1522 859 intervenisset.
1537 830 1777 863 advenerunticum

990 872 1161 904 triremibus.
1179 877 1208 899 ut
1225 873 1320 900 urbem
1337 881 1397 900 eam
1416 878 1556 908 caperent.
1570 873 1602 901 Hi
1613 881 1664 902 nec
1675 875 1778 910 populi.

992 927 1042 948 nec
1062 921 1237 955 magistratus
1252 928 1387 948 consensu
1404 925 1431 948 et
1441 921 1582 949 voluntate
1596 921 1674 949 missi
1688 926 1777 954 erant,

992 971 1021 994 ut
1033 967 1148 994 insulam
1166 975 1226 995 eam
1247 968 1274 994 in
1283 967 1414 995 ditionem
1428 968 1593 1003 reciperent,
1609 975 1706 995 verum
1727 975 1778 996 sua

992 1018 1100 1048 sponte,
1139 1022 1201 1042 cum
1226 1019 1318 1042 essent
1348 1021 1447 1041 novem
1462 1014 1504 1049 (5)
1531 1013 1698 1042 familiarum
1724 1015 1778 1042 viri

991 1061 1137 1096 principes,
1149 1061 1182 1088 ab
1194 1061 1276 1088 domo
1289 1061 1415 1096 profecti,
1431 1060 1549 1089 insulam
1561 1068 1620 1089 eam
1635 1061 1777 1097 subegere.

993 1106 1032 1134 Ex
1048 1114 1081 1134 eo
1095 1111 1219 1141 tempore
1230 1107 1369 1134 communi
1394 1107 1511 1135 consilio
1523 1114 1622 1143 magna
1631 1107 1778 1135 concordia

993 1154 1087 1181 urbem
1100 1154 1297 1189 gubernarunt,
1315 1161 1377 1181 cum
1400 1154 1501 1189 ubique
1514 1153 1637 1188 ipsorum
1653 1154 1681 1181 in
1694 1153 1778 1182 rebus

991 1202 1117 1236 gerendis
1124 1201 1254 1228 modestia
1266 1200 1397 1227 elucet-et.
1407 1199 1528 1227 Tandem
1546 1200 1622 1227 urbis
1637 1204 1665 1227 et
1680 1199 1778 1227 inculte

992 1252 1082 1283 partes
1094 1252 1221 1275 emerunt
1234 1247 1283 1275 viri
1302 1246 1466 1280 Januenses,
1482 1247 1529 1281 qui
1546 1246 1694 1281 plurimum
1718 1246 1778 1280 pol-

991 1294 1081 1322 lebant
1100 1293 1210 1329 opibus,
1221 1298 1331 1328 propter
1354 1293 1477 1320 masticis
1498 1292 1614 1320 reditum
1628 1296 1778 1327 etproven-

991 1344 1058 1367 tum.
1076 1339 1168 1367 Insula
1180 1347 1299 1374 namque
1309 1339 1359 1366 ista
1372 1338 1399 1365 in
1412 1338 1482 1366 mari
1498 1337 1592 1373 AEng
1601 1337 1663 1371 sita,
1680 1337 1775 1365 masti-

989 1385 1030 1413 cis
1046 1385 1164 1413 fructum
1174 1385 1262 1413 reddit
1277 1385 1445 1413 uberrimum
1467 1388 1512 1412 :et
1535 1384 1582 1420 qui
1608 1384 1672 1412 buic
1691 1384 1776 1419 ‘operi

989 1436 1054 1461 sunt
1073 1432 1271 1465 intenti,..lucra
1286 1432 1370 1459 multa
1378 1431 1481 1459 ferunt.
1497 1431 1560 1459 Haec
1575 1436 1668 1459 autem
1683 1432 1775 1459 minus

989 1483 1094 1508 remota
1121 1480 1156 1507 ab
1188 1480 1252 1508 Asia
1280 1484 1333 1514 est,
1361 1487 1445 1515 quam
1468 1480 1609 1515 praedicta,
1640 1479 1776 1515 siquidem

989 1527 1086 1556 stadiis
1103 1527 1218 1555 maxime
1233 1527 1430 1562 quinquaginta
1446 1532 1550 1562 septem
1584 1527 1618 1554 ab
1639 1535 1670 1554 ea
1695 1527 1778 1555 dissi-

989 1579 1016 1602 ta
1035 1578 1086 1602 est.
1111 1574 1286 1602 Gubernalur
1299 1582 1315 1601 a
1331 1573 1500 1608 principibus
1516 1573 1570 1601 illis
1591 1581 1701 1606 novem,
1727 1574 1776 1609 qui

988 1621 1076 1656 primo
1092 1629 1152 1648 eam
1179 1621 1296 1649 insulam
1311 1620 1432 1655 suijuris
1446 1620 1569 1648 fecerunt
1585 1629 1593 1647 :
1609 1627 1717 1648 necnon
1741 1620 1776 1647 ab

986 1667 1047 1695 aliis
1062 1667 1108 1702 qui
1122 1668 1293 1702 postmodum
1308 1667 1411 1702 patrias
1437 1667 1521 1694 urbes
1538 1666 1564 1694 in
1578 1673 1609 1694 ea
1637 1667 1727 1695 insula
1740 1665 1776 1694 ab

986 1713 1142 1741 amcorum
1157 1713 1266 1749 regibus
1274 1715 1457 1741 redemerunt.
1475 1714 1634 1749 Metropolis
1651 1714 1710 1741 Citii
1725 1721 1776 1749 op-

987 1759 1059 1786 timis
1074 1759 1176 1794 regitur
1189 1760 1359 1794 legibusmec
1373 1759 1419 1786 ulli
1440 1760 1562 1787 omnium
1576 1760 1694 1791 urbium,
1713 1767 1774 1795 quae

986 1806 1014 1833 in
1033 1806 1093 1834 istis
1108 1807 1205 1834 insulis
1216 1807 1432 1841 frequentantur,
1455 1806 1606 1842 disciplinae
1632 1808 1775 1835 sanctitate

987 1852 1099 1880 inferior
1127 1859 1178 1880 est.
1213 1852 1328 1880 Reditus
1363 1853 1445 1880 habet
1476 1852 1654 1888 largissimas,
1689 1853 1775 1889 .279

985 1900 1031 1934 qui
1049 1899 1209 1927 incredibile
1227 1902 1267 1926 est
1309 1899 1394 1931 dictu,
1414 1904 1530 1934 quantas
1557 1907 1622 1935 opes
1649 1903 1774 1935 suppedi-

988 1950 1045 1972 tent
1066 1945 1098 1973 iis
1115 1945 1162 1980 qui
1176 1953 1235 1972 cam
1259 1950 1366 1979 regunt.
1387 1945 1422 1972 At
1444 1945 1618 1979 Mechmetes,
1636 1947 1773 1975 Amm-alis

987 1992 1069 2024 (ilius,
1086 1991 1197 2019 hostilia
1231 1999 1307 2019 artua
1324 1991 1418 2019 intulit
1437 1991 1535 2025 Lesbo,
1553 1992 1596 2020 ltis
1622 1992 1657 2020 de
1683 1994 1773 2021 causis

986 2046 1056 2074 quas
1072 2046 1155 2073 supra
1172 2039 1400 2066 memoravimus.
1432 2039 1585 2066 Accedebat
1610 2044 1709 2074 praeter
1730 2048 1774 2068 so-

986 2086 1123 2118 cietatem,
1145 2093 1226 2121 quam
1252 2093 1315 2113 cum
1337 2085 1433 2120 piratis
1455 2085 1554 2113 inierat
1582 2084 1664 2114 Lesbi
1694 2087 1771 2122 prin-

986 2141 1061 2167 ceps,
1086 2132 1168 2160 etiam
1187 2132 1279 2159 fratris
1312 2139 1386 2160 mors
1403 2141 1410 2160 :
1426 2132 1504 2167 cujus
1521 2132 1630 2168 culpam
1656 2133 1685 2161 in
1710 2141 1772 2161 ettm

986 2179 1136 2214 principem
1162 2186 1208 2206 rex
1226 2178 1420 2210 transferebat,
1450 2184 1477 2207 et
1493 2179 1587 2207 ulcisci
1604 2179 1698 2208 fratris
1715 2188 1774 2207 mas

146 2229 176 2255 δὲ
190 2227 354 2262 τηλεϐόλους
372 2226 418 2253 διὰ
430 2225 572 2259 θαλάσσης
587 2224 718 2259 ὶκόμιζεν
733 2224 763 2256 ἐς
774 2223 825 2259 τὴν
837 2224 930 2258 νῆσον,

990 2233 1034 2253 aes
1052 2226 1080 2254 in
1105 2225 1228 2253 animum
1251 2225 1410 2253 induxerat.
1442 2225 1496 2254 Rex
1539 2227 1649 2262 quidem
1675 2227 1773 2254 itinere

147 2273 196 2300 καὶ
209 2272 302 2303 λίθους
314 2272 421 2299 τούτων
435 2272 508 2305 ἀμφὶ
518 2271 583 2302 τοὺς
605 2269 767 2305 δισχιλίους.
797 2268 854 2304 Τὴν
882 2268 932 2302 μὲν

146 2317 193 2346 οὖν
206 2318 387 2354 παρασκευὴν
400 2317 448 2344 τοῦ
462 2317 582 2352 πολέμου
596 2317 706 2343 ἐκέλευε
719 2316 763 2343 διὰ
791 2315 931 2349 θαλάσσης

146 2365 345 2400 ἐκκομίζεσθαι
356 2364 380 2381 ⁸⁸
394 2366 425 2396 ις
438 2364 487 2399 τὴν
502 2365 595 2398 νῆσον·
610 2363 693 2394 αὐτὸς
714 2363 743 2390 δὲ
760 2363 929 2397 ἀφικόμενος

146 2412 175 2444 ἐς
189 2420 216 2439 τι
231 2411 324 2438 πεδίον
337 2411 373 2441 ³⁸,
389 2410 553 2446 ιπεραιοῦτο
567 2411 596 2440 ἐς
611 2410 661 2442 τὴν
675 2409 769 2444 νῆσον,
796 2410 879 2439 αὐτὸς
902 2417 932 2435 τι

147 2458 194 2485 καὶ
220 2458 246 2485 οἱ
271 2457 327 2484 τῶν
343 2457 435 2492 θυρῶν
464 2458 553 2490 ὅντες,
573 2457 623 2484 καὶ
646 2458 701 2484 ἀπὸ
716 2457 767 2490 τῆς
794 2457 932 2491 Εὐρώπης

146 2506 218 2540 ἀμφὶ
231 2506 295 2536 τοὺς
308 2504 468 2539 δισχιλίους.
484 2504 526 2531 Τὰ
542 2504 596 2539 γάρ
611 2513 653 2530 τοι
666 2502 875 2539 στρατεύματα,
894 2503 933 2534 ὡς

146 2551 238 2586 διῆκεν
249 2550 372 2577 ἐπανιὼν
391 2551 446 2577 ἀπὸ
461 2550 511 2585 τῆς
530 2551 645 2582 Δακίας,
666 2550 767 2576 αὐτίκα
796 2549 876 2584 ἐπῄει
902 2556 932 2574 τε

146 2599 175 2630 ἐς
189 2598 239 2633 τὴν
249 2598 343 2631 νῆσον,
361 2597 408 2624 καὶ
423 2597 577 2633 ἀπέϐησαν.
596 2596 766 2631 Ἐπέδραμον
779 2595 809 2622 δὲ
820 2595 930 2628 αὐτίκα,

143 2645 194 2670 ’καὶ
207 2644 329 2680 ἐδῄωσαν
342 2645 394 2680 τὴν
403 2644 498 2679 νῆσον,
516 2644 565 2670 καὶ
580 2642 737 2678 ἀνδράποδα
767 2641 846 2675 ὀλίγα
868 2642 932 2668 ἐπε-

984 2271 1105 2307 pedestri
1116 2271 1143 2298 in
1154 2271 1248 2298 Asiam
1262 2271 1404 2299 transiens
1414 2271 1553 2299 ferebatur
1568 2280 1575 2298 :
1594 2277 1622 2299 at
1645 2273 1772 2304 classem,

984 2325 1045 2352 qua:
1068 2317 1301 2352 complectebatur
1329 2317 1456 2345 triremes
1480 2317 1720 2353 vigintiquinque,
1746 2323 1774 2345 ct

984 2371 1068 2390 naves
1101 2363 1221 2390 minores
1243 2368 1367 2395 centum,
1391 2371 1439 2398 per
1474 2371 1548 2390 mare
1578 2363 1656 2399 sequi
1685 2364 1772 2400 jubet.

985 2408 1152 2436 Bombardas
1179 2415 1228 2443 per
1243 2416 1317 2436 mare
1347 2409 1375 2436 in
1393 2409 1514 2436 insulatn
1536 2417 1597 2436 eam
1631 2414 1772 2445 transpor-

987 2455 1055 2482 tavit
1073 2465 1079 2481 :
1095 2462 1202 2482 necnon
1228 2455 1344 2489 lapides,
1376 2455 1479 2490 quibus
1501 2461 1693 2490 oneraremur,
1718 2458 1774 2484 cir-

987 2501 1058 2528 citer
1072 2501 1114 2529 bis
1131 2502 1218 2529 mille.
1248 2501 1314 2529 Belli
1343 2501 1455 2536 quidem
1471 2501 1656 2529 instrumenta
1669 2507 1696 2529 et
1713 2509 1774 2529 ma-

987 2547 1084 2576 chinas
1117 2548 1187 2575 mari
1216 2548 1250 2575 ad
1276 2555 1337 2575 cam
1361 2548 1481 2576 insulam
1511 2547 1772 2576 subvehi'curavit.

985 2594 1048 2629 ipse
1076 2601 1142 2621 vero
1171 2595 1286 2622 veniens
1324 2594 1491 2629 Possidium,
1519 2595 1639 2630 pedestri
1673 2595 1774 2627 itinere

985 2642 1019 2668 ad
1039 2640 1158 2668 insulam
1180 2641 1338 2675 accedebat,
1363 2641 1468 2669 ducens
1484 2642 1631 2678 januarum
1658 2642 1772 2675 milites,

790 2698 915 2729 Noluit!)
930 2698 1132 2737 marginales.

182 2752 219 2788 (5)
235 2752 337 2780 Persis.

181 2785 220 2822 (4)
235 2788 369 2815 Martinus
387 2786 447 2815 Chii
463 2791 552 2814 rector
569 2786 745 2821 Boccanigra,
762 2785 842 2812 1261.

1023 2751 1119 2787 (5)111.
1134 2753 1226 2780 decem
1242 2759 1312 2786 quos
1330 2753 1474 2783 Maonesos
1485 2757 1594 2782 vocant.
1613 2751 1680 2782 Vide
1689 2752 1774 2781 Justi-

984 2787 1107 2821 nianum,
1123 2795 1186 2815 ann.
1204 2787 1271 2814 1261
1289 2789 1406 2816 ειίὸιίῦ.

181 2871 202 2886 ²¹
215 2870 330 2906 ταύτην,
345 2869 376 2898 Β.
397 2875 425 2897 ut
438 2871 464 2897 in
480 2878 504 2898 ε.
542 2869 565 2886 ³³
579 2868 762 2905 ἐργαζομένη.
813 2869 836 2886 ³⁸
849 2869 882 2897 1η
895 2879 936 2898 amt

990 2880 1060 2908 ιοσμ.
1097 2872 1120 2889 ³⁵
1133 2873 1167 2900 In
1182 2881 1243 2907 uno,
1259 2872 1305 2899 ἐπὶ
1321 2881 1352 2900 π.
