1952 3069
174 128 209 159 ιτ
688 136 738 165 nn
765 134 889 165 uenus
901 132 1082 163 TURCICIS
1098 135 1171 166 LIB.
1185 136 1219 168 Χ,

1718 145 1769 176 518

151 184 227 217 αὐτῷ
242 184 292 220 τὴν
308 185 518 223 ἀγνωμοσύνην,
547 189 603 216 οὐδ’
620 191 657 224 ὡς
677 192 827 226 ἀτυχήσειν
856 191 931 222 αὐτὸς

991 189 1054 220 rim.
1080 192 1143 218 sciri
1170 193 1270 227 poterit
1298 194 1384 223 abiis
1409 195 1457 230 qui
1481 196 1552 224 Asiae
1565 197 1622 225 loca
1635 198 1767 228 incolunt.

152 229 272 264 ἔφασκεν
285 233 386 266 ὁτῳοῦν
402 235 458 261 τῶν
470 235 590 269 ἀγαθῶν.
614 237 684 263 Ἀλλ*
698 237 779 264 αὐτόν
795 246 823 263 τε
839 236 936 270 αἰσθή-

152 278 246 304 σεσθαι
261 279 284 294 ³⁷
304 280 463 316 παραδόντα
480 283 578 308 ἑαυτὸν
593 283 632 317 τῷ
651 284 767 317 βασιλεῖ,
784 284 874 316 καὶῆν
891 283 936 309 εὐ-

151 325 197 358 νοῇ
210 325 267 356 τοῖς
277 325 360 352 αὐτοῦ
374 327 543 362 πράγμασιν,
556 329 605 354 οὐκ
621 329 821 365 ἀχθεσθήσεται
832 329 854 345 ⁸⁸
870 337 936 356 ποτε

151 369 194 396 διὰ
207 371 297 398 τοῦτο.
314 372 407 399 Ταῦτα
422 373 521 408 λέγων,
533 374 583 408 τήν
596 383 626 400 τε
655 375 735 401 πόλιν
755 375 935 409 παραλαϐὼν,

152 416 251 443 αὐτίκα
264 418 402 451 ἐκέλευεν,
419 420 492 447 ἰόντα
507 421 559 448 καὶ*
571 422 599 453 ἐς
607 422 658 453 τὰς
673 421 755 452 ἄλλας
771 423 875 454 πόλεις,
891 431 936 448 κε-

151 463 239 489 λεύειν
258 465 436 500 παραδιδόναι
449 467 498 498 τὰς
516 468 693 502 ἀκροπόλεις.
722 469 809 500 Αὐτὸς
826 468 874 502 μὲν
887 465 936 495 οὖν

153 509 202 535 σὺν
219 510 277 540 τοῖς
315 510 449 545 βασιλέως
472 513 607 547 ὑπάρχοις
638 514 763 548 περιιὼν,
789 513 933 548 παρεδίδου

151 555 198 585 τὰς
218 556 310 588 πόλεις
322 557 361 592 τῷ
377 557 492 591 βασιλεῖ.
524 560 578 586 Καὶ
596 561 743 595 ὲγκαθίστη
771 560 820 594 μὲν
835 562 874 591 εἰς
888 560 935 585 αὖ·

150 602 203 633 τὰς
216 602 339 636 φυλακὰς
353 604 492 639 βασιλευς·
517 607 567 640 τὴν
581 606 608 632 δὲ
631 606 708 633 πόλιν
735 606 893 641 Μιτυλήνην
907 607 936 637 ἐς

151 647 212 682 τρία
223 648 389 684 διελόμενος,
419 651 449 676 τὸ
465 651 515 686 μὲν
537 652 622 678 αι)τοῦ
651 654 844 686 ἐγκατέλιπεν,
868 653 935 680 εἴτι

151 694 261 727 ἀχρεῖον
274 693 308 730 ἦν
321 696 369 722 τοῦ
385 697 491 731 ὁμίλου,
504 697 534 724 τὸ
546 698 574 724 δὲ
592 697 686 734 ἕτερον
710 699 863 734 διενείματο
878 700 934 731 τοῖς

150 741 259 776 νεήλυσι
271 749 276 756 ·
293 742 343 776 τὴν
354 742 381 769 δὲ
395 743 491 778 τρίτην
508 745 606 780 μοῖραν
624 745 776 780 κατῴκισεν
790 747 817 776 ἐς
831 745 935 777 Βυζάν-

148 795 217 819 τιον,
227 787 254 813 εἴ
267 797 293 814 τι
310 786 344 823 ἦν
360 789 415 816 τῶν
431 791 523 817 ὰστῶν
536 791 613 824 ἀξιον
624 791 704 826 λόγου
737 792 784 818 καὶ
806 791 933 827 εῠπορον.

150 831 219 863 Τοὺς
229 834 256 859 δὲ
273 835 407 869 πειρατὰς
419 836 584 871 ἀπαγαγὼν,
601 838 772 872 κατέσφαξεν
781 839 809 870 ἐς
821 848 934 874 τριακο-

150 878 223 909 σίους
239 880 358 913 μάλιστα
381 882 410 912 ἐς
437 882 526 918 χῶρον
544 883 593 910 ἕνα
617 885 671 910 τῶν
694 885 879 919 προαστείων,
899 887 933 913 τὰ

149 924 264 960 σώματα
278 926 339 962 δίχα
354 930 516 962 ποιούμενος
531 930 560 961 ὲς
574 931 624 964 τὴν
642 931 763 966 σφαγήν.
778 931 863 958 Τοῦτο
879 931 933 966 γὰρ

150 970 302 1007 βιαιότερον
319 973 347 1005 ἐς
360 974 424 1005 τοὺς
437 975 585 1010 πολεμίους
602 976 735 1012 ἐξεύρητο
751 977 798 1003 τοῦ
817 977 932 1004 Θανάτου

150 1014 231 1050 εἶδος,
248 1019 278 1044 τὺ
294 1019 373 1055 σῶμα
388 1021 417 1052 ἐς
428 1021 475 1048 δύο
485 1023 604 1057 τέμνειν.
626 1023 800 1055 Καταθέντες
817 1024 864 1050 οὖν
884 1024 933 1059 τὴν

150 1063 276 1099 τομὴνξές
291 1065 322 1092 τὸ
337 1067 507 1102 διάφραγμα.
528 1068 589 1095 ὅθεν
608 1069 751 1104 ξυμῦαίνει
773 1071 860 1105 ῐσχειν
888 1071 933 1096 ἐπὶ

148 1111 215 1137 πολὺ
232 1112 280 1146 τῆς
294 1113 424 1148 τελευτῆς
453 1115 495 1142 διὰ
521 1115 608 1144 ταῦτα.
627 1115 673 1142 τὸν
695 1116 930 1152 διαφθειρόμενον.

153 1157 318 1194 Ἐγκαθίστη
350 1160 378 1186 δὲ
391 1162 432 1193 εἰς
462 1162 513 1196 τὴν
546 1163 623 1190 πόλιν
660 1164 762 1198 ταύτην
791 1164 932 1199 νεήλυδας,

147 1204 219 1239 ἀμφὶ
231 1206 294 1237 τοὺς
308 1206 464 1239 διακοσίους
472 1209 521 1235 καὶ
537 1209 684 1242 ’Δζάπιδας
701 1210 730 1241 ἐς
745 1212 931 1245 τριακοσίους,

148 1251 195 1276 καὶ
214 1250 332 1286 ἄρχοντα
356 1253 458 1287 αὐτῶν,
483 1254 530 1281 τοῦ
549 1255 708 1290 Σαμλιάτεω
732 1257 826 1289 παῖδα,
846 1257 932 1293 ἄνδρα

147 1295 297 1331 ἐπίσημον,
316 1297 345 1323 οὖ
357 1298 403 1324 τὸν
416 1298 524 1334 πατέρα
540 1300 569 1326 ὲν
583 1302 642 1333 ταῖς
673 1301 808 1336 βασιλέως
837 1302 932 1337 θύραις

147 1343 259 1371 ἀκούειν
284 1344 466 1381 δικαιοσύνης
482 1347 595 1382 ἄριστον
618 1349 789 1384 ἐπυθόμεθα,
813 1350 932 1384 μάλιστα

146 1390 174 1417 δὲ
185 1392 318 1427 δικαστὴν
332 1393 386 1420 τῶν
399 1394 428 1420 ὲν
449 1395 509 1426 ταῖς
524 1394 657 1429 βασιλέως
685 1396 782 1431 θύραις
801 1397 933 1423 καθισταυ

148 1438 245 1471 μένων,
259 1440 305 1465 καὶ
316 1439 393 1470 δίκας
404 1440 555 1467 δικάσαντα
569 1440 691 1476 ἄριστον·
723 1443 831 1471 πάντων
850 1444 877 1469 δὲ
891 1439 929 1471 ὧν

147 1484 228 1518 ἡμεῖς
260 1485 351 1518 ἴσμεν,
379 1485 427 1512 καὶ
453 1486 610 1521 ἐξευρόντα,
635 1484 679 1514 οἶα
710 1488 741 1524 δὴ
772 1489 932 1516 ἀποϐαίνειν

988 235 1054 262 Nam
1083 238 1229 273 mancipia,
1263 241 1468 277 quamprimum
1489 244 1669 279 capiebantur
1685 253 1700 273 e
1725 252 1768 274 tua

988 282 1107 316 regione,
1123 285 1254 312 continuo
1274 294 1289 314 a
1305 295 1349 314 me
1365 288 1485 316 dominis
1504 290 1562 317 suis
1574 291 1768 319 reddebantur.

987 328 1121 357 Praeterea
1141 333 1292 359 maximum
1326 334 1393 361 mihi
1410 335 1460 362 fttit
1477 337 1610 370 studium,
1639 344 1668 366 ut
1682 340 1769 367 sicubi

988 379 1078 401 vestra
1108 377 1245 411 mancipia
1267 379 1329 413 quis
1341 385 1411 407 esset
1431 386 1538 415 nactus,
1558 390 1588 409 ea
1599 384 1692 411 statim
1720 385 1768 411 do-

987 420 1068 448 minis
1093 422 1149 449 suis
1171 424 1392 452 restituerentur.
1412 427 1488 460 Quod
1521 429 1624 463 piratas
1652 431 1769 466 suscepi,

987 474 1018 492 ea
1051 468 1138 501 gratia
1157 468 1259 495 factum
1274 475 1325 502 est,
1353 479 1386 498 ne
1401 474 1506 506 praedas
1521 482 1553 501 ex
1581 482 1642 502 mea
1660 476 1769 510 regione

988 518 1112 546 agerent,
1144 522 1259 549 eatnqne
1292 518 1424 544 vastando
1459 527 1678 556 corrumperent.
1714 523 1769 550 Nec

987 553 1034 584 ulli
1065 559 1161 586 horutu
1182 569 1302 596 unquam
1324 563 1364 590 vel
1379 564 1552 592 occasionem
1579 568 1695 601 prmbui,
1726 568 1768 595 vel

986 604 1132 632 consilium
1147 606 1218 639 dedi,
1243 612 1272 633 ut
1288 609 1484 644 adnavigantes
1511 612 1660 648 quidquam
1677 615 1769 642 damni

986 651 1090 684 regioni
1105 655 1158 679 tua:
1174 654 1366 688 importarent.
1380 654 1459 683 Nunc
1477 662 1566 685 autem
1579 659 1613 686 ad
1637 664 1664 687 te
1677 660 1769 693 venio,

988 697 1080 724 urbem
1111 703 1193 733 atque
1225 699 1293 726 adeo
1316 701 1472 729 universam
1497 703 1614 731 insulam
1644 706 1692 733 tibi
1715 711 1765 733 tra~

986 743 1064 771 dens.
1102 745 1222 780 Supplex
1250 754 1316 774 vero
1345 752 1371 775 te
1400 756 1459 782 oro,
1481 754 1510 776 ttt
1540 751 1768 785 quemadmodum

987 789 1119 817 hactenus
1133 792 1214 819 rebus
1238 793 1292 820 tuis
1314 795 1464 829 plurimum
1485 796 1679 825 benevolentiae
1703 807 1767 833 prat-

987 836 1056 869 stitiI
1081 837 1117 864 ita
1136 838 1214 865 nobis
1233 839 1334 874 gratias
1360 841 1461 869 referat
1480 850 1538 870 rex.
1566 842 1627 870 Hinc
1659 845 1768 879 quidem

986 882 1057 909 fatus
1085 888 1137 916 est,
1157 883 1326 919 etlacryma:
1357 885 1494 914 cadebant
1525 888 1629 916 ebur-tte
1655 889 1767 922 dicenti,

984 927 1090 955 inscitia
1115 929 1313 964 oppidanorum
1328 931 1429 959 faetttm
1446 941 1519 967 esse,
1545 935 1617 969 quod
1644 943 1697 962 non
1711 941 1768 963 sta—

984 972 1032 999 tim
1064 974 1099 1000 ab
1123 974 1201 1002 initio
1221 983 1283 1002 cum
1311 977 1380 1005 bona
1406 979 1439 1005 ab
1476 986 1538 1014 rege
1566 980 1769 1013 nuntiarentur,

984 1020 1098 1046 venerit.
1128 1020 1186 1047 Rex
1212 1022 1383 1056 exprobrans
1404 1024 1428 1050 ei
1456 1032 1534 1051 suam
1578 1026 1714 1053 inscitiam
1741 1033 1768 1053 et

984 1066 1209 1101 imprudentiam,
1233 1075 1372 1104 postremo
1388 1071 1607 1098 consolationem
1630 1073 1766 1105 adhibuit,

982 1113 1080 1148 iubens
1111 1122 1174 1141 eum
1200 1122 1261 1142 esse
1290 1116 1362 1144 bono
1392 1118 1495 1148 animo,
1524 1118 1592 1144 nihil
1614 1126 1677 1145 eum
1704 1120 1766 1147 mali

984 1165 1094 1196 propter
1111 1161 1138 1188 id
1154 1161 1230 1196 quod
1253 1162 1341 1196 primo
1365 1170 1419 1189 non
1445 1164 1569 1198 paruerit
1595 1164 1684 1192 edicto
1697 1167 1767 1200 regis

984 1214 1140 1242 passurum.
1163 1207 1210 1235 llis
1238 1209 1310 1236 ultro
1343 1209 1571 1243 citroqnedictis,
1601 1211 1696 1238 urbem
1719 1220 1767 1241 rex

983 1253 1011 1280 in
1039 1253 1168 1280 ditionem
1200 1255 1323 1290 accepit,
1351 1256 1557 1292 principemque
1576 1258 1704 1286 etiamin
1725 1267 1767 1287 τοι

984 1299 1072 1334 liquas
1096 1299 1193 1327 insulae
1220 1301 1301 1328 urbes
1339 1302 1378 1328 ire
1397 1302 1486 1337 jubet,
1518 1309 1546 1330 ιιι
1569 1299 1668 1332 eartth
1689 1313 1768 1333 arces

984 1352 1013 1372 se
1038 1344 1174 1372 dederent.
1205 1345 1256 1379 Qui
1276 1347 1389 1381 impigre
1412 1347 1490 1382 jussa
1517 1349 1588 1384 regis
1605 1357 1765 1384 capessens,

984 1399 1037 1418 una
1065 1400 1126 1419 etttn
1162 1393 1244 1428 regiis
1270 1392 1405 1427 praefectis
1434 1395 1515 1423 urbes
1545 1395 1624 1430 adiit,
1660 1404 1762 1433 easque

984 1439 1040 1474 regi
1078 1439 1202 1467 tradidit.
1234 1440 1289 1468 Rex
1314 1442 1459 1473 colitiuuo,
1485 1451 1520 1470 ne
1541 1451 1594 1478 qua
1622 1444 1763 1472 innovalio

985 1484 1150 1516 exoriretur.
1184 1485 1266 1512 urbes
1291 1486 1319 1512 in
1335 1486 1465 1514 ditionem
1489 1493 1616 1524 acceptas
1633 1490 1768 1524 praesidiis

147 1530 259 1565 ἔμελλεν
275 1531 291 1565 ἡ
310 1531 370 1566 δίκη
386 1532 414 1563 ἐς
430 1532 492 1564 τοὺς
507 1533 716 1568 δικαζομένους.
746 1534 798 1561 Τὸν
822 1535 851 1562 δὲ
879 1537 929 1562 Λέ-

984 1530 1085 1557 firmat.
1102 1530 1296 1566 Mitylenarum
1314 1533 1386 1560 cives
1403 1533 1430 1560 in
1447 1538 1502 1561 tres
1513 1535 1652 1562 distribuit
1664 1540 1766 1571 partes.

147 1576 212 1602 σϐου
224 1576 345 1611 ἡγεμόνα
369 1578 554 1614 ἐνεγκάμενος
575 1579 630 1606 ἀπὸ
654 1580 705 1613 τῆς
728 1581 843 1616 πόλεως,
860 1582 929 1616 σύμ-

146 1629 236 1648 παντα
249 1622 359 1649 ἐκέλευε
384 1624 546 1658 κομίζεσθαι
566 1626 594 1657 ἐς
610 1626 769 1660 Βυζάντιον.
787 1629 930 1664 Ἐξελόμε-

146 1678 191 1701 νος
204 1669 233 1696 δέ
248 1671 272 1697 οἱ
289 1671 403 1697 καὶτῶν
426 1672 547 1707 ἀρίστων
567 1673 616 1708 τῆς
644 1674 749 1701 Λέσϐου
775 1676 874 1708 παῖδάς
900 1686 929 1703 τε

146 1717 193 1743 καὶ
204 1715 359 1752 θυγατέρας
374 1718 445 1753 ἀμφὶ
460 1719 523 1750 τοὺς
543 1719 738 1753 ὀκτακοσίους,
754 1722 836 1754 αὐτὸς
859 1723 930 1758 ἀπή-

145 1762 244 1789 λαυνεν
257 1763 300 1789 ἐπ’
314 1763 402 1796 οἴκου,
414 1765 522 1797 καὶτὰς
534 1774 564 1792 τε
592 1768 717 1802 τριήρεις
741 1768 834 1804 διῆκεν
851 1770 931 1796 ἀπιέ-

145 1819 201 1845 ναι,
211 1810 408 1844 ἐγκαταλιπὼν
439 1811 520 1838 πλοῖα
537 1813 625 1848 μικρὰ
649 1815 735 1841 αὑτοῦ
768 1824 820 1842 που
846 1818 875 1843 ἐν
897 1819 928 1853 τῇ

145 1858 228 1893 νήσῳ.
245 1858 302 1894 Τὴν
320 1858 371 1893 μὲν
386 1858 433 1886 οὖν
448 1859 567 1894 ἀδελφὴν
581 1860 629 1887 τοῦ
642 1862 787 1897 ἡγεμόνος,
803 1864 851 1890 καὶ
864 1864 931 1899 πρό-

144 1913 223 1940 τερον
235 1905 354 1933 ἁλοῦσαν
371 1907 424 1933 ὑπὸ
453 1905 587 1942 βασιλέως
602 1909 632 1935 ἐν
658 1910 781 1944 Κολχίδι,
812 1912 930 1945 γυναῖκα

144 1949 228 1978 οὖσαν
244 1951 376 1986 βασιλέως
395 1952 515 1985 Ἀλεξίου
535 1953 582 1980 τοῦ
595 1955 740 1990 Κομνηνοῠ
757 1956 808 1991 τῆς
827 1966 930 1992 τραπεη

145 1998 264 2030 ζοῦντος,
280 1999 434 2035 ὲσηγάγετο
444 2000 526 2036 μέχρι
538 2002 610 2033 τινὸς
622 2002 649 2034 ἐς
662 2002 709 2038 τὴν
724 2005 929 2037 γυναικωνῖτιν.

145 2044 249 2072 πολλῶν
260 2045 292 2080 δὴ
308 2046 459 2082 καλλίστην
474 2048 523 2074 καὶ
537 2047 643 2083 ὡραίαν
676 2049 828 2085 λεγομένην
846 2049 930 2086 εἶναι,

145 2091 400 2126 προαποθανοῦντος
415 2091 462 2119 τοῦ
479 2092 576 2127 ἀνδρὸς
585 2095 671 2129 αὐτῆς
684 2095 712 2121 ὲν
729 2095 928 2131 Τραπεζοῦντι,

144 2139 192 2164 καὶ
221 2139 305 2172 αὐτῆς
321 2140 473 2173 γενομένης
497 2139 543 2165 καὶ
561 2138 644 2175 οὔσης
673 2141 772 2175 χήρας,
797 2142 857 2177 μεθ’
870 2144 930 2176 ἑνὸς

143 2185 238 2216 eratab;
254 2184 301 2211 καὶ
314 2186 407 2219 μόνου.
420 2185 472 2212 Τὸν
488 2186 516 2213 δὲ
533 2186 615 2213 παῖδα
631 2187 736 2219 τοῦτον,
751 2189 795 2215 ὅτε
806 2187 863 2216 εἷλε
878 2191 929 2226 τὴν

143 2231 348 2266 Τραπεζοῦντα.
365 2233 592 2267 εἰσενεγκάμενος
609 2233 656 2260 καὶ
666 2234 748 2261 αὑτὸν
761 2235 774 2261 ὁ
788 2235 930 2270 βασιλεὺς,

143 2280 172 2304 ὲν
187 2278 322 2314 θεραπεία
337 2287 366 2304 τε
379 2277 436 2314 εἶχε
458 2279 575 2312 μάλιστα
587 2280 619 2316 δὴ
635 2281 738 2308 παίδων
754 2282 808 2308 τῶν
826 2284 855 2310 ἐν
868 2285 929 2316 ταῖς

143 2324 276 2360 βασιλέως
302 2325 399 2360 θύραις
417 2325 487 2360 μετά
500 2334 532 2359 γε
545 2325 591 2352 τὸν
608 2326 662 2353 ἀπὺ
681 2326 829 2358 Βυζαντίου
848 2330 930 2357 παῖδα

148 2371 322 2406 ’Λμουράτεω
337 2371 463 2406 ἀδελφόν.
482 2372 538 2407 Τὴν
558 2373 610 2408 μὲν
624 2373 671 2400 οὖν
687 2374 828 2410 θυγατέρα
850 2376 929 2411 βασι-

142 2417 211 2448 λέως
227 2417 432 2452 Τραπεζοῦντος
448 2419 549 2445 ’Ἄνναν
563 2419 724 2454 λεγομένην,
740 2421 787 2448 καὶ
797 2422 930 2457 Χριστια-

143 2463 201 2498 νὴν,
211 2463 398 2498 φυλαχθεῖσαν
414 2464 522 2500 ὁρισμῷ
534 2464 581 2491 τοῦ
597 2465 774 2501 κρατοῦντος,
789 2467 930 2503 ἡρμόσατο

143 2510 258 2546 Ζαγάνῳ
275 2511 313 2546 τῷ
340 2511 511 2543 Μακεδονίας
540 2511 590 2546 τῆς
603 2512 679 2539 κάτω
710 2513 826 2550 ὑπάρχῳ
851 2524 930 2548 γενο-

144 2556 226 2589 μένῳ,
243 2556 337 2589 ὲξὸτου
352 2557 400 2592 τὴν
413 2557 623 2593 Πελοπόννησαν
650 2559 732 2586 αὑτὸν
747 2560 926 2597 ἀφελόμενος,

142 2603 292 2637 ἐπέτρεπεν
313 2603 450 2630 Ἀλὸάνεω
467 2604 554 2637 παιδὶ,
569 2604 609 2638 τῷ
627 2605 703 2632 Ίυῶν
731 2606 882 2643 λεγομένῳ,
901 2610 926 2636 ει

143 2649 190 2675 καὶ
202 2648 317 2684 ὕστερον
333 2650 485 2685 ἐχωρίσατο
500 2650 604 2686 ταύτην
618 2652 632 2677 ὁ
647 2652 756 2686 κρατῶν
772 2653 816 2680 ἐπ’
829 2655 924 2689 αὑτοῦ,

142 2695 324 2729 ἀναγκάζοντι
342 2696 445 2732 ταύτην
457 2697 584 2730 γενέσθαι
602 2698 630 2727 ἐς
650 2698 699 2732 τὴν
715 2698 865 2734 θρησκείαν
877 2702 927 2728 αὺ-

143 2740 198 2768 τοῦ.
211 2741 263 2768 Τὸν
280 2743 329 2776 μὶν
343 2741 389 2768 οὖν
418 2743 543 2777 ἡγεμόνα
561 2743 610 2776 τῆς
633 2743 749 2775 Λὲσΰου,
780 2747 810 2772 οὺ
837 2747 929 2783 πολλῷ

982 1577 1061 1615 Vulgi
1099 1577 1223 1605 inutilem
1260 1583 1364 1612 partem
1401 1579 1439 1607 ibi
1478 1580 1620 1618 reliquit;
1654 1581 1767 1609 alteram

981 1622 1134 1657 peregrinis
1184 1623 1322 1651 concessit
1354 1633 1362 1652 :
1404 1624 1522 1658 tertiam,
1571 1634 1631 1662 qua:
1668 1634 1768 1664 genere

982 1674 1009 1697 et
1042 1669 1141 1704 opibus
1167 1670 1349 1705 principatttm
1400 1671 1481 1700 facile
1522 1672 1672 1706 obtinebat,
1717 1673 1767 1709 By-

982 1717 1100 1743 zantium
1123 1717 1284 1752 deponavit.
1305 1716 1413 1746 Piratas
1453 1724 1589 1747 trecentos
1625 1720 1652 1747 in
1683 1729 1767 1747 unutn

982 1761 1072 1789 loctnn
1098 1766 1175 1789 extra
1202 1762 1297 1790 urbem
1333 1767 1493 1790 contractos
1521 1763 1632 1791 occidit.
1652 1763 1686 1791 Et
1710 1771 1765 1798 quo

982 1808 1062 1842 281
1095 1807 1233 1835 crudelius
1253 1809 1386 1843 perirent.
1415 1816 1531 1842 corpora
1555 1816 1649 1836 eorum
1678 1810 1767 1837 media

981 1855 1121 1883 dissecuit.
1143 1855 1212 1882 Nam
1227 1855 1328 1890 placuit
1349 1856 1406 1890 regi
1423 1855 1573 1882 Turcortun
1587 1856 1640 1883 hoe
1668 1856 1767 1889 mortis

981 1908 1080 1936 genere
1105 1901 1132 1928 in
1162 1900 1255 1928 hostes
1281 1900 1333 1933 uti,
1364 1906 1392 1928 ut
1411 1901 1514 1936 majore
1536 1901 1700 1928 crudelitate
1725 1901 1767 1927 in-

981 1947 1106 1979 terirent,
1127 1947 1254 1975 dissectis
1281 1947 1442 1981 corporibus
1462 1947 1570 1978 mediis,
1599 1947 1690 1982 gladio
1707 1948 1766 1975 dia-

984 1994 1137 2029 phragmati
1163 1993 1274 2021 adacto.
1295 1992 1363 2020 Nam
1379 1994 1425 2029 qui
1443 1994 1472 2020 in
1491 1993 1565 2021 ltunc
1580 1993 1691 2021 modum
1708 2001 1768 2021 ca:-

981 2041 1066 2074 ditur,
1096 2040 1141 2067 diu
1162 2040 1258 2069 mortis
1282 2040 1393 2068 dolores
1408 2039 1598 2068 amarissimos
1616 2040 1767 2075 experitur.

982 2087 1050 2114 lluic
1069 2092 1160 2114 autem
1185 2087 1255 2120 urbi,
1282 2093 1316 2115 tte
1336 2094 1419 2121 quam
1436 2086 1617 2114 defectionem
1638 2087 1764 2114 moliren-

981 2140 1024 2162 tur
1052 2134 1159 2167 incolaa.
1181 2135 1315 2162 ducentos
1342 2134 1376 2162 de
1408 2134 1615 2170 peregrinorum
1640 2141 1768 2169 corpore,

981 2187 1008 2209 et
1036 2186 1174 2208 trecentos
1201 2180 1335 2215 Azapidcs
1356 2180 1502 2216 imposuit.
1527 2179 1574 2208 His
1586 2180 1682 2208 ducem
1700 2188 1766 2207 con-

981 2226 1069 2256 stituit
1092 2226 1239 2254 Sumblatis
1265 2226 1359 2259 filium,
1388 2226 1476 2253 virum
1508 2226 1650 2260 illustrem,
1690 2227 1771 2262 cujus-

981 2279 1057 2310 pater
1076 2273 1104 2300 in
1125 2274 1197 2308 regis
1230 2271 1326 2299 Januis
1340 2272 1442 2307 judicis
1475 2272 1564 2300 ofﬁcio
1587 2272 1697 2300 functus
1712 2279 1768 2302 est.

980 2325 1007 2347 et
1019 2319 1157 2354 litigantes
1176 2326 1283 2346 summa
1299 2318 1438 2353 diligentia
1451 2323 1479 2345 et
1492 2319 1643 2346 attentione
1652 2320 1765 2350 audivit.

980 2373 1008 2395 et
1031 2365 1195 2393 sententiam
1226 2373 1334 2393 sutnma
1370 2365 1501 2400 aequitate
1536 2365 1658 2392 adhibita
1686 2365 1766 2396 dixit,

982 2413 1050 2439 adeo
1079 2416 1108 2438 ut
1126 2411 1206 2438 facile
1229 2411 1333 2446 primas
1364 2411 1434 2437 inter
1446 2417 1542 2438 omnes
1560 2410 1706 2445 januarum
1722 2413 1767 2445 λιιι

981 2459 1056 2487 dices
1080 2457 1232 2485 ferretJus
1250 2457 1488 2493 cnimjustissime
1510 2456 1580 2484 dixit
1598 2464 1606 2483 :
1622 2462 1650 2484 et
1674 2457 1765 2486 facilis

981 2507 1156 2541 clemensque
1197 2504 1311 2532 omnino
1349 2503 1444 2530 fuitin
1471 2503 1636 2530 inveniendo
1672 2513 1768 2540 poenas-

980 2554 1081 2590 quibus
1107 2552 1229 2580 damnati
1257 2551 1405 2582 subdendii
1419 2555 1521 2578 essent.
1549 2550 1628 2578 Lesbi
1668 2552 1769 2578 ducem-

981 2606 1041 2625 eam
1067 2597 1162 2624 urbem
1180 2596 1347 2630 relinquere,
1379 2600 1406 2622 et
1422 2595 1514 2623 omnia
1540 2603 1587 2623 sua
1605 2596 1768 2632 Byzantium

982 2645 1135 2673 transferre
1162 2643 1253 2679 jubet.
1269 2643 1330 2678 ipse
1345 2650 1411 2670 vero
1436 2651 1565 2671 reversus
1583 2649 1625 2671 est
1640 2645 1766 2674 domum,

984 2693 1087 2727 eligens
1112 2690 1164 2718 sibi
1194 2690 1356 2725 Optimatum
1384 2689 1468 2717 Lesbi
1498 2698 1609 2725 pueros,
1639 2690 1709 2717 filios
1742 2696 1767 2717 ct

985 2739 1056 2766 ﬁlias
1079 2737 1189 2765 circiter
1204 2735 1388 2771 octingentas.
1404 2735 1542 2764 Triremes
1559 2744 1667 2770 quorum
1683 2736 1766 2763 abdu-

786 2806 909 2839 Notulae
928 2811 1129 2851 marginales.

178 2867 200 2884 ³⁷
211 2866 243 2894 In
253 2876 315 2902 uno,
328 2868 424 2903 ἠσθήσ.
466 2871 486 2886 ³³
498 2870 530 2897 R.
546 2869 770 2904 ἁχθεσθήσεσθαι.
