1952 3069
183 107 235 139 529

747 105 904 137 LAONlCl
926 104 1258 135 CHALCOCONDYLIE

1748 102 1801 135 5.9.0

182 163 232 195 xit,
251 162 355 190 relictis
380 167 471 190 tamen
492 162 610 198 navigiis
630 162 785 190 minoribus
808 164 834 190 in
866 162 964 190 insula.

1021 161 1137 196 ὕστερον
1151 162 1355 196 αἰτιασάμενος,
1374 162 1505 188 συνέλαδέ
1522 170 1552 188 τε
1585 161 1632 188 καὶ
1660 161 1802 196 καθεῖρξαν

182 210 311 236 Sororem
328 209 418 242 ducis,
437 216 519 244 quam
531 210 613 237 etiam
641 213 721 236 antea
741 217 789 236 rex
803 213 913 244 ceperat
936 209 963 235 in

180 255 322 283 Colchidis
348 257 470 290 regione,
502 263 616 283 uxorem
649 255 795 283 Alexandri
817 255 963 287 Comneni,

181 303 228 337 qui
246 310 293 329 rex
316 306 374 330 erat
394 302 587 338 Trapezuntis,
620 302 726 330 induxit
741 303 767 329 in
780 307 962 338 gynaeceum':

181 349 318 384 siquidem
352 347 441 376 forma
472 348 634 376 antecedere
655 347 818 376 credebatur
833 354 866 374 eo
895 351 965 374 tem-

181 402 246 429 pore
262 401 367 427 omnes,
392 398 527 429 quotquot
542 394 577 422 ob
597 394 694 421 formae
715 394 877 429 elegantiam
887 401 964 420 rom-

181 439 392 467 mendabantur.
416 439 531 469 Maritus
542 440 602 476 ejus
628 444 813 476 prmmortuus
827 445 885 466 erat
901 439 964 466 ’l'ra-

179 491 292 521 pezunte
308 486 422 520 ipsaque
437 485 517 513 vidua
551 490 622 517 erat.
645 485 741 513 relicto
764 485 847 513 ﬁliolo
870 485 962 512 unico.

181 532 236 558 llcx
267 536 346 566 capta
369 531 554 566 Trapezunte,
585 539 699 565 puerum
718 531 792 559 hunc
822 531 961 563 abduxitf:

183 582 210 604 ct
235 584 293 612 pra:
306 577 413 604 cmteris
431 582 493 612 post
506 584 622 612 puerum
639 577 812 612 Byzantium,
826 577 963 604 Amuratis

179 621 305 655 fratrem,
340 623 367 650 in
382 622 476 657 januis
501 621 696 657 benignissime
710 621 846 649 tractavit.
865 620 962 649 Filiam

179 669 357 704 Trapezuntii
384 669 457 704 regis
474 669 580 696 Annam
593 668 716 702 nomine,
730 673 757 695 et
778 667 962 695 Christianam

178 716 341 743 enstoditam
359 724 409 751 pro
434 715 549 743 arbitrio
577 715 691 742 victoris
715 714 851 742 connubio
873 714 964 748 junxit

179 761 298 796 Zagano,
331 761 471 790 inferioris
502 760 669 789 Macedoniae
684 759 822 795 praefecto.
850 759 890 787 Ex
908 768 964 796 quo

180 813 271 835 autem
304 816 366 835 eum
403 808 585 843 Peloponnesi
619 806 733 842 imperio
760 806 876 841 expulit.
903 814 962 834 eam

181 854 295 881 Albanis
328 854 394 886 lilio,
426 853 470 881 cui
502 853 567 890 lyon
598 861 699 880 nomen
723 857 793 885 erat,
827 843 1000 881 tradidit:B

179 899 305 934 quamvis
325 906 386 927 eam
405 899 537 934 deinceps
560 899 697 934 acceperit
721 899 848 931 vincens,
869 906 965 934 coege-

182 946 272 980 ritque
287 953 364 973 suam
381 945 540 980 religionem
566 951 719 974 assumere.
752 943 828 976 llaud
848 945 964 971 multum

181 991 341 1019 intercessit
357 991 502 1026 temporis,
528 995 555 1018 et
568 990 666 1018 Lesbio
686 990 750 1018 duci
777 990 872 1019 nescio
894 990 965 1026 quod

179 1037 285 1064 crimen
303 1037 425 1072 impegit,
441 1041 604 1072 captumque
619 1037 646 1064 ln
666 1036 776 1065 vincula
798 1036 883 1064 dedit.
912 1037 967 1072 Ego

179 1083 291 1118 quidem
318 1084 421 1116 audivi,
451 1091 515 1110 eum
532 1083 558 1110 in
588 1090 726 1110 carcerem
753 1091 815 1110 esse
844 1088 964 1118 raptum,

180 1127 254 1161 quod
282 1128 442 1163 displiceret
459 1127 527 1163 regi,
548 1133 576 1155 et
589 1127 644 1162 jam
661 1127 728 1154 olim
743 1127 795 1163 ipsi
817 1127 902 1155 l'ucrit
925 1129 964 1154 in-

180 1173 256 1201 visus
289 1179 400 1209 propter
423 1173 507 1201 multa
528 1178 554 1201 et
572 1173 744 1201 intoleranda
763 1173 845 1205 mala,
864 1173 964 1209 quibus

181 1220 283 1255 regiam
309 1220 441 1248 familiam
461 1220 607 1247 allccisset.
640 1218 753 1252 Verum,
771 1224 801 1246 ut
826 1219 871 1246 alii
901 1227 963 1255 per-

181 1265 287 1299 hibent,
320 1266 400 1296 hanc.
425 1266 497 1300 quod
521 1266 548 1293 in
575 1273 715 1293 carcerem
744 1265 885 1301 coniectus
915 1267 962 1298 sit,

1016 208 1087 244 ἔχων
1102 209 1132 235 ἐν
1146 209 1265 244 φυλακῇι
1284 209 1321 240 ὡς
1335 209 1385 243 μὲν
1402 208 1458 242 ἐγὼ
1468 209 1622 244 ἐπυθόμην,
1642 208 1680 240 ὡς
1703 208 1753 234 οὐκ
1769 209 1799 234 ὲν

1015 254 1112 290 γνώμῃ
1122 254 1259 288 .γεγονότα
1283 254 1323 289 τῷ
1338 254 1445 288 βασιλεῖ
1472 256 1518 282 τὸν
1541 255 1667 290 ἡγεμόνα
1691 255 1799 287 τοῦτον,

1016 301 1063 327 καὶ
1079 300 1213 335 πρότερον
1238 301 1383 336 ἀχθομένῳ
1397 301 1472 336 αὐτῷ
1499 301 1546 328 ἐπὶ
1559 301 1668 332 πολλοῖς
1693 301 1799 327 ἀεικέσι

1014 355 1043 372 τε
1057 348 1104 373 καὶ
1119 347 1282 382 ἀνηκέστοις
1299 347 1390 381 ἔργοις
1406 347 1475 382 πρὸς
1485 346 1530 373 τὸν
1546 347 1682 382 βασιλέως
1713 345 1798 373 οἷκον·

1016 393 1095 424 ὡςδὲ
1127 393 1173 419 ὑπ’
1189 393 1278 419 ἄλλων
1300 393 1421 427 λέγεται,
1445 393 1530 420 παῖδα
1555 393 1723 426 διαφυγόντα
1749 392 1800 423 τὰς

1016 438 1149 474 βασιλέως
1163 437 1260 473 θύρας,
1279 438 1428 472 ἀφικέσθαι
1443 439 1492 465 ἐπὶ
1506 438 1551 465 τὸν
1567 438 1673 465 Λέσϐου
1702 437 1798 464 τοῦτον

1015 486 1147 520 ἡγεμόνα,
1163 486 1211 511 καὶ
1230 485 1435 520 μεταϐάλλοντα
1463 487 1494 517 ἐς
1511 486 1562 519 τὴν
1577 485 1726 520 θρησκείαν
1751 482 1799 510 τοῦ

1021 531 1119 566 Ἰησοῦ,
1133 531 1260 565 γενέσθαι
1278 532 1391 558 παιδικὰ
1411 530 1506 559 αὑτοῦ.
1545 531 1589 562 Ὠς
1615 529 1643 557 δὲ
1662 531 1679 565 ἠ
1696 529 1797 560 Λέσϐος

1015 578 1096 610 ἑάλω,
1111 578 1158 604 καὶ
1173 578 1201 609 ἐς
1213 578 1359 610 Βυζάντιον
1375 578 1492 611 ἐγένετο,
1508 576 1677 612 ὲπηλέληστό
1705 584 1735 602 τις
1748 575 1796 602 τοῦ

1015 623 1110 655 παιδὸς
1121 624 1136 649 ὁ
1145 623 1267 658 ἡγεμὼν,
1281 623 1314 638 ³⁸“
1330 623 1378 650 καὶ.
1393 621 1490 658 δώροις
1499 623 1610 658 πέμψας
1627 623 1664 655 ὡς
1675 622 1796 658 βασιλέα,

1015 669 1175 703 ἐπέγνωκάν
1187 677 1216 696 τε
1231 669 1256 695 οῑ
1276 669 1381 702 παῖδες,
1413 670 1460 696 καὶ
1481 669 1589 702 ἐξεῖπον
1620 669 1658 704 τῷ
1684 669 1798 704 βασιλεῖ.

1015 715 1075 742 Καὶ
1092 715 1138 742 τὸν
1154 714 1203 749 μὲν
1220 715 1301 742 παῖδα
1319 716 1447 750 κατέσχε,
1463 708 1511 742 atat
1523 715 1570 742 τὸν
1581 714 1706 750 ἡγεμόνα
1723 715 1801 741 συνέ-

1015 762 1080 788 λαὸἕ
1094 771 1135 794 τε,
1153 763 1200 789 καὶ
1211 764 1240 789 ἐν
1252 763 1362 798 δεσμοῖς
1382 763 1532 798 ἐποιήσατο
1557 763 1618 797 ἅμα
1633 762 1673 797 τῷ
1697 761 1800 797 ἀνεψιῷ

1016 806 1171 843 Λουκίῳτῷ
1187 809 1236 842 τῆς
1265 808 1346 835 Λῖνου
1372 808 1512 843 τυράννῳ,
1536 808 1613 834 παιδὶ
1649 807 1800 843 γενομένῳ,

1015 854 1063 880 καὶ
1078 854 1369 890 συγκατεργασαμένῳ
1381 854 1419 890 τῷ
1434 854 1552 890 ἡγεμόνι
1579 855 1626 881 τὸν
1648 854 1695 880 τοῦ
1724 854 1801 881 ἀδελ-

1015 899 1065 934 φοῦ
1078 900 1168 934 φόνον,
1184 900 1233 927 καὶ
1256 900 1306 935 τὴν
1327 901 1476 935 ἡγεμονίαν
1494 901 1562 936 ἅμα.
1580 901 1617 928 Οὐ
1634 901 1702 928 πολῦ
1731 902 1797 934 μὲν-

1015 954 1056 972 τοι
1074 945 1188 979 ὕστερον
1217 945 1317 982 ξυνέϐη
1348 947 1395 972 καὶ
1412 946 1473 973 τότε
1507 947 1609 978 αὐτοῖς.
1635 947 1681 978 Ὠς
1698 946 1753 981 γὰρ
1771 947 1801 972 ὲν

1015 990 1111 1027 ἀπόρῳ
1124 992 1331 1027 καθεστήκεσαν
1344 992 1439 1027 ἄμφω,
1453 993 1503 1018 οὐκ
1526 992 1627 1024 εἰδότες
1644 993 1697 1028 ὅπη
1714 993 1801 1019 ἀπα).-

1017 1036 1103 1071 λαγὴν
1119 1035 1256 1072 εὕρωνται
1275 1037 1325 1072 τῆς
1339 1038 1461 1073 εἱρκτῆς,
1479 1038 1642 1071 ἀνήνεγκαν,
1656 1037 1693 1069 ὡς
1726 1038 1754 1067 ἐς
1766 1039 1801 1064 τὰ

1017 1081 1121 1117 πάτρια
1136 1083 1170 1109 τὰ
1197 1083 1328 1118 Τοὺριιων
1356 1084 1424 1111 ἱέναι
1451 1084 1601 1120 ἀμφότεροι
1631 1083 1802 1119 προθυμοῦν-

1015 1136 1070 1154 ται.
1087 1128 1141 1154 Καὶ
1153 1128 1234 1160 αὐτὸς
1243 1128 1292 1164 μὲν
1301 1129 1426 1164 βασιλεὺς
1436 1130 1531 1165 ἐσθῆτί
1539 1138 1567 1156 τε
1581 1130 1745 1165 ἐδωρήσατο,
1754 1131 1801 1156 καὶ

1015 1173 1108 1209 τιάρᾳ,
1118 1175 1164 1201 καὶ
1173 1175 1387 1210 περιτεμόμενος
1394 1175 1552 1211 ἐλευθέρους
1563 1176 1669 1210 ἀφῆκεν
1680 1175 1726 1202 ἐπὶ
1734 1176 1803 1211 ἠμέ-

1017 1227 1065 1255 ρας
1073 1220 1103 1246 οὗ
1112 1220 1222 1251 πολλάς.
1235 1221 1313 1247 Μετὰ
1324 1220 1352 1247 δὲ
1363 1220 1450 1248 ταῦτα
1460 1221 1559 1248 αὐτίκα
1569 1219 1645 1253 αὖθις
1653 1222 1680 1252 ἐς
1689 1222 1802 1256 εἱρκτὴν

1017 1265 1210 1300 ποιησάμενος,
1219 1265 1351 1300 κατέσχεν
1362 1264 1410 1297 ὲςὸ
1418 1265 1450 1301 δὴ
1462 1264 1624 1299 ἀπαγαγὼν,
1634 1264 1800 1299 κατέσφαξε.

179 1312 285 1347 accipio
305 1319 366 1340 esse
389 1318 514 1338 causam.
539 1309 641 1338 Ferunt
668 1318 784 1346 puerunt
810 1311 956 1346 quemdam
977 1311 1122 1347 fugientem
1158 1311 1258 1346 jannas
1293 1313 1384 1347 regis,
1412 1312 1518 1339 venisse
1545 1313 1577 1339 ad
1609 1313 1681 1340 hunc
1721 1311 1802 1338 Lesli

179 1359 289 1386 (lucem.
321 1357 408 1392 Quem
449 1357 496 1385 ubi
526 1357 691 1385 Christianae
726 1358 867 1394 religionis
907 1358 960 1386 ﬁde
979 1359 1087 1392 imbuit,
1114 1367 1169 1386 non
1185 1359 1319 1386 dubitavit
1351 1358 1510 1393 turpissimo
1543 1367 1635 1386 amore
1670 1359 1803 1394 polluere.

180 1405 319 1439 Occupata
350 1408 441 1432 autem
471 1402 569 1436 Lesbo,
591 1411 654 1431 cum
676 1403 805 1439 princeps
820 1403 979 1439 Byzantium
1004 1404 1129 1437 abiisset,
1145 1404 1222 1439 pueri
1240 1403 1341 1431 oblitus
1359 1408 1412 1431 est.
1427 1404 1494 1431 Eum
1529 1404 1610 1440 282
1645 1404 1716 1431 inter
1742 1412 1801 1431 mn-

181 1457 246 1477 nera
264 1449 388 1485 quadam
410 1450 526 1478 missum
543 1449 577 1476 ad
605 1456 707 1484 regem,
733 1440 800 1484 regii
822 1449 901 1484 pueri
926 1453 1108 1483 agnoverunt,
1136 1455 1249 1483 remque
1279 1449 1336 1483 regi
1367 1449 1570 1484 signincarunt.
1601 1449 1655 1476 ltex
1689 1457 1801 1483 puerum

180 1494 292 1530 quidem
305 1495 418 1522 retinuit
434 1505 441 1524 :
459 1496 557 1523 ducem
580 1495 662 1529 cepit,
675 1499 702 1522 et
715 1495 741 1522 in
763 1502 902 1522 carcerem
919 1495 1007 1528 duxit,
1037 1503 1090 1522 una
1133 1502 1194 1521 cum
1212 1494 1376 1522 consobrino
1414 1495 1475 1530 ejus
1499 1495 1596 1527 Lucio,
1632 1495 1694 1522 ,λΕηί
1727 1496 1802 1530 prin-

181 1544 261 1575 cipe:
278 1543 324 1578 qui
348 1551 411 1572 cum
438 1544 535 1572 fuisset
562 1551 639 1579 puer,
667 1542 750 1571 Lesbi
761 1543 912 1579 principem
931 1543 958 1571 in
978 1544 1102 1571 necando
1125 1543 1210 1571 fratre
1233 1548 1261 1571 et
1276 1544 1396 1577 parando
1427 1544 1581 1579 principatu
1611 1548 1722 1572 strenue
1753 1546 1804 1572 ad-

180 1591 301 1626 juvarat.
328 1591 384 1620 Nec
403 1593 491 1620 multo
506 1596 568 1628 post
592 1591 708 1620 Lesbum
730 1598 850 1627 captam,
883 1592 910 1619 in
937 1592 1008 1620 hanc
1040 1592 1167 1620 miseram
1187 1591 1321 1626 provoluti
1349 1597 1414 1619 sunt
1448 1593 1651 1620 necessitatem.
1684 1591 1752 1622 Cum
1774 1594 1802 1621 in

181 1642 291 1664 summo
314 1637 375 1664 vitae
391 1642 486 1665 essent
513 1637 596 1664 ambo
610 1637 780 1670 discrimine,
809 1637 884 1665 dubii
906 1645 960 1672 quo
974 1645 1003 1665 se
1021 1641 1170 1671 verterent,
1191 1637 1401 1671 pronuntiarunt
1439 1647 1468 1666 se
1496 1637 1647 1666 Turcornm
1685 1640 1802 1675 religio-

182 1683 527 1720 nemassumpturos.Rex
539 1685 648 1721 quidem
664 1686 771 1714 donans
796 1693 844 1714 eos
858 1686 956 1713 vestitu
977 1690 1005 1713 et
1037 1685 1117 1718 tiara,
1143 1693 1191 1714 cos
1222 1693 1331 1720 quoque
1362 1686 1544 1720 circumcidit,
1573 1690 1601 1714 et
1627 1687 1804 1722 impunitoso

180 1739 293 1759 carcere
307 1731 423 1759 dimisit.
437 1730 493 1759 Nec
505 1736 596 1760 tamen
609 1732 656 1760 ditt
674 1732 727 1760 hoc
742 1733 841 1768 gaudio
859 1732 964 1760 illibato
985 1732 1026 1759 usi
1048 1736 1123 1759 sunt.
1148 1730 1216 1760 Nam
1242 1733 1316 1760 brevi
1336 1738 1457 1768 tempore
1471 1739 1542 1768 post,
1568 1742 1614 1762 eos
1644 1735 1742 1764 iterum
1774 1738 1801 1764 in

179 1785 319 1806 carcerem
335 1778 416 1805 condi
429 1777 522 1813 jussit.
548 1778 705 1813 etdiligenti
721 1779 848 1807 custodia
863 1779 957 1806 tandiu
981 1779 1146 1812 asservavit,
1175 1780 1261 1807 donec
1295 1779 1357 1806 inde
1380 1779 1513 1807 abductos
1554 1781 1664 1816 capitali
1697 1783 1803 1818 suppli-

178 1827 225 1854 cio
239 1825 368 1854 alliceret.

213 1871 270 1899 lsm
284 1880 357 1900 anno
372 1879 418 1901 rex
433 1871 510 1899 bisin
526 1871 650 1899 militiam
667 1871 804 1906 prolectus
813 1877 866 1904 est,
883 1871 964 1898 semel

1056 1870 1108 1897 Τὸν
1127 1869 1178 1905 μὲν
1191 1867 1238 1897 οὖν
1253 1869 1376 1897 ἐνιαυτὸν
1389 1871 1493 1901 τοῦτον.
1523 1871 1562 1903 δὶς
1578 1872 1659 1904 αὐτὸς
1686 1874 1801 1907 ἐκστρα»

178 1924 275 1947 contra
292 1918 389 1950 Dacos.
409 1919 506 1946 iterum
529 1922 624 1946 contra
658 1917 786 1950 Lesbum;
813 1922 840 1944 et
852 1923 967 1951 utraque

188 1966 260 1994 bella
277 1965 394 1993 confecit
405 1966 501 1993 eodem
527 1972 611 1997 anno;
637 1963 779 2000 hiemsque
810 1963 966 1995 advenerat,

180 2017 326 2047 antequam
342 2011 455 2040 domum
481 2011 570 2038 redire
586 2015 686 2045 posset.
708 2009 743 2037 Ea
765 2010 847 2045 igitur
878 2010 967 2037 hieme

181 2063 304 2086 versatus
317 2058 439 2094 Byzantii
472 2058 588 2086 classem
614 2056 775 2084 adornabat.
805 2056 968 2084 Exstruebat

180 2104 292 2139 terttpla;
311 2102 575 2138 aedilicabatrcgalia
607 2101 716 2135 palatia,
743 2101 892 2135 urbemque
906 2109 966 2128 eam

180 2150 232 2178 sibi
250 2150 453 2177 accommodant
467 2149 500 2175 ad
515 2147 622 2175 navalia
639 2147 849 2182 prmliareddere
861 2147 888 2174 in
903 2147 966 2174 ani-

181 2206 225 2223 mo
244 2197 424 2223 constituerat
445 2203 451 2221 :
487 2199 515 2221 ut
529 2198 634 2229 posset,
650 2193 790 2228 siquando
822 2201 887 2220 usus
900 2201 966 2228 pos.

181 2244 289 2274 tnlaret,
306 2240 516 2268 memorabilem
533 2239 647 2267 classem
665 2238 726 2267 inde
742 2239 769 2266 in
788 2247 862 2266 mare
881 2239 965 2266 dedu-

178 2297 253 2318 cere.
268 2287 316 2315 llis
332 2285 543 2323 cogitationibus
570 2286 701 2318 intentus,
727 2286 829 2313 invenit
839 2293 868 2313 se
887 2285 967 2313 facile

181 2342 262 2370 posse
278 2334 448 2369 superiorem
465 2340 526 2360 esse
537 2332 671 2362 hostibus,
691 2331 714 2359 si
733 2338 808 2358 mare
823 2331 898 2358 solus
916 2332 963 2359 ob-

182 2382 276 2409 tineat.
293 2380 391 2408 Animo
405 2383 568 2414 conceperat
586 2383 728 2405 exstruere
755 2383 783 2405 et
816 2377 896 2405 aliam
909 2385 966 2405 mc-

181 2427 355 2459 morabilem,
373 2430 434 2461 post
448 2423 628 2460 Propontidis
640 2424 852 2458 Laemocopiam.
869 2431 962 2451 arcem

180 2472 303 2509 Byzantii
322 2472 498 2500 mirabilem:
517 2480 600 2506 quam
615 2471 878 2506 exaediﬁcavitjuxta
905 2479 967 2506 por-

183 2525 226 2546 tas
237 2527 305 2554 quas
321 2519 427 2545 Aureas
453 2517 660 2553 nuncupabant.
675 2518 846 2545 Exeitavitet
875 2521 965 2544 turres

182 2565 324 2595 maximas,
341 2568 368 2590 et
398 2562 552 2598 spectaculo
574 2563 680 2598 dignas,
708 2570 812 2590 necnon
839 2562 966 2590 interiora

182 2611 272 2643 regitl',
290 2614 314 2636 et
332 2609 428 2636 turrim
446 2617 505 2644 qure
517 2610 604 2644 vergit
617 2609 650 2636 ad
665 2609 827 2643 Scopiorum
845 2613 966 2642 pontem,

182 2664 237 2690 quo
251 2656 375 2691 jungitur
391 2656 479 2682 Axius
496 2654 604 2682 ﬂuvius.
631 2655 717 2682 Etiam
746 2654 848 2689 regiam
875 2655 965 2680 sedem

183 2701 361 2735 Adrianopoli
382 2702 452 2729 ultra
466 2701 621 2734 Taenarum,
631 2708 685 2736 qua
699 2699 817 2727 Hebrum
834 2699 964 2732 illabitur,

1020 1916 1188 1950 τευσάμενος
1204 1915 1344 1951 βασιλεὺς,
1358 1916 1408 1951 τὴν
1432 1917 1482 1951 μὲν
1504 1917 1551 1944 ἐπὶ
1575 1919 1667 1951 Aius;
1691 1919 1799 1946 ἔλευσιν

1020 1963 1181 1997 ἐποιήσατο.
1194 1963 1243 1998 τὴν
1255 1963 1282 1990 δὲ
1299 1964 1470 1992 ὲπὶΛέσῆον.
1490 1964 1546 1990 Καὶ
1569 1965 1697 1992 ἐτελεύτα
1725 1967 1800 2001 αὐτῷ

1018 2011 1046 2041 ὲς
1057 2009 1101 2035 τὸν
1113 2009 1235 2045 χειμῶνα
1250 2010 1345 2036 τοῦτον
1357 2010 1374 2045 ἡ
1389 2010 1431 2036 ἐπ’
1446 2010 1522 2036 οἴκου
1552 2010 1717 2047 ἁνακομιδή.
1746 2013 1801 2041 Καὶ

1019 2056 1064 2082 τὸν
1082 2056 1134 2090 μὲν
1144 2055 1268 2090 χειμῶνα
1280 2057 1308 2081 ἐν
1322 2055 1464 2090 Βυζαντίῳ
1487 2056 1643 2091 διατρίϐων,
1675 2059 1802 2085 ναυτικόν

1018 2110 1046 2128 τε
1059 2101 1219 2137 ἐξηρτύετο,
1238 2102 1284 2127 καὶ
1297 2101 1325 2132 ἐς
1345 2101 1390 2127 τὸν
1404 2100 1530 2133 Εὔξεινον
1562 2102 1657 2128 πόντον
1681 2103 1802 2138 ἐναυπη-

1022 2148 1096 2181 τεῐτο
1105 2148 1229 2182 τριήρεις
1245 2148 1316 2181 ἀμφὶ
1329 2147 1377 2178 τὰς
1392 2147 1552 2180 τριάκοντα,
1585 2147 1631 2174 καὶ
1653 2149 1803 2185 οἰκοδομῶν

1019 2195 1097 2225 ναούς
1110 2203 1139 2220 τε
1154 2194 1201 2220 καὶ
1217 2194 1350 2229 βασίλεια,
1364 2194 1472 2220 ἐπενόει
1483 2193 1532 2229 τὴν
1548 2195 1697 2226 Βυζαντίου
1723 2197 1800 2223 πόλιν
1840 2211 1845 2216 ι

1018 2239 1092 2274 αὺτῷ
1115 2241 1154 2272 εἰς
1191 2239 1226 2266 τὰ
1252 2241 1369 2266 ναυτικὰ
1383 2240 1411 2271 ἐς
1437 2241 1552 2275 πορείαν
1571 2241 1594 2256 ³⁹
1623 2241 1800 2276 παρέξεσθαι·

1018 2287 1088 2314 ὥστε
1100 2286 1174 2320 ἄξιον
1186 2286 1266 2321 λόγου
1288 2286 1414 2313 ναυτικὸν
1441 2287 1468 2317 ἐς
1485 2287 1534 2322 τὴν
1556 2287 1695 2315 θάλασσαν
1719 2288 1800 2322 ἐξαρ-

1018 2333 1141 2359 τύεσθαι.
1161 2333 1200 2368 Τῇ
1223 2333 1276 2368 γὰρ
1302 2333 1424 2368 θαλάσσῃ
1451 2332 1625 2368 λογιζόμενος
1657 2334 1798 2369 εὕρισκεν,

1019 2377 1090 2409 tinget
1105 2379 1296 2412 ἐπικρατήσει,
1316 2378 1381 2414 ῥᾷον
1405 2379 1480 2414 αὐτῷ
1511 2381 1724 2415 παραχωρήσειν
1751 2381 1801 2407 καὶ

1018 2423 1052 2451 τὰ
1066 2423 1120 2450 τῶν
1138 2423 1287 2459 πολεμίων.
1305 2424 1448 2460 Ἑδείματο
1463 2425 1490 2452 δὲ
1505 2427 1551 2453 καὶ
1563 2427 1629 2462 ἄλλῃ
1643 2427 1706 2459 ἄξια
1717 2426 1798 2461 λόγου

1019 2470 1088 2505 μετὰ
1105 2470 1153 2506 τὴν
1183 2473 1212 2497 ὲν
1234 2472 1393 2506 Προποντίδι
1421 2473 1621 2508 Λαιμοκοτιίην,
1650 2474 1702 2509 τήν
1717 2483 1744 2500 τε
1770 2475 1798 2499 ὲν

1018 2516 1156 2552 Βυζαντίῳ
1176 2517 1322 2552 ἀκρόπολιν
1345 2518 1428 2552 ἀξίως
1445 2519 1536 2553 λόγου,
1549 2521 1577 2550 ἐς
1605 2519 1655 2551 τὰς
1680 2520 1800 2555 χρυσέας

985 2555 1006 2582 D
1024 2561 1192 2596 καλουμένας
1204 2563 1302 2594 ’πύλαις⁸
1315 2563 1436 2598 πύργους
1454 2572 1483 2590 τε
1500 2564 1646 2599 μεγίστους
1662 2566 1709 2591 καὶ
1729 2566 1803 2598 ἀξιο-

1021 2607 1143 2639 θεάτους,
1160 2609 1208 2635 καὶ
1228 2608 1261 2634 τὰ
1278 2609 1352 2640 ἐντὸς
1368 2609 1504 2646 βασίλεια,
1531 2610 1577 2636 καὶ
1611 2610 1659 2646 τὴν
1677 2610 1724 2637 ἐπὶ
1748 2611 1803 2638 τῶν

1020 2653 1146 2680 Σκοπίων
1164 2655 1287 2689 γέφυραν
1305 2656 1348 2681 ἐπ’
1374 2645 1456 2690 ’Λξῖῷ
1471 2655 1598 2690 ποταμῷ,
1615 2657 1662 2683 καὶ
1675 2657 1800 2692 βασίλεια

1020 2702 1049 2726 ἐν
1071 2699 1292 2734 Ἀὂριανουπόλει
1314 2701 1401 2736 πέραν
1431 2701 1478 2728 τοῦ
1496 2700 1616 2738 Ταιάρου
1631 2703 1666 2738 ⁸⁸,
1691 2710 1710 2740 η
1724 2703 1756 2738 δὴ
1773 2704 1802 2735 ἐς

822 2771 945 2802 Νοιυῐεο
966 2770 1164 2809 marginales.

217 2838 250 2855 ³⁸⁸
264 2838 342 2866 Deest
355 2837 468 2872 aliquid,
487 2841 514 2864 ut
528 2844 560 2864 ex
574 2836 790 2871 interpretatione
806 2841 887 2871 patet.
927 2837 947 2852 "
965 2836 996 2863 In
1013 2844 1077 2868 uno,
1099 2836 1193 2871 εὐπορ.

1231 2835 1254 2852 ⁸⁸
1271 2835 1315 2864 Sic
1345 2845 1393 2864 mc.
