  <div class='ocr_page' id='page_1' title='image "/cluster/home/n/w/nwhite01/storage/ocr_20150623/159/njp.32101077773248/285.png"; bbox 0 0 1962 3071; ppageno 0'>
   <div class='ocr_carea' id='block_1_1' title="bbox 186 151 236 184">
    <p class='ocr_par' dir='ltr' id='par_1_1' title="bbox 186 151 236 184">
     <span class='ocr_line' id='line_1_1' title="bbox 186 151 236 184; baseline 0.04 -2"><span class='ocrx_word' id='word_1_1' title='bbox 186 151 236 184; x_wconf 78' lang='grc'><strong>567</strong></span> 
     </span>
    </p>
   </div>
   <div class='ocr_carea' id='block_1_2' title="bbox 794 161 1219 198">
    <p class='ocr_par' dir='ltr' id='par_1_2' title="bbox 794 161 1219 198">
     <span class='ocr_line' id='line_1_2' title="bbox 794 161 1219 198; baseline 0.014 -8"><span class='ocrx_word' id='word_1_2' title='bbox 794 161 1024 198; x_wconf 76' lang='lat' dir='ltr'><strong>MARQUARDl</strong></span> <span class='ocrx_word' id='word_1_3' title='bbox 1048 165 1148 195; x_wconf 81' lang='lat' dir='ltr'><strong>FREH</strong></span> <span class='ocrx_word' id='word_1_4' title='bbox 1157 167 1219 196; x_wconf 73' lang='lat' dir='ltr'><strong>lim</strong></span> 
     </span>
    </p>
   </div>
   <div class='ocr_carea' id='block_1_3' title="bbox 1748 172 1799 204">
    <p class='ocr_par' dir='ltr' id='par_1_3' title="bbox 1748 172 1799 204">
     <span class='ocr_line' id='line_1_3' title="bbox 1748 172 1799 204; baseline 0.059 -3"><span class='ocrx_word' id='word_1_5' title='bbox 1748 172 1799 204; x_wconf 78' lang='lat'><strong>568</strong></span> 
     </span>
    </p>
   </div>
   <div class='ocr_carea' id='block_1_4' title="bbox 220 207 962 263">
    <p class='ocr_par' dir='ltr' id='par_1_4' title="bbox 220 207 962 247">
     <span class='ocr_line' id='line_1_4' title="bbox 220 207 962 247; baseline 0.011 -11"><span class='ocrx_word' id='word_1_6' title='bbox 220 207 277 237; x_wconf 81' lang='lat' dir='ltr'><strong>Col.</strong></span> <span class='ocrx_word' id='word_1_7' title='bbox 294 209 329 238; x_wconf 89' lang='lat'><strong>80</strong></span> <span class='ocrx_word' id='word_1_8' title='bbox 341 211 375 239; x_wconf 73' lang='grc' dir='ltr'><strong>Α.</strong></span> <span class='ocrx_word' id='word_1_9' title='bbox 393 213 477 247; x_wconf 78' lang='grc' dir='ltr'><strong>Φέρει</strong></span> <span class='ocrx_word' id='word_1_10' title='bbox 493 214 518 241; x_wconf 82' lang='grc' dir='ltr'><strong>τ’</strong></span> <span class='ocrx_word' id='word_1_11' title='bbox 531 215 610 242; x_wconf 75' lang='grc' dir='ltr'><em>ἀλλὰ</em></span> <span class='ocrx_word' id='word_1_12' title='bbox 624 214 732 242; x_wconf 78' lang='grc' dir='ltr'><em>πάντα.</em></span> <span class='ocrx_word' id='word_1_13' title='bbox 751 215 836 243; x_wconf 83' lang='lat' dir='ltr'><strong>Etiam</strong></span> <span class='ocrx_word' id='word_1_14' title='bbox 853 218 962 245; x_wconf 80' lang='lat' dir='ltr'><strong>metalla</strong></span> 
     </span>
    </p>
   </div>
   <div class='ocr_carea' id='block_1_5' title="bbox 1015 207 1799 263">
    <p class='ocr_par' dir='ltr' id='par_1_5' title="bbox 1016 219 1799 263">
     <span class='ocr_line' id='line_1_5' title="bbox 1016 219 1799 263; baseline 0.013 -18"><span class='ocrx_word' id='word_1_15' title='bbox 1016 219 1061 247; x_wconf 88' lang='lat' dir='ltr'><strong>ubi</strong></span> <span class='ocrx_word' id='word_1_16' title='bbox 1088 221 1201 249; x_wconf 71' lang='lat' dir='ltr'><strong>Carolus</strong></span> <span class='ocrx_word' id='word_1_17' title='bbox 1224 221 1363 252; x_wconf 77' lang='lat' dir='ltr'><strong>Mam-llus</strong></span> <span class='ocrx_word' id='word_1_18' title='bbox 1399 225 1522 254; x_wconf 79' lang='lat' dir='ltr'><strong>Francus</strong></span> <span class='ocrx_word' id='word_1_19' title='bbox 1558 227 1648 261; x_wconf 88' lang='lat' dir='ltr'><strong>palatii</strong></span> <span class='ocrx_word' id='word_1_20' title='bbox 1673 228 1799 263; x_wconf 80' lang='lat' dir='ltr'><strong>magister</strong></span> 
     </span>
    </p>
   </div>
   <div class='ocr_carea' id='block_1_6' title="bbox 186 255 965 295">
    <p class='ocr_par' dir='ltr' id='par_1_6' title="bbox 186 255 965 295">
     <span class='ocr_line' id='line_1_6' title="bbox 186 255 965 295; baseline 0.015 -16"><span class='ocrx_word' id='word_1_21' title='bbox 186 255 267 281; x_wconf 81' lang='lat' dir='ltr'><strong>omne</strong></span> <span class='ocrx_word' id='word_1_22' title='bbox 279 263 375 290; x_wconf 78' lang='lat' dir='ltr'><strong>genus,</strong></span> <span class='ocrx_word' id='word_1_23' title='bbox 390 259 462 290; x_wconf 85' lang='lat' dir='ltr'><strong>quod</strong></span> <span class='ocrx_word' id='word_1_24' title='bbox 490 260 554 286; x_wconf 92' lang='lat' dir='ltr'><strong>olim</strong></span> <span class='ocrx_word' id='word_1_25' title='bbox 581 259 690 288; x_wconf 78' lang='lat' dir='ltr'><strong>Tacitus</strong></span> <span class='ocrx_word' id='word_1_26' title='bbox 718 263 835 295; x_wconf 58' lang='lat' dir='ltr'><strong>negavit.</strong></span> <span class='ocrx_word' id='word_1_27' title='bbox 863 263 916 291; x_wconf 82' lang='lat' dir='ltr'><strong>Sed</strong></span> <span class='ocrx_word' id='word_1_28' title='bbox 931 264 965 291; x_wconf 92' lang='lat' dir='ltr'><strong>de</strong></span> 
     </span>
    </p>
   </div>
   <div class='ocr_carea' id='block_1_7' title="bbox 185 297 964 336">
    <p class='ocr_par' dir='ltr' id='par_1_7' title="bbox 185 297 964 336">
     <span class='ocr_line' id='line_1_7' title="bbox 185 297 964 336; baseline 0.017 -14"><span class='ocrx_word' id='word_1_29' title='bbox 185 297 229 324; x_wconf 83' lang='lat' dir='ltr'><strong>his</strong></span> <span class='ocrx_word' id='word_1_30' title='bbox 243 299 315 326; x_wconf 84' lang='lat' dir='ltr'><strong>alibi.</strong></span> <span class='ocrx_word' id='word_1_31' title='bbox 340 300 407 328; x_wconf 86' lang='lat' dir='ltr'><strong>illud</strong></span> <span class='ocrx_word' id='word_1_32' title='bbox 436 303 470 329; x_wconf 83' lang='lat' dir='ltr'><strong>de</strong></span> <span class='ocrx_word' id='word_1_33' title='bbox 496 305 653 332; x_wconf 84' lang='lat' dir='ltr'><strong>volucribus</strong></span> <span class='ocrx_word' id='word_1_34' title='bbox 689 307 830 334; x_wconf 79' lang='lat' dir='ltr'><strong>noctilncis</strong></span> <span class='ocrx_word' id='word_1_35' title='bbox 867 309 964 336; x_wconf 81' lang='lat' dir='ltr'><strong>mirum</strong></span> 
     </span>
    </p>
   </div>
   <div class='ocr_carea' id='block_1_8' title="bbox 187 342 894 390">
    <p class='ocr_par' dir='ltr' id='par_1_8' title="bbox 187 342 894 390">
     <span class='ocr_line' id='line_1_8' title="bbox 187 342 894 390; baseline 0.016 -20"><span class='ocrx_word' id='word_1_36' title='bbox 187 342 317 380; x_wconf 85' lang='lat' dir='ltr'><strong>Dionysio</strong></span> <span class='ocrx_word' id='word_1_37' title='bbox 330 351 357 373; x_wconf 88' lang='lat' dir='ltr'><strong>et</strong></span> <span class='ocrx_word' id='word_1_38' title='bbox 373 346 448 375; x_wconf 89' lang='lat' dir='ltr'><strong>Solio</strong></span> <span class='ocrx_word' id='word_1_39' title='bbox 457 349 632 384; x_wconf 89' lang='lat' dir='ltr'><strong>adnotatttm,</strong></span> <span class='ocrx_word' id='word_1_40' title='bbox 646 351 700 379; x_wconf 87' lang='lat' dir='ltr'><strong>risu</strong></span> <span class='ocrx_word' id='word_1_41' title='bbox 715 352 833 390; x_wconf 71' lang='lat' dir='ltr'><strong>dignum</strong></span> <span class='ocrx_word' id='word_1_42' title='bbox 841 359 894 382; x_wconf 86' lang='lat' dir='ltr'><strong>est.</strong></span> 
     </span>
    </p>
   </div>
   <div class='ocr_carea' id='block_1_9' title="bbox 220 421 911 462">
    <p class='ocr_par' dir='ltr' id='par_1_9' title="bbox 220 421 911 462">
     <span class='ocr_line' id='line_1_9' title="bbox 220 421 911 462; baseline 0.014 -16"><span class='ocrx_word' id='word_1_43' title='bbox 220 421 297 462; x_wconf 52' lang='lat' dir='ltr'><strong>Quod</strong></span> <span class='ocrx_word' id='word_1_44' title='bbox 312 423 528 462; x_wconf 48' lang='grc' dir='ltr'><strong>ῃαξείι-ροιιιεηε</strong></span> <span class='ocrx_word' id='word_1_45' title='bbox 543 424 662 460; x_wconf 86' lang='lat' dir='ltr'><strong>(mirum)</strong></span> <span class='ocrx_word' id='word_1_46' title='bbox 678 427 839 462; x_wconf 72' lang='lat' dir='ltr'><strong>fulgentibus</strong></span> <span class='ocrx_word' id='word_1_47' title='bbox 862 430 911 456; x_wconf 75' lang='lat' dir='ltr'><strong>alis</strong></span> 
     </span>
    </p>
   </div>
   <div class='ocr_carea' id='block_1_10' title="bbox 253 455 927 497">
    <p class='ocr_par' dir='ltr' id='par_1_10' title="bbox 253 455 927 497">
     <span class='ocr_line' id='line_1_10' title="bbox 253 455 927 497; baseline 0.013 -15"><span class='ocrx_word' id='word_1_48' title='bbox 253 455 333 488; x_wconf 73' lang='lat' dir='ltr'><strong>Queis</strong></span> <span class='ocrx_word' id='word_1_49' title='bbox 341 458 451 485; x_wconf 74' lang='lat' dir='ltr'><strong>ducibus</strong></span> <span class='ocrx_word' id='word_1_50' title='bbox 471 455 552 486; x_wconf 50' lang='lat' dir='ltr'><strong>nocte</strong></span> <span class='ocrx_word' id='word_1_51' title='bbox 568 455 712 488; x_wconf 62' lang='lat' dir='ltr'><strong>cernuntur</strong></span> <span class='ocrx_word' id='word_1_52' title='bbox 720 455 796 497; x_wconf 38' lang='lat' dir='ltr'><strong>“ﬂexa</strong></span> <span class='ocrx_word' id='word_1_53' title='bbox 813 455 927 492; x_wconf 71' lang='lat' dir='ltr'><strong>viarum.</strong></span> 
     </span>
    </p>
   </div>
   <div class='ocr_carea' id='block_1_11' title="bbox 217 519 964 565">
    <p class='ocr_par' dir='ltr' id='par_1_11' title="bbox 217 519 964 565">
     <span class='ocr_line' id='line_1_11' title="bbox 217 519 964 565; baseline 0.021 -20"><span class='ocrx_word' id='word_1_54' title='bbox 217 519 284 546; x_wconf 78' lang='lat' dir='ltr'><strong>ibid.</strong></span> <span class='ocrx_word' id='word_1_55' title='bbox 309 521 374 548; x_wconf 77' lang='grc' dir='ltr'><strong>Ἐπὶ</strong></span> <span class='ocrx_word' id='word_1_56' title='bbox 404 524 538 558; x_wconf 82' lang='grc' dir='ltr'><strong>Βοέμους</strong></span> <span class='ocrx_word' id='word_1_57' title='bbox 563 526 633 560; x_wconf 81' lang='grc' dir='ltr'><strong>τοὺς</strong></span> <span class='ocrx_word' id='word_1_58' title='bbox 652 529 790 563; x_wconf 74' lang='grc' dir='ltr'><strong>Κεχιόυς.</strong></span> <span class='ocrx_word' id='word_1_59' title='bbox 815 530 890 565; x_wconf 83' lang='lat' dir='ltr'><strong>Quod</strong></span> <span class='ocrx_word' id='word_1_60' title='bbox 911 532 964 561; x_wconf 84' lang='lat' dir='ltr'><strong>Uu-</strong></span> 
     </span>
    </p>
   </div>
   <div class='ocr_carea' id='block_1_12' title="bbox 182 566 964 612">
    <p class='ocr_par' dir='ltr' id='par_1_12' title="bbox 182 566 964 612">
     <span class='ocr_line' id='line_1_12' title="bbox 182 566 964 612; baseline 0.022 -22"><span class='ocrx_word' id='word_1_61' title='bbox 182 566 285 599; x_wconf 71' lang='lat' dir='ltr'><strong>gariam</strong></span> <span class='ocrx_word' id='word_1_62' title='bbox 311 571 509 598; x_wconf 71' lang='lat' dir='ltr'><strong>conterminam</strong></span> <span class='ocrx_word' id='word_1_63' title='bbox 536 570 602 599; x_wconf 77' lang='lat' dir='ltr'><strong>facit</strong></span> <span class='ocrx_word' id='word_1_64' title='bbox 631 573 790 605; x_wconf 72' lang='lat' dir='ltr'><strong>Bohemiaa.</strong></span> <span class='ocrx_word' id='word_1_65' title='bbox 819 577 882 605; x_wconf 88' lang='lat' dir='ltr'><strong>inde</strong></span> <span class='ocrx_word' id='word_1_66' title='bbox 906 586 964 612; x_wconf 77' lang='lat' dir='ltr'><strong>est,</strong></span> 
     </span>
    </p>
   </div>
   <div class='ocr_carea' id='block_1_13' title="bbox 182 612 963 657">
    <p class='ocr_par' dir='ltr' id='par_1_13' title="bbox 182 612 963 657">
     <span class='ocr_line' id='line_1_13' title="bbox 182 612 963 657; baseline 0.019 -20"><span class='ocrx_word' id='word_1_67' title='bbox 182 612 253 645; x_wconf 87' lang='lat' dir='ltr'><strong>quod</strong></span> <span class='ocrx_word' id='word_1_68' title='bbox 272 613 322 641; x_wconf 84' lang='lat' dir='ltr'><strong>sub</strong></span> <span class='ocrx_word' id='word_1_69' title='bbox 338 613 464 643; x_wconf 87' lang='lat' dir='ltr'><strong>Bohemis</strong></span> <span class='ocrx_word' id='word_1_70' title='bbox 488 617 613 646; x_wconf 83' lang='lat' dir='ltr'><strong>Moravos</strong></span> <span class='ocrx_word' id='word_1_71' title='bbox 638 621 720 648; x_wconf 82' lang='lat' dir='ltr'><strong>etiam</strong></span> <span class='ocrx_word' id='word_1_72' title='bbox 749 624 963 657; x_wconf 83' lang='lat' dir='ltr'><strong>comprehendit,</strong></span> 
     </span>
    </p>
   </div>
   <div class='ocr_carea' id='block_1_14' title="bbox 183 659 961 705">
    <p class='ocr_par' dir='ltr' id='par_1_14' title="bbox 183 659 961 705">
     <span class='ocr_line' id='line_1_14' title="bbox 183 659 961 705; baseline 0.019 -21"><span class='ocrx_word' id='word_1_73' title='bbox 183 659 230 691; x_wconf 87' lang='lat' dir='ltr'><strong>qui</strong></span> <span class='ocrx_word' id='word_1_74' title='bbox 248 660 348 687; x_wconf 79' lang='lat' dir='ltr'><strong>subditi</strong></span> <span class='ocrx_word' id='word_1_75' title='bbox 370 670 453 696; x_wconf 76' lang='lat' dir='ltr'><strong>regno</strong></span> <span class='ocrx_word' id='word_1_76' title='bbox 473 663 611 691; x_wconf 66' lang='lat' dir='ltr'><strong>Bohemiaa</strong></span> <span class='ocrx_word' id='word_1_77' title='bbox 642 666 787 701; x_wconf 78' lang='lat' dir='ltr'><strong>Ungariant</strong></span> <span class='ocrx_word' id='word_1_78' title='bbox 815 671 961 705; x_wconf 77' lang='lat' dir='ltr'><strong>attingunt.</strong></span> 
     </span>
    </p>
   </div>
   <div class='ocr_carea' id='block_1_15' title="bbox 185 704 964 750">
    <p class='ocr_par' dir='ltr' id='par_1_15' title="bbox 185 704 964 750">
     <span class='ocr_line' id='line_1_15' title="bbox 185 704 964 750; baseline 0.018 -21"><span class='ocrx_word' id='word_1_79' title='bbox 185 704 261 736; x_wconf 83' lang='lat' dir='ltr'><strong>Quod</strong></span> <span class='ocrx_word' id='word_1_80' title='bbox 278 714 342 733; x_wconf 76' lang='lat' dir='ltr'><strong>vero</strong></span> <span class='ocrx_word' id='word_1_81' title='bbox 358 707 395 734; x_wconf 85' lang='lat' dir='ltr'><strong>ait</strong></span> <span class='ocrx_word' id='word_1_82' title='bbox 413 707 546 737; x_wconf 82' lang='lat' dir='ltr'><strong>Bohetnus</strong></span> <span class='ocrx_word' id='word_1_83' title='bbox 561 711 615 738; x_wconf 84' lang='lat' dir='ltr'><strong>dici</strong></span> <span class='ocrx_word' id='word_1_84' title='bbox 640 711 756 745; x_wconf 83' lang='lat' dir='ltr'><strong>Ccchos,</strong></span> <span class='ocrx_word' id='word_1_85' title='bbox 781 714 815 741; x_wconf 87' lang='lat' dir='ltr'><strong>ab</strong></span> <span class='ocrx_word' id='word_1_86' title='bbox 843 704 964 750; x_wconf 82' lang='lat' dir='ltr'><strong>ipsorum</strong></span> 
     </span>
    </p>
   </div>
   <div class='ocr_carea' id='block_1_16' title="bbox 181 749 964 791">
    <p class='ocr_par' dir='ltr' id='par_1_16' title="bbox 181 749 964 791">
     <span class='ocr_line' id='line_1_16' title="bbox 181 749 964 791; baseline 0.02 -17"><span class='ocrx_word' id='word_1_87' title='bbox 181 755 206 775; x_wconf 82' lang='lat' dir='ltr'><strong>et</strong></span> <span class='ocrx_word' id='word_1_88' title='bbox 225 749 389 779; x_wconf 75' lang='lat' dir='ltr'><strong>l’olonorum</strong></span> <span class='ocrx_word' id='word_1_89' title='bbox 410 753 499 788; x_wconf 74' lang='lat' dir='ltr'><strong>lingua</strong></span> <span class='ocrx_word' id='word_1_90' title='bbox 528 761 580 786; x_wconf 85' lang='lat' dir='ltr'><strong>est.</strong></span> <span class='ocrx_word' id='word_1_91' title='bbox 597 757 696 791; x_wconf 86' lang='lat' dir='ltr'><strong>quibus</strong></span> <span class='ocrx_word' id='word_1_92' title='bbox 723 759 858 788; x_wconf 87' lang='lat' dir='ltr'><strong>Bohemus</strong></span> <span class='ocrx_word' id='word_1_93' title='bbox 883 762 964 790; x_wconf 73' lang='lat' dir='ltr'><strong>Czec/t</strong></span> 
     </span>
    </p>
   </div>
   <div class='ocr_carea' id='block_1_17' title="bbox 184 794 964 842">
    <p class='ocr_par' dir='ltr' id='par_1_17' title="bbox 184 794 964 842">
     <span class='ocr_line' id='line_1_17' title="bbox 184 794 964 842; baseline 0.019 -22"><span class='ocrx_word' id='word_1_94' title='bbox 184 799 214 842; x_wconf 82' lang='lat' dir='ltr'><strong>ut</strong></span> <span class='ocrx_word' id='word_1_95' title='bbox 243 795 378 831; x_wconf 78' lang='lat' dir='ltr'><strong>Ungariea</strong></span> <span class='ocrx_word' id='word_1_96' title='bbox 408 800 468 826; x_wconf 75' lang='lat' dir='ltr'><strong>czé/t</strong></span> <span class='ocrx_word' id='word_1_97' title='bbox 502 801 674 836; x_wconf 71' lang='lat' dir='ltr'><strong>appellatur;</strong></span> <span class='ocrx_word' id='word_1_98' title='bbox 706 803 749 831; x_wconf 69' lang='grc' dir='ltr'><strong>(ΞΖ</strong></span> <span class='ocrx_word' id='word_1_99' title='bbox 778 794 964 842; x_wconf 53' lang='lat' dir='ltr'><strong>ita&#39;pronun—</strong></span> 
     </span>
    </p>
   </div>
   <div class='ocr_carea' id='block_1_18' title="bbox 184 841 963 884">
    <p class='ocr_par' dir='ltr' id='par_1_18' title="bbox 184 841 963 884">
     <span class='ocr_line' id='line_1_18' title="bbox 184 841 963 884; baseline 0.019 -18"><span class='ocrx_word' id='word_1_100' title='bbox 184 841 261 874; x_wconf 82' lang='lat' dir='ltr'><strong>tiato,</strong></span> <span class='ocrx_word' id='word_1_101' title='bbox 277 844 415 876; x_wconf 88' lang='lat' dir='ltr'><strong>quomodo</strong></span> <span class='ocrx_word' id='word_1_102' title='bbox 433 845 497 873; x_wconf 70' lang='lat' dir='ltr'><strong>Tsclt</strong></span> <span class='ocrx_word' id='word_1_103' title='bbox 524 847 550 874; x_wconf 95' lang='lat' dir='ltr'><strong>in</strong></span> <span class='ocrx_word' id='word_1_104' title='bbox 569 847 715 877; x_wconf 70' lang='lat' dir='ltr'><strong>Tac/rudus.</strong></span> <span class='ocrx_word' id='word_1_105' title='bbox 737 851 814 884; x_wconf 86' lang='lat' dir='ltr'><strong>Quod</strong></span> <span class='ocrx_word' id='word_1_106' title='bbox 831 841 928 880; x_wconf 76' lang='lat' dir='ltr'><strong>nomen</strong></span> <span class='ocrx_word' id='word_1_107' title='bbox 948 863 963 881; x_wconf 88' lang='lat' dir='ltr'><strong>a</strong></span> 
     </span>
    </p>
   </div>
   <div class='ocr_carea' id='block_1_19' title="bbox 1015 268 1798 306">
    <p class='ocr_par' dir='ltr' id='par_1_19' title="bbox 1015 268 1798 306">
     <span class='ocr_line' id='line_1_19' title="bbox 1015 268 1798 306; baseline 0.013 -14"><span class='ocrx_word' id='word_1_108' title='bbox 1015 270 1094 293; x_wconf 82' lang='lat' dir='ltr'><strong>erat:</strong></span> <span class='ocrx_word' id='word_1_109' title='bbox 1119 268 1196 297; x_wconf 85' lang='lat' dir='ltr'><strong>cuius</strong></span> <span class='ocrx_word' id='word_1_110' title='bbox 1222 274 1314 304; x_wconf 75' lang='lat' dir='ltr'><strong>rogatu</strong></span> <span class='ocrx_word' id='word_1_111' title='bbox 1336 270 1518 306; x_wconf 74' lang='lat' dir='ltr'><strong>Luitprandus</strong></span> <span class='ocrx_word' id='word_1_112' title='bbox 1548 273 1798 301; x_wconf 77' lang='lat' dir='ltr'><strong>obsidionem.sol-</strong></span> 
     </span>
    </p>
   </div>
   <div class='ocr_carea' id='block_1_20' title="bbox 1016 310 1798 350">
    <p class='ocr_par' dir='ltr' id='par_1_20' title="bbox 1016 310 1798 350">
     <span class='ocr_line' id='line_1_20' title="bbox 1016 310 1798 350; baseline 0.013 -14"><span class='ocrx_word' id='word_1_113' title='bbox 1016 310 1063 337; x_wconf 85' lang='lat' dir='ltr'><strong>vit.</strong></span> <span class='ocrx_word' id='word_1_114' title='bbox 1091 311 1232 347; x_wconf 85' lang='lat' dir='ltr'><strong>Pippinus.</strong></span> <span class='ocrx_word' id='word_1_115' title='bbox 1261 315 1374 343; x_wconf 85' lang='lat' dir='ltr'><strong>Mat-telli</strong></span> <span class='ocrx_word' id='word_1_116' title='bbox 1403 318 1484 350; x_wconf 84' lang='lat' dir='ltr'><strong>titius,</strong></span> <span class='ocrx_word' id='word_1_117' title='bbox 1508 318 1661 346; x_wconf 88' lang='lat' dir='ltr'><strong>Childerico</strong></span> <span class='ocrx_word' id='word_1_118' title='bbox 1687 320 1798 346; x_wconf 86' lang='lat' dir='ltr'><strong>domino</strong></span> 
     </span>
    </p>
   </div>
   <div class='ocr_carea' id='block_1_21' title="bbox 1015 357 1798 395">
    <p class='ocr_par' dir='ltr' id='par_1_21' title="bbox 1015 357 1798 395">
     <span class='ocr_line' id='line_1_21' title="bbox 1015 357 1798 395; baseline 0.01 -12"><span class='ocrx_word' id='word_1_119' title='bbox 1015 363 1065 384; x_wconf 81' lang='lat' dir='ltr'><strong>suo</strong></span> <span class='ocrx_word' id='word_1_120' title='bbox 1078 357 1175 391; x_wconf 79' lang='lat' dir='ltr'><strong>ignavo</strong></span> <span class='ocrx_word' id='word_1_121' title='bbox 1191 361 1355 388; x_wconf 77' lang='lat' dir='ltr'><strong>monaSIerio</strong></span> <span class='ocrx_word' id='word_1_122' title='bbox 1365 363 1481 395; x_wconf 89' lang='lat' dir='ltr'><strong>incluso,</strong></span> <span class='ocrx_word' id='word_1_123' title='bbox 1494 371 1565 390; x_wconf 88' lang='lat' dir='ltr'><strong>anno</strong></span> <span class='ocrx_word' id='word_1_124' title='bbox 1589 363 1649 395; x_wconf 78' lang='lat'><strong>753,</strong></span> <span class='ocrx_word' id='word_1_125' title='bbox 1677 370 1754 391; x_wconf 79' lang='lat' dir='ltr'><strong>curat</strong></span> <span class='ocrx_word' id='word_1_126' title='bbox 1769 372 1798 392; x_wconf 73' lang='lat' dir='ltr'><strong>se</strong></span> 
     </span>
    </p>
   </div>
   <div class='ocr_carea' id='block_1_22' title="bbox 1014 399 1796 441">
    <p class='ocr_par' dir='ltr' id='par_1_22' title="bbox 1014 399 1796 441">
     <span class='ocr_line' id='line_1_22' title="bbox 1014 399 1796 441; baseline 0.013 -16"><span class='ocrx_word' id='word_1_127' title='bbox 1014 399 1112 434; x_wconf 75' lang='lat' dir='ltr'><strong>eligiet</strong></span> <span class='ocrx_word' id='word_1_128' title='bbox 1124 401 1157 428; x_wconf 88' lang='lat' dir='ltr'><strong>ad</strong></span> <span class='ocrx_word' id='word_1_129' title='bbox 1171 402 1329 432; x_wconf 78' lang='lat' dir='ltr'><strong>Zachariam</strong></span> <span class='ocrx_word' id='word_1_130' title='bbox 1363 406 1428 433; x_wconf 89' lang='lat' dir='ltr'><strong>dicti</strong></span> <span class='ocrx_word' id='word_1_131' title='bbox 1461 405 1584 441; x_wconf 81' lang='lat' dir='ltr'><strong>Gregorii</strong></span> <span class='ocrx_word' id='word_1_132' title='bbox 1607 415 1796 435; x_wconf 83' lang='lat' dir='ltr'><strong>successorem</strong></span> 
     </span>
    </p>
   </div>
   <div class='ocr_carea' id='block_1_23' title="bbox 1015 444 1798 482">
    <p class='ocr_par' dir='ltr' id='par_1_23' title="bbox 1015 444 1798 482">
     <span class='ocr_line' id='line_1_23' title="bbox 1015 444 1798 482; baseline 0.013 -12"><span class='ocrx_word' id='word_1_133' title='bbox 1015 444 1114 472; x_wconf 88' lang='lat' dir='ltr'><strong>mittit:</strong></span> <span class='ocrx_word' id='word_1_134' title='bbox 1129 447 1174 481; x_wconf 85' lang='lat' dir='ltr'><strong>qui</strong></span> <span class='ocrx_word' id='word_1_135' title='bbox 1190 449 1292 482; x_wconf 80' lang='lat' dir='ltr'><strong>accepti</strong></span> <span class='ocrx_word' id='word_1_136' title='bbox 1316 449 1439 477; x_wconf 77' lang='lat' dir='ltr'><strong>beneﬁcii</strong></span> <span class='ocrx_word' id='word_1_137' title='bbox 1460 458 1566 478; x_wconf 90' lang='lat' dir='ltr'><strong>memor</strong></span> <span class='ocrx_word' id='word_1_138' title='bbox 1582 460 1643 479; x_wconf 80' lang='lat' dir='ltr'><strong>mox</strong></span> <span class='ocrx_word' id='word_1_139' title='bbox 1662 454 1757 480; x_wconf 81' lang='lat' dir='ltr'><strong>annuit</strong></span> <span class='ocrx_word' id='word_1_140' title='bbox 1771 459 1798 481; x_wconf 80' lang='lat' dir='ltr'><strong>et</strong></span> 
     </span>
    </p>
   </div>
   <div class='ocr_carea' id='block_1_24' title="bbox 1014 491 1797 531">
    <p class='ocr_par' dir='ltr' id='par_1_24' title="bbox 1014 491 1797 531">
     <span class='ocr_line' id='line_1_24' title="bbox 1014 491 1797 531; baseline 0.01 -14"><span class='ocrx_word' id='word_1_141' title='bbox 1014 497 1108 518; x_wconf 86' lang='lat' dir='ltr'><strong>omnes</strong></span> <span class='ocrx_word' id='word_1_142' title='bbox 1119 491 1274 519; x_wconf 81' lang='lat' dir='ltr'><strong>Childerico</strong></span> <span class='ocrx_word' id='word_1_143' title='bbox 1291 494 1342 521; x_wconf 78' lang='lat' dir='ltr'><strong>[ide</strong></span> <span class='ocrx_word' id='word_1_144' title='bbox 1355 495 1500 523; x_wconf 87' lang='lat' dir='ltr'><strong>obstrictos</strong></span> <span class='ocrx_word' id='word_1_145' title='bbox 1515 497 1641 524; x_wconf 82' lang='lat' dir='ltr'><strong>absolvit.</strong></span> <span class='ocrx_word' id='word_1_146' title='bbox 1660 498 1691 525; x_wconf 92' lang='lat' dir='ltr'><strong>C.</strong></span> <span class='ocrx_word' id='word_1_147' title='bbox 1706 499 1797 531; x_wconf 81' lang='lat' dir='ltr'><strong>Alius,</strong></span> 
     </span>
    </p>
   </div>
   <div class='ocr_carea' id='block_1_25' title="bbox 1015 536 1798 577">
    <p class='ocr_par' dir='ltr' id='par_1_25' title="bbox 1015 536 1798 577">
     <span class='ocr_line' id='line_1_25' title="bbox 1015 536 1798 577; baseline 0.009 -14"><span class='ocrx_word' id='word_1_148' title='bbox 1015 536 1059 563; x_wconf 77' lang='grc'><strong>15.</strong></span> <span class='ocrx_word' id='word_1_149' title='bbox 1074 544 1102 571; x_wconf 92' lang='lat' dir='ltr'><strong>q.</strong></span> <span class='ocrx_word' id='word_1_150' title='bbox 1115 537 1141 564; x_wconf 85' lang='lat'><strong>6.</strong></span> <span class='ocrx_word' id='word_1_151' title='bbox 1155 537 1256 567; x_wconf 85' lang='lat' dir='ltr'><strong>Dehinc</strong></span> <span class='ocrx_word' id='word_1_152' title='bbox 1266 539 1380 568; x_wconf 86' lang='lat' dir='ltr'><strong>Carolus</strong></span> <span class='ocrx_word' id='word_1_153' title='bbox 1407 540 1530 577; x_wconf 82' lang='lat' dir='ltr'><strong>Magnus,</strong></span> <span class='ocrx_word' id='word_1_154' title='bbox 1545 542 1649 577; x_wconf 85' lang='lat' dir='ltr'><strong>Pippini</strong></span> <span class='ocrx_word' id='word_1_155' title='bbox 1663 543 1743 574; x_wconf 83' lang='lat' dir='ltr'><strong>ﬁlius.</strong></span> <span class='ocrx_word' id='word_1_156' title='bbox 1756 551 1798 570; x_wconf 90' lang='lat' dir='ltr'><strong>ro-</strong></span> 
     </span>
    </p>
   </div>
   <div class='ocr_carea' id='block_1_26' title="bbox 1015 583 1796 623">
    <p class='ocr_par' dir='ltr' id='par_1_26' title="bbox 1015 583 1796 623">
     <span class='ocr_line' id='line_1_26' title="bbox 1015 583 1796 623; baseline 0.01 -16"><span class='ocrx_word' id='word_1_157' title='bbox 1015 583 1136 615; x_wconf 71' lang='lat' dir='ltr'><strong>gatusab</strong></span> <span class='ocrx_word' id='word_1_158' title='bbox 1149 583 1285 611; x_wconf 81' lang='lat' dir='ltr'><strong>Hadriano</strong></span> <span class='ocrx_word' id='word_1_159' title='bbox 1296 586 1332 620; x_wconf 86' lang='lat' dir='ltr'><strong>(c.</strong></span> <span class='ocrx_word' id='word_1_160' title='bbox 1344 586 1468 614; x_wconf 80' lang='lat' dir='ltr'><strong>Hortatu.</strong></span> <span class='ocrx_word' id='word_1_161' title='bbox 1479 586 1523 614; x_wconf 67' lang='grc'><strong>25.</strong></span> <span class='ocrx_word' id='word_1_162' title='bbox 1537 596 1564 622; x_wconf 94' lang='lat' dir='ltr'><strong>q.</strong></span> <span class='ocrx_word' id='word_1_163' title='bbox 1577 588 1614 623; x_wconf 87' lang='lat'><strong>8).</strong></span> <span class='ocrx_word' id='word_1_164' title='bbox 1629 588 1796 615; x_wconf 83' lang='lat' dir='ltr'><strong>Desiderinm</strong></span> 
     </span>
    </p>
   </div>
   <div class='ocr_carea' id='block_1_27' title="bbox 1016 626 1797 667">
    <p class='ocr_par' dir='ltr' id='par_1_27' title="bbox 1016 626 1797 667">
     <span class='ocr_line' id='line_1_27' title="bbox 1016 626 1797 667; baseline 0.012 -14"><span class='ocrx_word' id='word_1_165' title='bbox 1016 626 1257 663; x_wconf 66' lang='lat' dir='ltr'><strong>Langobardorum</strong></span> <span class='ocrx_word' id='word_1_166' title='bbox 1286 639 1374 666; x_wconf 82' lang='lat' dir='ltr'><strong>regem</strong></span> <span class='ocrx_word' id='word_1_167' title='bbox 1401 633 1500 667; x_wconf 83' lang='lat' dir='ltr'><strong>insigni</strong></span> <span class='ocrx_word' id='word_1_168' title='bbox 1534 634 1606 661; x_wconf 80' lang='lat' dir='ltr'><strong>bello</strong></span> <span class='ocrx_word' id='word_1_169' title='bbox 1635 635 1732 662; x_wconf 87' lang='lat' dir='ltr'><strong>devicit</strong></span> <span class='ocrx_word' id='word_1_170' title='bbox 1755 643 1797 662; x_wconf 53' lang='lat' dir='ltr'><strong>re.</strong></span> 
     </span>
    </p>
   </div>
   <div class='ocr_carea' id='block_1_28' title="bbox 1015 675 1799 714">
    <p class='ocr_par' dir='ltr' id='par_1_28' title="bbox 1015 675 1799 714">
     <span class='ocr_line' id='line_1_28' title="bbox 1015 675 1799 714; baseline 0.01 -16"><span class='ocrx_word' id='word_1_171' title='bbox 1015 680 1151 708; x_wconf 71' lang='lat' dir='ltr'><strong>gnumque</strong></span> <span class='ocrx_word' id='word_1_172' title='bbox 1182 675 1246 702; x_wconf 90' lang='lat' dir='ltr'><strong>illud</strong></span> <span class='ocrx_word' id='word_1_173' title='bbox 1262 676 1362 704; x_wconf 84' lang='lat' dir='ltr'><strong>delevit</strong></span> <span class='ocrx_word' id='word_1_174' title='bbox 1375 685 1448 705; x_wconf 90' lang='lat' dir='ltr'><strong>anno</strong></span> <span class='ocrx_word' id='word_1_175' title='bbox 1461 678 1522 705; x_wconf 82' lang='lat'><strong>776.</strong></span> <span class='ocrx_word' id='word_1_176' title='bbox 1540 678 1641 706; x_wconf 87' lang='lat' dir='ltr'><strong>Deinde</strong></span> <span class='ocrx_word' id='word_1_177' title='bbox 1650 684 1709 714; x_wconf 85' lang='lat' dir='ltr'><strong>post</strong></span> <span class='ocrx_word' id='word_1_178' title='bbox 1725 687 1799 706; x_wconf 84' lang='lat' dir='ltr'><strong>com-</strong></span> 
     </span>
    </p>
   </div>
   <div class='ocr_carea' id='block_1_29' title="bbox 1015 719 1798 756">
    <p class='ocr_par' dir='ltr' id='par_1_29' title="bbox 1015 719 1798 756">
     <span class='ocr_line' id='line_1_29' title="bbox 1015 719 1798 756; baseline 0.01 -11"><span class='ocrx_word' id='word_1_179' title='bbox 1015 719 1106 753; x_wconf 81' lang='lat' dir='ltr'><strong>plures</strong></span> <span class='ocrx_word' id='word_1_180' title='bbox 1125 728 1210 748; x_wconf 88' lang='lat' dir='ltr'><strong>annos</strong></span> <span class='ocrx_word' id='word_1_181' title='bbox 1225 722 1365 750; x_wconf 84' lang='lat' dir='ltr'><strong>invocatus</strong></span> <span class='ocrx_word' id='word_1_182' title='bbox 1382 731 1396 750; x_wconf 92' lang='lat' dir='ltr'><strong>a</strong></span> <span class='ocrx_word' id='word_1_183' title='bbox 1414 723 1502 752; x_wconf 89' lang='lat' dir='ltr'><strong>Leone</strong></span> <span class='ocrx_word' id='word_1_184' title='bbox 1516 724 1559 756; x_wconf 81' lang='lat' dir='ltr'><strong>lll.</strong></span> <span class='ocrx_word' id='word_1_185' title='bbox 1579 732 1640 752; x_wconf 86' lang='lat' dir='ltr'><strong>eum</strong></span> <span class='ocrx_word' id='word_1_186' title='bbox 1659 726 1686 752; x_wconf 91' lang='lat' dir='ltr'><strong>in</strong></span> <span class='ocrx_word' id='word_1_187' title='bbox 1706 726 1798 753; x_wconf 87' lang='lat' dir='ltr'><strong>sedem</strong></span> 
     </span>
    </p>
   </div>
   <div class='ocr_carea' id='block_1_30' title="bbox 1014 766 1797 804">
    <p class='ocr_par' dir='ltr' id='par_1_30' title="bbox 1014 766 1797 804">
     <span class='ocr_line' id='line_1_30' title="bbox 1014 766 1797 804; baseline 0.01 -13"><span class='ocrx_word' id='word_1_188' title='bbox 1014 766 1134 793; x_wconf 75' lang='lat' dir='ltr'><strong>restituit</strong></span> <span class='ocrx_word' id='word_1_189' title='bbox 1151 776 1158 793; x_wconf 85' lang='lat'><em>:</em></span> <span class='ocrx_word' id='word_1_190' title='bbox 1179 776 1193 793; x_wconf 88' lang='lat' dir='ltr'><strong>a</strong></span> <span class='ocrx_word' id='word_1_191' title='bbox 1210 776 1264 802; x_wconf 90' lang='lat' dir='ltr'><strong>quo</strong></span> <span class='ocrx_word' id='word_1_192' title='bbox 1280 769 1398 796; x_wconf 81' lang='lat' dir='ltr'><strong>vicissim</strong></span> <span class='ocrx_word' id='word_1_193' title='bbox 1414 770 1561 804; x_wconf 84' lang='lat' dir='ltr'><strong>imperator</strong></span> <span class='ocrx_word' id='word_1_194' title='bbox 1576 771 1727 799; x_wconf 79' lang='lat' dir='ltr'><strong>declaratus</strong></span> <span class='ocrx_word' id='word_1_195' title='bbox 1744 778 1797 803; x_wconf 82' lang='lat' dir='ltr'><strong>est.</strong></span> 
     </span>
    </p>
   </div>
   <div class='ocr_carea' id='block_1_31' title="bbox 1015 810 1760 845">
    <p class='ocr_par' dir='ltr' id='par_1_31' title="bbox 1015 810 1760 845">
     <span class='ocr_line' id='line_1_31' title="bbox 1015 810 1760 845; baseline 0.008 -7"><span class='ocrx_word' id='word_1_196' title='bbox 1015 816 1041 838; x_wconf 87' lang='lat' dir='ltr'><strong>et</strong></span> <span class='ocrx_word' id='word_1_197' title='bbox 1050 817 1196 839; x_wconf 86' lang='lat' dir='ltr'><strong>coronatus</strong></span> <span class='ocrx_word' id='word_1_198' title='bbox 1210 813 1301 840; x_wconf 74' lang='lat' dir='ltr'><strong>Roma:</strong></span> <span class='ocrx_word' id='word_1_199' title='bbox 1313 815 1358 841; x_wconf 91' lang='lat' dir='ltr'><strong>die</strong></span> <span class='ocrx_word' id='word_1_200' title='bbox 1373 815 1475 843; x_wconf 80' lang='lat' dir='ltr'><strong>Natalis</strong></span> <span class='ocrx_word' id='word_1_201' title='bbox 1490 810 1594 844; x_wconf 82' lang='lat' dir='ltr'><strong>Domini</strong></span> <span class='ocrx_word' id='word_1_202' title='bbox 1609 824 1681 845; x_wconf 83' lang='lat' dir='ltr'><strong>anno</strong></span> <span class='ocrx_word' id='word_1_203' title='bbox 1697 817 1760 845; x_wconf 91' lang='lat' dir='ltr'><strong>80l.</strong></span> 
     </span>
    </p>
   </div>
   <div class='ocr_carea' id='block_1_32' title="bbox 1048 858 1792 896">
    <p class='ocr_par' dir='ltr' id='par_1_32' title="bbox 1048 858 1792 896">
     <span class='ocr_line' id='line_1_32' title="bbox 1048 858 1792 896; baseline 0.007 -10"><span class='ocrx_word' id='word_1_204' title='bbox 1048 858 1106 886; x_wconf 88' lang='lat' dir='ltr'><strong>Col.</strong></span> <span class='ocrx_word' id='word_1_205' title='bbox 1118 859 1151 886; x_wconf 77' lang='grc' dir='ltr'><strong>ευ</strong></span> <span class='ocrx_word' id='word_1_206' title='bbox 1165 859 1195 886; x_wconf 89' lang='lat' dir='ltr'><strong>D.</strong></span> <span class='ocrx_word' id='word_1_207' title='bbox 1208 861 1426 892; x_wconf 76' lang='grc' dir='ltr'><strong>Μετδνήνεκται</strong></span> <span class='ocrx_word' id='word_1_208' title='bbox 1435 863 1451 888; x_wconf 83' lang='grc' dir='ltr'><em>ὀ</em></span> <span class='ocrx_word' id='word_1_209' title='bbox 1465 861 1575 896; x_wconf 69' lang='grc' dir='ltr'><strong>ψῆφος.</strong></span> <span class='ocrx_word' id='word_1_210' title='bbox 1588 863 1611 889; x_wconf 78' lang='grc' dir='ltr'><strong>Α</strong></span> <span class='ocrx_word' id='word_1_211' title='bbox 1622 863 1725 891; x_wconf 83' lang='lat' dir='ltr'><strong>Latinis</strong></span> <span class='ocrx_word' id='word_1_212' title='bbox 1742 872 1792 891; x_wconf 86' lang='lat' dir='ltr'><strong>att-</strong></span> 
     </span>
    </p>
   </div>
   <div class='ocr_carea' id='block_1_33' title="bbox 182 887 1797 944">
    <p class='ocr_par' dir='ltr' id='par_1_33' title="bbox 182 887 1797 944">
     <span class='ocr_line' id='line_1_33' title="bbox 182 887 1797 944; baseline 0.014 -31"><span class='ocrx_word' id='word_1_213' title='bbox 182 887 288 944; x_wconf 62' lang='lat' dir='ltr'><strong>tlteclto</strong></span> <span class='ocrx_word' id='word_1_214' title='bbox 299 897 361 924; x_wconf 71' lang='lat' dir='ltr'><strong>rege</strong></span> <span class='ocrx_word' id='word_1_215' title='bbox 371 891 459 925; x_wconf 90' lang='lat' dir='ltr'><strong>primo</strong></span> <span class='ocrx_word' id='word_1_216' title='bbox 471 895 559 928; x_wconf 75' lang='lat' dir='ltr'><strong>gentis</strong></span> <span class='ocrx_word' id='word_1_217' title='bbox 584 896 727 925; x_wconf 87' lang='lat' dir='ltr'><strong>conditore</strong></span> <span class='ocrx_word' id='word_1_218' title='bbox 743 898 855 926; x_wconf 78' lang='lat' dir='ltr'><strong>duxisse</strong></span> <span class='ocrx_word' id='word_1_219' title='bbox 871 899 963 926; x_wconf 80' lang='lat' dir='ltr'><strong>ferun-</strong></span> <span class='ocrx_word' id='word_1_220' title='bbox 978 905 1001 933; x_wconf 76' lang='grc' dir='ltr'><strong><em>Β</em></strong></span> <span class='ocrx_word' id='word_1_221' title='bbox 1016 903 1115 931; x_wconf 85' lang='lat' dir='ltr'><strong>ditione</strong></span> <span class='ocrx_word' id='word_1_222' title='bbox 1128 906 1230 938; x_wconf 80' lang='lat' dir='ltr'><strong>accepit</strong></span> <span class='ocrx_word' id='word_1_223' title='bbox 1242 905 1374 933; x_wconf 84' lang='lat' dir='ltr'><strong>Laonicns</strong></span> <span class='ocrx_word' id='word_1_224' title='bbox 1386 907 1420 933; x_wconf 87' lang='lat' dir='ltr'><strong>de</strong></span> <span class='ocrx_word' id='word_1_225' title='bbox 1444 908 1621 935; x_wconf 74' lang='lat' dir='ltr'><strong>translatione</strong></span> <span class='ocrx_word' id='word_1_226' title='bbox 1650 909 1755 944; x_wconf 86' lang='lat' dir='ltr'><strong>imperii</strong></span> <span class='ocrx_word' id='word_1_227' title='bbox 1769 915 1797 937; x_wconf 91' lang='lat' dir='ltr'><strong>et</strong></span> 
     </span>
    </p>
   </div>
   <div class='ocr_carea' id='block_1_34' title="bbox 182 934 964 980">
    <p class='ocr_par' dir='ltr' id='par_1_34' title="bbox 182 934 964 980">
     <span class='ocr_line' id='line_1_34' title="bbox 182 934 964 980; baseline 0.018 -22"><span class='ocrx_word' id='word_1_228' title='bbox 182 938 237 959; x_wconf 91' lang='lat' dir='ltr'><strong>tur.</strong></span> <span class='ocrx_word' id='word_1_229' title='bbox 251 934 393 966; x_wconf 78' lang='lat' dir='ltr'><strong>Quomodo</strong></span> <span class='ocrx_word' id='word_1_230' title='bbox 409 942 435 964; x_wconf 89' lang='lat' dir='ltr'><strong>et</strong></span> <span class='ocrx_word' id='word_1_231' title='bbox 453 947 466 965; x_wconf 86' lang='lat' dir='ltr'><strong>a</strong></span> <span class='ocrx_word' id='word_1_232' title='bbox 481 939 571 968; x_wconf 85' lang='lat' dir='ltr'><strong>Lecho</strong></span> <span class='ocrx_word' id='word_1_233' title='bbox 586 942 675 976; x_wconf 90' lang='lat' dir='ltr'><strong>primo</strong></span> <span class='ocrx_word' id='word_1_234' title='bbox 701 944 770 971; x_wconf 90' lang='lat' dir='ltr'><strong>dttce</strong></span> <span class='ocrx_word' id='word_1_235' title='bbox 796 949 964 980; x_wconf 82' lang='lat' dir='ltr'><strong>auctoreqne</strong></span> 
     </span>
    </p>
   </div>
   <div class='ocr_carea' id='block_1_35' title="bbox 181 980 963 1024">
    <p class='ocr_par' dir='ltr' id='par_1_35' title="bbox 181 980 963 1024">
     <span class='ocr_line' id='line_1_35' title="bbox 181 980 963 1024; baseline 0.02 -20"><span class='ocrx_word' id='word_1_236' title='bbox 181 987 241 1011; x_wconf 72' lang='lat' dir='ltr'><strong>suo,</strong></span> <span class='ocrx_word' id='word_1_237' title='bbox 255 980 348 1009; x_wconf 77' lang='lat' dir='ltr'><strong>l‘oloni</strong></span> <span class='ocrx_word' id='word_1_238' title='bbox 369 992 382 1010; x_wconf 92' lang='lat' dir='ltr'><strong>a</strong></span> <span class='ocrx_word' id='word_1_239' title='bbox 398 985 530 1014; x_wconf 84' lang='lat' dir='ltr'><strong>Rnthcnis</strong></span> <span class='ocrx_word' id='word_1_240' title='bbox 553 989 713 1024; x_wconf 60' lang='lat' dir='ltr'><strong>exterisque</strong></span> <span class='ocrx_word' id='word_1_241' title='bbox 728 990 816 1019; x_wconf 85' lang='lat' dir='ltr'><strong>Slavis</strong></span> <span class='ocrx_word' id='word_1_242' title='bbox 837 991 927 1019; x_wconf 73' lang='lat' dir='ltr'><strong>Lee/iii</strong></span> <span class='ocrx_word' id='word_1_243' title='bbox 938 998 963 1020; x_wconf 78' lang='lat' dir='ltr'><strong>et</strong></span> 
     </span>
    </p>
   </div>
   <div class='ocr_carea' id='block_1_36' title="bbox 182 1026 963 1071">
    <p class='ocr_par' dir='ltr' id='par_1_36' title="bbox 182 1026 963 1071">
     <span class='ocr_line' id='line_1_36' title="bbox 182 1026 963 1071; baseline 0.02 -21"><span class='ocrx_word' id='word_1_244' title='bbox 182 1026 296 1053; x_wconf 63' lang='lat' dir='ltr'><strong>Lee/uitta</strong></span> <span class='ocrx_word' id='word_1_245' title='bbox 306 1029 487 1063; x_wconf 83' lang='lat' dir='ltr'><strong>appellantur,</strong></span> <span class='ocrx_word' id='word_1_246' title='bbox 513 1037 542 1059; x_wconf 90' lang='lat' dir='ltr'><strong>ttt</strong></span> <span class='ocrx_word' id='word_1_247' title='bbox 556 1033 709 1063; x_wconf 78' lang='lat' dir='ltr'><strong>Alexander</strong></span> <span class='ocrx_word' id='word_1_248' title='bbox 724 1036 883 1071; x_wconf 87' lang='lat' dir='ltr'><strong>Guaguinus</strong></span> <span class='ocrx_word' id='word_1_249' title='bbox 912 1039 963 1065; x_wconf 90' lang='lat' dir='ltr'><strong>ad-</strong></span> 
     </span>
    </p>
   </div>
   <div class='ocr_carea' id='block_1_37' title="bbox 182 1072 962 1118">
    <p class='ocr_par' dir='ltr' id='par_1_37' title="bbox 182 1072 962 1118">
     <span class='ocr_line' id='line_1_37' title="bbox 182 1072 962 1118; baseline 0.022 -22"><span class='ocrx_word' id='word_1_250' title='bbox 182 1073 295 1099; x_wconf 80' lang='lat' dir='ltr'><strong>notavit.</strong></span> <span class='ocrx_word' id='word_1_251' title='bbox 307 1072 363 1102; x_wconf 88' lang='lat' dir='ltr'><strong>Hoc</strong></span> <span class='ocrx_word' id='word_1_252' title='bbox 378 1075 437 1103; x_wconf 91' lang='lat' dir='ltr'><strong>loco</strong></span> <span class='ocrx_word' id='word_1_253' title='bbox 449 1079 590 1112; x_wconf 65' lang='lat' dir='ltr'><strong>praeterire</strong></span> <span class='ocrx_word' id='word_1_254' title='bbox 607 1088 660 1108; x_wconf 90' lang='lat' dir='ltr'><strong>non</strong></span> <span class='ocrx_word' id='word_1_255' title='bbox 675 1089 785 1116; x_wconf 87' lang='lat' dir='ltr'><strong>possum</strong></span> <span class='ocrx_word' id='word_1_256' title='bbox 814 1083 962 1118; x_wconf 83' lang='lat' dir='ltr'><strong>Nemitzos.</strong></span> 
     </span>
    </p>
   </div>
   <div class='ocr_carea' id='block_1_38' title="bbox 181 1119 962 1164">
    <p class='ocr_par' dir='ltr' id='par_1_38' title="bbox 181 1119 962 1164">
     <span class='ocr_line' id='line_1_38' title="bbox 181 1119 962 1164; baseline 0.022 -21"><span class='ocrx_word' id='word_1_257' title='bbox 181 1124 251 1150; x_wconf 84' lang='lat' dir='ltr'><strong>quos</strong></span> <span class='ocrx_word' id='word_1_258' title='bbox 273 1119 402 1149; x_wconf 83' lang='lat' dir='ltr'><strong>Celticam</strong></span> <span class='ocrx_word' id='word_1_259' title='bbox 429 1124 565 1152; x_wconf 89' lang='lat' dir='ltr'><strong>nationem</strong></span> <span class='ocrx_word' id='word_1_260' title='bbox 591 1134 652 1154; x_wconf 84' lang='lat' dir='ltr'><strong>esse</strong></span> <span class='ocrx_word' id='word_1_261' title='bbox 675 1133 702 1156; x_wconf 89' lang='lat' dir='ltr'><strong>et</strong></span> <span class='ocrx_word' id='word_1_262' title='bbox 727 1125 962 1164; x_wconf 79' lang='lat' dir='ltr'><strong>Constantinopoli</strong></span> 
     </span>
    </p>
   </div>
   <div class='ocr_carea' id='block_1_39' title="bbox 183 1165 964 1209">
    <p class='ocr_par' dir='ltr' id='par_1_39' title="bbox 183 1165 964 1209">
     <span class='ocr_line' id='line_1_39' title="bbox 183 1165 964 1209; baseline 0.019 -18"><span class='ocrx_word' id='word_1_263' title='bbox 183 1165 317 1195; x_wconf 75' lang='lat' dir='ltr'><strong>militasse</strong></span> <span class='ocrx_word' id='word_1_264' title='bbox 341 1168 464 1198; x_wconf 81' lang='lat' dir='ltr'><strong>Zonaras</strong></span> <span class='ocrx_word' id='word_1_265' title='bbox 492 1177 520 1199; x_wconf 89' lang='lat' dir='ltr'><strong>et</strong></span> <span class='ocrx_word' id='word_1_266' title='bbox 543 1174 640 1209; x_wconf 86' lang='lat' dir='ltr'><strong>Glycas</strong></span> <span class='ocrx_word' id='word_1_267' title='bbox 664 1177 808 1204; x_wconf 83' lang='lat' dir='ltr'><strong>scribunt:</strong></span> <span class='ocrx_word' id='word_1_268' title='bbox 825 1176 913 1205; x_wconf 75' lang='grc' dir='ltr'><strong>Ἦσαν</strong></span> <span class='ocrx_word' id='word_1_269' title='bbox 935 1180 964 1206; x_wconf 75' lang='grc' dir='ltr'><strong>δὲ</strong></span> 
     </span>
    </p>
   </div>
   <div class='ocr_carea' id='block_1_40' title="bbox 181 1212 963 1259">
    <p class='ocr_par' dir='ltr' id='par_1_40' title="bbox 181 1212 963 1259">
     <span class='ocr_line' id='line_1_40' title="bbox 181 1212 963 1259; baseline 0.02 -24"><span class='ocrx_word' id='word_1_270' title='bbox 181 1212 255 1259; x_wconf 57' lang='grc' dir='ltr'><strong>παρὰ</strong></span> <span class='ocrx_word' id='word_1_271' title='bbox 270 1221 329 1239; x_wconf 71' lang='grc' dir='ltr'><strong>τινα</strong></span> <span class='ocrx_word' id='word_1_272' title='bbox 341 1215 446 1250; x_wconf 86' lang='grc' dir='ltr'><strong>πύργον</strong></span> <span class='ocrx_word' id='word_1_273' title='bbox 460 1218 528 1252; x_wconf 80' lang='grc' dir='ltr'><strong>πρδ;</strong></span> <span class='ocrx_word' id='word_1_274' title='bbox 551 1221 584 1255; x_wconf 83' lang='grc' dir='ltr'>τῇ</span> <span class='ocrx_word' id='word_1_275' title='bbox 604 1220 674 1257; x_wconf 79' lang='grc' dir='ltr'><strong>πύλῃ</strong></span> <span class='ocrx_word' id='word_1_276' title='bbox 687 1221 736 1255; x_wconf 79' lang='grc' dir='ltr'><strong>τῆς</strong></span> <span class='ocrx_word' id='word_1_277' title='bbox 756 1223 858 1254; x_wconf 82' lang='grc' dir='ltr'>πόλεως</span> <span class='ocrx_word' id='word_1_278' title='bbox 874 1224 891 1259; x_wconf 77' lang='grc' dir='ltr'>ἢ</span> <span class='ocrx_word' id='word_1_279' title='bbox 907 1225 963 1250; x_wconf 85' lang='grc' dir='ltr'><strong>Κα-</strong></span> 
     </span>
    </p>
   </div>
   <div class='ocr_carea' id='block_1_41' title="bbox 182 1257 964 1302">
    <p class='ocr_par' dir='ltr' id='par_1_41' title="bbox 182 1257 964 1302">
     <span class='ocr_line' id='line_1_41' title="bbox 182 1257 964 1302; baseline 0.019 -21"><span class='ocrx_word' id='word_1_280' title='bbox 182 1257 256 1290; x_wconf 76' lang='grc' dir='ltr'><strong>ροίου</strong></span> <span class='ocrx_word' id='word_1_281' title='bbox 271 1259 392 1286; x_wconf 74' lang='grc' dir='ltr'><strong>καλεῖται</strong></span> <span class='ocrx_word' id='word_1_282' title='bbox 403 1261 584 1295; x_wconf 67' lang='grc' dir='ltr'><strong>φυλάσσω-τες</strong></span> <span class='ocrx_word' id='word_1_283' title='bbox 596 1265 731 1300; x_wconf 80' lang='grc' dir='ltr'><strong>Νέμετζοι</strong></span> <span class='ocrx_word' id='word_1_284' title='bbox 743 1267 828 1302; x_wconf 73' lang='grc' dir='ltr'><strong>(ἔθνος</strong></span> <span class='ocrx_word' id='word_1_285' title='bbox 842 1268 864 1294; x_wconf 78' lang='grc' dir='ltr'><strong>δ’</strong></span> <span class='ocrx_word' id='word_1_286' title='bbox 875 1257 898 1295; x_wconf 68' lang='lat' dir='ltr'><strong>oi</strong></span> <span class='ocrx_word' id='word_1_287' title='bbox 911 1269 964 1296; x_wconf 84' lang='grc' dir='ltr'><strong>Νέ-</strong></span> 
     </span>
    </p>
   </div>
   <div class='ocr_carea' id='block_1_42' title="bbox 183 1305 964 1351">
    <p class='ocr_par' dir='ltr' id='par_1_42' title="bbox 183 1305 964 1351">
     <span class='ocr_line' id='line_1_42' title="bbox 183 1305 964 1351; baseline 0.018 -21"><span class='ocrx_word' id='word_1_288' title='bbox 183 1305 274 1337; x_wconf 72' lang='grc' dir='ltr'><strong>μετξοι</strong></span> <span class='ocrx_word' id='word_1_289' title='bbox 291 1307 431 1343; x_wconf 74' lang='grc' dir='ltr'><strong>Κελτικὸν)</strong></span> <span class='ocrx_word' id='word_1_290' title='bbox 444 1317 452 1326; x_wconf 93' lang='grc'><strong>·</strong></span> <span class='ocrx_word' id='word_1_291' title='bbox 469 1310 543 1338; x_wconf 80' lang='grc' dir='ltr'><strong>οὗτοι</strong></span> <span class='ocrx_word' id='word_1_292' title='bbox 562 1312 649 1348; x_wconf 75' lang='grc' dir='ltr'>λάθρα</span> <span class='ocrx_word' id='word_1_293' title='bbox 663 1317 720 1346; x_wconf 81' lang='grc' dir='ltr'><strong>τοῖς</strong></span> <span class='ocrx_word' id='word_1_294' title='bbox 732 1316 796 1350; x_wconf 77' lang='grc' dir='ltr'><strong>περὶ</strong></span> <span class='ocrx_word' id='word_1_295' title='bbox 809 1317 873 1348; x_wconf 78' lang='grc' dir='ltr'><strong>τοὺς</strong></span> <span class='ocrx_word' id='word_1_296' title='bbox 886 1318 964 1351; x_wconf 64' lang='grc' dir='ltr'><strong>Κομ-</strong></span> 
     </span>
    </p>
   </div>
   <div class='ocr_carea' id='block_1_43' title="bbox 181 1351 960 1395">
    <p class='ocr_par' dir='ltr' id='par_1_43' title="bbox 181 1351 960 1395">
     <span class='ocr_line' id='line_1_43' title="bbox 181 1351 960 1395; baseline 0.019 -21"><span class='ocrx_word' id='word_1_297' title='bbox 181 1351 277 1383; x_wconf 77' lang='grc' dir='ltr'><strong>νηνοὺς</strong></span> <span class='ocrx_word' id='word_1_298' title='bbox 293 1351 534 1389; x_wconf 77' lang='grc' dir='ltr'><strong>ὲκοινολογήσαντο</strong></span> <span class='ocrx_word' id='word_1_299' title='bbox 544 1358 608 1393; x_wconf 75' lang='grc' dir='ltr'><strong>περὶ</strong></span> <span class='ocrx_word' id='word_1_300' title='bbox 622 1359 767 1393; x_wconf 77' lang='grc' dir='ltr'><strong>προδοσίας</strong></span> <span class='ocrx_word' id='word_1_301' title='bbox 781 1361 829 1395; x_wconf 80' lang='grc' dir='ltr'><strong>τῆς</strong></span> <span class='ocrx_word' id='word_1_302' title='bbox 846 1362 960 1392; x_wconf 77' lang='grc' dir='ltr'><strong>πόλεως.</strong></span> 
     </span>
    </p>
   </div>
   <div class='ocr_carea' id='block_1_44' title="bbox 182 1392 962 1437">
    <p class='ocr_par' dir='ltr' id='par_1_44' title="bbox 182 1392 962 1437">
     <span class='ocr_line' id='line_1_44' title="bbox 182 1392 962 1437; baseline 0.019 -19"><span class='ocrx_word' id='word_1_303' title='bbox 182 1392 216 1419; x_wconf 87' lang='lat' dir='ltr'><strong>Et</strong></span> <span class='ocrx_word' id='word_1_304' title='bbox 225 1395 327 1428; x_wconf 81' lang='lat' dir='ltr'><strong>statim,</strong></span> <span class='ocrx_word' id='word_1_305' title='bbox 340 1397 417 1431; x_wconf 81' lang='grc' dir='ltr'><strong>παρά</strong></span> <span class='ocrx_word' id='word_1_306' title='bbox 428 1398 482 1424; x_wconf 84' lang='grc' dir='ltr'><strong>τῶν</strong></span> <span class='ocrx_word' id='word_1_307' title='bbox 494 1392 725 1437; x_wconf 47' lang='grc' dir='ltr'><strong>Νεμὶζωνῄιῑᾳυε</strong></span> <span class='ocrx_word' id='word_1_308' title='bbox 736 1392 832 1432; x_wconf 75' lang='lat' dir='ltr'><strong>iterum</strong></span> <span class='ocrx_word' id='word_1_309' title='bbox 847 1406 897 1432; x_wconf 81' lang='grc' dir='ltr'><strong>ὑπὸ</strong></span> <span class='ocrx_word' id='word_1_310' title='bbox 909 1407 962 1434; x_wconf 79' lang='grc' dir='ltr'><strong>τῶν</strong></span> 
     </span>
    </p>
   </div>
   <div class='ocr_carea' id='block_1_45' title="bbox 181 1438 963 1484">
    <p class='ocr_par' dir='ltr' id='par_1_45' title="bbox 181 1438 963 1484">
     <span class='ocr_line' id='line_1_45' title="bbox 181 1438 963 1484; baseline 0.022 -21"><span class='ocrx_word' id='word_1_311' title='bbox 181 1438 318 1474; x_wconf 81' lang='grc' dir='ltr'><strong>Νεμίζων.</strong></span> <span class='ocrx_word' id='word_1_312' title='bbox 339 1441 586 1474; x_wconf 79' lang='lat' dir='ltr'><strong>GentemGallicam</strong></span> <span class='ocrx_word' id='word_1_313' title='bbox 611 1448 746 1484; x_wconf 79' lang='lat' dir='ltr'><strong>interpres</strong></span> <span class='ocrx_word' id='word_1_314' title='bbox 766 1452 855 1482; x_wconf 83' lang='lat' dir='ltr'><strong>vertit.</strong></span> <span class='ocrx_word' id='word_1_315' title='bbox 871 1457 894 1478; x_wconf 87' lang='lat' dir='ltr'><strong>et</strong></span> <span class='ocrx_word' id='word_1_316' title='bbox 922 1457 963 1480; x_wconf 85' lang='lat' dir='ltr'><strong>ta-</strong></span> 
     </span>
    </p>
   </div>
   <div class='ocr_carea' id='block_1_46' title="bbox 182 1487 962 1534">
    <p class='ocr_par' dir='ltr' id='par_1_46' title="bbox 182 1487 962 1534">
     <span class='ocr_line' id='line_1_46' title="bbox 182 1487 962 1534; baseline 0.019 -22"><span class='ocrx_word' id='word_1_317' title='bbox 182 1494 243 1513; x_wconf 90' lang='lat' dir='ltr'><strong>men</strong></span> <span class='ocrx_word' id='word_1_318' title='bbox 259 1487 284 1514; x_wconf 92' lang='lat' dir='ltr'><strong>in</strong></span> <span class='ocrx_word' id='word_1_319' title='bbox 302 1488 390 1517; x_wconf 84' lang='lat' dir='ltr'><strong>indice</strong></span> <span class='ocrx_word' id='word_1_320' title='bbox 406 1491 556 1521; x_wconf 77' lang='lat' dir='ltr'><strong>Germanos</strong></span> <span class='ocrx_word' id='word_1_321' title='bbox 570 1495 753 1525; x_wconf 84' lang='lat' dir='ltr'><strong>subodoratus</strong></span> <span class='ocrx_word' id='word_1_322' title='bbox 772 1503 824 1530; x_wconf 87' lang='lat' dir='ltr'><strong>est,</strong></span> <span class='ocrx_word' id='word_1_323' title='bbox 841 1500 962 1534; x_wconf 79' lang='lat' dir='ltr'><strong>adeoque</strong></span> 
     </span>
    </p>
   </div>
   <div class='ocr_carea' id='block_1_47' title="bbox 180 1530 960 1573">
    <p class='ocr_par' dir='ltr' id='par_1_47' title="bbox 180 1530 960 1573">
     <span class='ocr_line' id='line_1_47' title="bbox 180 1530 960 1573; baseline 0.021 -16"><span class='ocrx_word' id='word_1_324' title='bbox 180 1530 306 1561; x_wconf 72' lang='lat' dir='ltr'><strong>Nemetes</strong></span> <span class='ocrx_word' id='word_1_325' title='bbox 320 1533 408 1563; x_wconf 77' lang='lat' dir='ltr'><strong>Rheni</strong></span> <span class='ocrx_word' id='word_1_326' title='bbox 424 1539 543 1567; x_wconf 79' lang='lat' dir='ltr'><strong>accolas.</strong></span> <span class='ocrx_word' id='word_1_327' title='bbox 561 1539 741 1570; x_wconf 79' lang='lat' dir='ltr'><strong>Leunelavius</strong></span> <span class='ocrx_word' id='word_1_328' title='bbox 751 1548 843 1571; x_wconf 81' lang='lat' dir='ltr'><strong>autem</strong></span> <span class='ocrx_word' id='word_1_329' title='bbox 868 1551 960 1573; x_wconf 88' lang='lat' dir='ltr'><strong>noster</strong></span> 
     </span>
    </p>
   </div>
   <div class='ocr_carea' id='block_1_48' title="bbox 179 1577 958 1619">
    <p class='ocr_par' dir='ltr' id='par_1_48' title="bbox 179 1577 958 1619">
     <span class='ocr_line' id='line_1_48' title="bbox 179 1577 958 1619; baseline 0.021 -16"><span class='ocrx_word' id='word_1_330' title='bbox 179 1578 207 1604; x_wconf 88' lang='lat' dir='ltr'><strong>in</strong></span> <span class='ocrx_word' id='word_1_331' title='bbox 228 1577 310 1614; x_wconf 84' lang='lat' dir='ltr'><strong>Glyca</strong></span> <span class='ocrx_word' id='word_1_332' title='bbox 323 1581 356 1607; x_wconf 88' lang='lat' dir='ltr'><strong>ad</strong></span> <span class='ocrx_word' id='word_1_333' title='bbox 372 1589 447 1609; x_wconf 87' lang='lat' dir='ltr'><strong>oram</strong></span> <span class='ocrx_word' id='word_1_334' title='bbox 462 1584 613 1619; x_wconf 80' lang='lat' dir='ltr'><strong>adnotavit,</strong></span> <span class='ocrx_word' id='word_1_335' title='bbox 643 1587 779 1616; x_wconf 85' lang='lat' dir='ltr'><strong>Teutones</strong></span> <span class='ocrx_word' id='word_1_336' title='bbox 801 1590 958 1619; x_wconf 80' lang='lat' dir='ltr'><strong>Selavorntn</strong></span> 
     </span>
    </p>
   </div>
   <div class='ocr_carea' id='block_1_49' title="bbox 180 1624 961 1671">
    <p class='ocr_par' dir='ltr' id='par_1_49' title="bbox 180 1624 961 1671">
     <span class='ocr_line' id='line_1_49' title="bbox 180 1624 961 1671; baseline 0.018 -21"><span class='ocrx_word' id='word_1_337' title='bbox 180 1624 272 1658; x_wconf 69' lang='lat' dir='ltr'><strong>lingua</strong></span> <span class='ocrx_word' id='word_1_338' title='bbox 296 1626 431 1656; x_wconf 73' lang='lat' dir='ltr'><strong>Nemilzos</strong></span> <span class='ocrx_word' id='word_1_339' title='bbox 442 1631 543 1659; x_wconf 73' lang='lat' dir='ltr'><strong>vocari.</strong></span> <span class='ocrx_word' id='word_1_340' title='bbox 556 1631 589 1660; x_wconf 87' lang='lat' dir='ltr'><strong>Et</strong></span> <span class='ocrx_word' id='word_1_341' title='bbox 601 1632 719 1662; x_wconf 75' lang='lat' dir='ltr'><strong>Ortelius</strong></span> <span class='ocrx_word' id='word_1_342' title='bbox 731 1643 839 1671; x_wconf 86' lang='lat' dir='ltr'><strong>quoque</strong></span> <span class='ocrx_word' id='word_1_343' title='bbox 853 1637 880 1664; x_wconf 88' lang='lat' dir='ltr'><strong>in</strong></span> <span class='ocrx_word' id='word_1_344' title='bbox 896 1637 961 1664; x_wconf 76' lang='grc' dir='ltr'><strong>ΤΙιε-</strong></span> 
     </span>
    </p>
   </div>
   <div class='ocr_carea' id='block_1_50' title="bbox 180 1673 961 1713">
    <p class='ocr_par' dir='ltr' id='par_1_50' title="bbox 180 1673 961 1713">
     <span class='ocr_line' id='line_1_50' title="bbox 180 1673 961 1713; baseline 0.019 -17"><span class='ocrx_word' id='word_1_345' title='bbox 180 1678 260 1697; x_wconf 84' lang='lat' dir='ltr'><strong>.rauro</strong></span> <span class='ocrx_word' id='word_1_346' title='bbox 280 1679 329 1707; x_wconf 92' lang='lat' dir='ltr'><strong>pro</strong></span> <span class='ocrx_word' id='word_1_347' title='bbox 343 1673 504 1709; x_wconf 73' lang='lat' dir='ltr'><strong>Niemec/tex,</strong></span> <span class='ocrx_word' id='word_1_348' title='bbox 531 1677 556 1705; x_wconf 91' lang='lat' dir='ltr'><strong>id</strong></span> <span class='ocrx_word' id='word_1_349' title='bbox 581 1685 634 1713; x_wconf 69' lang='grc' dir='ltr'><strong>ρει,</strong></span> <span class='ocrx_word' id='word_1_350' title='bbox 658 1679 808 1709; x_wconf 81' lang='lat' dir='ltr'><strong>Germanos</strong></span> <span class='ocrx_word' id='word_1_351' title='bbox 823 1683 961 1712; x_wconf 84' lang='lat' dir='ltr'><strong>habendos</strong></span> 
     </span>
    </p>
   </div>
   <div class='ocr_carea' id='block_1_51' title="bbox 180 1719 284 1745">
    <p class='ocr_par' dir='ltr' id='par_1_51' title="bbox 180 1719 284 1745">
     <span class='ocr_line' id='line_1_51' title="bbox 180 1719 284 1745; baseline 0.019 -3"><span class='ocrx_word' id='word_1_352' title='bbox 180 1719 284 1745; x_wconf 80' lang='lat' dir='ltr'><strong>censet.</strong></span> 
     </span>
    </p>
   </div>
   <div class='ocr_carea' id='block_1_52' title="bbox 216 1773 963 1822">
    <p class='ocr_par' dir='ltr' id='par_1_52' title="bbox 216 1773 963 1822">
     <span class='ocr_line' id='line_1_52' title="bbox 216 1773 963 1822; baseline 0.019 -21"><span class='ocrx_word' id='word_1_353' title='bbox 216 1773 283 1803; x_wconf 90' lang='lat' dir='ltr'><strong>lbid.</strong></span> <span class='ocrx_word' id='word_1_354' title='bbox 300 1776 332 1805; x_wconf 84' lang='grc' dir='ltr'><strong>Β.</strong></span> <span class='ocrx_word' id='word_1_355' title='bbox 354 1779 557 1813; x_wconf 64' lang='grc' dir='ltr'><strong>Συμφέρονται</strong></span> <span class='ocrx_word' id='word_1_356' title='bbox 577 1782 613 1809; x_wconf 79' lang='grc' dir='ltr'><strong>δὲ</strong></span> <span class='ocrx_word' id='word_1_357' title='bbox 629 1784 801 1818; x_wconf 77' lang='grc' dir='ltr'><strong>Γερμανοῖς,</strong></span> <span class='ocrx_word' id='word_1_358' title='bbox 824 1786 879 1814; x_wconf 87' lang='lat' dir='ltr'><strong>lloc</strong></span> <span class='ocrx_word' id='word_1_359' title='bbox 895 1796 963 1822; x_wconf 87' lang='lat' dir='ltr'><strong>quo-</strong></span> 
     </span>
    </p>
   </div>
   <div class='ocr_carea' id='block_1_53' title="bbox 180 1822 961 1862">
    <p class='ocr_par' dir='ltr' id='par_1_53' title="bbox 180 1822 961 1862">
     <span class='ocr_line' id='line_1_53' title="bbox 180 1822 961 1862; baseline 0.018 -15"><span class='ocrx_word' id='word_1_360' title='bbox 180 1828 234 1854; x_wconf 88' lang='lat' dir='ltr'><strong>que</strong></span> <span class='ocrx_word' id='word_1_361' title='bbox 247 1822 297 1849; x_wconf 89' lang='lat' dir='ltr'><strong>llde</strong></span> <span class='ocrx_word' id='word_1_362' title='bbox 313 1823 422 1852; x_wconf 80' lang='lat' dir='ltr'><strong>Lamtici</strong></span> <span class='ocrx_word' id='word_1_363' title='bbox 434 1827 479 1858; x_wconf 82' lang='lat' dir='ltr'><strong>sit,</strong></span> <span class='ocrx_word' id='word_1_364' title='bbox 500 1825 623 1862; x_wconf 79' lang='lat' dir='ltr'><strong>Ungaros</strong></span> <span class='ocrx_word' id='word_1_365' title='bbox 634 1837 694 1857; x_wconf 85' lang='lat' dir='ltr'><strong>cum</strong></span> <span class='ocrx_word' id='word_1_366' title='bbox 703 1830 849 1859; x_wconf 87' lang='lat' dir='ltr'><strong>Germanis</strong></span> <span class='ocrx_word' id='word_1_367' title='bbox 866 1833 961 1860; x_wconf 86' lang='lat' dir='ltr'><strong>iisdem</strong></span> 
     </span>
    </p>
   </div>
   <div class='ocr_carea' id='block_1_54' title="bbox 181 1867 506 1898">
    <p class='ocr_par' dir='ltr' id='par_1_54' title="bbox 181 1867 506 1898">
     <span class='ocr_line' id='line_1_54' title="bbox 181 1867 506 1898; baseline 0.018 -6"><span class='ocrx_word' id='word_1_368' title='bbox 181 1867 264 1894; x_wconf 84' lang='lat' dir='ltr'><strong>armis</strong></span> <span class='ocrx_word' id='word_1_369' title='bbox 278 1873 305 1894; x_wconf 90' lang='lat' dir='ltr'><strong>et</strong></span> <span class='ocrx_word' id='word_1_370' title='bbox 319 1869 440 1897; x_wconf 87' lang='lat' dir='ltr'><strong>moribus</strong></span> <span class='ocrx_word' id='word_1_371' title='bbox 458 1872 506 1898; x_wconf 89' lang='lat' dir='ltr'><strong>uti.</strong></span> 
     </span>
    </p>
   </div>
   <div class='ocr_carea' id='block_1_55' title="bbox 218 1923 960 1965">
    <p class='ocr_par' dir='ltr' id='par_1_55' title="bbox 218 1923 960 1965">
     <span class='ocr_line' id='line_1_55' title="bbox 218 1923 960 1965; baseline 0.012 -15"><span class='ocrx_word' id='word_1_372' title='bbox 218 1923 286 1951; x_wconf 88' lang='lat' dir='ltr'><strong>Ibid.</strong></span> <span class='ocrx_word' id='word_1_373' title='bbox 302 1924 333 1952; x_wconf 91' lang='lat' dir='ltr'><strong>C.</strong></span> <span class='ocrx_word' id='word_1_374' title='bbox 355 1925 425 1953; x_wconf 80' lang='grc' dir='ltr'><strong>Ἁπό</strong></span> <span class='ocrx_word' id='word_1_375' title='bbox 438 1935 469 1953; x_wconf 83' lang='grc' dir='ltr'><strong>τε</strong></span> <span class='ocrx_word' id='word_1_376' title='bbox 481 1928 568 1962; x_wconf 74' lang='grc' dir='ltr'><em>σφῶν</em></span> <span class='ocrx_word' id='word_1_377' title='bbox 579 1929 688 1956; x_wconf 78' lang='grc' dir='ltr'><strong>αὐτῶν.</strong></span> <span class='ocrx_word' id='word_1_378' title='bbox 703 1930 780 1964; x_wconf 85' lang='lat' dir='ltr'><strong>Quod</strong></span> <span class='ocrx_word' id='word_1_379' title='bbox 795 1932 837 1958; x_wconf 87' lang='lat' dir='ltr'><strong>hic</strong></span> <span class='ocrx_word' id='word_1_380' title='bbox 855 1932 960 1965; x_wconf 87' lang='lat' dir='ltr'><strong>scribit,</strong></span> 
     </span>
    </p>
   </div>
   <div class='ocr_carea' id='block_1_56' title="bbox 184 1969 963 2009">
    <p class='ocr_par' dir='ltr' id='par_1_56' title="bbox 184 1969 963 2009">
     <span class='ocr_line' id='line_1_56' title="bbox 184 1969 963 2009; baseline 0.012 -13"><span class='ocrx_word' id='word_1_381' title='bbox 184 1969 309 2004; x_wconf 77' lang='lat' dir='ltr'><strong>llngaros</strong></span> <span class='ocrx_word' id='word_1_382' title='bbox 328 1978 377 1998; x_wconf 82' lang='lat' dir='ltr'><strong>sua</strong></span> <span class='ocrx_word' id='word_1_383' title='bbox 398 1972 520 2007; x_wconf 87' lang='lat' dir='ltr'><strong>ipsorum</strong></span> <span class='ocrx_word' id='word_1_384' title='bbox 546 1975 636 2009; x_wconf 73' lang='lat' dir='ltr'><strong>lingua</strong></span> <span class='ocrx_word' id='word_1_385' title='bbox 667 1976 810 2004; x_wconf 81' lang='lat' dir='ltr'><strong>Pannones</strong></span> <span class='ocrx_word' id='word_1_386' title='bbox 824 1978 875 2004; x_wconf 88' lang='lat' dir='ltr'><strong>diei</strong></span> <span class='ocrx_word' id='word_1_387' title='bbox 898 1986 963 2005; x_wconf 84' lang='lat' dir='ltr'><strong>nes-</strong></span> 
     </span>
    </p>
   </div>
   <div class='ocr_carea' id='block_1_57' title="bbox 180 2015 960 2053">
    <p class='ocr_par' dir='ltr' id='par_1_57' title="bbox 180 2015 960 2053">
     <span class='ocr_line' id='line_1_57' title="bbox 180 2015 960 2053; baseline 0.01 -11"><span class='ocrx_word' id='word_1_388' title='bbox 180 2015 224 2042; x_wconf 90' lang='lat' dir='ltr'><strong>cio</strong></span> <span class='ocrx_word' id='word_1_389' title='bbox 242 2024 276 2042; x_wconf 87' lang='lat' dir='ltr'><strong>an</strong></span> <span class='ocrx_word' id='word_1_390' title='bbox 299 2017 362 2043; x_wconf 79' lang='lat' dir='ltr'><strong>olim</strong></span> <span class='ocrx_word' id='word_1_391' title='bbox 384 2026 477 2046; x_wconf 83' lang='lat' dir='ltr'><strong>verum</strong></span> <span class='ocrx_word' id='word_1_392' title='bbox 504 2019 602 2053; x_wconf 82' lang='lat' dir='ltr'><strong>fuerit;</strong></span> <span class='ocrx_word' id='word_1_393' title='bbox 631 2021 709 2048; x_wconf 87' lang='lat' dir='ltr'><strong>hodie</strong></span> <span class='ocrx_word' id='word_1_394' title='bbox 735 2027 807 2049; x_wconf 87' lang='lat' dir='ltr'><strong>certe</strong></span> <span class='ocrx_word' id='word_1_395' title='bbox 831 2030 883 2049; x_wconf 94' lang='lat' dir='ltr'><strong>non</strong></span> <span class='ocrx_word' id='word_1_396' title='bbox 909 2031 960 2051; x_wconf 63' lang='lat' dir='ltr'><strong>esu</strong></span> 
     </span>
    </p>
   </div>
   <div class='ocr_carea' id='block_1_58' title="bbox 182 2061 962 2100">
    <p class='ocr_par' dir='ltr' id='par_1_58' title="bbox 182 2061 962 2100">
     <span class='ocr_line' id='line_1_58' title="bbox 182 2061 962 2100; baseline 0.012 -14"><span class='ocrx_word' id='word_1_397' title='bbox 182 2061 288 2095; x_wconf 82' lang='lat' dir='ltr'><strong>Jllagt’ar</strong></span> <span class='ocrx_word' id='word_1_398' title='bbox 299 2062 476 2098; x_wconf 82' lang='lat' dir='ltr'><strong>dissyllabum</strong></span> <span class='ocrx_word' id='word_1_399' title='bbox 495 2065 611 2100; x_wconf 83' lang='lat' dir='ltr'><strong>Ungaris</strong></span> <span class='ocrx_word' id='word_1_400' title='bbox 627 2065 749 2100; x_wconf 73' lang='lat' dir='ltr'><strong>ngarur</strong></span> <span class='ocrx_word' id='word_1_401' title='bbox 765 2067 883 2100; x_wconf 81' lang='lat' dir='ltr'><strong>dicitur;</strong></span> <span class='ocrx_word' id='word_1_402' title='bbox 903 2068 962 2095; x_wconf 84' lang='lat' dir='ltr'><strong>Mu—</strong></span> 
     </span>
    </p>
   </div>
   <div class='ocr_carea' id='block_1_59' title="bbox 180 2107 413 2142">
    <p class='ocr_par' dir='ltr' id='par_1_59' title="bbox 180 2107 413 2142">
     <span class='ocr_line' id='line_1_59' title="bbox 180 2107 413 2142; baseline 0.017 -10"><span class='ocrx_word' id='word_1_403' title='bbox 180 2107 282 2140; x_wconf 81' lang='lat' dir='ltr'><strong>giarok.</strong></span> <span class='ocrx_word' id='word_1_404' title='bbox 299 2108 413 2142; x_wconf 73' lang='lat' dir='ltr'><strong>Ungari.</strong></span> 
     </span>
    </p>
   </div>
   <div class='ocr_carea' id='block_1_60' title="bbox 216 2165 962 2207">
    <p class='ocr_par' dir='ltr' id='par_1_60' title="bbox 216 2165 962 2207">
     <span class='ocr_line' id='line_1_60' title="bbox 216 2165 962 2207; baseline 0.011 -16"><span class='ocrx_word' id='word_1_405' title='bbox 216 2165 284 2191; x_wconf 78' lang='lat' dir='ltr'><strong>Ibid.</strong></span> <span class='ocrx_word' id='word_1_406' title='bbox 307 2165 457 2199; x_wconf 77' lang='grc' dir='ltr'><strong>Ῥωμαίων</strong></span> <span class='ocrx_word' id='word_1_407' title='bbox 476 2167 623 2201; x_wconf 77' lang='grc' dir='ltr'><strong>ἀρχιερέα.</strong></span> <span class='ocrx_word' id='word_1_408' title='bbox 651 2167 801 2202; x_wconf 74' lang='lat' dir='ltr'><strong>Eugenium</strong></span> <span class='ocrx_word' id='word_1_409' title='bbox 825 2171 858 2197; x_wconf 87' lang='lat' dir='ltr'><strong>IV</strong></span> <span class='ocrx_word' id='word_1_410' title='bbox 883 2171 962 2207; x_wconf 86' lang='lat' dir='ltr'><strong>cujus</strong></span> 
     </span>
    </p>
   </div>
   <div class='ocr_carea' id='block_1_61' title="bbox 179 2210 596 2247">
    <p class='ocr_par' dir='ltr' id='par_1_61' title="bbox 179 2210 596 2247">
     <span class='ocr_line' id='line_1_61' title="bbox 179 2210 596 2247; baseline 0.012 -12"><span class='ocrx_word' id='word_1_411' title='bbox 179 2210 319 2244; x_wconf 74' lang='lat' dir='ltr'><strong>epitaphiu</strong></span> <span class='ocrx_word' id='word_1_412' title='bbox 332 2211 359 2238; x_wconf 89' lang='lat' dir='ltr'><strong>id</strong></span> <span class='ocrx_word' id='word_1_413' title='bbox 372 2211 461 2245; x_wconf 86' lang='lat' dir='ltr'><strong>ipsum</strong></span> <span class='ocrx_word' id='word_1_414' title='bbox 479 2212 596 2247; x_wconf 72' lang='lat' dir='ltr'><strong>legitur:</strong></span> 
     </span>
    </p>
   </div>
   <div class='ocr_carea' id='block_1_62' title="bbox 217 2277 885 2315">
    <p class='ocr_par' dir='ltr' id='par_1_62' title="bbox 217 2277 885 2315">
     <span class='ocr_line' id='line_1_62' title="bbox 217 2277 885 2315; baseline 0.009 -12"><span class='ocrx_word' id='word_1_415' title='bbox 217 2277 301 2315; x_wconf 73' lang='lat' dir='ltr'><strong>Istius</strong></span> <span class='ocrx_word' id='word_1_416' title='bbox 318 2284 379 2315; x_wconf 78' lang='lat' dir='ltr'><strong>ante</strong></span> <span class='ocrx_word' id='word_1_417' title='bbox 389 2287 478 2306; x_wconf 72' lang='lat' dir='ltr'><strong>sacras</strong></span> <span class='ocrx_word' id='word_1_418' title='bbox 490 2288 516 2306; x_wconf 79' lang='lat' dir='ltr'><strong>se</strong></span> <span class='ocrx_word' id='word_1_419' title='bbox 532 2281 656 2315; x_wconf 74' lang='lat' dir='ltr'><strong>prtebur&#39;t.</strong></span> <span class='ocrx_word' id='word_1_420' title='bbox 682 2282 750 2309; x_wconf 80' lang='lat' dir='ltr'><strong>alter</strong></span> <span class='ocrx_word' id='word_1_421' title='bbox 765 2283 797 2309; x_wconf 82' lang='lat' dir='ltr'><strong>ab</strong></span> <span class='ocrx_word' id='word_1_422' title='bbox 814 2288 885 2314; x_wconf 76' lang='lat' dir='ltr'><strong>ortu,</strong></span> 
     </span>
    </p>
   </div>
   <div class='ocr_carea' id='block_1_63' title="bbox 253 2313 808 2351">
    <p class='ocr_par' dir='ltr' id='par_1_63' title="bbox 253 2313 808 2351">
     <span class='ocr_line' id='line_1_63' title="bbox 253 2313 808 2351; baseline 0.011 -13"><span class='ocrx_word' id='word_1_423' title='bbox 253 2313 326 2340; x_wconf 74' lang='lat' dir='ltr'><strong>Alter</strong></span> <span class='ocrx_word' id='word_1_424' title='bbox 339 2314 370 2339; x_wconf 84' lang='lat' dir='ltr'><strong>ab</strong></span> <span class='ocrx_word' id='word_1_425' title='bbox 386 2323 481 2351; x_wconf 67' lang='lat' dir='ltr'><strong>occasu</strong></span> <span class='ocrx_word' id='word_1_426' title='bbox 497 2313 586 2342; x_wconf 73' lang='lat' dir='ltr'><strong>Cd&#39;sar</strong></span> <span class='ocrx_word' id='word_1_427' title='bbox 600 2322 707 2351; x_wconf 76' lang='lat' dir='ltr'><strong>uterque</strong></span> <span class='ocrx_word' id='word_1_428' title='bbox 721 2319 808 2351; x_wconf 71' lang='lat' dir='ltr'><strong>pelles.</strong></span> 
     </span>
    </p>
   </div>
   <div class='ocr_carea' id='block_1_64' title="bbox 217 2350 839 2386">
    <p class='ocr_par' dir='ltr' id='par_1_64' title="bbox 217 2350 839 2386">
     <span class='ocr_line' id='line_1_64' title="bbox 217 2350 839 2386; baseline 0.01 -13"><span class='ocrx_word' id='word_1_429' title='bbox 217 2350 291 2386; x_wconf 68' lang='lat' dir='ltr'><strong>Alter</strong></span> <span class='ocrx_word' id='word_1_430' title='bbox 307 2353 334 2374; x_wconf 83' lang='lat' dir='ltr'><strong>ut</strong></span> <span class='ocrx_word' id='word_1_431' title='bbox 349 2350 462 2383; x_wconf 80' lang='lat' dir='ltr'><strong>accipiat</strong></span> <span class='ocrx_word' id='word_1_432' title='bbox 482 2351 543 2384; x_wconf 84' lang='lat' dir='ltr'><strong>ﬁdei</strong></span> <span class='ocrx_word' id='word_1_433' title='bbox 554 2350 709 2378; x_wconf 70' lang='lat' dir='ltr'><strong>documenta</strong></span> <span class='ocrx_word' id='word_1_434' title='bbox 728 2352 839 2386; x_wconf 73' lang='lat' dir='ltr'><strong>Laliua&#39;,</strong></span> 
     </span>
    </p>
   </div>
   <div class='ocr_carea' id='block_1_65' title="bbox 250 2384 786 2421">
    <p class='ocr_par' dir='ltr' id='par_1_65' title="bbox 250 2384 786 2421">
     <span class='ocr_line' id='line_1_65' title="bbox 250 2384 786 2421; baseline 0.009 -11"><span class='ocrx_word' id='word_1_435' title='bbox 250 2384 325 2410; x_wconf 74' lang='lat' dir='ltr'><strong>Alter</strong></span> <span class='ocrx_word' id='word_1_436' title='bbox 338 2391 365 2412; x_wconf 85' lang='lat' dir='ltr'><strong>ut</strong></span> <span class='ocrx_word' id='word_1_437' title='bbox 378 2391 474 2412; x_wconf 82' lang='lat' dir='ltr'><strong>aurato</strong></span> <span class='ocrx_word' id='word_1_438' title='bbox 489 2386 575 2421; x_wconf 80' lang='lat' dir='ltr'><strong>cingat</strong></span> <span class='ocrx_word' id='word_1_439' title='bbox 590 2387 687 2414; x_wconf 82' lang='lat' dir='ltr'><strong>honore</strong></span> <span class='ocrx_word' id='word_1_440' title='bbox 700 2395 786 2421; x_wconf 80' lang='lat' dir='ltr'><strong>caput.</strong></span> 
     </span>
    </p>
   </div>
   <div class='ocr_carea' id='block_1_66' title="bbox 216 2463 962 2498">
    <p class='ocr_par' dir='ltr' id='par_1_66' title="bbox 216 2463 962 2498">
     <span class='ocr_line' id='line_1_66' title="bbox 216 2463 962 2498; baseline 0.007 -8"><span class='ocrx_word' id='word_1_441' title='bbox 216 2465 280 2492; x_wconf 74' lang='lat' dir='ltr'><strong>Ibid.</strong></span> <span class='ocrx_word' id='word_1_442' title='bbox 295 2463 326 2492; x_wconf 92' lang='lat' dir='ltr'><strong>D.</strong></span> <span class='ocrx_word' id='word_1_443' title='bbox 354 2465 416 2498; x_wconf 85' lang='grc' dir='ltr'><em>Τοῖς</em></span> <span class='ocrx_word' id='word_1_444' title='bbox 440 2464 560 2493; x_wconf 60' lang='grc' dir='ltr'><em>Κελτῶν</em></span> <span class='ocrx_word' id='word_1_445' title='bbox 589 2466 766 2497; x_wconf 80' lang='grc' dir='ltr'><strong>βασιλεῦσι.</strong></span> <span class='ocrx_word' id='word_1_446' title='bbox 789 2467 826 2493; x_wconf 87' lang='lat' dir='ltr'><strong>Ita</strong></span> <span class='ocrx_word' id='word_1_447' title='bbox 851 2468 962 2495; x_wconf 88' lang='lat' dir='ltr'><strong>omnino</strong></span> 
     </span>
    </p>
   </div>
   <div class='ocr_carea' id='block_1_67' title="bbox 178 2510 961 2548">
    <p class='ocr_par' dir='ltr' id='par_1_67' title="bbox 178 2510 961 2548">
     <span class='ocr_line' id='line_1_67' title="bbox 178 2510 961 2548; baseline 0.005 -10"><span class='ocrx_word' id='word_1_448' title='bbox 178 2510 324 2545; x_wconf 61' lang='lat' dir='ltr'><strong>legi-udum</strong></span> <span class='ocrx_word' id='word_1_449' title='bbox 344 2520 351 2539; x_wconf 84' lang='lat'><strong>:</strong></span> <span class='ocrx_word' id='word_1_450' title='bbox 365 2516 391 2537; x_wconf 69' lang='lat' dir='ltr'><strong>et</strong></span> <span class='ocrx_word' id='word_1_451' title='bbox 405 2519 453 2546; x_wconf 86' lang='lat' dir='ltr'><strong>pro</strong></span> <span class='ocrx_word' id='word_1_452' title='bbox 470 2511 553 2539; x_wconf 83' lang='lat' dir='ltr'><strong>Celtis</strong></span> <span class='ocrx_word' id='word_1_453' title='bbox 571 2513 610 2539; x_wconf 76' lang='lat' dir='ltr'><strong>rel</strong></span> <span class='ocrx_word' id='word_1_454' title='bbox 631 2512 724 2543; x_wconf 80' lang='lat' dir='ltr'><strong>Gallis.</strong></span> <span class='ocrx_word' id='word_1_455' title='bbox 740 2512 853 2540; x_wconf 73' lang='lat' dir='ltr'><strong>Francis</strong></span> <span class='ocrx_word' id='word_1_456' title='bbox 871 2514 961 2548; x_wconf 86' lang='lat' dir='ltr'><strong>potius</strong></span> 
     </span>
    </p>
   </div>
   <div class='ocr_carea' id='block_1_68' title="bbox 180 2556 961 2590">
    <p class='ocr_par' dir='ltr' id='par_1_68' title="bbox 180 2556 961 2590">
     <span class='ocr_line' id='line_1_68' title="bbox 180 2556 961 2590; baseline 0.005 -7"><span class='ocrx_word' id='word_1_457' title='bbox 180 2557 334 2584; x_wconf 81' lang='lat' dir='ltr'><strong>dicendum.</strong></span> <span class='ocrx_word' id='word_1_458' title='bbox 359 2556 451 2590; x_wconf 81' lang='lat' dir='ltr'><strong>Neque</strong></span> <span class='ocrx_word' id='word_1_459' title='bbox 484 2557 509 2584; x_wconf 89' lang='lat' dir='ltr'><strong>id</strong></span> <span class='ocrx_word' id='word_1_460' title='bbox 540 2562 593 2584; x_wconf 90' lang='lat' dir='ltr'><strong>tam</strong></span> <span class='ocrx_word' id='word_1_461' title='bbox 621 2558 716 2585; x_wconf 90' lang='lat' dir='ltr'><strong>merito</strong></span> <span class='ocrx_word' id='word_1_462' title='bbox 743 2559 862 2586; x_wconf 71' lang='lat' dir='ltr'><strong>liberatae</strong></span> <span class='ocrx_word' id='word_1_463' title='bbox 879 2567 894 2586; x_wconf 82' lang='lat' dir='ltr'><strong>a</strong></span> <span class='ocrx_word' id='word_1_464' title='bbox 910 2559 961 2587; x_wconf 87' lang='lat' dir='ltr'><strong>Sa-</strong></span> 
     </span>
    </p>
   </div>
   <div class='ocr_carea' id='block_1_69' title="bbox 182 2602 961 2639">
    <p class='ocr_par' dir='ltr' id='par_1_69' title="bbox 182 2602 961 2639">
     <span class='ocr_line' id='line_1_69' title="bbox 182 2602 961 2639; baseline 0.003 -9"><span class='ocrx_word' id='word_1_465' title='bbox 182 2604 288 2630; x_wconf 75' lang='lat' dir='ltr'><strong>racenis</strong></span> <span class='ocrx_word' id='word_1_466' title='bbox 299 2603 436 2638; x_wconf 71' lang='lat' dir='ltr'><strong>Hispania:</strong></span> <span class='ocrx_word' id='word_1_467' title='bbox 450 2602 531 2637; x_wconf 74' lang='lat' dir='ltr'><strong>(quod</strong></span> <span class='ocrx_word' id='word_1_468' title='bbox 549 2607 624 2638; x_wconf 87' lang='lat' dir='ltr'><strong>putat</strong></span> <span class='ocrx_word' id='word_1_469' title='bbox 646 2602 801 2639; x_wconf 79' lang='lat' dir='ltr'><strong>Laonicus),</strong></span> <span class='ocrx_word' id='word_1_470' title='bbox 816 2612 897 2639; x_wconf 86' lang='lat' dir='ltr'><strong>quam</strong></span> <span class='ocrx_word' id='word_1_471' title='bbox 916 2605 961 2632; x_wconf 87' lang='lat' dir='ltr'><strong>de-</strong></span> 
     </span>
    </p>
   </div>
   <div class='ocr_carea' id='block_1_70' title="bbox 181 2648 960 2684">
    <p class='ocr_par' dir='ltr' id='par_1_70' title="bbox 181 2648 960 2684">
     <span class='ocr_line' id='line_1_70' title="bbox 181 2648 960 2684; baseline 0.005 -10"><span class='ocrx_word' id='word_1_472' title='bbox 181 2651 265 2676; x_wconf 57' lang='lat' dir='ltr'><strong>tonsae</strong></span> <span class='ocrx_word' id='word_1_473' title='bbox 290 2649 376 2684; x_wconf 86' lang='lat' dir='ltr'><strong>ipsius</strong></span> <span class='ocrx_word' id='word_1_474' title='bbox 409 2648 492 2676; x_wconf 80' lang='lat' dir='ltr'><strong>Italiae</strong></span> <span class='ocrx_word' id='word_1_475' title='bbox 519 2653 545 2675; x_wconf 89' lang='lat' dir='ltr'><strong>et</strong></span> <span class='ocrx_word' id='word_1_476' title='bbox 574 2648 674 2677; x_wconf 63' lang='lat' dir='ltr'><strong>Romae.</strong></span> <span class='ocrx_word' id='word_1_477' title='bbox 701 2649 867 2684; x_wconf 89' lang='lat' dir='ltr'><strong>Luitprando</strong></span> <span class='ocrx_word' id='word_1_478' title='bbox 888 2651 960 2678; x_wconf 91' lang='lat' dir='ltr'><strong>enim</strong></span> 
     </span>
    </p>
   </div>
   <div class='ocr_carea' id='block_1_71' title="bbox 181 2695 962 2732">
    <p class='ocr_par' dir='ltr' id='par_1_71' title="bbox 181 2695 962 2732">
     <span class='ocr_line' id='line_1_71' title="bbox 181 2695 962 2732; baseline 0.001 -9"><span class='ocrx_word' id='word_1_479' title='bbox 181 2696 421 2731; x_wconf 75' lang='lat' dir='ltr'><strong>Langobardorum</strong></span> <span class='ocrx_word' id='word_1_480' title='bbox 444 2702 506 2730; x_wconf 71' lang='lat' dir='ltr'><strong>rege</strong></span> <span class='ocrx_word' id='word_1_481' title='bbox 537 2695 648 2722; x_wconf 75' lang='lat' dir='ltr'><strong>ltotnam</strong></span> <span class='ocrx_word' id='word_1_482' title='bbox 679 2697 830 2728; x_wconf 83' lang='lat' dir='ltr'><strong>obsnlente,</strong></span> <span class='ocrx_word' id='word_1_483' title='bbox 858 2695 962 2732; x_wconf 82' lang='lat' dir='ltr'><strong>Grego-</strong></span> 
     </span>
    </p>
   </div>
   <div class='ocr_carea' id='block_1_72' title="bbox 184 2742 963 2777">
    <p class='ocr_par' dir='ltr' id='par_1_72' title="bbox 184 2742 963 2777">
     <span class='ocr_line' id='line_1_72' title="bbox 184 2742 963 2777; baseline 0.001 -8"><span class='ocrx_word' id='word_1_484' title='bbox 184 2745 240 2770; x_wconf 81' lang='lat' dir='ltr'><strong>rius</strong></span> <span class='ocrx_word' id='word_1_485' title='bbox 255 2742 288 2769; x_wconf 93' lang='lat' dir='ltr'><strong>lll</strong></span> <span class='ocrx_word' id='word_1_486' title='bbox 307 2750 374 2776; x_wconf 86' lang='lat' dir='ltr'><strong>papa</strong></span> <span class='ocrx_word' id='word_1_487' title='bbox 390 2750 443 2768; x_wconf 91' lang='lat' dir='ltr'><strong>non</strong></span> <span class='ocrx_word' id='word_1_488' title='bbox 454 2742 508 2775; x_wconf 87' lang='lat' dir='ltr'><strong>jam</strong></span> <span class='ocrx_word' id='word_1_489' title='bbox 525 2742 557 2768; x_wconf 85' lang='lat' dir='ltr'><strong>ad</strong></span> <span class='ocrx_word' id='word_1_490' title='bbox 573 2742 683 2769; x_wconf 88' lang='lat' dir='ltr'><strong>solitum</strong></span> <span class='ocrx_word' id='word_1_491' title='bbox 703 2742 833 2769; x_wconf 74' lang='lat' dir='ltr'><strong>auxilium</strong></span> <span class='ocrx_word' id='word_1_492' title='bbox 848 2742 963 2777; x_wconf 88' lang='lat' dir='ltr'><strong>impera-</strong></span> 
     </span>
    </p>
   </div>
   <div class='ocr_carea' id='block_1_73' title="bbox 183 2788 962 2824">
    <p class='ocr_par' dir='ltr' id='par_1_73' title="bbox 183 2788 962 2824">
     <span class='ocr_line' id='line_1_73' title="bbox 183 2788 962 2824; baseline 0 -8"><span class='ocrx_word' id='word_1_493' title='bbox 183 2790 250 2817; x_wconf 82' lang='lat' dir='ltr'><strong>toris</strong></span> <span class='ocrx_word' id='word_1_494' title='bbox 264 2788 555 2823; x_wconf 86' lang='lat' dir='ltr'><strong>Constantinopolitani</strong></span> <span class='ocrx_word' id='word_1_495' title='bbox 572 2790 663 2824; x_wconf 90' lang='lat' dir='ltr'><strong>(quem</strong></span> <span class='ocrx_word' id='word_1_496' title='bbox 679 2789 714 2815; x_wconf 89' lang='lat' dir='ltr'><strong>ob</strong></span> <span class='ocrx_word' id='word_1_497' title='bbox 731 2789 831 2822; x_wconf 76' lang='lat' dir='ltr'><strong>eiectas</strong></span> <span class='ocrx_word' id='word_1_498' title='bbox 853 2790 962 2824; x_wconf 88' lang='lat' dir='ltr'><strong>tetnp‘is</strong></span> 
     </span>
    </p>
   </div>
   <div class='ocr_carea' id='block_1_74' title="bbox 182 2834 959 2867">
    <p class='ocr_par' dir='ltr' id='par_1_74' title="bbox 182 2834 959 2867">
     <span class='ocr_line' id='line_1_74' title="bbox 182 2834 959 2867; baseline 0.001 -6"><span class='ocrx_word' id='word_1_499' title='bbox 182 2835 314 2867; x_wconf 68' lang='lat' dir='ltr'><strong>tinagines</strong></span> <span class='ocrx_word' id='word_1_500' title='bbox 327 2835 518 2862; x_wconf 77' lang='lat' dir='ltr'><strong>cotmnnniune</strong></span> <span class='ocrx_word' id='word_1_501' title='bbox 541 2840 568 2862; x_wconf 84' lang='lat' dir='ltr'><strong>et</strong></span> <span class='ocrx_word' id='word_1_502' title='bbox 584 2834 699 2867; x_wconf 85' lang='lat' dir='ltr'><strong>imperio</strong></span> <span class='ocrx_word' id='word_1_503' title='bbox 714 2834 879 2867; x_wconf 83' lang='lat' dir='ltr'><strong>privaverat)</strong></span> <span class='ocrx_word' id='word_1_504' title='bbox 895 2841 959 2862; x_wconf 80' lang='lat' dir='ltr'><strong>con-</strong></span> 
     </span>
    </p>
   </div>
   <div class='ocr_carea' id='block_1_75' title="bbox 179 2878 960 2915">
    <p class='ocr_par' dir='ltr' id='par_1_75' title="bbox 179 2878 960 2915">
     <span class='ocr_line' id='line_1_75' title="bbox 179 2878 960 2915; baseline -0.003 -7"><span class='ocrx_word' id='word_1_505' title='bbox 179 2880 259 2915; x_wconf 74' lang='lat' dir='ltr'><strong>fugit,</strong></span> <span class='ocrx_word' id='word_1_506' title='bbox 270 2878 316 2906; x_wconf 69' lang='lat' dir='ltr'><strong>srd</strong></span> <span class='ocrx_word' id='word_1_507' title='bbox 327 2879 358 2905; x_wconf 91' lang='lat' dir='ltr'><strong>ad</strong></span> <span class='ocrx_word' id='word_1_508' title='bbox 368 2879 502 2915; x_wconf 78' lang='lat' dir='ltr'><strong>ptincipcs</strong></span> <span class='ocrx_word' id='word_1_509' title='bbox 512 2879 676 2907; x_wconf 72' lang='lat' dir='ltr'><strong>Francorum</strong></span> <span class='ocrx_word' id='word_1_510' title='bbox 688 2878 788 2906; x_wconf 76' lang='lat' dir='ltr'><strong>Callias</strong></span> <span class='ocrx_word' id='word_1_511' title='bbox 801 2878 960 2912; x_wconf 82' lang='lat' dir='ltr'><strong>tenentium.</strong></span> 
     </span>
    </p>
   </div>
   <div class='ocr_carea' id='block_1_76' title="bbox 1015 949 1794 987">
    <p class='ocr_par' dir='ltr' id='par_1_76' title="bbox 1015 949 1794 987">
     <span class='ocr_line' id='line_1_76' title="bbox 1015 949 1794 987; baseline 0.008 -12"><span class='ocrx_word' id='word_1_512' title='bbox 1015 949 1139 976; x_wconf 86' lang='lat' dir='ltr'><strong>instituto</strong></span> <span class='ocrx_word' id='word_1_513' title='bbox 1151 951 1308 985; x_wconf 74' lang='lat' dir='ltr'><strong>electmum;</strong></span> <span class='ocrx_word' id='word_1_514' title='bbox 1337 953 1408 986; x_wconf 88' lang='lat' dir='ltr'><strong>quod</strong></span> <span class='ocrx_word' id='word_1_515' title='bbox 1432 961 1484 980; x_wconf 82' lang='lat' dir='ltr'><strong>non</strong></span> <span class='ocrx_word' id='word_1_516' title='bbox 1511 954 1610 987; x_wconf 85' lang='lat' dir='ltr'><strong>miror,</strong></span> <span class='ocrx_word' id='word_1_517' title='bbox 1627 962 1691 982; x_wconf 92' lang='lat' dir='ltr'><strong>cum</strong></span> <span class='ocrx_word' id='word_1_518' title='bbox 1713 955 1794 982; x_wconf 84' lang='lat' dir='ltr'><strong>etiam</strong></span> 
     </span>
    </p>
   </div>
   <div class='ocr_carea' id='block_1_77' title="bbox 1013 994 1796 1034">
    <p class='ocr_par' dir='ltr' id='par_1_77' title="bbox 1013 994 1796 1034">
     <span class='ocr_line' id='line_1_77' title="bbox 1013 994 1796 1034; baseline 0.009 -14"><span class='ocrx_word' id='word_1_519' title='bbox 1013 994 1180 1022; x_wconf 83' lang='lat' dir='ltr'><strong>Constantini</strong></span> <span class='ocrx_word' id='word_1_520' title='bbox 1192 997 1483 1026; x_wconf 80' lang='lat' dir='ltr'><strong>donationcntPhotins</strong></span> <span class='ocrx_word' id='word_1_521' title='bbox 1494 1005 1575 1034; x_wconf 82' lang='lat' dir='ltr'><strong>ponat</strong></span> <span class='ocrx_word' id='word_1_522' title='bbox 1588 1000 1615 1026; x_wconf 90' lang='lat' dir='ltr'><strong>itt</strong></span> <span class='ocrx_word' id='word_1_523' title='bbox 1626 1000 1796 1027; x_wconf 84' lang='lat' dir='ltr'><strong>Nomoeano—</strong></span> 
     </span>
    </p>
   </div>
   <div class='ocr_carea' id='block_1_78' title="bbox 1014 1039 1796 1080">
    <p class='ocr_par' dir='ltr' id='par_1_78' title="bbox 1014 1039 1796 1080">
     <span class='ocr_line' id='line_1_78' title="bbox 1014 1039 1796 1080; baseline 0.009 -14"><span class='ocrx_word' id='word_1_524' title='bbox 1014 1047 1058 1067; x_wconf 88' lang='lat' dir='ltr'><strong>ne.</strong></span> <span class='ocrx_word' id='word_1_525' title='bbox 1077 1039 1137 1067; x_wconf 83' lang='lat' dir='ltr'><strong>Fuit</strong></span> <span class='ocrx_word' id='word_1_526' title='bbox 1149 1046 1238 1068; x_wconf 89' lang='lat' dir='ltr'><strong>autem</strong></span> <span class='ocrx_word' id='word_1_527' title='bbox 1263 1042 1403 1077; x_wconf 85' lang='lat' dir='ltr'><strong>imperium</strong></span> <span class='ocrx_word' id='word_1_528' title='bbox 1434 1044 1631 1072; x_wconf 66' lang='lat' dir='ltr'><strong>hmreditarium</strong></span> <span class='ocrx_word' id='word_1_529' title='bbox 1659 1045 1686 1072; x_wconf 91' lang='lat' dir='ltr'><strong>in</strong></span> <span class='ocrx_word' id='word_1_530' title='bbox 1712 1046 1796 1080; x_wconf 85' lang='lat' dir='ltr'><strong>stirpe</strong></span> 
     </span>
    </p>
   </div>
   <div class='ocr_carea' id='block_1_79' title="bbox 1014 1085 1794 1125">
    <p class='ocr_par' dir='ltr' id='par_1_79' title="bbox 1014 1085 1794 1125">
     <span class='ocr_line' id='line_1_79' title="bbox 1014 1085 1794 1125; baseline 0.008 -13"><span class='ocrx_word' id='word_1_531' title='bbox 1014 1086 1103 1113; x_wconf 87' lang='lat' dir='ltr'><strong>Caroli</strong></span> <span class='ocrx_word' id='word_1_532' title='bbox 1116 1085 1203 1121; x_wconf 78' lang='lat' dir='ltr'><strong>Magni</strong></span> <span class='ocrx_word' id='word_1_533' title='bbox 1219 1095 1266 1121; x_wconf 88' lang='lat' dir='ltr'><strong>per</strong></span> <span class='ocrx_word' id='word_1_534' title='bbox 1275 1093 1384 1115; x_wconf 87' lang='lat' dir='ltr'><strong>centum</strong></span> <span class='ocrx_word' id='word_1_535' title='bbox 1405 1089 1499 1122; x_wconf 78' lang='lat' dir='ltr'><strong>viginti</strong></span> <span class='ocrx_word' id='word_1_536' title='bbox 1530 1097 1629 1122; x_wconf 83' lang='lat' dir='ltr'><strong>annos,</strong></span> <span class='ocrx_word' id='word_1_537' title='bbox 1663 1099 1748 1125; x_wconf 76' lang='lat' dir='ltr'><strong>nsqu</strong></span> <span class='ocrx_word' id='word_1_538' title='bbox 1761 1091 1794 1118; x_wconf 90' lang='lat' dir='ltr'><strong>ad</strong></span> 
     </span>
    </p>
   </div>
   <div class='ocr_carea' id='block_1_80' title="bbox 1013 1131 1798 1170">
    <p class='ocr_par' dir='ltr' id='par_1_80' title="bbox 1013 1131 1798 1170">
     <span class='ocr_line' id='line_1_80' title="bbox 1013 1131 1798 1170; baseline 0.009 -12"><span class='ocrx_word' id='word_1_539' title='bbox 1013 1131 1168 1160; x_wconf 82' lang='lat' dir='ltr'><strong>Conradum</strong></span> <span class='ocrx_word' id='word_1_540' title='bbox 1184 1133 1299 1168; x_wconf 91' lang='lat' dir='ltr'><strong>primum</strong></span> <span class='ocrx_word' id='word_1_541' title='bbox 1315 1143 1323 1161; x_wconf 86' lang='lat'>:</span> <span class='ocrx_word' id='word_1_542' title='bbox 1349 1135 1394 1170; x_wconf 90' lang='lat' dir='ltr'><strong>qui</strong></span> <span class='ocrx_word' id='word_1_543' title='bbox 1423 1136 1541 1163; x_wconf 90' lang='lat' dir='ltr'><strong>moriens</strong></span> <span class='ocrx_word' id='word_1_544' title='bbox 1563 1144 1634 1164; x_wconf 90' lang='lat' dir='ltr'><strong>anno</strong></span> <span class='ocrx_word' id='word_1_545' title='bbox 1649 1137 1709 1169; x_wconf 72' lang='lat'><strong>99.0,</strong></span> <span class='ocrx_word' id='word_1_546' title='bbox 1727 1139 1798 1165; x_wconf 83' lang='lat' dir='ltr'><strong>ultro</strong></span> 
     </span>
    </p>
   </div>
   <div class='ocr_carea' id='block_1_81' title="bbox 1013 1178 1795 1217">
    <p class='ocr_par' dir='ltr' id='par_1_81' title="bbox 1013 1178 1795 1217">
     <span class='ocr_line' id='line_1_81' title="bbox 1013 1178 1795 1217; baseline 0.008 -12"><span class='ocrx_word' id='word_1_547' title='bbox 1013 1178 1109 1206; x_wconf 88' lang='lat' dir='ltr'><strong>detulit</strong></span> <span class='ocrx_word' id='word_1_548' title='bbox 1133 1179 1276 1214; x_wconf 86' lang='lat' dir='ltr'><strong>imperium</strong></span> <span class='ocrx_word' id='word_1_549' title='bbox 1294 1180 1326 1207; x_wconf 90' lang='lat' dir='ltr'><strong>ad</strong></span> <span class='ocrx_word' id='word_1_550' title='bbox 1339 1179 1483 1208; x_wconf 85' lang='lat' dir='ltr'><strong>Henricum</strong></span> <span class='ocrx_word' id='word_1_551' title='bbox 1496 1181 1645 1217; x_wconf 78' lang='lat' dir='ltr'><strong>Aucupem,</strong></span> <span class='ocrx_word' id='word_1_552' title='bbox 1658 1182 1795 1211; x_wconf 82' lang='lat' dir='ltr'><strong>Saxonum</strong></span> 
     </span>
    </p>
   </div>
   <div class='ocr_carea' id='block_1_82' title="bbox 1013 1225 1791 1262">
    <p class='ocr_par' dir='ltr' id='par_1_82' title="bbox 1013 1225 1791 1262">
     <span class='ocr_line' id='line_1_82' title="bbox 1013 1225 1791 1262; baseline 0.005 -10"><span class='ocrx_word' id='word_1_553' title='bbox 1013 1225 1121 1257; x_wconf 87' lang='lat' dir='ltr'><strong>ducem,</strong></span> <span class='ocrx_word' id='word_1_554' title='bbox 1137 1233 1199 1253; x_wconf 89' lang='lat' dir='ltr'><strong>curn</strong></span> <span class='ocrx_word' id='word_1_555' title='bbox 1214 1233 1269 1261; x_wconf 90' lang='lat' dir='ltr'><strong>quo</strong></span> <span class='ocrx_word' id='word_1_556' title='bbox 1283 1226 1383 1253; x_wconf 84' lang='lat' dir='ltr'><strong>bellum</strong></span> <span class='ocrx_word' id='word_1_557' title='bbox 1400 1226 1499 1261; x_wconf 85' lang='lat' dir='ltr'><strong>injuste</strong></span> <span class='ocrx_word' id='word_1_558' title='bbox 1513 1228 1631 1262; x_wconf 73' lang='lat' dir='ltr'><strong>gerebat.</strong></span> <span class='ocrx_word' id='word_1_559' title='bbox 1660 1228 1686 1255; x_wconf 92' lang='lat' dir='ltr'><strong>ln</strong></span> <span class='ocrx_word' id='word_1_560' title='bbox 1712 1228 1791 1256; x_wconf 79' lang='lat' dir='ltr'><strong>lami-</strong></span> 
     </span>
    </p>
   </div>
   <div class='ocr_carea' id='block_1_83' title="bbox 1013 1269 1795 1306">
    <p class='ocr_par' dir='ltr' id='par_1_83' title="bbox 1013 1269 1795 1306">
     <span class='ocr_line' id='line_1_83' title="bbox 1013 1269 1795 1306; baseline 0.005 -10"><span class='ocrx_word' id='word_1_561' title='bbox 1013 1269 1048 1296; x_wconf 87' lang='lat' dir='ltr'><strong>lia</strong></span> <span class='ocrx_word' id='word_1_562' title='bbox 1064 1269 1144 1304; x_wconf 86' lang='lat' dir='ltr'><strong>hujus</strong></span> <span class='ocrx_word' id='word_1_563' title='bbox 1165 1270 1271 1297; x_wconf 82' lang='lat' dir='ltr'><strong>llenrici</strong></span> <span class='ocrx_word' id='word_1_564' title='bbox 1290 1269 1300 1296; x_wconf 91' lang='lat' dir='ltr'><strong>l</strong></span> <span class='ocrx_word' id='word_1_565' title='bbox 1323 1271 1368 1304; x_wconf 88' lang='lat' dir='ltr'><strong>(de</strong></span> <span class='ocrx_word' id='word_1_566' title='bbox 1393 1279 1447 1306; x_wconf 87' lang='lat' dir='ltr'><strong>quo</strong></span> <span class='ocrx_word' id='word_1_567' title='bbox 1476 1277 1518 1299; x_wconf 91' lang='lat' dir='ltr'><strong>est</strong></span> <span class='ocrx_word' id='word_1_568' title='bbox 1541 1274 1699 1300; x_wconf 88' lang='lat' dir='ltr'><strong>constitutio</strong></span> <span class='ocrx_word' id='word_1_569' title='bbox 1728 1273 1795 1301; x_wconf 88' lang='lat' dir='ltr'><strong>dist.</strong></span> 
     </span>
    </p>
   </div>
   <div class='ocr_carea' id='block_1_84' title="bbox 1013 1315 1794 1352">
    <p class='ocr_par' dir='ltr' id='par_1_84' title="bbox 1013 1315 1794 1352">
     <span class='ocr_line' id='line_1_84' title="bbox 1013 1315 1794 1352; baseline 0.005 -10"><span class='ocrx_word' id='word_1_570' title='bbox 1013 1315 1058 1349; x_wconf 79' lang='grc'><strong>63)</strong></span> <span class='ocrx_word' id='word_1_571' title='bbox 1078 1316 1276 1343; x_wconf 64' lang='grc' dir='ltr'><strong>Ιιειλτεόὶιυνὶιιηι</strong></span> <span class='ocrx_word' id='word_1_572' title='bbox 1289 1315 1339 1343; x_wconf 80' lang='lat' dir='ltr'><strong>fuit</strong></span> <span class='ocrx_word' id='word_1_573' title='bbox 1354 1317 1497 1351; x_wconf 90' lang='lat' dir='ltr'><strong>imperium</strong></span> <span class='ocrx_word' id='word_1_574' title='bbox 1525 1325 1610 1352; x_wconf 85' lang='lat' dir='ltr'><strong>usque</strong></span> <span class='ocrx_word' id='word_1_575' title='bbox 1621 1320 1653 1346; x_wconf 89' lang='lat' dir='ltr'><strong>ad</strong></span> <span class='ocrx_word' id='word_1_576' title='bbox 1669 1318 1794 1347; x_wconf 87' lang='lat' dir='ltr'><strong>Ottoncm</strong></span> 
     </span>
    </p>
   </div>
   <div class='ocr_carea' id='block_1_85' title="bbox 1013 1361 1798 1397">
    <p class='ocr_par' dir='ltr' id='par_1_85' title="bbox 1013 1361 1798 1397">
     <span class='ocr_line' id='line_1_85' title="bbox 1013 1361 1798 1397; baseline 0.004 -9"><span class='ocrx_word' id='word_1_577' title='bbox 1013 1361 1046 1388; x_wconf 85' lang='lat' dir='ltr'><strong>Ill</strong></span> <span class='ocrx_word' id='word_1_578' title='bbox 1062 1367 1235 1396; x_wconf 88' lang='lat' dir='ltr'><strong>pronepotem</strong></span> <span class='ocrx_word' id='word_1_579' title='bbox 1248 1362 1308 1397; x_wconf 89' lang='lat' dir='ltr'><strong>ejus</strong></span> <span class='ocrx_word' id='word_1_580' title='bbox 1322 1371 1329 1390; x_wconf 91' lang='lat'><strong>:</strong></span> <span class='ocrx_word' id='word_1_581' title='bbox 1345 1363 1391 1397; x_wconf 86' lang='lat' dir='ltr'><strong>qui</strong></span> <span class='ocrx_word' id='word_1_582' title='bbox 1422 1371 1517 1391; x_wconf 85' lang='lat' dir='ltr'><strong>carens</strong></span> <span class='ocrx_word' id='word_1_583' title='bbox 1529 1363 1601 1391; x_wconf 62' lang='grc' dir='ltr'><strong>Δίὶιὶῑς</strong></span> <span class='ocrx_word' id='word_1_584' title='bbox 1626 1365 1653 1391; x_wconf 87' lang='lat' dir='ltr'><strong>in</strong></span> <span class='ocrx_word' id='word_1_585' title='bbox 1678 1365 1798 1391; x_wconf 83' lang='lat' dir='ltr'><strong>comitiis</strong></span> 
     </span>
    </p>
   </div>
   <div class='ocr_carea' id='block_1_86' title="bbox 1013 1407 1795 1444">
    <p class='ocr_par' dir='ltr' id='par_1_86' title="bbox 1013 1407 1795 1444">
     <span class='ocr_line' id='line_1_86' title="bbox 1013 1407 1795 1444; baseline 0.005 -11"><span class='ocrx_word' id='word_1_586' title='bbox 1013 1407 1200 1442; x_wconf 71' lang='lat' dir='ltr'><strong>imperialibus</strong></span> <span class='ocrx_word' id='word_1_587' title='bbox 1217 1408 1371 1443; x_wconf 87' lang='lat' dir='ltr'><strong>principum</strong></span> <span class='ocrx_word' id='word_1_588' title='bbox 1387 1413 1489 1442; x_wconf 88' lang='lat' dir='ltr'><strong>septem</strong></span> <span class='ocrx_word' id='word_1_589' title='bbox 1510 1409 1641 1437; x_wconf 89' lang='lat' dir='ltr'><strong>electores</strong></span> <span class='ocrx_word' id='word_1_590' title='bbox 1662 1410 1795 1444; x_wconf 79' lang='lat' dir='ltr'><strong>instituit.</strong></span> 
     </span>
    </p>
   </div>
   <div class='ocr_carea' id='block_1_87' title="bbox 1013 1453 1794 1490">
    <p class='ocr_par' dir='ltr' id='par_1_87' title="bbox 1013 1453 1794 1490">
     <span class='ocr_line' id='line_1_87' title="bbox 1013 1453 1794 1490; baseline 0.004 -10"><span class='ocrx_word' id='word_1_591' title='bbox 1013 1457 1040 1480; x_wconf 88' lang='lat' dir='ltr'><strong>et</strong></span> <span class='ocrx_word' id='word_1_592' title='bbox 1053 1460 1082 1480; x_wconf 89' lang='lat' dir='ltr'><strong>ut</strong></span> <span class='ocrx_word' id='word_1_593' title='bbox 1094 1453 1296 1481; x_wconf 70' lang='lat' dir='ltr'><strong>Francofordiaa</strong></span> <span class='ocrx_word' id='word_1_594' title='bbox 1315 1454 1412 1482; x_wconf 88' lang='lat' dir='ltr'><strong>electio</strong></span> <span class='ocrx_word' id='word_1_595' title='bbox 1430 1454 1502 1482; x_wconf 81' lang='lat' dir='ltr'><strong>fieret</strong></span> <span class='ocrx_word' id='word_1_596' title='bbox 1519 1464 1527 1482; x_wconf 84' lang='lat'><strong>:</strong></span> <span class='ocrx_word' id='word_1_597' title='bbox 1545 1456 1708 1490; x_wconf 81' lang='lat' dir='ltr'><strong>approbante</strong></span> <span class='ocrx_word' id='word_1_598' title='bbox 1726 1456 1794 1483; x_wconf 82' lang='lat' dir='ltr'><strong>Gre-</strong></span> 
     </span>
    </p>
   </div>
   <div class='ocr_carea' id='block_1_88' title="bbox 1013 1498 1797 1536">
    <p class='ocr_par' dir='ltr' id='par_1_88' title="bbox 1013 1498 1797 1536">
     <span class='ocr_line' id='line_1_88' title="bbox 1013 1498 1797 1536; baseline 0.004 -11"><span class='ocrx_word' id='word_1_599' title='bbox 1013 1499 1088 1533; x_wconf 82' lang='lat' dir='ltr'><strong>gorio</strong></span> <span class='ocrx_word' id='word_1_600' title='bbox 1101 1498 1123 1525; x_wconf 69' lang='grc' dir='ltr'><strong>ν</strong></span> <span class='ocrx_word' id='word_1_601' title='bbox 1139 1507 1218 1533; x_wconf 84' lang='lat' dir='ltr'><strong>papa,</strong></span> <span class='ocrx_word' id='word_1_602' title='bbox 1233 1500 1341 1527; x_wconf 87' lang='lat' dir='ltr'><strong>natione</strong></span> <span class='ocrx_word' id='word_1_603' title='bbox 1353 1505 1380 1527; x_wconf 93' lang='lat' dir='ltr'><strong>et</strong></span> <span class='ocrx_word' id='word_1_604' title='bbox 1394 1501 1452 1535; x_wconf 90' lang='lat' dir='ltr'><strong>ipso</strong></span> <span class='ocrx_word' id='word_1_605' title='bbox 1473 1500 1590 1528; x_wconf 79' lang='lat' dir='ltr'><strong>Saxone.</strong></span> <span class='ocrx_word' id='word_1_606' title='bbox 1612 1500 1703 1536; x_wconf 85' lang='lat' dir='ltr'><strong>itaque</strong></span> <span class='ocrx_word' id='word_1_607' title='bbox 1723 1509 1797 1529; x_wconf 90' lang='lat' dir='ltr'><strong>anno</strong></span> 
     </span>
    </p>
   </div>
   <div class='ocr_carea' id='block_1_89' title="bbox 1015 1544 1795 1579">
    <p class='ocr_par' dir='ltr' id='par_1_89' title="bbox 1015 1544 1795 1579">
     <span class='ocr_line' id='line_1_89' title="bbox 1015 1544 1795 1579; baseline 0.005 -9"><span class='ocrx_word' id='word_1_608' title='bbox 1015 1544 1085 1571; x_wconf 76' lang='grc'><strong>1500</strong></span> <span class='ocrx_word' id='word_1_609' title='bbox 1101 1544 1246 1577; x_wconf 83' lang='lat' dir='ltr'><strong>Henricus,</strong></span> <span class='ocrx_word' id='word_1_610' title='bbox 1264 1545 1383 1572; x_wconf 68' lang='lat' dir='ltr'><strong>Bavariat</strong></span> <span class='ocrx_word' id='word_1_611' title='bbox 1407 1545 1561 1579; x_wconf 82' lang='lat' dir='ltr'><strong>dux,juxta</strong></span> <span class='ocrx_word' id='word_1_612' title='bbox 1590 1545 1661 1573; x_wconf 87' lang='lat' dir='ltr'><strong>illam</strong></span> <span class='ocrx_word' id='word_1_613' title='bbox 1690 1547 1795 1574; x_wconf 83' lang='lat' dir='ltr'><strong>consti-</strong></span> 
     </span>
    </p>
   </div>
   <div class='ocr_carea' id='block_1_90' title="bbox 1013 1589 1790 1624">
    <p class='ocr_par' dir='ltr' id='par_1_90' title="bbox 1013 1589 1790 1624">
     <span class='ocr_line' id='line_1_90' title="bbox 1013 1589 1790 1624; baseline 0.004 -9"><span class='ocrx_word' id='word_1_614' title='bbox 1013 1589 1144 1616; x_wconf 89' lang='lat' dir='ltr'><strong>tutionem</strong></span> <span class='ocrx_word' id='word_1_615' title='bbox 1164 1590 1277 1624; x_wconf 80' lang='lat' dir='ltr'><strong>primus,</strong></span> <span class='ocrx_word' id='word_1_616' title='bbox 1304 1595 1331 1617; x_wconf 88' lang='lat' dir='ltr'><strong>et</strong></span> <span class='ocrx_word' id='word_1_617' title='bbox 1359 1589 1440 1624; x_wconf 86' lang='lat' dir='ltr'><strong>hujus</strong></span> <span class='ocrx_word' id='word_1_618' title='bbox 1453 1590 1571 1618; x_wconf 90' lang='lat' dir='ltr'><strong>nominis</strong></span> <span class='ocrx_word' id='word_1_619' title='bbox 1583 1592 1718 1618; x_wconf 86' lang='lat' dir='ltr'><strong>secundus</strong></span> <span class='ocrx_word' id='word_1_620' title='bbox 1734 1591 1790 1618; x_wconf 89' lang='lat' dir='ltr'><strong>ele-</strong></span> 
     </span>
    </p>
   </div>
   <div class='ocr_carea' id='block_1_91' title="bbox 1012 1634 1790 1671">
    <p class='ocr_par' dir='ltr' id='par_1_91' title="bbox 1012 1634 1790 1671">
     <span class='ocr_line' id='line_1_91' title="bbox 1012 1634 1790 1671; baseline 0.004 -10"><span class='ocrx_word' id='word_1_621' title='bbox 1012 1641 1073 1662; x_wconf 89' lang='lat' dir='ltr'><strong>ctus</strong></span> <span class='ocrx_word' id='word_1_622' title='bbox 1089 1635 1149 1662; x_wconf 82' lang='lat' dir='ltr'><strong>fuit.</strong></span> <span class='ocrx_word' id='word_1_623' title='bbox 1165 1634 1226 1663; x_wconf 66' lang='lat' dir='ltr'><strong>llaec</strong></span> <span class='ocrx_word' id='word_1_624' title='bbox 1238 1635 1270 1663; x_wconf 86' lang='lat' dir='ltr'><strong>C.</strong></span> <span class='ocrx_word' id='word_1_625' title='bbox 1284 1635 1319 1663; x_wconf 82' lang='lat' dir='ltr'><strong>M.</strong></span> <span class='ocrx_word' id='word_1_626' title='bbox 1329 1636 1355 1663; x_wconf 96' lang='lat' dir='ltr'><strong>in</strong></span> <span class='ocrx_word' id='word_1_627' title='bbox 1370 1636 1454 1664; x_wconf 88' lang='lat' dir='ltr'><strong>addit.</strong></span> <span class='ocrx_word' id='word_1_628' title='bbox 1468 1636 1504 1671; x_wconf 77' lang='lat' dir='ltr'><strong>gl.</strong></span> <span class='ocrx_word' id='word_1_629' title='bbox 1515 1637 1548 1664; x_wconf 84' lang='lat' dir='ltr'><strong>ad</strong></span> <span class='ocrx_word' id='word_1_630' title='bbox 1561 1644 1585 1664; x_wconf 91' lang='lat' dir='ltr'><strong>c.</strong></span> <span class='ocrx_word' id='word_1_631' title='bbox 1603 1636 1790 1670; x_wconf 68' lang='lat' dir='ltr'><strong>Venerubilcm.</strong></span> 
     </span>
    </p>
   </div>
   <div class='ocr_carea' id='block_1_92' title="bbox 1012 1680 1539 1717">
    <p class='ocr_par' dir='ltr' id='par_1_92' title="bbox 1012 1680 1539 1717">
     <span class='ocr_line' id='line_1_92' title="bbox 1012 1680 1539 1717; baseline 0.002 -9"><span class='ocrx_word' id='word_1_632' title='bbox 1012 1680 1049 1708; x_wconf 87' lang='lat' dir='ltr'><strong>De</strong></span> <span class='ocrx_word' id='word_1_633' title='bbox 1063 1681 1186 1708; x_wconf 89' lang='lat' dir='ltr'><strong>election.</strong></span> <span class='ocrx_word' id='word_1_634' title='bbox 1204 1686 1231 1709; x_wconf 90' lang='lat' dir='ltr'><strong>et</strong></span> <span class='ocrx_word' id='word_1_635' title='bbox 1246 1681 1326 1709; x_wconf 86' lang='lat' dir='ltr'><strong>clem.</strong></span> <span class='ocrx_word' id='word_1_636' title='bbox 1341 1681 1355 1708; x_wconf 81' lang='grc'><strong>1</strong></span> <span class='ocrx_word' id='word_1_637' title='bbox 1374 1681 1411 1708; x_wconf 88' lang='lat' dir='ltr'><strong>De</strong></span> <span class='ocrx_word' id='word_1_638' title='bbox 1420 1682 1539 1717; x_wconf 76' lang='lat' dir='ltr'><strong>jurejur.</strong></span> 
     </span>
    </p>
   </div>
   <div class='ocr_carea' id='block_1_93' title="bbox 1046 1727 1793 1763">
    <p class='ocr_par' dir='ltr' id='par_1_93' title="bbox 1046 1727 1793 1763">
     <span class='ocr_line' id='line_1_93' title="bbox 1046 1727 1793 1763; baseline 0.001 -9"><span class='ocrx_word' id='word_1_639' title='bbox 1046 1727 1105 1754; x_wconf 86' lang='lat' dir='ltr'><strong>Jam</strong></span> <span class='ocrx_word' id='word_1_640' title='bbox 1124 1735 1189 1754; x_wconf 86' lang='lat' dir='ltr'><strong>vero</strong></span> <span class='ocrx_word' id='word_1_641' title='bbox 1211 1728 1296 1762; x_wconf 90' lang='lat' dir='ltr'><strong>(lubet</strong></span> <span class='ocrx_word' id='word_1_642' title='bbox 1327 1728 1398 1755; x_wconf 90' lang='lat' dir='ltr'><strong>enim</strong></span> <span class='ocrx_word' id='word_1_643' title='bbox 1425 1729 1563 1763; x_wconf 69' lang='lat' dir='ltr'><strong>praedictis</strong></span> <span class='ocrx_word' id='word_1_644' title='bbox 1598 1729 1667 1756; x_wconf 90' lang='lat' dir='ltr'><strong>hanc</strong></span> <span class='ocrx_word' id='word_1_645' title='bbox 1691 1729 1793 1763; x_wconf 67' lang='lat' dir='ltr'><strong>dign-s-</strong></span> 
     </span>
    </p>
   </div>
   <div class='ocr_carea' id='block_1_94' title="bbox 1012 1773 1792 1809">
    <p class='ocr_par' dir='ltr' id='par_1_94' title="bbox 1012 1773 1792 1809">
     <span class='ocr_line' id='line_1_94' title="bbox 1012 1773 1792 1809; baseline 0 -9"><span class='ocrx_word' id='word_1_646' title='bbox 1012 1773 1164 1801; x_wconf 78' lang='lat' dir='ltr'><strong>siunculam</strong></span> <span class='ocrx_word' id='word_1_647' title='bbox 1190 1773 1361 1808; x_wconf 87' lang='lat' dir='ltr'><strong>adnectere),</strong></span> <span class='ocrx_word' id='word_1_648' title='bbox 1380 1774 1433 1802; x_wconf 85' lang='lat' dir='ltr'><strong>etsi</strong></span> <span class='ocrx_word' id='word_1_649' title='bbox 1457 1774 1570 1803; x_wconf 88' lang='lat' dir='ltr'><strong>Carolus</strong></span> <span class='ocrx_word' id='word_1_650' title='bbox 1599 1775 1713 1809; x_wconf 70' lang='lat' dir='ltr'><strong>Magnus</strong></span> <span class='ocrx_word' id='word_1_651' title='bbox 1741 1783 1792 1801; x_wconf 87' lang='lat' dir='ltr'><strong>non</strong></span> 
     </span>
    </p>
   </div>
   <div class='ocr_carea' id='block_1_95' title="bbox 1014 1820 1794 1857">
    <p class='ocr_par' dir='ltr' id='par_1_95' title="bbox 1014 1820 1794 1857">
     <span class='ocr_line' id='line_1_95' title="bbox 1014 1820 1794 1857; baseline 0 -10"><span class='ocrx_word' id='word_1_652' title='bbox 1014 1825 1121 1847; x_wconf 85' lang='lat' dir='ltr'><strong>tantum</strong></span> <span class='ocrx_word' id='word_1_653' title='bbox 1136 1820 1197 1854; x_wconf 84' lang='lat' dir='ltr'><strong>jure</strong></span> <span class='ocrx_word' id='word_1_654' title='bbox 1216 1820 1290 1853; x_wconf 88' lang='lat' dir='ltr'><strong>belli,</strong></span> <span class='ocrx_word' id='word_1_655' title='bbox 1302 1821 1374 1856; x_wconf 89' lang='lat' dir='ltr'><strong>quod</strong></span> <span class='ocrx_word' id='word_1_656' title='bbox 1399 1829 1460 1849; x_wconf 86' lang='lat' dir='ltr'><strong>cum</strong></span> <span class='ocrx_word' id='word_1_657' title='bbox 1481 1821 1668 1857; x_wconf 77' lang='lat' dir='ltr'><strong>Longobardis</strong></span> <span class='ocrx_word' id='word_1_658' title='bbox 1693 1822 1794 1855; x_wconf 69' lang='grc' dir='ltr'><strong>ἀμυνό-</strong></span> 
     </span>
    </p>
   </div>
   <div class='ocr_carea' id='block_1_96' title="bbox 1013 1866 1793 1902">
    <p class='ocr_par' dir='ltr' id='par_1_96' title="bbox 1013 1866 1793 1902">
     <span class='ocr_line' id='line_1_96' title="bbox 1013 1866 1793 1902; baseline 0.003 -10"><span class='ocrx_word' id='word_1_659' title='bbox 1013 1874 1094 1901; x_wconf 77' lang='grc' dir='ltr'>μενος</span> <span class='ocrx_word' id='word_1_660' title='bbox 1112 1872 1246 1902; x_wconf 74' lang='lat' dir='ltr'><strong>gesserat,</strong></span> <span class='ocrx_word' id='word_1_661' title='bbox 1259 1871 1287 1894; x_wconf 89' lang='lat' dir='ltr'><strong>et</strong></span> <span class='ocrx_word' id='word_1_662' title='bbox 1299 1866 1329 1894; x_wconf 88' lang='lat' dir='ltr'><strong>S.</strong></span> <span class='ocrx_word' id='word_1_663' title='bbox 1346 1866 1376 1894; x_wconf 84' lang='lat' dir='ltr'><strong>P.</strong></span> <span class='ocrx_word' id='word_1_664' title='bbox 1392 1867 1425 1901; x_wconf 79' lang='grc' dir='ltr'><strong>Ο.</strong></span> <span class='ocrx_word' id='word_1_665' title='bbox 1441 1866 1475 1895; x_wconf 77' lang='grc' dir='ltr'><strong>Β.</strong></span> <span class='ocrx_word' id='word_1_666' title='bbox 1490 1867 1628 1895; x_wconf 86' lang='lat' dir='ltr'><strong>voluntate</strong></span> <span class='ocrx_word' id='word_1_667' title='bbox 1641 1873 1668 1895; x_wconf 87' lang='lat' dir='ltr'><strong>et</strong></span> <span class='ocrx_word' id='word_1_668' title='bbox 1684 1869 1793 1902; x_wconf 85' lang='lat' dir='ltr'><strong>pontili-</strong></span> 
     </span>
    </p>
   </div>
   <div class='ocr_carea' id='block_1_97' title="bbox 1012 1914 1790 1949">
    <p class='ocr_par' dir='ltr' id='par_1_97' title="bbox 1012 1914 1790 1949">
     <span class='ocr_line' id='line_1_97' title="bbox 1012 1914 1790 1949; baseline -0.005 -7"><span class='ocrx_word' id='word_1_669' title='bbox 1012 1915 1052 1942; x_wconf 85' lang='lat' dir='ltr'><strong>eis</strong></span> <span class='ocrx_word' id='word_1_670' title='bbox 1068 1914 1243 1942; x_wconf 87' lang='lat' dir='ltr'><strong>coronatione</strong></span> <span class='ocrx_word' id='word_1_671' title='bbox 1257 1918 1333 1941; x_wconf 87' lang='lat' dir='ltr'><strong>vetus</strong></span> <span class='ocrx_word' id='word_1_672' title='bbox 1346 1919 1372 1941; x_wconf 91' lang='lat' dir='ltr'><strong>et</strong></span> <span class='ocrx_word' id='word_1_673' title='bbox 1381 1914 1529 1949; x_wconf 80' lang='lat' dir='ltr'><strong>legitimus,</strong></span> <span class='ocrx_word' id='word_1_674' title='bbox 1547 1914 1569 1942; x_wconf 89' lang='lat' dir='ltr'><strong>si</strong></span> <span class='ocrx_word' id='word_1_675' title='bbox 1585 1914 1647 1949; x_wconf 88' lang='lat' dir='ltr'><strong>quis</strong></span> <span class='ocrx_word' id='word_1_676' title='bbox 1662 1922 1790 1949; x_wconf 69' lang='lat' dir='ltr'><strong>unquam,</strong></span> 
     </span>
    </p>
   </div>
   <div class='ocr_carea' id='block_1_98' title="bbox 1011 1959 1792 1995">
    <p class='ocr_par' dir='ltr' id='par_1_98' title="bbox 1011 1959 1792 1995">
     <span class='ocr_line' id='line_1_98' title="bbox 1011 1959 1792 1995; baseline -0.003 -7"><span class='ocrx_word' id='word_1_677' title='bbox 1011 1959 1124 1988; x_wconf 76' lang='lat' dir='ltr'><strong>eﬂ‘eetus</strong></span> <span class='ocrx_word' id='word_1_678' title='bbox 1154 1964 1227 1988; x_wconf 82' lang='lat' dir='ltr'><strong>esset</strong></span> <span class='ocrx_word' id='word_1_679' title='bbox 1261 1959 1415 1995; x_wconf 83' lang='lat' dir='ltr'><strong>imperator,</strong></span> <span class='ocrx_word' id='word_1_680' title='bbox 1456 1961 1503 1988; x_wconf 87' lang='lat' dir='ltr'><strong>sed</strong></span> <span class='ocrx_word' id='word_1_681' title='bbox 1536 1961 1719 1988; x_wconf 81' lang='lat' dir='ltr'><strong>transactione</strong></span> <span class='ocrx_word' id='word_1_682' title='bbox 1750 1961 1792 1987; x_wconf 91' lang='lat' dir='ltr'><strong>in-</strong></span> 
     </span>
    </p>
   </div>
   <div class='ocr_carea' id='block_1_99' title="bbox 1013 2005 1794 2041">
    <p class='ocr_par' dir='ltr' id='par_1_99' title="bbox 1013 2005 1794 2041">
     <span class='ocr_line' id='line_1_99' title="bbox 1013 2005 1794 2041; baseline -0.001 -7"><span class='ocrx_word' id='word_1_683' title='bbox 1013 2014 1095 2041; x_wconf 86' lang='lat' dir='ltr'><strong>super</strong></span> <span class='ocrx_word' id='word_1_684' title='bbox 1109 2014 1169 2034; x_wconf 91' lang='lat' dir='ltr'><strong>cum</strong></span> <span class='ocrx_word' id='word_1_685' title='bbox 1180 2006 1255 2034; x_wconf 91' lang='lat' dir='ltr'><strong>lrene</strong></span> <span class='ocrx_word' id='word_1_686' title='bbox 1266 2007 1387 2040; x_wconf 82' lang='lat' dir='ltr'><strong>Augusta</strong></span> <span class='ocrx_word' id='word_1_687' title='bbox 1403 2013 1518 2041; x_wconf 87' lang='lat' dir='ltr'><strong>eamque</strong></span> <span class='ocrx_word' id='word_1_688' title='bbox 1546 2006 1647 2034; x_wconf 90' lang='lat' dir='ltr'><strong>secutis</strong></span> <span class='ocrx_word' id='word_1_689' title='bbox 1659 2005 1794 2041; x_wconf 84' lang='lat' dir='ltr'><strong>Nicepho-</strong></span> 
     </span>
    </p>
   </div>
   <div class='ocr_carea' id='block_1_100' title="bbox 1014 2049 1794 2086">
    <p class='ocr_par' dir='ltr' id='par_1_100' title="bbox 1014 2049 1794 2086">
     <span class='ocr_line' id='line_1_100' title="bbox 1014 2049 1794 2086; baseline 0.001 -9"><span class='ocrx_word' id='word_1_690' title='bbox 1014 2057 1045 2077; x_wconf 92' lang='lat' dir='ltr'><strong>ro</strong></span> <span class='ocrx_word' id='word_1_691' title='bbox 1060 2055 1086 2077; x_wconf 91' lang='lat' dir='ltr'><strong>et</strong></span> <span class='ocrx_word' id='word_1_692' title='bbox 1106 2049 1205 2078; x_wconf 80' lang='lat' dir='ltr'><strong>Basilio</strong></span> <span class='ocrx_word' id='word_1_693' title='bbox 1222 2050 1433 2084; x_wconf 85' lang='lat' dir='ltr'><strong>imperatoribus</strong></span> <span class='ocrx_word' id='word_1_694' title='bbox 1459 2050 1629 2086; x_wconf 85' lang='lat' dir='ltr'><strong>interposita.</strong></span> <span class='ocrx_word' id='word_1_695' title='bbox 1657 2053 1794 2085; x_wconf 77' lang='lat' dir='ltr'><strong>certisque</strong></span> 
     </span>
    </p>
   </div>
   <div class='ocr_carea' id='block_1_101' title="bbox 1015 2096 1792 2130">
    <p class='ocr_par' dir='ltr' id='par_1_101' title="bbox 1015 2096 1792 2130">
     <span class='ocr_line' id='line_1_101' title="bbox 1015 2096 1792 2130; baseline 0.001 -8"><span class='ocrx_word' id='word_1_696' title='bbox 1015 2096 1136 2123; x_wconf 81' lang='lat' dir='ltr'><strong>terminis</strong></span> <span class='ocrx_word' id='word_1_697' title='bbox 1157 2096 1263 2130; x_wconf 90' lang='lat' dir='ltr'><strong>imperii</strong></span> <span class='ocrx_word' id='word_1_698' title='bbox 1278 2096 1349 2123; x_wconf 89' lang='lat' dir='ltr'><strong>inter</strong></span> <span class='ocrx_word' id='word_1_699' title='bbox 1361 2104 1407 2123; x_wconf 87' lang='lat' dir='ltr'><strong>eos</strong></span> <span class='ocrx_word' id='word_1_700' title='bbox 1418 2096 1553 2124; x_wconf 83' lang='lat' dir='ltr'><strong>divisione</strong></span> <span class='ocrx_word' id='word_1_701' title='bbox 1574 2096 1645 2124; x_wconf 78' lang='lat' dir='ltr'><strong>facta</strong></span> <span class='ocrx_word' id='word_1_702' title='bbox 1658 2096 1702 2130; x_wconf 79' lang='lat' dir='ltr'><strong>ius</strong></span> <span class='ocrx_word' id='word_1_703' title='bbox 1713 2105 1792 2124; x_wconf 80' lang='lat' dir='ltr'><strong>Slllllll</strong></span> 
     </span>
    </p>
   </div>
   <div class='ocr_carea' id='block_1_102' title="bbox 1015 2141 1792 2178">
    <p class='ocr_par' dir='ltr' id='par_1_102' title="bbox 1015 2141 1792 2178">
     <span class='ocr_line' id='line_1_102' title="bbox 1015 2141 1792 2178; baseline 0 -9"><span class='ocrx_word' id='word_1_704' title='bbox 1015 2142 1122 2176; x_wconf 81' lang='lat' dir='ltr'><strong>abunde</strong></span> <span class='ocrx_word' id='word_1_705' title='bbox 1169 2141 1368 2174; x_wconf 76' lang='lat' dir='ltr'><strong>conﬁrmasset,</strong></span> <span class='ocrx_word' id='word_1_706' title='bbox 1391 2142 1506 2177; x_wconf 88' lang='lat' dir='ltr'><strong>ideoque</strong></span> <span class='ocrx_word' id='word_1_707' title='bbox 1538 2142 1617 2178; x_wconf 84' lang='lat' dir='ltr'><strong>legati</strong></span> <span class='ocrx_word' id='word_1_708' title='bbox 1653 2142 1792 2178; x_wconf 84' lang='lat' dir='ltr'><strong>Byzantini</strong></span> 
     </span>
    </p>
   </div>
   <div class='ocr_carea' id='block_1_103' title="bbox 1013 2187 1794 2223">
    <p class='ocr_par' dir='ltr' id='par_1_103' title="bbox 1013 2187 1794 2223">
     <span class='ocr_line' id='line_1_103' title="bbox 1013 2187 1794 2223; baseline -0.001 -8"><span class='ocrx_word' id='word_1_709' title='bbox 1013 2196 1076 2215; x_wconf 89' lang='lat' dir='ltr'><strong>eutn</strong></span> <span class='ocrx_word' id='word_1_710' title='bbox 1092 2187 1204 2223; x_wconf 72' lang='grc' dir='ltr'><strong>βασιλέα</strong></span> <span class='ocrx_word' id='word_1_711' title='bbox 1217 2188 1307 2222; x_wconf 86' lang='lat' dir='ltr'><strong>palam</strong></span> <span class='ocrx_word' id='word_1_712' title='bbox 1326 2188 1500 2220; x_wconf 79' lang='lat' dir='ltr'><strong>salutassent,</strong></span> <span class='ocrx_word' id='word_1_713' title='bbox 1514 2192 1541 2215; x_wconf 89' lang='lat' dir='ltr'><strong>et</strong></span> <span class='ocrx_word' id='word_1_714' title='bbox 1551 2187 1662 2215; x_wconf 86' lang='lat' dir='ltr'><strong>omnino</strong></span> <span class='ocrx_word' id='word_1_715' title='bbox 1675 2188 1711 2215; x_wconf 85' lang='lat' dir='ltr'><strong>ita</strong></span> <span class='ocrx_word' id='word_1_716' title='bbox 1724 2188 1794 2216; x_wconf 82' lang='lat' dir='ltr'><strong>inter</strong></span> 
     </span>
    </p>
   </div>
   <div class='ocr_carea' id='block_1_104' title="bbox 978 2233 1795 2268">
    <p class='ocr_par' dir='ltr' id='par_1_104' title="bbox 978 2233 1795 2268">
     <span class='ocr_line' id='line_1_104' title="bbox 978 2233 1795 2268; baseline 0 -8"><span class='ocrx_word' id='word_1_717' title='bbox 978 2234 1088 2268; x_wconf 85' lang='lat' dir='ltr'><strong>nipsos</strong></span> <span class='ocrx_word' id='word_1_718' title='bbox 1127 2238 1290 2260; x_wconf 88' lang='lat' dir='ltr'><strong>conventum</strong></span> <span class='ocrx_word' id='word_1_719' title='bbox 1321 2233 1421 2267; x_wconf 88' lang='lat' dir='ltr'><strong>diuque</strong></span> <span class='ocrx_word' id='word_1_720' title='bbox 1449 2233 1620 2260; x_wconf 87' lang='lat' dir='ltr'><strong>observatum</strong></span> <span class='ocrx_word' id='word_1_721' title='bbox 1653 2237 1725 2260; x_wconf 85' lang='lat' dir='ltr'><strong>esset</strong></span> <span class='ocrx_word' id='word_1_722' title='bbox 1764 2239 1795 2260; x_wconf 90' lang='lat' dir='ltr'><strong>ut</strong></span> 
     </span>
    </p>
   </div>
   <div class='ocr_carea' id='block_1_105' title="bbox 1013 2278 1793 2315">
    <p class='ocr_par' dir='ltr' id='par_1_105' title="bbox 1013 2278 1793 2315">
     <span class='ocr_line' id='line_1_105' title="bbox 1013 2278 1793 2315; baseline -0.003 -8"><span class='ocrx_word' id='word_1_723' title='bbox 1013 2287 1091 2315; x_wconf 63' lang='lat' dir='ltr'><strong>aequo</strong></span> <span class='ocrx_word' id='word_1_724' title='bbox 1103 2279 1166 2315; x_wconf 83' lang='lat' dir='ltr'><strong>jure</strong></span> <span class='ocrx_word' id='word_1_725' title='bbox 1196 2279 1336 2314; x_wconf 77' lang='lat' dir='ltr'><strong>Byzantini</strong></span> <span class='ocrx_word' id='word_1_726' title='bbox 1364 2284 1391 2306; x_wconf 88' lang='lat' dir='ltr'><strong>et</strong></span> <span class='ocrx_word' id='word_1_727' title='bbox 1417 2278 1502 2306; x_wconf 85' lang='lat' dir='ltr'><strong>nostri</strong></span> <span class='ocrx_word' id='word_1_728' title='bbox 1518 2278 1656 2314; x_wconf 72' lang='lat' dir='ltr'><strong>Augustos</strong></span> <span class='ocrx_word' id='word_1_729' title='bbox 1671 2278 1793 2313; x_wconf 81' lang='lat' dir='ltr'><strong>adeoque</strong></span> 
     </span>
    </p>
   </div>
   <div class='ocr_carea' id='block_1_106' title="bbox 1013 2324 1794 2360">
    <p class='ocr_par' dir='ltr' id='par_1_106' title="bbox 1013 2324 1794 2360">
     <span class='ocr_line' id='line_1_106' title="bbox 1013 2324 1794 2360; baseline -0.001 -8"><span class='ocrx_word' id='word_1_730' title='bbox 1013 2326 1111 2353; x_wconf 79' lang='lat' dir='ltr'><strong>fratres</strong></span> <span class='ocrx_word' id='word_1_731' title='bbox 1128 2333 1157 2353; x_wconf 88' lang='lat' dir='ltr'><strong>se</strong></span> <span class='ocrx_word' id='word_1_732' title='bbox 1167 2325 1349 2360; x_wconf 81' lang='lat' dir='ltr'><strong>appellarent:</strong></span> <span class='ocrx_word' id='word_1_733' title='bbox 1375 2325 1504 2359; x_wconf 85' lang='lat' dir='ltr'><strong>paulatim</strong></span> <span class='ocrx_word' id='word_1_734' title='bbox 1535 2329 1625 2352; x_wconf 87' lang='lat' dir='ltr'><strong>tamen</strong></span> <span class='ocrx_word' id='word_1_735' title='bbox 1654 2324 1743 2351; x_wconf 83' lang='lat' dir='ltr'><strong>invida</strong></span> <span class='ocrx_word' id='word_1_736' title='bbox 1765 2329 1794 2351; x_wconf 89' lang='lat' dir='ltr'><strong>et</strong></span> 
     </span>
    </p>
   </div>
   <div class='ocr_carea' id='block_1_107' title="bbox 1013 2370 1791 2399">
    <p class='ocr_par' dir='ltr' id='par_1_107' title="bbox 1013 2370 1791 2399">
     <span class='ocr_line' id='line_1_107' title="bbox 1013 2370 1791 2399; baseline -0.001 -1"><span class='ocrx_word' id='word_1_737' title='bbox 1013 2371 1157 2399; x_wconf 80' lang='lat' dir='ltr'><strong>ambitiosa</strong></span> <span class='ocrx_word' id='word_1_738' title='bbox 1171 2372 1218 2398; x_wconf 84' lang='lat' dir='ltr'><strong>illa</strong></span> <span class='ocrx_word' id='word_1_739' title='bbox 1232 2372 1307 2398; x_wconf 90' lang='lat' dir='ltr'><strong>natio</strong></span> <span class='ocrx_word' id='word_1_740' title='bbox 1331 2371 1429 2398; x_wconf 83' lang='lat' dir='ltr'><strong>nostris</strong></span> <span class='ocrx_word' id='word_1_741' title='bbox 1440 2370 1594 2398; x_wconf 63' lang='lat' dir='ltr'><strong>Caesaribus</strong></span> <span class='ocrx_word' id='word_1_742' title='bbox 1607 2378 1670 2398; x_wconf 91' lang='lat' dir='ltr'><strong>eum</strong></span> <span class='ocrx_word' id='word_1_743' title='bbox 1682 2371 1791 2397; x_wconf 89' lang='lat' dir='ltr'><strong>titulum</strong></span> 
     </span>
    </p>
   </div>
   <div class='ocr_carea' id='block_1_108' title="bbox 1015 2417 1795 2451">
    <p class='ocr_par' dir='ltr' id='par_1_108' title="bbox 1015 2417 1795 2451">
     <span class='ocr_line' id='line_1_108' title="bbox 1015 2417 1795 2451; baseline -0.003 -6"><span class='ocrx_word' id='word_1_744' title='bbox 1015 2417 1160 2445; x_wconf 84' lang='lat' dir='ltr'><strong>detrahere</strong></span> <span class='ocrx_word' id='word_1_745' title='bbox 1175 2422 1271 2445; x_wconf 84' lang='lat' dir='ltr'><strong>conata</strong></span> <span class='ocrx_word' id='word_1_746' title='bbox 1286 2422 1337 2450; x_wconf 87' lang='lat' dir='ltr'><strong>est,</strong></span> <span class='ocrx_word' id='word_1_747' title='bbox 1352 2422 1379 2445; x_wconf 90' lang='lat' dir='ltr'><strong>et</strong></span> <span class='ocrx_word' id='word_1_748' title='bbox 1398 2425 1463 2445; x_wconf 88' lang='lat' dir='ltr'><strong>suos</strong></span> <span class='ocrx_word' id='word_1_749' title='bbox 1478 2417 1552 2445; x_wconf 86' lang='lat' dir='ltr'><strong>solos</strong></span> <span class='ocrx_word' id='word_1_750' title='bbox 1569 2417 1690 2451; x_wconf 83' lang='grc' dir='ltr'><strong>βασιλεῖς</strong></span> <span class='ocrx_word' id='word_1_751' title='bbox 1703 2423 1730 2445; x_wconf 86' lang='lat' dir='ltr'><strong>et</strong></span> <span class='ocrx_word' id='word_1_752' title='bbox 1746 2418 1795 2444; x_wconf 77' lang='grc' dir='ltr'><strong>αὐ-</strong></span> 
     </span>
    </p>
   </div>
   <div class='ocr_carea' id='block_1_109' title="bbox 1014 2463 1794 2498">
    <p class='ocr_par' dir='ltr' id='par_1_109' title="bbox 1014 2463 1794 2498">
     <span class='ocr_line' id='line_1_109' title="bbox 1014 2463 1794 2498; baseline 0.004 -9"><span class='ocrx_word' id='word_1_753' title='bbox 1014 2463 1180 2498; x_wconf 67' lang='grc' dir='ltr'><strong>τοκράτορας</strong></span> <span class='ocrx_word' id='word_1_754' title='bbox 1208 2463 1354 2498; x_wconf 76' lang='grc' dir='ltr'><strong>Ῥωμαίων</strong></span> <span class='ocrx_word' id='word_1_755' title='bbox 1375 2463 1402 2490; x_wconf 94' lang='lat' dir='ltr'><strong>in</strong></span> <span class='ocrx_word' id='word_1_756' title='bbox 1430 2463 1624 2498; x_wconf 84' lang='lat' dir='ltr'><strong>diplomatibus</strong></span> <span class='ocrx_word' id='word_1_757' title='bbox 1647 2463 1794 2492; x_wconf 82' lang='lat' dir='ltr'><strong>etnumis—</strong></span> 
     </span>
    </p>
   </div>
   <div class='ocr_carea' id='block_1_110' title="bbox 1014 2508 1792 2544">
    <p class='ocr_par' dir='ltr' id='par_1_110' title="bbox 1014 2508 1792 2544">
     <span class='ocr_line' id='line_1_110' title="bbox 1014 2508 1792 2544; baseline 0 -8"><span class='ocrx_word' id='word_1_758' title='bbox 1014 2509 1133 2536; x_wconf 84' lang='lat' dir='ltr'><strong>matibus</strong></span> <span class='ocrx_word' id='word_1_759' title='bbox 1147 2509 1326 2544; x_wconf 77' lang='lat' dir='ltr'><strong>perscribere.</strong></span> <span class='ocrx_word' id='word_1_760' title='bbox 1358 2508 1540 2544; x_wconf 84' lang='lat' dir='ltr'><strong>dominosque</strong></span> <span class='ocrx_word' id='word_1_761' title='bbox 1554 2508 1628 2536; x_wconf 86' lang='lat' dir='ltr'><strong>orbis</strong></span> <span class='ocrx_word' id='word_1_762' title='bbox 1657 2513 1792 2536; x_wconf 80' lang='lat' dir='ltr'><strong>terrarum</strong></span> 
     </span>
    </p>
   </div>
   <div class='ocr_carea' id='block_1_111' title="bbox 1012 2553 1794 2589">
    <p class='ocr_par' dir='ltr' id='par_1_111' title="bbox 1012 2553 1794 2589">
     <span class='ocr_line' id='line_1_111' title="bbox 1012 2553 1794 2589; baseline 0.003 -9"><span class='ocrx_word' id='word_1_763' title='bbox 1012 2554 1125 2589; x_wconf 82' lang='lat' dir='ltr'><strong>jactare.</strong></span> <span class='ocrx_word' id='word_1_764' title='bbox 1140 2554 1251 2581; x_wconf 75' lang='lat' dir='ltr'><strong>Nostros</strong></span> <span class='ocrx_word' id='word_1_765' title='bbox 1268 2559 1359 2582; x_wconf 80' lang='lat' dir='ltr'><strong>autem</strong></span> <span class='ocrx_word' id='word_1_766' title='bbox 1371 2553 1480 2581; x_wconf 78' lang='lat' dir='ltr'><strong>Latinos</strong></span> <span class='ocrx_word' id='word_1_767' title='bbox 1505 2558 1609 2581; x_wconf 83' lang='lat' dir='ltr'><strong>tantum</strong></span> <span class='ocrx_word' id='word_1_768' title='bbox 1617 2557 1644 2581; x_wconf 85' lang='lat' dir='ltr'><strong>et</strong></span> <span class='ocrx_word' id='word_1_769' title='bbox 1654 2554 1794 2582; x_wconf 71' lang='lat' dir='ltr'><strong>Alemone;</strong></span> 
     </span>
    </p>
   </div>
   <div class='ocr_carea' id='block_1_112' title="bbox 1014 2599 1795 2636">
    <p class='ocr_par' dir='ltr' id='par_1_112' title="bbox 1014 2599 1795 2636">
     <span class='ocr_line' id='line_1_112' title="bbox 1014 2599 1795 2636; baseline 0.001 -9"><span class='ocrx_word' id='word_1_770' title='bbox 1014 2599 1192 2635; x_wconf 73' lang='lat' dir='ltr'><strong>Francusque,</strong></span> <span class='ocrx_word' id='word_1_771' title='bbox 1205 2606 1232 2627; x_wconf 86' lang='lat' dir='ltr'><strong>et</strong></span> <span class='ocrx_word' id='word_1_772' title='bbox 1243 2599 1377 2627; x_wconf 64' lang='lat' dir='ltr'><strong>Caesarem</strong></span> <span class='ocrx_word' id='word_1_773' title='bbox 1393 2605 1515 2628; x_wconf 89' lang='lat' dir='ltr'><strong>nostrum</strong></span> <span class='ocrx_word' id='word_1_774' title='bbox 1532 2608 1586 2628; x_wconf 93' lang='lat' dir='ltr'><strong>non</strong></span> <span class='ocrx_word' id='word_1_775' title='bbox 1597 2600 1687 2628; x_wconf 82' lang='lat' dir='ltr'><strong>minus</strong></span> <span class='ocrx_word' id='word_1_776' title='bbox 1701 2600 1795 2636; x_wconf 83' lang='lat' dir='ltr'><strong>inepto</strong></span> 
     </span>
    </p>
   </div>
   <div class='ocr_carea' id='block_1_113' title="bbox 1013 2647 1794 2682">
    <p class='ocr_par' dir='ltr' id='par_1_113' title="bbox 1013 2647 1794 2682">
     <span class='ocr_line' id='line_1_113' title="bbox 1013 2647 1794 2682; baseline 0.001 -9"><span class='ocrx_word' id='word_1_777' title='bbox 1013 2654 1095 2681; x_wconf 89' lang='lat' dir='ltr'><strong>quam</strong></span> <span class='ocrx_word' id='word_1_778' title='bbox 1123 2654 1195 2673; x_wconf 89' lang='lat' dir='ltr'><strong>novo</strong></span> <span class='ocrx_word' id='word_1_779' title='bbox 1223 2651 1377 2674; x_wconf 88' lang='lat' dir='ltr'><strong>commento</strong></span> <span class='ocrx_word' id='word_1_780' title='bbox 1407 2647 1478 2680; x_wconf 74' lang='grc' dir='ltr'>ρἧα</span> <span class='ocrx_word' id='word_1_781' title='bbox 1498 2647 1794 2682; x_wconf 67' lang='grc' dir='ltr'><strong>’Δλαμανὶαςῆσι-ραγ-</strong></span> 
     </span>
    </p>
   </div>
   <div class='ocr_carea' id='block_1_114' title="bbox 1015 2691 1792 2726">
    <p class='ocr_par' dir='ltr' id='par_1_114' title="bbox 1015 2691 1792 2726">
     <span class='ocr_line' id='line_1_114' title="bbox 1015 2691 1792 2726; baseline 0.001 -8"><span class='ocrx_word' id='word_1_782' title='bbox 1015 2693 1085 2726; x_wconf 76' lang='grc' dir='ltr'><strong>γῑας.</strong></span> <span class='ocrx_word' id='word_1_783' title='bbox 1103 2692 1178 2720; x_wconf 87' lang='lat' dir='ltr'><strong>Unde</strong></span> <span class='ocrx_word' id='word_1_784' title='bbox 1189 2692 1289 2719; x_wconf 81' lang='lat' dir='ltr'><strong>factum</strong></span> <span class='ocrx_word' id='word_1_785' title='bbox 1303 2697 1354 2722; x_wconf 87' lang='lat' dir='ltr'><strong>est.</strong></span> <span class='ocrx_word' id='word_1_786' title='bbox 1370 2697 1399 2720; x_wconf 93' lang='lat' dir='ltr'><strong>ut</strong></span> <span class='ocrx_word' id='word_1_787' title='bbox 1414 2699 1429 2719; x_wconf 84' lang='lat' dir='ltr'><strong>a</strong></span> <span class='ocrx_word' id='word_1_788' title='bbox 1453 2692 1556 2720; x_wconf 90' lang='lat' dir='ltr'><strong>nostris</strong></span> <span class='ocrx_word' id='word_1_789' title='bbox 1582 2692 1703 2720; x_wconf 80' lang='lat' dir='ltr'><strong>vicissim</strong></span> <span class='ocrx_word' id='word_1_790' title='bbox 1715 2691 1792 2726; x_wconf 82' lang='lat' dir='ltr'><strong>paria</strong></span> 
     </span>
    </p>
   </div>
   <div class='ocr_carea' id='block_1_115' title="bbox 1015 2738 1794 2773">
    <p class='ocr_par' dir='ltr' id='par_1_115' title="bbox 1015 2738 1794 2773">
     <span class='ocr_line' id='line_1_115' title="bbox 1015 2738 1794 2773; baseline 0 -8"><span class='ocrx_word' id='word_1_791' title='bbox 1015 2739 1207 2772; x_wconf 87' lang='lat' dir='ltr'><strong>reponentihns</strong></span> <span class='ocrx_word' id='word_1_792' title='bbox 1223 2745 1275 2765; x_wconf 88' lang='lat' dir='ltr'><strong>non</strong></span> <span class='ocrx_word' id='word_1_793' title='bbox 1291 2738 1370 2765; x_wconf 86' lang='lat' dir='ltr'><strong>aliter</strong></span> <span class='ocrx_word' id='word_1_794' title='bbox 1393 2745 1475 2772; x_wconf 86' lang='lat' dir='ltr'><strong>quam</strong></span> <span class='ocrx_word' id='word_1_795' title='bbox 1501 2738 1652 2766; x_wconf 60' lang='lat' dir='ltr'><strong>Grecorum</strong></span> <span class='ocrx_word' id='word_1_796' title='bbox 1678 2746 1749 2773; x_wconf 77' lang='lat' dir='ltr'><strong>reget</strong></span> <span class='ocrx_word' id='word_1_797' title='bbox 1764 2741 1794 2765; x_wconf 85' lang='lat' dir='ltr'><strong>et</strong></span> 
     </span>
    </p>
   </div>
   <div class='ocr_carea' id='block_1_116' title="bbox 1015 2784 1793 2818">
    <p class='ocr_par' dir='ltr' id='par_1_116' title="bbox 1015 2784 1793 2818">
     <span class='ocr_line' id='line_1_116' title="bbox 1015 2784 1793 2818; baseline -0.001 -7"><span class='ocrx_word' id='word_1_798' title='bbox 1015 2784 1298 2817; x_wconf 69' lang='lat' dir='ltr'><strong>Coustantiuopolitani</strong></span> <span class='ocrx_word' id='word_1_799' title='bbox 1314 2784 1483 2818; x_wconf 72' lang='lat' dir='ltr'><strong>imperatores</strong></span> <span class='ocrx_word' id='word_1_800' title='bbox 1494 2784 1658 2813; x_wconf 75' lang='lat' dir='ltr'><strong>dicerentur.</strong></span> <span class='ocrx_word' id='word_1_801' title='bbox 1672 2788 1702 2810; x_wconf 85' lang='lat' dir='ltr'><strong>ut</strong></span> <span class='ocrx_word' id='word_1_802' title='bbox 1723 2784 1793 2818; x_wconf 85' lang='lat' dir='ltr'><strong>apud</strong></span> 
     </span>
    </p>
   </div>
   <div class='ocr_carea' id='block_1_117' title="bbox 1016 2829 1792 2864">
    <p class='ocr_par' dir='ltr' id='par_1_117' title="bbox 1016 2829 1792 2864">
     <span class='ocr_line' id='line_1_117' title="bbox 1016 2829 1792 2864; baseline 0 -8"><span class='ocrx_word' id='word_1_803' title='bbox 1016 2831 1195 2859; x_wconf 73' lang='lat' dir='ltr'><strong>llulmoldum.</strong></span> <span class='ocrx_word' id='word_1_804' title='bbox 1215 2829 1349 2857; x_wconf 80' lang='lat' dir='ltr'><strong>Othonem</strong></span> <span class='ocrx_word' id='word_1_805' title='bbox 1374 2829 1504 2864; x_wconf 62' lang='grc' dir='ltr'><strong>[τι-ἰδίης..</strong></span> <span class='ocrx_word' id='word_1_806' title='bbox 1520 2829 1591 2857; x_wconf 83' lang='lat' dir='ltr'><strong>Petr.</strong></span> <span class='ocrx_word' id='word_1_807' title='bbox 1607 2830 1639 2857; x_wconf 86' lang='lat' dir='ltr'><strong>de</strong></span> <span class='ocrx_word' id='word_1_808' title='bbox 1657 2829 1749 2856; x_wconf 82' lang='lat' dir='ltr'><strong>Vincis</strong></span> <span class='ocrx_word' id='word_1_809' title='bbox 1767 2834 1792 2856; x_wconf 87' lang='lat' dir='ltr'><strong>et</strong></span> 
     </span>
    </p>
   </div>
   <div class='ocr_carea' id='block_1_118' title="bbox 1015 2876 1792 2912">
    <p class='ocr_par' dir='ltr' id='par_1_118' title="bbox 1015 2876 1792 2912">
     <span class='ocr_line' id='line_1_118' title="bbox 1015 2876 1792 2912; baseline 0 -8"><span class='ocrx_word' id='word_1_810' title='bbox 1015 2878 1080 2905; x_wconf 81' lang='lat' dir='ltr'><strong>alios</strong></span> <span class='ocrx_word' id='word_1_811' title='bbox 1099 2877 1232 2904; x_wconf 82' lang='lat' dir='ltr'><strong>videmus.</strong></span> <span class='ocrx_word' id='word_1_812' title='bbox 1248 2876 1278 2904; x_wconf 79' lang='lat' dir='ltr'><strong>Et</strong></span> <span class='ocrx_word' id='word_1_813' title='bbox 1295 2877 1356 2912; x_wconf 86' lang='lat' dir='ltr'><strong>quis</strong></span> <span class='ocrx_word' id='word_1_814' title='bbox 1367 2878 1426 2905; x_wconf 87' lang='lat' dir='ltr'><strong>sine</strong></span> <span class='ocrx_word' id='word_1_815' title='bbox 1443 2877 1584 2905; x_wconf 74' lang='lat' dir='ltr'><strong>stomacho</strong></span> <span class='ocrx_word' id='word_1_816' title='bbox 1598 2877 1666 2911; x_wconf 73' lang='lat' dir='ltr'><strong>legat</strong></span> <span class='ocrx_word' id='word_1_817' title='bbox 1681 2877 1792 2904; x_wconf 67' lang='lat' dir='ltr'><strong>Graccu-</strong></span> 
     </span>
    </p>
   </div>
  </div>
