1962 3071
132 127 178 158 $69

873 134 993 166 NOTxE.

1686 137 1744 168 570

131 183 180 211 lum
197 182 314 212 Henrico
330 185 486 220 imperatori
517 189 553 216 ita
569 190 776 224 obgannieutem
793 201 801 221 :
824 193 867 224 Ὧς
882 195 906 220 ιι
919 194 945 221 Δ
958 194 1087 226 maniam.
1100 203 1180 229 quam
1195 196 1260 222 olim
1276 196 1360 223 solam
1376 195 1558 230 desiderabat,
1579 197 1634 232 jam
1653 199 1739 227 solam

131 230 225 264 κυρίων
238 231 331 266 κύριος
344 233 512 268 καθεστήκει
523 237 571 263 καὶ
588 237 715 271 βασιλεὺς
730 239 906 266 ἀναδέδεκται

132 275 266 310 βασιλέων,
283 278 356 310 ὅπως
369 281 520 315 μοναρχίαν
549 283 751 318 περιϐαλεῖται,
783 286 829 312 καὶ
859 276 929 312 acti-il

133 330 184 356 ριος
198 323 301 350 ἐσεῖται
325 325 380 351 τῶν
399 326 492 360 κύκλῳ
508 328 674 356 δυναστειῶν
702 332 763 362 τοὺς
782 332 908 358 Ἀντωνί-

132 376 185 399 νους
199 369 246 395 καὶ
265 370 435 404 Αὐγούστους
449 372 487 407 τῷ
502 373 667 410 διανοητικῴ
690 378 905 411 φανταζομένος,

133 414 254 450 καὶπρὸς
265 416 319 442 τῶν
336 417 449 444 ἐκείνων
460 419 547 455 ἀρχὴν
566 421 694 448 ἐκτείνων
723 423 773 457 τὴν
800 425 905 459 ἔφεσιν,

133 461 173 487 καὶ
190 463 287 496 μικροῦ
305 463 490 499 φθεγγόμενος
507 467 568 493 κατ’
580 467 768 503 Ἀλέξανδρον.
791 471 825 498 τὰ
839 471 904 505 τῇδε

133 508 175 534 καὶ
193 509 226 534 τὰ
241 509 305 544 τῇδε
315 510 404 536 πάντα
428 512 491 544 ἐμά.
501 512 526 539 is
551 518 594 540 est
619 513 727 542 Nicetas
749 515 904 544 Choniates.

133 554 196 586 Ouid
225 557 297 589 quod
329 555 641 593 Fredericointperatori
667 561 811 588 transitum
826 570 907 590 exer-

132 599 191 626 citni
218 607 270 627 suo
298 603 401 636 petenti
427 602 510 638 (quod
544 604 709 633 Godei‘ridus
731 612 821 634 noster
853 609 907 636 Co-

133 646 257 673 Ioniensis
288 648 428 676 adnotavit
457 651 508 677 sub
541 659 612 678 anno
639 653 717 687 H87)
741 654 907 689 Byzantinus

132 699 172 724 per
181 693 351 726 responsales
359 702 425 722 suos
436 696 618 730 demandavit,
640 706 669 725 se
685 703 747 733 post
773 699 855 726 Deum
865 709 908 728 cs-

131 744 158 762 se
176 736 317 765 dominum
342 739 551 769 dominantium.
562 743 639 774 Quod
651 743 673 770 si
686 751 796 777 regnum
809 744 908 772 Roma-

130 788 221 808 norum
231 783 296 809 dare
306 784 388 812 vellet
407 785 434 812 in
446 793 542 813 manus
552 787 621 821 ejus,
633 789 700 815 etab
710 797 741 816 co
753 790 908 818 locohomi-

130 827 162 853 nii
181 828 308 863 recipere.
325 830 487 858 conductum
518 833 542 859 ei
559 833 636 863 daret
666 842 712 868 per
733 841 818 863 terras
843 844 907 864 snas

129 878 151 899 et
166 878 311 901 mercatum
335 875 479 904 suiiicicns.
495 877 579 911 Quasi
594 888 647 907 non
671 882 754 908 nostri
773 883 862 917 potius
891 891 906 910 θ

129 918 204 944 veteri
222 919 318 951 Roma,
330 929 411 955 quam
425 930 439 949 a
457 930 526 950 nova
545 931 593 951 stta
620 924 796 954 Constantina
813 928 905 961 (quam

128 970 174 990 nec
190 963 274 998 ipsam
287 965 388 1000 absque
400 966 547 996 Gothorum
581 978 632 1004 ope
642 976 774 999 structam
798 981 908 999 surrex-

127 1009 188 1041 isse,
202 1009 354 1039 Jornandes
366 1012 392 1039 in
411 1012 509 1042 Geticis
522 1021 618 1042 auctor
632 1016 684 1052 est)
698 1025 793 1045 nomen
807 1019 908 1053 princi-

126 1060 201 1088 patus
216 1056 259 1083 sui
275 1062 302 1084 et
318 1056 517 1087 Antoniuorum
541 1061 784 1097 Augustoruntqne
796 1073 908 1094 succes-

125 1099 223 1127 sionem
236 1101 459 1131 deduccrcut?et
486 1105 509 1132 si
539 1107 580 1133 vel
598 1106 683 1134 Roma
713 1109 817 1142 relicta,
835 1111 906 1143 quod

124 1145 202 1172 etiam
221 1147 326 1182 antiqui
350 1149 489 1184 principes
501 1158 555 1178 non
584 1161 648 1180 raro
664 1154 795 1185 iecerunt,
810 1155 908 1182 Medio-

125 1187 226 1224 lanum,
237 1193 386 1226 Treverim,
398 1196 532 1225 Lutetiam
545 1199 637 1226 Romae
649 1200 832 1234 pra-ferentes.
844 1202 908 1229 alibi

126 1238 248 1266 habitare
272 1248 483 1277 praeoptassent,
502 1249 583 1280 atque
603 1246 672 1273 adeo
694 1246 807 1274 Romam
830 1248 906 1275 alteri

126 1283 300 1313 habitandam
311 1287 383 1314 ultro
402 1289 562 1322 cessissent,
580 1295 610 1318 ut
625 1293 761 1325 quondam
774 1293 847 1320 Zeno
859 1294 908 1320 int-

125 1336 233 1363 perator
243 1332 411 1362 Theoderico
421 1335 527 1369 Gotho;
544 1344 596 1364 non
613 1339 703 1371 potius
719 1339 780 1366 aula
790 1344 816 1366 ct
824 1341 908 1367 comi-

125 1382 197 1404 tatus
208 1378 334 1411 Catsaris,
342 1385 368 1407 et
377 1381 420 1408 ttbi
431 1383 535 1410 curiam
549 1384 678 1412 celebrat.
689 1391 717 1412 ut
728 1387 811 1413 nostri
822 1387 908 1421 scrip-

126 1427 198 1450 torcs
209 1423 370 1459 i0qnuntur,
381 1427 498 1461 denique
508 1429 552 1455 ttbi
563 1429 652 1457 Cmsar
660 1435 711 1460 est,
722 1430 805 1458 Roma
815 1432 906 1459 haberi

126 1469 274 1498 debuissut.
304 1471 342 1498 lta
363 1473 435 1501 enim
466 1475 532 1502 satis
547 1475 635 1502 visum
651 1482 702 1508 est,
717 1482 745 1503 ut
760 1476 907 1504 Germania

958 239 1054 266 habeat
1069 249 1076 267 :
1091 241 1135 267 sed
1147 242 1270 268 utsolum
1284 242 1465 276 quantumsub
1478 242 1554 270 Tatio
1565 245 1677 279 populus
1689 245 1741 272 Ro-

956 294 1051 313 manus
1066 286 1180 318 arabat;
1199 295 1264 314 cove
1276 288 1364 314 minus
1381 288 1536 316 Romanum
1551 289 1653 325 foret?)
1667 295 1741 318 certe

956 336 1083 367 porrecta
1102 332 1255 360 Germanim
1281 339 1306 360 ut
1340 335 1427 368 spatio
1445 339 1524 361 terra:
1539 336 1605 362 nttlli
1620 345 1738 371 unquam

957 378 1063 410 regioni
1093 385 1247 412 cesserunt,
1280 381 1315 407 ita
1341 388 1391 408 nec
1408 381 1490 408 hodie
1507 382 1623 414 viribus,
1643 383 1738 414 armis.

958 424 1063 452 artibus
1078 429 1123 451 aut
1136 426 1252 458 ingeniis
1265 425 1392 460 cuiquam
1408 427 1522 454 habitati
1540 428 1614 455 orbis
1627 429 1740 462 provin-

957 470 1007 497 cia:
1022 471 1064 497 vel
1082 471 1168 497 hilmn
1183 472 1352 499 concedant:
1367 477 1394 499 et
1413 473 1735 507 Occidentisimperium,

957 515 980 542 si
994 523 1055 542 cutn
1065 516 1228 545 Germanica
1239 517 1302 544 sede
1309 518 1441 552 principis
1455 524 1550 546 cetera
1560 519 1632 546 socia
1644 527 1738 554 regna,

958 569 1019 596 quae
1035 569 1083 588 ceu
1101 563 1215 590 coloniae
1235 571 1267 589 ex
1286 563 1330 590 illa
1360 565 1484 597 gentium
1507 565 1615 592 oiiicina
1632 565 1740 599 prodie-

957 612 1031 637 runt.
1049 612 1076 635 et
1089 608 1248 636 alterutrius
1261 609 1357 644 lingua:
1370 609 1526 638 Trutonira.
1536 619 1616 637 merae
1631 611 1738 638 antlia-

957 653 1021 679 tinte
1043 659 1179 688 corruptae
1202 655 1341 682 consortio
1368 657 1509 683 nobiscum
1536 661 1673 687 tenentur,
1692 665 1739 684 eo-

958 699 1073 734 demque
1090 701 1152 732 jnre
1163 701 1286 728 Romano
1301 702 1440 729 nobiscum
1465 704 1646 730 communiter
1658 709 1738 730 utun-

962 749 1015 776 tnr,
1034 746 1259 779 coniungantur;
1278 753 1408 781 quantum
1436 750 1545 775 tandem
1559 749 1669 783 Graecia;
1687 750 1736 776 toti

960 791 1130 826 ltnperioqtte
1146 791 1211 822 Eoo,
1230 793 1311 819 etiam
1343 794 1388 820 ubi
1407 794 1471 820 illud
1491 786 1697 828 integerrimum
1710 800 1738 821 ct

959 836 1180 865 ﬂorentissimum
1200 839 1259 870 fuit,
1277 840 1429 866 concedet?
1449 840 1510 867 Sive
1523 845 1614 867 autem
1632 841 1737 867 utrius—

959 889 1012 915 que
1039 882 1111 909 vires
1125 887 1151 909 et
1163 883 1311 917 potentiam
1326 885 1512 917 conferamus,
1523 892 1556 911 an
1567 884 1737 911 Francorum

959 927 1012 953 illis
1038 928 1146 960 regibus
1173 929 1384 962 potentissimis.
1402 929 1502 956 Carolo
1525 929 1677 960 praesertim
1695 932 1737 955 tot

943 967 1119 1006 populorum
1139 974 1234 1001 victori
1258 979 1284 1001 et
1308 975 1471 1002 dominatori
1488 974 1638 1001 fortissimo
1653 972 1737 1000 etsa-

960 1018 1140 1052 pientissimo,
1170 1020 1241 1047 nllus
1263 1020 1419 1047 Graecorum
1437 1028 1485 1055 par
1504 1028 1564 1047 esse
1585 1019 1739 1054 potuisset?

959 1064 1071 1097 Quoties
1088 1064 1242 1092 Germanici
1257 1073 1318 1093 cum
1336 1073 1383 1100 per
1399 1070 1472 1092 tattta
1505 1071 1583 1092 terrm
1598 1065 1739 1099 pelagique

958 1109 1100 1136 intervalla
1116 1111 1187 1137 bello
1204 1119 1283 1138 sacro
1297 1111 1451 1139 Saracenos
1482 1112 1509 1139 in
1528 1112 1592 1139 Asia
1607 1116 1700 1146 petere
1712 1115 1739 1137 et

959 1160 1059 1183 terram
1083 1156 1155 1183 illam
1174 1157 1273 1191 (quam
1293 1158 1408 1192 vocant)
1426 1163 1548 1185 sanctam
1581 1157 1736 1186 Graecorum

959 1201 1064 1235 ignavia
1079 1202 1181 1229 dudum
1195 1203 1324 1230 amissam
1338 1212 1435 1238 magna
1444 1212 1476 1231 ex
1489 1209 1563 1238 parte
1577 1210 1738 1238 recuperare

959 1251 1118 1280 potuerunt,
1136 1249 1177 1274 vel
1196 1248 1222 1274 in
1241 1249 1356 1276 transittt
1383 1249 1541 1284 Byzantinis
1559 1249 1670 1283 regibus
1684 1254 1739 1274 ter-

960 1290 1015 1317 rori
1044 1297 1070 1318 ct
1097 1291 1237 1319 formidini
1272 1293 1405 1320 fuerunt?
1431 1293 1525 1320 Nonne
1556 1292 1738 1320 veroillorum

959 1336 1130 1370 principatus
1144 1339 1195 1364 sub
1207 1339 1302 1365 Alexio
1311 1340 1413 1371 Angela
1424 1339 1566 1367 Germanis
1578 1339 1740 1366 tributarius

959 1381 1058 1416 factus,
1072 1389 1098 1409 et
1107 1384 1220 1418 vectigal
1233 1385 1294 1411 inde
1310 1385 1492 1418 Ἀλαμανικόν
1503 1388 1626 1411 vocatum
1637 1383 1740 1411 Grzecis

959 1428 1116 1455 ltominibus
1146 1429 1302 1456 indictum?
1322 1430 1354 1456 ad
1382 1431 1454 1464 quod
1478 1430 1675 1457 conﬁciendum
1691 1437 1740 1456 nec

959 1474 1069 1508 quidem
1102 1475 1224 1509 priorum
1246 1476 1439 1509 imperatorum
1470 1476 1605 1502 thesauris
1627 1482 1676 1502 nec
1696 1482 1739 1502 se-

126 1520 269 1550 postquatn
286 1517 349 1545 inde
373 1519 408 1546 ab
430 1519 506 1547 urbis
518 1521 646 1555 auspiciis
669 1521 729 1555 ejus
757 1523 866 1550 inimica
878 1524 940 1553 etc
959 1520 1063 1554 pulcris
1093 1521 1227 1554 parcitum
1254 1521 1315 1550 fuit.
1345 1521 1412 1548 Cum
1440 1521 1576 1548 Henricus
1608 1521 1739 1548 Friderici

124 1562 232 1594 tinnula,
262 1571 316 1590 non
346 1565 436 1592 minus
470 1574 552 1599 qualn
581 1567 729 1602 Carthago,
747 1568 901 1596 Romanam

125 1607 252 1634 virtutem
275 1610 413 1643 perpetuis
442 1610 520 1639 bellis
548 1615 728 1644 exercuisset.
760 1618 788 1641 ct
819 1622 902 1650 quam

124 1653 203 1680 avide
219 1661 234 1680 a
257 1653 388 1682 Romanis
405 1657 534 1690 expetita,
554 1657 706 1686 Germanici
727 1659 835 1687 titulum
849 1668 904 1694 pra:

124 1698 185 1725 aliis
199 1707 213 1725 a
230 1703 301 1727 terra
318 1701 483 1736 triumphata
495 1703 581 1738 magis
591 1712 672 1737 quam
688 1705 758 1732 victa
776 1706 904 1734 aii'ectan-

126 1745 210 1777 tibus,
237 1751 290 1773 tam
315 1747 508 1782 insuperabilis
522 1757 630 1784 semper
654 1752 809 1785 restitisset,
829 1752 903 1780 limi-

124 1796 231 1826 letltqtte
241 1792 417 1820 victoriarum
428 1802 509 1829 quem
521 1796 652 1823 excedere
659 1804 714 1823 non
724 1798 810 1832 magis
821 1806 903 1834 quam

123 1837 281 1865 Parthicum
297 1838 492 1875 Persicumque
509 1847 610 1876 posset.
621 1842 654 1869 ad
668 1842 755 1870 Rheni
769 1849 796 1871 et
813 1845 904 1872 Danu-

124 1883 161 1909 bii
174 1883 275 1911 iiuenta
290 1885 330 1911 eis
344 1886 505 1920 prodixisset
523 1896 530 1914 :
553 1888 662 1914 tandem
674 1896 753 1916 versa
768 1889 827 1917 vice
845 1890 903 1925 ipsa

124 1929 197 1954 ultro
213 1928 374 1956 Romaniam
390 1931 520 1959 immissis
531 1933 656 1967 procellae
673 1942 749 1961 more
763 1935 905 1965 immensis

123 1975 287 2009 populorum
318 1977 438 2004 millibus
466 1979 679 2013 aggrederetur:
694 1989 782 2016 neque
799 1987 903 2010 tantum

123 2028 221 2048 omnes
235 2022 268 2049 ad
290 2023 458 2050 Occidentem
478 2024 633 2058 provincias
658 2025 787 2054 Romanis
812 2032 905 2055 extor-

121 2072 231 2101 queret,
261 2068 362 2103 quibus
393 2077 442 2096 ccu
458 2070 577 2098 inductis
592 2079 624 2098 ex
645 2079 674 2099 se
691 2073 796 2100 colonis
811 2074 837 2101 in
856 2075 906 2101 ho-

121 2113 249 2140 diernum
263 2114 335 2141 diem
349 2115 400 2142 sub
415 2115 532 2144 diversis
547 2118 704 2145 nominibus
720 2117 905 2152 Francorum,

122 2158 380 2195 Langobardorum,
391 2160 555 2193 GothOrum,
566 2163 728 2196 Anglorum.
745 2163 906 2199 Burgundo-

954 1566 1126 1594 Barbaros~ae
1137 1567 1218 1598 ﬁlius,
1233 1567 1385 1595 imcialibus
1395 1569 1426 1595 ad
1438 1568 1513 1594 illum
1524 1568 1627 1600 missis,
1639 1567 1739 1594 Roma-

958 1620 1009 1639 nas
1023 1612 1178 1646 pravincias
1192 1620 1288 1640 omnes
1304 1613 1337 1640 ab
1352 1614 1501 1647 Epidamno
1516 1621 1602 1648 usque
1612 1613 1643 1639 ad
1654 1612 1740 1639 Thes-

954 1658 1100 1684 salonicaat
1110 1662 1242 1692 repetens,
1252 1664 1276 1683 ct
1284 1657 1426 1684 Germanis
1436 1659 1462 1684 in
1472 1657 1613 1684 Palaestina
1623 1655 1740 1683 militan~

955 1704 1027 1730 tibtts
1048 1703 1150 1730 auxilia
1179 1703 1281 1729 navalia
1322 1703 1392 1729 mitti
1430 1703 1541 1736 jnbcns,
1567 1702 1738 1734 niitnpcrnta

956 1749 1086 1780 iacerent.
1111 1749 1211 1776 bellum
1229 1756 1350 1783 praesens
1364 1749 1556 1775 denuntiaret:
1575 1748 1647 1782 quod
1665 1747 1739 1774 Cito.

956 1796 1044 1823 niatcs
1061 1795 1165 1829 prolixe
1183 1795 1327 1822 describit.
1338 1794 1406 1826 Quid
1418 1794 1491 1828 quod
1505 1801 1558 1820 non
1575 1793 1667 1819 multis
1680 1798 1740 1826 post

954 1841 1033 1868 annis
1048 1841 1134 1875 ipsum
1145 1839 1290 1875 imperium
1301 1840 1415 1874 ejusque
1428 1839 1508 1874 regia:
1517 1839 1594 1867 sedes
1605 1839 1738 1866 Constan-

956 1887 1085 1921 tinopolis
1101 1895 1116 1914 a
1132 1886 1276 1913 Germanis
1293 1885 1427 1913 Baiduino
1439 1885 1557 1912 Flandro
1571 1885 1639 1911 duce
1654 1892 1738 1910 occu-

957 1938 1050 1967 patum
1062 1941 1069 1965 ;
1083 1932 1184 1959 Grmcis
1200 1932 1303 1958 interea
1319 1931 1436 1959 Nicaeam
1453 1935 1479 1958 et
1494 1930 1691 1965 Trapezuntem
1709 1929 1737 1956 in

955 1978 1096 2011 angustias
1104 1977 1219 2008 coactis;
1229 1981 1256 2004 et
1265 1977 1325 2011 plus
1334 1976 1520 2010 qunquaginta
1530 1975 1609 2002 annis
1621 1975 1654 2002 ab
1664 1974 1738 2001 illitis

955 2024 1114 2059 posteritate
1130 2031 1287 2057 possessum
1305 2022 1367 2050 fuit.
1380 2021 1438 2050 Non
1455 2022 1565 2054 addam,
1580 2022 1641 2048 illos
1655 2022 1738 2056 impe-

956 2069 1004 2096 riis
1017 2070 1086 2100 suis,
1101 2074 1128 2095 ct
1142 2067 1262 2100 Nicano.
1277 2074 1304 2096 et
1318 2067 1533 2103 Trapezuntino,
1550 2072 1578 2095 et
1596 2067 1739 2094 Bizantino

956 2115 1063 2142 tandem
1073 2122 1088 2142 a
1095 2113 1192 2142 Turcis
1200 2115 1282 2142 citius
1291 2119 1398 2146 exutos,
1412 2114 1587 2148 iunditusque
1594 2114 1702 2140 excisos
1712 2117 1739 2140 et

955 2161 1073 2189 deletos:
1081 2166 1175 2188 contra
1186 2160 1395 2195 quosGermana
1405 2161 1490 2189 virtus
1500 2161 1631 2188 hactenus
1639 2160 1738 2187 invicta

121 2213 198 2237 rum,
215 2205 448 2234 Norttnannorum
470 2207 628 2235 dominatur
642 2228 650 2241 ,
665 2213 693 2235 ιιι
707 2209 763 2244 jam
780 2197 835 2237 tota
851 2210 904 2237 Eu-
919 2197 945 2227 υ
957 2216 1012 2235 non
1028 2213 1134 2235 tantutn
1151 2208 1268 2243 patriam
1288 2213 1372 2235 tutam
1401 2208 1566 2242 praestiterit.
1583 2207 1630 2234 sed
1644 2211 1672 2234 et
1685 2214 1738 2234 cre-

120 2260 191 2287 ropa
210 2253 247 2280 nil
273 2252 348 2280 aliud
379 2261 460 2288 quam
488 2262 585 2290 magna
617 2256 742 2290 quaedam
757 2255 905 2283 Germania

121 2299 272 2332 videatur;
291 2299 338 2326 sed
350 2307 415 2326 vero
434 2299 538 2327 italiam
556 2301 642 2335 ipsam
657 2307 685 2328 et
703 2302 797 2329 urbem
813 2303 901 2330 domi-

123 2353 192 2371 nam
212 2345 319 2379 imperii
337 2347 440 2377 sedem,
450 2345 475 2371 vi
490 2350 518 2372 et
530 2347 615 2374 armis
626 2355 679 2374 non
693 2349 776 2375 setnol
788 2356 906 2383 occupa-

120 2396 187 2423 ret;
207 2392 372 2426 tandt-mqne
389 2393 469 2419 titulo
478 2397 505 2419 et
513 2393 644 2428 dignitate
661 2394 768 2429 imperii
782 2395 904 2429 legitime
920 2421 922 2429 ι

120 2439 271 2473 potiretur.
281 2439 322 2465 ita
333 2442 362 2464 ut
373 2437 516 2472 imperium
533 2438 699 2471 Romanum,
712 2441 782 2474 quod
795 2439 908 2467 Germa—

119 2492 175 2511 nos
191 2492 289 2518 capere
302 2491 356 2510 non
372 2485 472 2518 putuit,
490 2485 597 2512 illorum
615 2485 716 2513 virtute
733 2491 861 2520 captum;
880 2491 908 2513 ct

117 2531 168 2564 qui
186 2530 280 2557 hostes
290 2530 354 2556 olim
370 2530 512 2562 Romanis,
523 2538 594 2559 ttunc
607 2531 741 2564 victores;
755 2533 826 2567 quod
840 2532 905 2559 olim

119 2575 304 2603 Barbarie-nn
340 2575 480 2609 Romanis,
495 2576 585 2610 ntipsi
615 2577 839 2610 praesel'ercbant,
859 2577 907 2604 dc-

119 2621 257 2655 spicatui,
273 2630 304 2648 re
315 2626 406 2649 autem
423 2629 486 2648 vera
503 2622 639 2649 formidini
658 2623 719 2656 fuit,
737 2623 762 2649 id
775 2631 848 2650 nunc
861 2631 907 2650 ar-

121 2667 203 2694 tibus
218 2671 245 2694 et
262 2667 387 2694 moribus
404 2666 584 2694 cultissimum
604 2669 681 2695 sedes
689 2673 717 2695 et
734 2676 781 2694 arx
798 2668 906 2703 imperii

119 2715 229 2740 iactum
246 2714 282 2741 sit
295 2733 302 2740 .
316 2713 393 2744 Quod
411 2713 434 2739 si
453 2712 536 2739 etiam
554 2713 667 2740 ditionis
685 2713 830 2748 utriusque
846 2722 906 2741 am-

125 2759 295 2793 plitudinem
312 2758 451 2792 inspicere
468 2759 570 2791 libeat,
583 2759 709 2793 quamvis
725 2768 755 2786 ra
773 2759 806 2786 ad
836 2761 907 2787 banc

117 2806 305 2837 qumstionem
320 2811 373 2830 non
386 2805 502 2838 pertinet
517 2804 592 2838 (quid
605 2804 697 2831 cnim?
713 2805 736 2832 si
755 2805 797 2832 vel
813 2805 846 2832 ad
859 2813 906 2833 eas

117 2851 268 2885 angustias
284 2850 429 2886 imperium
450 2850 598 2886 redigatur,
616 2859 671 2879 non
687 2851 775 2879 dicam
793 2857 822 2879 ut
838 2851 902 2879 Ger-

958 2253 1023 2281 teris
1040 2252 1177 2288 Hesperiae
1190 2253 1338 2288 provinciis
1352 2259 1444 2281 contra
1460 2253 1665 2280 immanissima:
1675 2259 1740 2285 gen-

959 2300 994 2327 tis
1007 2300 1157 2327 eluvionem
1169 2299 1240 2326 velut
1251 2300 1279 2326 in
1293 2299 1362 2326 muri
1376 2299 1522 2334 aggerique
1537 2299 1622 2325 vicem
1639 2297 1738 2328 fuerit;

957 2347 1028 2381 qttod
1039 2351 1125 2372 totutn
1136 2345 1201 2372 illud
1210 2353 1262 2372 non
1274 2346 1308 2373 ab
1321 2345 1500 2372 humanarum
1510 2345 1607 2372 virium
1618 2348 1737 2371 ostenta.

957 2392 1041 2422 tione,
1053 2391 1099 2418 sed
1112 2391 1168 2417 sola
1178 2390 1269 2417 divina
1279 2399 1329 2425 ope
1338 2391 1456 2426 pendere
1466 2398 1657 2426 agnoscamus.
1669 2390 1737 2417 Cum

958 2442 1048 2464 autem
1060 2437 1172 2472 imperia
1181 2442 1208 2464 et
1217 2445 1309 2472 regna,
1322 2437 1345 2465 si
1362 2437 1507 2470 nonjusta,
1522 2437 1558 2463 nil
1572 2437 1624 2464 nisi
1641 2444 1738 2472 magna

958 2484 1012 2512 sint
1022 2484 1161 2510 latrocinia
1171 2492 1179 2516 ;
1190 2484 1216 2510 itt
1227 2490 1351 2518 promptu
1363 2483 1443 2510 fuerit
1453 2483 1612 2517 diiudicare,
1623 2488 1682 2510 utcr
1692 2483 1740 2509 ho-

959 2539 1017 2558 runt
1027 2530 1138 2566 legitimi
1149 2530 1278 2565 principis
1292 2538 1388 2557 nomen
1400 2530 1497 2557 melius
1508 2535 1645 2557 tueretur:
1659 2530 1739 2557 illene

958 2577 1004 2612 qui
1021 2577 1179 2611 plerumque
1192 2575 1267 2603 nulla
1279 2575 1354 2610 justa
1365 2583 1453 2610 neque
1463 2576 1638 2604 successione
1651 2583 1738 2610 neque

958 2623 1100 2655 electione,
1119 2623 1165 2649 sed
1186 2622 1333 2656 aliquando
1346 2622 1457 2656 magicis
1478 2622 1609 2654 sortibus,
1624 2622 1740 2656 aliisque

958 2669 1038 2696 malis
1057 2668 1161 2695 artibus
1175 2668 1297 2694 aiiectata
1316 2668 1471 2703 tyrannide,
1490 2667 1684 2703 veroprincipe
1702 2668 1738 2701 (si

957 2714 1087 2741 velit-ater
1095 2713 1142 2747 sit)
1153 2713 1265 2741 atttsica
1279 2720 1415 2739 venenove
1425 2718 1572 2748 peretupto,
1585 2712 1679 2746 aut(ttt
1688 2712 1739 2738 mi-

958 2759 1023 2795 tius)
1033 2759 1184 2786 elucilicato
1195 2759 1236 2785 vel
1250 2763 1381 2788 castrato,
1392 2763 1438 2786 aut
1448 2760 1488 2794 (ut
1496 2757 1650 2793 mitissime)
1660 2762 1740 2785 tonso

959 2812 985 2834 et
997 2808 1023 2833 in
1035 2805 1232 2833 monasterium
1255 2806 1368 2833 detruso
1385 2806 1526 2840 imperium
1544 2805 1614 2832 ntale
1630 2805 1737 2839 arripit,

958 2852 1035 2885 peius
1045 2852 1110 2884 gerit
1120 2850 1235 2884 pessime
1244 2855 1267 2878 ct
1278 2851 1360 2878 simili
1372 2851 1443 2878 cxitu
1458 2859 1552 2878 rursus
1562 2850 1659 2878 amittit
1673 2859 1679 2877 :
1696 2851 1737 2878 vel
