1962 3071
199 157 253 192 5⁵11

731 159 961 194 MARQUARDI
981 160 1154 190 FREHEltI
1174 160 1294 191 NOT

1772 153 1824 184 572

204 216 276 243 forte
287 223 342 243 nou
367 215 456 244 dicam
472 215 646 246 feminarum,
667 216 716 243 sed
734 215 818 250 (quod
835 215 987 251 indignius)
1003 222 1024 248 Α
1040 217 1114 244 nitus
1142 217 1273 244 immissis
1299 215 1436 243 hostibus.
1469 213 1502 240 ah
1514 212 1659 240 Occidente
1681 210 1822 241 Vanitatis,

200 262 394 290 cunuchorum
425 266 492 290 nutu
511 266 538 289 et
554 261 676 292 libidine.
689 261 836 297 aliquando
849 267 877 289 et
888 262 985 289 factio-

203 315 270 334 num
284 307 476 335 tbeatrlcat'um
487 307 600 341 impetu.
614 315 809 342 nonnunquam
822 308 905 335 etiam
916 307 991 343 ipso-

204 362 265 381 rum
279 354 399 382 hostium
417 359 444 382 et
461 354 638 381 barbarorum
660 359 742 389 atque
754 354 824 382 adeo
837 354 990 383 Turcorum

205 398 345 426 voluntate
358 403 385 425 et
399 399 492 431 minis,
517 399 550 426 ad
572 403 679 433 sceptra
699 399 852 434 egtollitur,
873 407 991 435 quorum

170 471 174 490 1
206 445 328 471 omnium
337 445 458 479 exempla
475 445 502 472 in
513 444 671 477 Graecomm
683 445 807 474 historiis
816 451 880 473 sunt
893 445 991 473 obvio:

207 499 241 518 au
254 499 318 518 vero
332 491 377 518 ille
394 491 495 526 potius,
512 491 561 527 qui
590 491 793 526 sapientissimo
814 496 842 520 et
853 492 994 519 liberrimo

207 535 362 562 antistitum
378 536 591 571 principumque
618 543 789 565 summorum
811 536 941 566 concilio.
957 536 994 563 ob

208 581 318 610 virtutis
333 587 462 617 spectata:
489 583 617 610 meritum
643 587 670 611 et
685 583 732 610 alti
751 582 860 616 generis
875 582 995 609 indolem

207 628 324 662 electus,
338 629 425 657 sacris
438 629 608 657 caeremoniis
620 633 647 656 et
661 628 805 663 exquisitis
814 628 996 656 solemnitati-

211 674 262 702 bus
279 681 353 701 more
366 673 500 709 majorum
517 675 657 705 initiatus,
676 674 817 708 conceptis
836 673 926 701 verbis
947 673 997 700 Ec~

209 720 301 748 clesiaa
316 726 341 748 et
366 721 460 754 οδω-ἰεῦ
489 721 567 749 [idem
584 728 663 748 suam
682 719 860 754 obstringens
872 739 879 750 ,
895 720 997 753 populo

210 767 379 793 acclamante
404 766 455 793 rite
480 766 677 798 renuntiatur.
708 765 781 792 trina
814 765 997 794 coronatiouo

211 812 351 843 sancitur;
373 816 456 846 atque
479 811 516 838 ita
540 811 658 845 legitime
677 818 728 838 ceu
750 809 796 838 Dei
813 817 894 837 manu
909 809 937 836 iu
950 817 998 836 so-

210 859 247 885 lio
260 858 421 890 collocattts,
439 862 469 885 ut
483 865 604 894 prznseus
635 858 662 885 in
677 857 758 884 terris
773 856 880 883 Numen
898 855 998 883 colitur

212 907 315 942 pariter
345 911 372 934 et
386 906 509 933 timetur.
525 904 591 933 Jure
604 905 688 940 igitur
709 903 761 931 hoc
774 903 928 931 Germania:
943 902 998 930 Ro-

214 960 325 981 manum
337 952 492 987 imperium,
519 956 558 978 tot
573 951 707 978 hactenus
723 949 904 984 sapientibus,
920 949 996 976 furti-

213 1001 274 1031 bus,
292 999 444 1026 moderatis
464 997 634 1034 principibus
649 997 844 1031 gubernatum,
865 1003 920 1023 non
936 1001 998 1022 tau-

211 1053 268 1072 tunt
284 1045 433 1081 legitimum
451 1045 601 1079 etjustutn,
620 1043 668 1071 sed
683 1050 745 1072 vere
772 1043 856 1078 (quod
871 1042 998 1076 vocatur)

212 1095 431 1123 sacrosanctum,
454 1091 569 1126 ideoque
582 1089 637 1119 Deo
661 1089 813 1117 charumct
828 1087 1000 1123 θεοφρούρη-

210 1147 256 1165 τον
278 1143 406 1166 censetur
421 1146 429 1166 :
446 1143 473 1165 et
492 1137 526 1166 ab
540 1137 669 1164 omnibus
695 1135 844 1164 Christiani
863 1135 938 1162 orbis
954 1141 1000 1169 po«

211 1184 283 1219 pulis
297 1184 465 1220 regibusque
481 1183 546 1211 hinc
562 1182 615 1210 non
626 1182 760 1217 gravatim
778 1181 866 1208 fasces
881 1180 997 1208 submit-

212 1231 335 1258 tcntibus
351 1231 522 1258 honoratur:
541 1228 645 1263 talique
662 1230 696 1254 ait
715 1226 902 1254 linemmumli
917 1226 1000 1253 dura-

211 1282 302 1305 turum
320 1277 516 1312 prophetarum
535 1273 656 1302 oraculis
683 1273 819 1301 creditur.
833 1272 901 1300 Cum
917 1272 944 1299 in
959 1272 999 1299 al-

212 1328 269 1351 tera
282 1323 327 1349 illa
345 1322 378 1350 ad
410 1321 544 1348 Euxinum
570 1319 685 1347 Pontum
710 1317 845 1353 septieolii
861 1316 958 1347 Roma.
973 1320 1002 1343 et

214 1370 408 1404 ituperilantes
424 1366 476 1402 ipsi
492 1366 632 1395 Neronum
649 1363 742 1399 potius
766 1363 999 1396 Claudiorumque

218 1424 301 1452 quam
315 1414 489 1443 Constantini
503 1412 595 1447 (cujus
609 1419 708 1439 nomen
738 1409 911 1444 aﬂeetal-ant)
938 1417 1000 1437 suc-

215 1469 339 1490 cessores
358 1459 442 1488 variis
462 1466 570 1486 morum
585 1457 694 1485 damnis
713 1461 739 1484 et
757 1457 819 1484 vita:
833 1455 956 1491 ﬂagitiis,
971 1454 998 1482 in

216 1509 305 1536 socios
326 1506 452 1542 pertitia,
479 1504 622 1540 perniciali
651 1504 722 1530 inter
747 1503 822 1536 ipsos
849 1501 999 1534 discordia,

216 1555 326 1582 infanda
338 1552 511 1584 crudelitate,
527 1556 555 1578 et
566 1550 679 1584 tragicis
696 1549 857 1580 sceleribus,
877 1548 1000 1583 adeoque

217 1605 309 1635 aperta
338 1598 496 1633 impietate:
530 1600 558 1623 et
583 1603 681 1623 eorum
708 1594 835 1628 eaemplo
849 1597 1000 1628 corruptus

217 1646 258 1680 (ut
274 1645 312 1676 tit)
333 1644 449 1679 populus
463 1650 496 1670 eo
506 1639 708 1672 dissolutionis,
724 1639 864 1673 nequitiae,
883 1637 1003 1666 infamiae

217 1691 424 1726 prolaberetur.
443 1693 535 1722 ut.pro
553 1687 625 1714 Nova
642 1686 728 1713 ltouta
738 1691 766 1713 et
786 1685 871 1713 Sione
885 1684 959 1720 (nam
977 1688 1007 1712 et

218 1741 268 1763 Ituc
299 1735 378 1762 titulo
392 1733 444 1762 sibi
458 1731 678 1764 blandiebantur)
696 1737 765 1758 nova
785 1729 877 1764 p0tius
892 1728 1005 1764 Sybaris

219 1788 243 1810 et
261 1782 380 1810 Sodoma
399 1781 441 1808 vel
457 1781 524 1814 ipsis
542 1778 660 1807 testibus
681 1782 754 1804 esset
765 1776 893 1804 dicenda.
915 1775 1005 1808 Quam

219 1828 422 1863 pertersioueln
436 1826 527 1854 fatalis
535 1826 595 1860 ejus
605 1823 732 1852 interitus
743 1826 770 1850 et
784 1822 918 1850 excidium
930 1821 1006 1856 justo

219 1876 358 1902 Adrasteo:
368 1873 471 1908 judicio
478 1877 521 1901 est
531 1875 689 1900 consecuta.
699 1869 847 1903 Postquam
860 1867 933 1896 enirn
943 1874 1005 1894 eum

222 1921 321 1948 vicinis
341 1919 470 1948 omnibus
486 1916 593 1954 populis
605 1937 612 1950 ,
625 1916 682 1952 jam
697 1915 770 1944 velut
781 1914 881 1950 juratis
896 1917 925 1942 et
935 1912 1007 1941 divi-

1040 262 1148 294 Gotbis,
1165 263 1299 296 Bulgaria.
1321 261 1439 291 Vlachis.
1474 259 1567 294 Mysis.
1589 257 1705 288 Htmuis,
1727 257 1825 283 Avari-

1041 309 1105 340 btts.
1136 308 1249 340 Serviis,
1283 307 1425 338 Triballis,
1443 305 1606 336 l‘atzinaeis,
1621 302 1728 336 Rossis,
1743 303 1826 334 Uris;

1042 355 1076 382 ab
1087 354 1196 382 Oriente
1224 361 1288 381 vero
1302 353 1404 385 Persis,
1417 353 1541 386 Abasgis,
1558 350 1654 382 lberis,
1679 349 1827 381 Arabibus,

1042 401 1197 432 Armeniis.
1217 400 1327 427 tandem
1357 399 1454 432 Turcis
1473 404 1500 424 et
1528 396 1674 424 Saracenis
1704 395 1827 422 onmium

1044 447 1197 477 acerrimis.
1221 451 1350 480 tanquam
1376 444 1476 478 capitis
1509 450 1572 469 reus
1586 441 1683 469 bestiis
1699 441 1828 474 objectns

1043 494 1090 522 diu
1110 493 1185 521 varia
1203 492 1308 519 fortuna
1323 491 1417 518 inisset
1442 489 1644 521 conflictatum;
1668 488 1829 521 plerumque

1044 548 1110 568 vero
1121 544 1168 567 aut
1177 546 1272 573 magna
1284 544 1375 571 strage
1383 541 1563 567 attenuatum,
1572 539 1618 562 aut
1628 534 1660 561 ad
1668 533 1830 561 durissimas

1045 585 1214 621 dependendi
1225 585 1319 612 tributi
1328 583 1500 611 conditiones
1506 581 1631 608 adactum
1645 588 1652 606 :
1661 587 1717 606 non
1724 582 1830 606 tantum

1047 633 1114 659 ﬁnes
1127 631 1186 658 illo:
1200 629 1307 664 imperii
1317 630 1381 656 olim
1397 627 1524 656 latissimi
1536 625 1687 652 exteriores
1701 629 1831 659 perpetua

1049 679 1128 713 quasi
1145 677 1283 704 alluvione
1303 683 1431 705 arrosos.
1451 673 1561 700 amissis
1585 672 1703 699 subinde
1719 671 1832 706 optimis

1047 723 1203 759 quibusque
1220 722 1371 758 provinciis
1388 720 1476 754 magis
1493 718 1637 752 magisque
1665 716 1831 744 contrahere

1048 779 1160 804 necesse
1178 769 1282 801 habuit,
1306 769 1353 795 sed
1367 768 1409 794 vix
1428 765 1537 794 tandem
1559 765 1682 799 pomaria
1698 771 1760 794 sua,
1778 763 1832 788 imo

1048 818 1149 846 munia
1167 822 1314 852 portasque
1329 814 1413 842 tutari
1427 813 1526 847 potuit.
1543 811 1635 845 Itaque
1649 818 1712 836 cum
1728 809 1834 842 aliquot

1049 864 1207 892 obsidiones
1219 859 1486 894 Constantinopolis,
1508 858 1542 885 ab
1558 856 1703 886 Auribus.
1720 855 1836 881 Sarace-

1050 911 1088 942 ni.
1108 908 1312 937 Geuuensibus.
1350 912 1433 940 atque
1455 905 1538 932 etiam
1560 906 1586 930 in
1611 902 1738 930 civilibus
1754 900 1835 927 bellis

1047 949 1140 992 passa.
1154 956 1230 991 justo
1246 953 1396 989 paenitendi
1414 957 1537 986 tempore
1552 952 1646 984 elapso
1663 948 1751 976 nihilo
1767 947 1837 974 inte-

1050 1004 1101 1030 rint
1114 1003 1240 1030 evaderet
1258 1001 1373 1032 melior;
1387 999 1434 1026 sed
1447 998 1528 1024 veluti
1539 997 1659 1031 obligato
1676 995 1727 1022 sibi
1742 993 1836 1021 divino

1050 1050 1156 1077 auxilio
1188 1046 1376 1075 int-iucibilem
1391 1053 1420 1073 se
1433 1048 1461 1072 et
1476 1043 1679 1079 θεοφροὺρητον
1696 1041 1814 1075 jactare:
1827 1049 1835 1072 ;

1050 1096 1159 1124 tandem
1175 1103 1190 1121 a
1207 1093 1261 1119 Deo
1293 1092 1400 1119 deserta
1428 1089 1511 1125 (quod
1536 1089 1590 1116 Leo
1609 1088 1676 1122 imp.
1689 1085 1792 1127 dudum
1808 1085 1836 1112 lu

1049 1141 1168 1177 quodam
1198 1138 1329 1165 vaticinia
1347 1134 1545 1171 praesagierat),
1562 1138 1591 1161 ut
1612 1142 1628 1160 a
1653 1131 1838 1160 Constantino

1049 1187 1138 1222 primo
1155 1185 1277 1215 condita.
1295 1184 1331 1210 ita
1360 1182 1395 1209 ab
1414 1182 1511 1208 ultimo
1528 1180 1640 1209 amissa.
1673 1177 1840 1205 immanissi-

1050 1241 1102 1261 mas
1117 1223 1272 1259 Turonum
1308 1228 1383 1264 genti
1409 1227 1585 1263 pertinaciter
1602 1223 1774 1252 obsidionem
1791 1229 1838 1248 ur-

1050 1279 1135 1314 genti,
1152 1284 1291 1312 nunquam
1317 1276 1384 1303 satis
1404 1272 1574 1308 deplorando
1589 1270 1668 1298 orbis
1683 1267 1840 1296 Christiani

1050 1326 1150 1352 damno
1164 1323 1318 1355 concessit;
1331 1321 1414 1348 nobis
1424 1320 1529 1347 interea
1544 1317 1694 1344 manifesto
1701 1314 1840 1347 exemplo,

1051 1376 1082 1399 ut
1093 1372 1157 1399 dum
1175 1371 1202 1398 in
1219 1369 1274 1397 illis
1299 1376 1423 1396 errorum
1452 1363 1737 1401 superstitionumque
1752 1360 1842 1387 collu-

1051 1418 1136 1450 viem,
1148 1417 1281 1444 bonarum
1296 1416 1385 1449 legum
1402 1416 1601 1446 contemptum,
1616 1407 1770 1443 (iiacipiinm
1783 1406 1842 1432 dis-

1051 1463 1228 1495 solutionem,
1247 1462 1391 1490 intestinas
1421 1458 1584 1488 discordias,
1599 1456 1722 1488 muneque
1735 1459 1762 1480 et
1774 1451 1841 1478 cieri

1051 1509 1231 1544 corruptelas,
1246 1513 1273 1535 ct
1296 1507 1420 1542 perditos
1438 1505 1557 1538 denique
1571 1501 1663 1537 populi
1682 1506 1773 1527 mores
1792 1505 1844 1523 uo-

1052 1561 1167 1588 tamus;
1195 1554 1275 1582 obvia
1295 1554 1321 1580 itt
1348 1552 1487 1587 plerisque
1515 1554 1674 1576 nostrorum
1689 1551 1843 1579 temporum

1015 1607 1036 1636 (ζ
1053 1601 1242 1632 similitudine,
1273 1599 1324 1626 nisi
1350 1598 1384 1625 de
1398 1595 1560 1632 poenitentia
1582 1594 1656 1621 serio
1678 1592 1844 1626 cogitemus,

1052 1650 1087 1677 ab
1103 1649 1205 1676 eisdem
1219 1647 1309 1674 causis
1322 1653 1401 1680 pares
1413 1643 1505 1671 exitus
1523 1641 1684 1670 sortiamur.
1701 1636 1845 1676 Quasqui-

1054 1696 1116 1723 dem
1135 1695 1187 1722 hoc
1202 1694 1261 1721 loco
1287 1692 1369 1725 paulo
1392 1689 1481 1717 fusius
1497 1688 1635 1715 disserere
1649 1705 1656 1717 ,
1681 1683 1792 1719 quando
1812 1691 1845 1709 eo

1055 1742 1116 1776 ipso
1130 1748 1188 1768 aevo
1205 1739 1285 1774 cujus
1308 1737 1352 1764 ltic
1372 1736 1463 1763 varios
1486 1734 1637 1768 scriptores
1658 1735 1845 1765 repra'seuta-

1058 1795 1129 1818 Inus,
1153 1794 1183 1812 ca
1207 1783 1350 1820 Byzantini
1378 1780 1486 1816 imperii
1512 1779 1620 1806 eversio
1644 1776 1812 1810 contigit,et
1829 1782 1845 1800 a

1060 1833 1153 1861 multis
1178 1832 1287 1859 illorqu
1307 1829 1436 1857 adnotata
1458 1820 1619 1861 reperietur,
1645 1832 1698 1852 non
1724 1822 1844 1850 alienum

1058 1880 1226 1918 putavimus.
