1962 3071
530 153 1733 183 mm

749 270 1114 339 ANNALES

182 411 836 503 SULTANORUM
894 404 1674 503 OTHMANIDARUM

596 579 621 607 Α
647 577 786 608 TURClS
807 578 882 609 sua
914 560 1069 610 LINGUA
1092 581 1258 612 SCRIPTI.

232 668 419 707 Hieronymi
436 669 518 701 Beck
529 679 549 700 α
564 669 795 711 Leopoldstorf,
810 671 913 702 Marci
925 671 971 709 ﬁl.
991 671 1097 703 studio
1115 677 1142 702 st
1157 672 1325 713 diligentia
1341 674 1622 716 Constantinopoli

350 730 473 762 advecti
486 731 607 769 MDLI,
624 732 698 762 divo
710 731 914 764 Ferdinando
932 733 1007 765 Cm.
1027 733 1100 773 Opl.
1125 735 1217 766 Max.
1231 736 1270 766 D.
1287 736 1324 768 D.
1343 737 1498 777 jussuque

153 796 229 829 Cas.
259 806 279 826 α
309 797 437 828 Joanne
471 797 613 830 Gaudier
647 798 733 830 dicto
771 800 905 840 Spiegel,
954 802 1125 841 interprets
1157 803 1291 834 Turcico
1321 804 1504 836 Germanice
1539 805 1698 837 translati.

270 894 409 926 Joannes
439 895 660 927 qucuvws
690 896 807 928 nobilis
845 898 1060 939 Angrivarius,
1092 900 1204 931 Latine
1236 901 1379 933 redditos
1410 901 1579 934 illustravit

543 962 575 991 et
593 961 681 993 auxit
699 970 799 1002 usque
814 962 853 994 ad
868 971 990 995 annum
1003 963 1063 996 CII)
1079 965 1115 997 ID
1131 965 1302 998 XXCVIII.

420 1152 820 1218 JOANNIS
857 1145 1426 1216 Lnumcnnvn

682 1291 725 1312 AD
753 1290 893 1315 NOBILEM
908 1290 946 1312 AC
965 1290 1164 1314 MAGNIFICUM

510 1378 548 1409 D.
560 1377 823 1409 HIERONYMUM
846 1378 949 1410 BECK
971 1379 996 1409 A
1014 1379 1326 1425 LEOPOLDSTQRF

584 1469 649 1490 (πε.
676 1469 785 1491 IAJEST.
809 1470 921 1490 CAKERE
939 1470 1042 1491 AULICB
1067 1470 1268 1498 εοκειιιηιωι,

478 1563 543 1609 IN
580 1561 697 1608 HOS
733 1544 1005 1609 ANNALES
1033 1563 1379 1611 PRZEFATIO.

141 1759 221 1795 305
238 1759 366 1795 Equidem
381 1759 474 1787 audire
486 1768 538 1787 non
547 1759 625 1788 semel
639 1767 671 1787 es:
681 1765 706 1788 te
719 1761 837 1792 memini,
853 1761 894 1789 vir
908 1759 1056 1795 magniﬁce,
1076 1763 1100 1786 te
1118 1759 1327 1794 peregrinatione
1342 1758 1530 1794 tua'suseepta,
1544 1768 1604 1786 cum
1621 1760 1734 1788 Romam

103 1814 175 1831 enim
191 1804 294 1831 Julnleo
312 1804 381 1831 1550
393 1804 516 1836 adiisses,
537 1809 563 1831 et
578 1804 662 1832 Roma
687 1804 808 1832 Venetias
821 1805 968 1840 profectus,
985 1806 1102 1833 indidem
1120 1806 1273 1833 triremibus
1296 1805 1444 1840 majoribus
1456 1807 1490 1832 ad
1504 1806 1630 1840 Tripolim
1645 1807 1732 1842 Syrim

103 1849 252 1882 nppttlisses
265 1855 275 1875 :
290 1846 432 1882 Halepum.
444 1847 616 1881 Damascum,
629 1848 773 1879 Nazaret'll.
788 1848 818 1877 S.
832 1848 963 1876 S.Cliristi
971 1850 1123 1883 sepulcrum
1136 1848 1326 1884 Hierosolymis
1334 1854 1359 1875 et
1373 1849 1400 1875 in
1415 1849 1516 1876 Arabia
1533 1854 1647 1876 montem
1663 1850 1732 1877 0reb

104 1894 268 1924 necessisse;
287 1899 480 1928 peragrataque
497 1892 616 1927 deinceps
630 1892 758 1928 Egypto,
773 1893 806 1920 ab
821 1892 884 1920 urbe
894 1893 968 1920 illius
983 1893 1146 1921 Alexandria
1158 1893 1227 1920 mari
1247 1893 1368 1928 trajecta.
1382 1901 1429 1928 per
1447 1893 1579 1920 Attalium
1597 1893 1733 1930 Pamphy-

103 1938 157 1968 lire,
173 1936 314 1971 Cmyaium
326 1937 459 1972 Phrygia,
477 1936 591 1964 Prusam
611 1936 753 1973 Bithynim,
783 1937 888 1964 tandem
900 1937 1062 1973 Byzantium
1077 1937 1195 1965 Thraciw
1212 1938 1370 1972 pervenisse.
1403 1937 1528 1973 Byzantii
1544 1946 1612 1969 vero.
1631 1939 1659 1965 in
1671 1947 1730 1965 am-

102 1982 227 2014 plissima
240 1981 410 2008 Turcicorum
424 1981 484 2008 sede
497 1981 580 2016 regia,
598 1980 694 2007 librum
706 1980 817 2008 Turcica
829 1980 919 2016 lingua
946 1982 1084 2015 scriptum,
1111 1981 1249 2009 Otlimanaz
1279 1981 1392 2016 familiae
1416 1982 1565 2016 principum
1582 1990 1622 2008 res
1641 1987 1730 2016 gestas

102 2025 292 2056 continentem,
307 2033 401 2059 magno
419 2024 518 2057 studio,
537 2033 583 2051 nec
601 2025 674 2051 nullo
688 2030 796 2060 smnpm
815 2025 897 2060 fuisse
912 2030 1078 2052 consecutum
1091 2033 1101 2053 :
1122 2033 1199 2060 quem
1224 2025 1286 2052 divo
1304 2024 1475 2052 Ferdinando
1487 2024 1636 2053 Rom.Ca:s.
1657 2026 1730 2060 pien-

101 2070 217 2098 tissimo.
235 2077 304 2095 anno
322 2068 498 2096 ChristilSSl
519 2069 592 2103 feliri
608 2073 652 2097 tuo
664 2069 691 2095 in
704 2069 842 2095 Austriam
855 2068 953 2100 reditu,
968 2069 1036 2096 dono
1062 2069 1188 2095 obtuleris
1204 2068 1444 2095 :Immiliterorato
1476 2077 1546 2103 rege,
1570 2074 1596 2095 ut
1615 2068 1729 2103 publica:

100 2113 226 2139 utilitatis
238 2122 319 2141 causa
336 2115 362 2141 in
377 2113 501 2140 Latinam
514 2114 552 2140 vel
573 2113 757 2141 Germanicam
773 2114 892 2149 linguam
915 2113 1068 2140 vertendum
1082 2113 1198 2148 juberet.
1217 2112 1283 2140 Post
1298 2112 1346 2140 illa
1358 2118 1391 2145 te,
1404 2113 1492 2148 ofﬁciis
1504 2114 1668 2148 negotiisque
1682 2121 1731 2148 pu-

100 2158 177 2184 Ir'icis
195 2159 329 2191 obrutum,
347 2159 471 2193 exiguam
485 2159 564 2193 hujus
583 2159 722 2185 reicuram
738 2158 879 2191 habuisse;
893 2165 973 2191 (luam
993 2162 1080 2184 tamen
1092 2158 1199 2192 penitus
1215 2156 1286 2183 haud
1304 2157 1441 2190 abjeceris.
1454 2156 1554 2191 Elapso
1566 2165 1618 2184 non
1636 2158 1730 2191 exiguo

99 2207 218 2235 tempore
229 2201 312 2237 306
325 2210 383 2229 cum
395 2202 490 2229 nobilis
505 2203 543 2229 vir
561 2201 667 2230 Ulricus
697 2201 899 2230 Masrltwander
913 2211 930 2229 a
953 2203 1140 2238 Cranigsperg,
1166 2203 1211 2238 qui
1226 2202 1317 2229 multis
1344 2202 1422 2229 annis
1432 2202 1491 2230 divo
1510 2201 1682 2229 Ferdinando
1701 2203 1730 2229 in

97 2246 222 2272 cubiculo
234 2246 452 2280 inservivit,ﬁlite
463 2255 528 2277 sure,
541 2246 685 2281 Alplionsw
701 2246 733 2274 de
752 2246 848 2274 Games
873 2248 900 2273 in
920 2248 1121 2274 matrimonium
1135 2247 1282 2278 collocatio,
1298 2246 1427 2273 solemnes
1450 2245 1555 2273 Vienna:
1572 2248 1679 2281 nuptias
1687 2255 1731 2274 ce-

98 2289 214 2316 lebraret
228 2298 237 2316 :
252 2298 311 2317 eum
321 2290 378 2322 tibi,
391 2290 422 2318 de
437 2290 483 2317 illo
496 2290 565 2317 libro
578 2290 734 2326 diligentius
749 2291 898 2318 sciscitanti
920 2291 1096 2325 respondisse,
1108 2290 1236 2316 memoria
1262 2298 1290 2316 se
1322 2295 1416 2322 tenere.
1439 2289 1570 2317 Ca'snrem
1590 2291 1729 2323 interpreti

95 2341 147 2371 suo
167 2333 277 2360 Turcico
288 2333 403 2361 Annales
418 2334 545 2369 quosdam
562 2335 690 2367 vertendi,
704 2335 893 2369 exercendique
911 2335 969 2369 ejus
987 2335 1089 2370 gratia,
1107 2335 1249 2362 tradidisse
1262 2341 1272 2360 ε
1288 2334 1434 2369 habereque
1448 2342 1476 2361 se
1492 2333 1631 2360 Turcicam
1646 2334 1729 2360 histo-

96 2378 180 2409 riam,
193 2377 285 2412 lingua
300 2377 469 2412 Germanica,
486 2386 567 2405 manu
581 2379 718 2412 scriptam.
735 2378 812 2405 lianc
831 2378 914 2413 igitur
929 2387 999 2406 anno
1016 2379 1085 2406 1586
1109 2379 1142 2405 ab
1160 2379 1206 2405 illo
1223 2379 1271 2406 tibi
1301 2379 1420 2411 missam,
1441 2387 1500 2406 cum
1523 2387 1554 2406 ea;
1576 2379 1727 2412 interpretis

93 2420 211 2447 Joannis
227 2420 358 2452 Gaudier.
375 2421 440 2448 dicti
454 2422 570 2457 Spiegel,
587 2423 699 2455 epistola
712 2423 882 2457 proazmiaca.
898 2424 1043 2450 versionem
1054 2431 1109 2450 esse
1126 2423 1189 2449 libri
1207 2424 1257 2452 tui.
1273 2431 1370 2457 magna
1385 2431 1444 2449 cum
1460 2423 1592 2453 uoluptate
1605 2424 1727 2458 agnovis-

93 2472 138 2490 ses
150 2485 158 2495 ,
182 2466 273 2491 statim
285 2466 528 2500 exscribijussisti.
545 2465 661 2493 Fueram
677 2475 724 2502 ego
741 2467 898 2501 pracedenti
911 2472 973 2493 tunc
986 2475 1055 2493 anno
1083 2466 1313 2501 Constantinopoli
1332 2466 1458 2493 Viennam
1472 2475 1600 2496 reuersus.
1615 2468 1658 2493 cui
1673 2475 1726 2493 non

92 2510 225 2536 indicasti
241 2511 424 2538 tantummodo
438 2510 470 2538 de
486 2512 594 2545 repertis
606 2510 659 2538 illis
675 2511 822 2538 Annalibus
842 2511 908 2543 tuis,
940 2519 1026 2538 rerum
1040 2511 1119 2537 etiam
1132 2519 1183 2536 non
1199 2511 1306 2542 invitus.
1323 2519 1382 2545 qua:
1411 2510 1556 2545 singularis
1584 2512 1663 2538 inme
1679 2516 1724 2538 tua

90 2559 132 2580 est
145 2554 338 2588 benevolentia,
355 2564 455 2582 mecum
467 2563 510 2583 eos
527 2557 740 2584 communicasti.
756 2555 861 2583 Lubens
878 2556 927 2582 hoc
942 2554 1062 2589 equidem
1073 2553 1182 2588 perlegi,
1196 2561 1306 2588 cumque
1333 2562 1384 2580 non
1417 2562 1522 2589 parum,
1543 2554 1662 2589 pluribus
1691 2555 1725 2582 de

90 2599 198 2629 causis.
211 2599 357 2633 placerent,
387 2600 491 2627 eosdem
502 2603 596 2635 rogatu
614 2605 658 2627 tuo
675 2600 779 2632 Latine,
796 2606 824 2626 ut
836 2601 861 2626 in
873 2599 956 2626 lucem
966 2597 1030 2624 editi
1046 2597 1197 2624 nationibus
1216 2597 1314 2623 exteris
1340 2597 1422 2624 etiam
1438 2599 1499 2626 usui
1531 2605 1626 2633 essent,
1648 2605 1724 2626 tran-

89 2643 202 2678 scripsi.
214 2643 331 2670 Redeunt
345 2643 428 2678 igitur
444 2645 478 2670 ad
491 2650 515 2670 te
527 2652 594 2671 nunc
609 2644 675 2678 typis
692 2644 809 2678 expressi
821 2643 1047 2678 cltalcograpltit-is
1072 2641 1191 2668 Annales
1205 2641 1325 2674 Turcici,
1343 2647 1388 2668 tuo
1404 2642 1449 2677 qui
1464 2642 1593 2670 debentur
1621 2643 1722 2672 studio.

87 2685 165 2718 quod
180 2693 233 2711 non
250 2689 354 2711 tantum
369 2693 411 2712 eos
430 2693 463 2712 ea:
477 2685 532 2712 illis
548 2685 612 2712 locis
634 2690 716 2711 tecum
734 2684 849 2712 attulisti
863 2692 872 2711 :
886 2693 975 2713 verum
989 2687 1069 2713 etiam
1088 2693 1169 2719 prope
1184 2684 1303 2719 sepultos
1318 2684 1350 2712 ab
1382 2686 1459 2713 annis
1475 2687 1509 2713 57
1527 2691 1552 2713 et
1579 2687 1650 2721 ipsos
1675 2689 1724 2714 eri-

86 2729 176 2762 puisti
191 2737 285 2756 rursus
301 2737 314 2755 ε
327 2729 451 2761 tenebris,
465 2734 490 2756 et
504 2730 654 2756 latitantem
669 2729 734 2757 alibi
746 2728 928 2757 Germanicam
942 2738 1043 2766 quoque
1058 2730 1199 2757 versionem
1218 2738 1234 2756 a
1250 2729 1340 2757 blattis
1355 2735 1380 2757 et
1394 2731 1471 2758 tineis
1495 2732 1644 2758 asseruisti.
1664 2731 1723 2763 Qun

84 2774 120 2800 de
133 2781 233 2805 causa,
249 2780 309 2799 cum
324 2773 385 2799 libri
396 2773 430 2800 ad
446 2782 492 2800 nos
507 2774 656 2808 perferendi
670 2774 772 2808 primus
788 2778 892 2805 auctor,
903 2774 971 2801 idem
986 2774 1098 2808 perituri
1118 2774 1212 2800 vindex
1229 2777 1254 2800 et
1266 2780 1436 2801 conservator
1449 2776 1582 2802 exstiteris
1596 2782 1608 2813 I:
1624 2774 1722 2809 absque

84 2816 196 2849 iniuria
212 2821 268 2848 tua,
281 2816 397 2850 cujusvis
407 2817 517 2844 alterius
528 2819 653 2852 pne/"orre
666 2826 759 2844 mnnen
771 2817 884 2846 Annales
897 2819 947 2852 ipsi
962 2824 1100 2854 nequeunt.
1118 2817 1205 2844 Meam
1219 2826 1279 2845 vero
1293 2818 1492 2853 itﬁexpoliendis
1504 2820 1543 2845 llis
1560 2819 1720 2845 laboriosam

84 2868 202 2895 operam
215 2861 389 2897 probaturum
407 2866 441 2894 te,
458 2871 516 2889 cum
531 2862 591 2889 aliis
604 2863 705 2890 sincere
718 2862 914 2897 jutlicanlibus,
931 2871 994 2891 sane
1011 2862 1126 2897 conﬁdo.
1140 2861 1208 2890 Cum
1224 2862 1293 2889 enim
1305 2863 1347 2889 vir
1362 2862 1466 2889 clariss.
1487 2861 1564 2896 [Iugo
1576 2861 1677 2889 Blotius
1691 2861 1716 2889 J.
