1962 3071
130 158 184 191 577
593 160 766 193 ANNALES
784 159 954 191 TURCICL
974 173 1008 177 --
1026 161 1144 190 EPIST.
1165 159 1287 190 DEDIC.
1692 161 1744 191 ωε

133 237 1401 251 W

314 324 614 404 JOANNIS
656 325 973 382 GAUDIEB
1018 326 1214 381 DICTI
1256 324 1554 381 SPIEGEL

737 433 877 462 TURCICI
909 433 1138 462 INTEIKPBETIS

263 510 470 542 EPISTOLA
513 511 833 545 PRELIMINARIS
873 514 931 545 AD
965 515 1005 546 Π.

873 514 931 545 AD
965 515 1005 546 Β.
1039 515 1351 547 FERDINANDUM
1388 516 1487 548 110M.
1527 517 1623 547 C/ES.

528 682 711 716 Serenissime,
728 685 906 718 potentissime
920 684 986 718 Rem,
1012 686 1122 714 Domine
1140 687 1348 716 clementissime.

163 751 244 787 309
253 751 317 778 Cum
329 760 380 779 non
397 753 434 779 ita
447 753 547 786 pridem
562 754 635 789 regia
649 753 740 781 Vestra
753 753 882 790 Majestas
895 757 990 784 librum
1003 755 1141 783 Tureicum
1153 756 1215 783 mihi
1224 756 1394 787 commiserit,
1405 756 1432 782 in
1440 763 1490 791 quo
1502 761 1574 783 ortus
1583 761 1662 791 atque
1672 763 1744 792 gesta

125 795 210 830 itnpp.
225 795 393 822 Turcicorum
406 795 608 823 describuntur:
619 805 693 831 quem
710 798 813 832 quidem
827 800 904 834 regite
922 797 1020 825 Vestra:
1035 797 1184 831 Majestatis
1200 797 1304 827 nobilis.
1317 802 1439 824 strenuus
1469 802 1545 831 atque
1561 799 1743 833 integerrimus

127 841 304 876 Hieronymus
322 841 389 868 Berl:
404 850 420 868 a
437 840 625 876 Leopoldstorf
637 850 668 869 ea:
691 843 782 870 itinere
805 843 1042 878 llierowlymitano
1051 846 1076 868 et
1102 840 1198 867 Ture-ia
1228 841 1338 871 rediens,
1360 841 1452 867 obtulit
1469 849 1478 868 :
1502 842 1547 874 qtti
1564 842 1627 867 mihi
1640 850 1656 868 a
1673 844 1745 875 regia

132 885 223 912 Vestra
240 885 381 920 Mojestate
399 885 552 913 Germanice
566 887 789 920 interpretandus.
804 889 942 914 clementer
957 885 1147 913 demandatus:
1173 885 1241 917 quod
1265 884 1400 911 humiliter
1425 885 1546 917 prtPstili,
1563 893 1642 919 eaque
1660 894 1712 919 qua
1728 896 1744 911 u

128 928 221 956 Turcis
233 934 347 964 scriptus
361 934 398 956 est
414 930 544 962 methodo,
564 931 590 957 in
618 930 718 957 idioma
746 931 928 958 Germanicum
946 929 1080 957 transtuli.
1097 928 1166 955 Licet
1191 935 1250 954 vero
1281 929 1396 963 idipsum
1415 929 1525 955 libenter
1555 937 1625 955 more
1637 934 1660 955 et
1677 930 1745 964 style

126 974 254 1000 rhetorico
267 974 428 1008 effecissent:
447 974 557 1001 sedtum
571 975 603 1001 ab
618 974 723 1001 ineunte
734 981 820 1008 (etate,
836 982 931 1009 parum
950 976 1092 1001 adtnodum
1110 973 1203 999 litteris
1215 973 1412 1000 humanioribus
1440 974 1536 1008 fuerim
1551 974 1677 1007 imbutus,
1703 981 1743 1000 at-

123 1025 174 1052 que
189 1017 340 1051 hujusmodi
353 1018 378 1044 in
393 1018 469 1044 rebus
486 1018 593 1045 minime
604 1024 739 1052 versatus;
754 1024 831 1046 certa:
858 1024 944 1046 tamen
975 1027 1033 1046 sum
1053 1018 1116 1051 spei,
1145 1018 1259 1044 laborem
1284 1017 1352 1044 hunc
1384 1018 1506 1051 exiguum
1536 1022 1614 1052 regia:
1648 1018 1744 1045 Vestia:

127 1061 262 1095 Majrstati
287 1061 461 1095 placiturum.
478 1063 651 1089 Adnotasse":
665 1064 747 1090 etiam
772 1064 851 1089 simul
866 1071 917 1097 quo
932 1069 1045 1096 tempore
1073 1062 1216 1090 seutndum
1229 1070 1314 1087 annos.
1338 1061 1433 1087 salutis
1453 1067 1550 1088 nostrat
1582 1063 1638 1088 hrec
1671 1067 1743 1095 gestu

124 1105 255 1138 fuissent:
269 1112 357 1131 rerum
368 1113 428 1131 cum
444 1106 507 1132 anni
523 1105 668 1132 Tartarum
682 1106 812 1133 breviores
824 1107 876 1133 sint
889 1107 996 1136 nostris.
1014 1114 1094 1140 neque
1119 1107 1233 1138 ipsorum
1251 1106 1424 1131 anniversarii
1443 1105 1509 1137 dies,
1527 1106 1593 1132 sicut
1611 1105 1682 1140 apud
1695 1113 1742 1131 rios

124 1149 300 1180 Christianus,
316 1150 344 1176 in
372 1151 441 1176 idem
471 1155 572 1184 tempus
595 1151 754 1183 coincidanl,
784 1151 842 1178 licet
857 1152 935 1178 etiam
962 1150 1012 1184 ipsi
1040 1151 1066 1176 in
1096 1158 1164 1176 anno
1189 1157 1287 1175 menses
1320 1149 1456 1174 duodecim
1493 1149 1624 1176 habeant:
1655 1154 1741 1175 tamen

123 1194 173 1218 hoc
207 1199 308 1220 tantum
343 1195 445 1222 ratione
470 1196 616 1227 splendoris
650 1195 740 1226 lume;
772 1196 880 1229 instpcr
904 1194 1018 1221 scribunt
1063 1194 1111 1227 ipsi
1157 1193 1307 1227 dicuntque,
1349 1194 1433 1226 spatio
1477 1193 1585 1227 triginta
1628 1193 1741 1219 duorum

122 1237 417 1270 armarunt,secundant
433 1239 550 1272 ipsorum
564 1241 799 1273 computationem,
815 1241 904 1265 caelum
917 1238 1010 1264 mobile
1027 1246 1070 1264 seu
1090 1238 1285 1271 firmamentum
1313 1245 1389 1263 suum
1417 1237 1549 1263 absolvere
1561 1244 1686 1263 cursum:
1714 1237 1741 1263 id

123 1281 285 1307 tantumdem
299 1284 354 1315 fere
362 1287 440 1313 esset,
458 1289 517 1308 cum
531 1290 577 1308 nos
595 1281 739 1310 Christiani
754 1283 962 1317 ιιίυιηιιιιιηιιηι,
979 1282 1028 1316 ipsi
1045 1283 1153 1316 triginta
1175 1281 1241 1307 duos
1255 1289 1339 1307 annos
1355 1281 1496 1308 scriberent
1512 1282 1739 1314 nominarentque;

124 1323 158 1350 Et
171 1326 379 1355 quantumvisex
392 1333 449 1352 mea
465 1327 641 1353 translatione
656 1328 803 1361 computari
820 1335 870 1353 ιιοη
879 1330 974 1360 potest,
994 1335 1043 1361 quo
1053 1332 1165 1360 tempore
1185 1333 1315 1352 annorum
1330 1324 1429 1352 Christi
1443 1326 1482 1352 ha:
1496 1326 1576 1359 impp.
1596 1324 1740 1351 Turcorum

124 1376 166 1394 res
182 1373 262 1402 gesta:
276 1371 349 1396 sint:
368 1375 485 1396 attamen
503 1371 608 1397 omnino
623 1371 802 1406 gubernatori,
819 1370 921 1398 militia
932 1371 1003 1401 duci,
1018 1375 1064 1396 aut
1076 1371 1223 1403 capitaueo,
1237 1370 1280 1396 cui
1294 1378 1353 1396 cum
1368 1370 1483 1397 inimicis
1497 1369 1646 1396 Christiani
1657 1370 1742 1396 nanti-

124 1413 164 1438 rsis
180 1413 320 1448 agendum,
333 1416 401 1440 lectu
419 1421 504 1447 opera:
514 1415 629 1449 pretium
643 1422 698 1441 esse
710 1415 841 1440 existimo.
859 1413 927 1440 Hinc
936 1422 1048 1448 namque
1066 1415 1150 1440 videre
1164 1414 1233 1444 licet.
1248 1415 1310 1449 quid
1335 1413 1430 1448 politia
1445 1418 1490 1439 aut
1502 1413 1608 1440 animus
1620 1414 1740 1440 heroicus

123 1456 220 1487 caleat,
234 1456 397 1493 qualiterque
409 1458 579 1493 magistratus
596 1465 658 1492 erga
671 1458 771 1492 proprii
782 1458 922 1489 comma-ti,
936 1466 1029 1484 avaros
1054 1465 1132 1492 atque
1144 1458 1270 1491 superbos
1284 1457 1404 1484 homines
1422 1464 1449 1483 se
1474 1457 1595 1484 exhibere
1622 1465 1741 1484 remune-

123 1500 230 1534 rurique
248 1501 355 1533 debeat;
368 1502 445 1534 quale
456 1502 536 1528 etiam
548 1502 735 1528 detrimentum
749 1503 843 1536 patria:
857 1506 934 1535 atque
948 1502 1085 1533 exercitui,
1103 1502 1133 1528 ob
1148 1501 1362 1532 inobedientiam,
1381 1500 1572 1535 confusionem,
1588 1500 1740 1535 perﬁdiam,

124 1543 285 1577 superbiam,
298 1545 434 1580 proprium
447 1546 621 1578 commodum,
638 1547 703 1573 oriri
722 1552 744 1573 et
757 1546 875 1573 accidere
885 1547 978 1581 possit.
999 1546 1141 1579 Propterea
1168 1545 1246 1581 facile
1257 1546 1380 1580 colligere
1408 1545 1468 1571 hinc
1485 1544 1556 1576 licet,
1568 1553 1628 1571 cum
1641 1544 1742 1572 moder-

125 1588 152 1614 ni
162 1589 332 1622 imperatores
345 1589 449 1616 Turcici
462 1598 550 1624 parva:
567 1595 644 1624 atque
659 1590 778 1617 obs-carie
794 1590 915 1625 familia,
928 1599 986 1617 cum
999 1591 1093 1625 exigua
1109 1598 1188 1616 manu
1208 1591 1237 1616 in
1253 1590 1406 1616 immensum
1421 1589 1559 1620 creverint,
1579 1589 1617 1615 uti
1637 1590 1740 1622 quidem

123 1639 158 1658 es:
168 1633 279 1659 historia
291 1633 341 1660 hac
352 1634 481 1669 intelligo,
497 1634 566 1669 quod
585 1635 661 1664 Asia,
675 1634 787 1666 Grcecia,
801 1635 940 1668 Bulgaria,
951 1636 1107 1667 Arbanesia,
1118 1633 1228 1665 Bosnia,
1242 1633 1344 1665 Servia,
1358 1634 1464 1660 nonnisi
1475 1638 1580 1667 propter
1592 1634 1741 1659 inobedien-

125 1677 201 1708 tiam,
210 1677 399 1711 confusionem,
410 1679 559 1712 perﬁdiam,
572 1679 731 1712 superbiam,
740 1684 763 1705 et
774 1687 826 1705 rem
840 1680 981 1713 privatam.
993 1679 1020 1704 iu
1031 1683 1065 1704 tot
1078 1678 1243 1705 calamitates
1255 1684 1332 1713 atque
1343 1686 1436 1704 manus
1449 1678 1614 1705 inimicorum
1627 1679 1741 1704 nominis

123 1720 204 1754 310
222 1719 368 1747 Christiani
382 1722 541 1749 inciderint:
552 1722 621 1757 quod
631 1723 707 1757 (proh
721 1723 830 1757 Deum!)
846 1723 968 1749 hodierno
992 1722 1076 1748 adhuc
1086 1723 1127 1748 dte
1137 1722 1237 1747 erenire
1257 1723 1381 1748 uidemus.
1393 1720 1463 1748 Num
1472 1730 1530 1756 qua:
1546 1721 1646 1748 aliaest
1660 1730 1740 1748 causa

123 1763 280 1791 Christiana:
289 1765 488 1796 devastatiom's,
496 1774 574 1800 quatit
583 1766 766 1796 inobedientia,
773 1766 893 1800 perfidia,
902 1767 999 1793 aoarits‘
1008 1777 1024 1798 ι,
1034 1766 1164 1800 superbia,
1172 1770 1195 1792 et
1205 1766 1241 1791 rei
1248 1766 1358 1799 privatce
1367 1766 1501 1792 studium?
1509 1764 1577 1791 Nam
1588 1766 1628 1792 hic
1637 1773 1740 1799 propter

123 1816 199 1833 suum
208 1809 374 1835 commodum
383 1809 451 1843 favet
462 1809 564 1842 Turcis,
575 1809 643 1836 alter
653 1810 794 1838 Woiwodae
804 1818 813 1836 :
826 1811 928 1842 tertius,
938 1810 1162 1844 uulliobsequeus,
1171 1809 1283 1843 seipsum
1293 1809 1426 1837 dominum
1437 1814 1532 1835 cernet.
1546 1809 1652 1842 Unde/it
1662 1818 1740 1843 μηιϊο

122 1853 190 1884 quod
200 1861 245 1878 nos
255 1854 343 1879 omnia
352 1853 419 1880 beiia
430 1862 491 1888 erga
502 1853 646 1882 Christiani
658 1856 770 1882 nominis
779 1855 864 1882 hostes
875 1855 1009 1885 instituta,
1020 1853 1106 1880 minus
1119 1861 1239 1888 prospere
1247 1860 1378 1887 geramus,
1387 1860 1465 1887 quam
1477 1858 1582 1886 propter
1590 1853 1739 1879 inobediert-

123 1896 393 1930 tiam,eonfusionem,
404 1898 554 1931 perfidiam,
568 1899 720 1930 avaritiam,
734 1901 896 1933 superbiam,
910 1904 934 1925 et
949 1900 1084 1932 proprium
1102 1896 1339 1924 continoduntﬂVos
1354 1898 1536 1924 existimamus
1551 1899 1620 1930 ipsos
1637 1898 1739 1923 minime

122 1939 273 1970 subsistere,
289 1948 344 1966 rem
360 1947 479 1968 nostth
492 1943 685 1969 inconsiderate
700 1943 879 1978 aggrediatur,
891 1948 914 1969 et
927 1943 1097 1978 proponimus
1113 1942 1187 1968 uoltis
1213 1949 1321 1976 magnus
1335 1949 1394 1974 opes
1409 1940 1442 1967 ab
1458 1941 1523 1974 ipsis
1545 1941 1738 1974 acquirendas:

121 1984 206 2016 primo
219 1992 357 2018 congressu
378 1984 480 2011 alacres
494 1991 572 2020 atque
591 1988 703 2014 animosi
720 1995 823 2018 sumus,
839 1995 926 2014 verum
944 1987 1017 2012 illico
1044 1986 1212 2012 remittimus.
1244 1986 1311 2011 Deus
1336 1985 1496 2018 omnipotens
1523 1993 1601 2010 suam
1618 1985 1737 2018 dignetur

122 2027 197 2053 nobis
207 2028 320 2061 gratiam
339 2029 443 2063 largiri,
457 2037 508 2064 quo
523 2038 570 2056 nas
584 2038 646 2064 erga
660 2031 788 2064 ejusmodi
803 2031 883 2057 diuini
895 2031 1007 2057 nominis
1021 2029 1107 2056 hostes
1119 2030 1276 2064 dirigamus,
1289 2029 1467 2062 superioribus
1483 2033 1507 2054 et
1521 2029 1690 2062 niayistrotui
1702 2029 1738 2054 si-

121 2078 179 2097 mus
194 2074 371 2105 obsequentes,
385 2073 479 2099 bonam
490 2073 610 2105 politiatn
623 2082 813 2106 conservemus,
832 2074 962 2104 avaritiae,
985 2073 1122 2108 superbire,
1151 2078 1174 2099 et
1191 2073 1228 2099 rei
1254 2073 1376 2106 prieatte,
1401 2078 1535 2110 quantum,
1557 2080 1658 2106 u’quum
1686 2077 1736 2103 est,

120 2115 288 2147 trtbuamus,‘
303 2125 334 2142 ne
349 2121 373 2144 et
393 2125 439 2144 nos
451 2119 555 2144 tandem
574 2117 652 2152 μιαρά
667 2116 734 2144 Deus
744 2126 889 2152 prtecavere
900 2118 968 2151 uelit)
984 2118 1060 2144 sicuti
1080 2117 1222 2145 nominum
1243 2117 1358 2151 regiones
1369 2117 1395 2144 in
1408 2117 1524 2143 maxima
1538 2117 1636 2144 donum
1649 2126 1737 2145 vetue-

120 2166 191 2190 ntus,
202 2164 226 2185 et
239 2161 378 2191 posteritas
392 2165 483 2187 nostra
495 2161 574 2194 ﬁderit
588 2165 665 2196 atque
680 2161 830 2196 religionem
846 2161 1006 2189 dsubolicattt
1025 2163 1153 2196 suscipere
1171 2166 1290 2196 cogatur.
1309 2161 1386 2193 Quod
1400 2161 1469 2189 Deus
1486 2162 1513 2188 in
1528 2164 1738 2190 a-teruumtwbis

118 2206 262 2229 concedere
275 2204 396 2238 dignetur
410 2207 460 2239 (a).
473 2207 568 2233 Amen.

156 2270 243 2307 [ϐιαία
259 2271 352 2301 Vestra:
367 2273 515 2309 Majeslatis

824 2349 1006 2380 lltunit'limus,
1038 2352 1265 2377 obedientisstmus
1278 2351 1399 2381 servitur,
1414 2353 1438 2375 et
1458 2349 1584 2383 interpres
1599 2348 1735 2379 Tumens,

1194 2426 1308 2455 Jomnss
1321 2427 1480 2460 ϐλυμιειι,
1499 2429 1567 2455 altas
1581 2427 1734 2456 summa

150 2861 188 2892 (a)
207 2859 392 2891 Exspectabam,
411 2862 478 2890 Quod
500 2862 560 2886 Deus
576 2867 591 2886 α
608 2862 674 2886 nobis
690 2865 790 2888 avertat.
