1962 3071
848 163 1027 195 ANNALES
1043 162 1215 194 TURCICL

1795 154 1848 188 580

223 234 1559 261 ΜΗ

868 324 1192 385 ANNALES

330 471 982 553 SULTANORUM
1039 466 1742 546 OSMANIDARUM

667 625 716 654 ΑΒ
734 625 833 655 lPSlS
853 624 997 655 TURCIS
1014 622 1210 654 MEMORIA!
1234 622 1410 654 PRODITI.

1013 711 1049 719 .—

257 782 337 819 311
364 779 473 808 Primus
498 779 569 815 apud
596 778 703 806 Turcos
724 786 814 806 rerum
842 778 943 813 potitus
963 776 1163 808 fuitAiiinere
1179 795 1187 810 ,
1207 775 1358 811 Chalepnm
1376 773 1463 802 adiit:
1489 774 1516 801 in
1533 781 1587 810 qua
1613 772 1783 809 proicclione
1806 774 1855 801 de—

223 829 390 863 0sman.qui
404 832 508 862 patrem
523 826 619 853 habuit
635 825 803 852 Ertucuiem.
817 823 866 851 Hic
877 824 948 851 ﬁlius
961 823 1011 850 fuit

224 875 390 905 Solcimanis
405 873 502 901 Scachi
517 881 524 900 :
539 871 867 906 Soleimanesﬁabiclpis
884 880 890 897 :
903 871 1012 898 Callicl-

228 931 284 956 pes,
307 922 474 954 Cusulhugm
490 928 496 946 :
514 918 682 953 Cusulbuga,
701 917 863 944 Baiuderis:
886 916 1012 948 Baindcr,

224 968 363 995 Oiculucis
394 974 402 992 :
428 966 582 997 Oiroluees,
610 963 786 999 Baisultgcris
812 972 820 991 :
849 963 1012 996 Baisunger,

226 1013 306 1041 linkis
326 1014 389 1048 Agin
405 1018 413 1039 ξ
429 1011 514 1038 Butes
528 1012 596 1045 Agn,
619 1009 708 1038 Ciacis
733 1011 795 1044 Agat
810 1018 818 1036 :
835 1009 930 1036 Liaccs
946 1009 1014 1042 Aga,

226 1059 398 1086 'i‘octemuris
425 1067 432 1086 :
449 1057 611 1088 Toclemur.
632 1056 790 1083 Versaiobis
807 1065 813 1083 :
841 1054 1014 1087 Versaiobes,

224 1105 363 1140 Giokeipis
379 1113 387 1132 :
405 1103 562 1138 Giokelpea,
588 1101 690 1138 ﬁgulis
709 1109 715 1128 :
731 1101 839 1136 Oguzes
853 1109 860 1128 :
877 1101 1016 1128 Caracha-

227 1153 271 1179 nis
298 1159 306 1178 :
335 1150 490 1182 Caraehan,
515 1148 688 1178 Cutluzeccis
709 1148 912 1175 :Cutluleeces
940 1147 1016 1174 dcui-

226 1205 281 1233 que
309 1196 430 1224 Lecrace
463 1201 540 1231 patre
558 1200 640 1223 natus
670 1195 731 1222 fuit.
759 1194 790 1221 ili
821 1193 1015 1229 septemdecim

226 1245 359 1271 duntaxat
379 1246 507 1269 auctores
519 1241 726 1276 hujustfamilis
751 1241 902 1268 litterarum
919 1247 1017 1267 monu-

229 1292 326 1317 mentis
344 1289 445 1324 proditi
466 1293 657 1316 recensentur.
672 1287 784 1320 Cteteri,
796 1293 916 1322 quorum
939 1285 1018 1322 igno-

227 1341 254 1363 ta
279 1336 402 1366 nomina.
432 1334 563 1362 continua
588 1334 659 1361 serie
681 1332 820 1360 referendi
844 1332 960 1359 veniunt
982 1330 1016 1358 ad

227 1380 384 1416 Japhctnm,
401 1379 485 1407 Nulla:
506 1380 603 1407 ﬁlium.
622 1378 681 1412 Ipsa
696 1377 807 1413 quidem
828 1378 887 1404 bare
902 1377 1018 1412 Ognzio-

229 1434 288 1454 rum
316 1427 388 1454 dicta
422 1425 536 1458 familia,
569 1424 746 1452 successione
773 1427 903 1458 perpetua
922 1429 1016 1449 rerum

1069 824 1140 851 latus
1162 823 1195 850 ad
1214 823 1357 857 Oppidum,
1371 822 1443 856 quod
1456 820 1540 849 Jaber
1553 820 1665 852 dicitur,
1682 820 1714 847 ad
1730 821 1854 855 Euphra-

1068 875 1120 898 tem
1146 869 1257 897 ﬂuvium
1284 875 1372 896 castra
1400 873 1528 895 metatur.
1547 867 1611 894 Erat
1636 867 1681 894 hic
1695 867 1735 895 eis
1754 872 1856 894 trans-
1870 884 1879 893 ς

1065 916 1201 952 jicicndus
1222 915 1385 950 Euphrates,
1411 914 1457 942 sed
1482 914 1582 941 vadum
1604 913 1708 941 nullmn
1734 912 1857 940 invenie-

1068 963 1145 995 bant,
1167 962 1241 998 quod
1265 967 1360 990 essent
1386 961 1510 988 homines
1525 961 1639 988 omnino
1655 960 1739 987 rudes
1758 964 1785 986 et
1813 967 1857 986 re.

1069 1017 1129 1036 rum
1154 1009 1283 1043 imperiti.
1309 1009 1377 1035 Cum
1391 1003 1527 1043 equorum
1545 1011 1640 1034 natatu
1665 1007 1858 1034 transmitten-

1068 1056 1133 1083 dum
1155 1063 1265 1083 onlnem
1291 1055 1441 1090 placuisset
1465 1054 1616 1086 universis,
1641 1053 1747 1087 primus
1771 1051 1859 1079 Solei-

1070 1111 1165 1130 manes
1180 1102 1306 1129 Scachus
1331 1102 1432 1128 ﬁumen
1452 1100 1593 1136 ingressus
1604 1104 1634 1127 et
1648 1100 1728 1134 aquis
1743 1098 1860 1126 obrutus

1068 1150 1211 1184 exspirat:
1228 1156 1310 1184 quem
1338 1155 1435 1182 magna
1452 1148 1597 1181 quaesitum
1617 1146 1770 1182 diligentia,
1799 1151 1861 1173 tan-

1069 1196 1187 1230 demque
1214 1198 1353 1227 repertum
1383 1193 1542 1226 eltrahunt,
1572 1192 1729 1228 ibidemque
1753 1193 1861 1219 tumulo

1063 1240 1211 1268 mandant.
1234 1240 1317 1266 Erant
1341 1238 1405 1266 huic
1419 1237 1571 1265 Soleimani
1587 1237 1694 1265 Scacho
1708 1238 1788 1273 312
1811 1239 1860 1264 ﬁlii

1071 1291 1127 1314 tres
1143 1286 1315 1320 superstites,
1330 1292 1449 1319 quorum
1467 1284 1514 1311 uni
1529 1291 1628 1311 nomen
1644 1283 1861 1319 Sungurgensis.

1071 1332 1151 1359 alteri
1180 1331 1351 1366 Gundogdis,
1379 1331 1462 1357 tertio
1476 1330 1631 1361 Ertuculcs,
1648 1329 1694 1363 qui
1712 1329 1796 1356 lilium
1815 1329 1863 1356 lia-

1072 1377 1132 1405 buit
1146 1375 1306 1404 Osuianem.
1324 1376 1468 1403 Exstincto
1492 1380 1579 1409 patre,
1602 1379 1691 1402 castra
1707 1374 1808 1402 fratres
1834 1375 1863 1401 hi

1073 1427 1244 1459 promovent,
1269 1431 1301 1450 ac
1334 1427 1446 1457 propter
1467 1421 1647 1456 Euphratem,
1668 1421 1784 1448 adverso
1811 1420 1864 1448 ﬂu-

230 1474 302 1510 apud
318 1473 434 1500 Parthos
450 1472 535 1507 potita
552 1470 613 1504 l'uit,
631 1463 810 1504 hominesque
824 1467 900 1496 fuere
914 1467 1019 1501 simpli-

1072 1472 1144 1499 nline
1170 1471 1297 1507 proiecti.
1319 1471 1428 1497 tandem
1443 1470 1477 1497 ad
1495 1477 1609 1505 campos
1632 1469 1778 1497 Passonios
1802 1477 1865 1505 per-

230 1528 276 1547 ccs
290 1525 317 1547 ei.
333 1519 415 1546 rudes
433 1527 440 1546 :
461 1517 509 1553 qui
532 1521 626 1553 postea
647 1523 730 1551 quam
747 1515 835 1552 primo
859 1514 1017 1549 religionem

231 1566 450 1594 Mahumetanam
481 1564 598 1591 fuissent
629 1562 762 1598 amplexi,
787 1560 947 1588 dominatus
974 1560 1018 1587 sui

231 1613 322 1639 sedem
343 1611 369 1638 in
390 1610 501 1637 civitate
529 1607 705 1635 Machanensi
727 1606 938 1633 constituerunt.
962 1603 1019 1631 ειε-

231 1663 318 1685 terum
341 1664 396 1690 quo
415 1661 536 1684 tempore
552 1653 722 1680 Soleimancs
735 1651 856 1680 Scachus
879 1650 1018 1678 Maeliana

230 1707 348 1739 praeerat
372 1703 455 1729 rebus
486 1700 633 1732 Parthicis,
663 1705 819 1735 pra-potens
851 1697 896 1725 ille
923 1696 1019 1732 lingis

229 1750 306 1777 Citati
327 1757 360 1776 ex
389 1748 499 1782 regione
525 1747 632 1775 Chitaia
660 1754 722 1773 cum
746 1746 869 1773 exercitu
897 1745 924 1772 in
953 1745 1019 1771 Par-

229 1796 314 1821 thiam
330 1794 469 1829 profectus
483 1797 534 1825 est,
551 1793 644 1827 ibique
659 1792 789 1820 Belcham
811 1792 948 1819 civitatein
973 1799 1020 1818 co-

231 1849 282 1876 pus
307 1841 468 1875 locupletem
494 1839 610 1872 obsedit,
630 1839 712 1874 cepit,
743 1839 852 1866 diruit:
880 1843 1020 1872 totamque

232 1887 372 1922 regionem
386 1886 572 1914 Chorasanem
584 1885 799 1921 populabundus
814 1884 940 1919 diripuit.
955 1884 1021 1911 Erat

233 1934 259 1960 id
276 1933 409 1968 temporis
432 1932 590 1960 Curisemes
617 1931 743 1959 Scachus
757 1930 862 1958 Bclcha:
892 1930 1021 1966 princeps

231 1986 260 2007 ct
279 1979 463 2013 Chorasanis,
476 1980 522 2014 qui
535 1986 621 2013 regno
638 1979 733 2013 pulsus
749 1986 813 2005 cum
825 1977 884 2005 suis
902 1978 1019 2011 attingit,

232 2031 260 2053 et
278 2026 304 2052 in
329 2026 427 2053 itinere
450 2025 541 2059 periit.
565 2024 631 2058 Ejus
655 2023 683 2051 in
698 2023 791 2051 locant
809 2023 943 2050 successit
967 2021 1021 2056 Ug-

227 2079 295 2099 nam
315 2071 392 2099 Chan
420 2071 503 2103 ﬁlius,
521 2070 568 2104 qui
585 2070 678 2104 copias
707 2075 835 2104 paternas
863 2068 1020 2103 Bagadatim

231 2125 332 2144 versus
348 2117 446 2144 duxit:
462 2123 519 2150 quo
535 2123 599 2143 cum
615 2107 801 2151 pervenisset,
820 2115 916 2142 urbem
940 2121 1023 2141 occu-

227 2163 320 2196 pavit,
347 2162 450 2189 incolas
478 2161 589 2193 occidit,
620 2161 760 2195 regionem
785 2162 943 2187 universam
973 2160 1024 2186 sibi

235 2210 347 2242 ~suisque
360 2208 518 2235 vindicavit.
532 2206 560 2234 id
577 2207 623 2234 ubi
640 2207 735 2241 Zingis
748 2207 823 2233 Chan
836 2207 1024 2239 intellexisset,

223 2255 320 2282 ~armis
335 2263 398 2281 eum
411 2259 573 2289 persecutus
592 2254 618 2280 in
639 2258 891 2287 suampotestatem
911 2253 1024 2287 redegit.

225 2303 376 2330 Urinudus
406 2309 439 2328 ex
467 2300 570 2327 familia
597 2299 720 2334 Sclgucis
730 2300 856 2326 sultanus
883 2299 1025 2331 Aladines,

234 2357 253 2375 θ
264 2348 375 2375 Parthia
397 2346 541 2382 profugus,
560 2346 588 2373 in
601 2352 741 2380 reiponem
755 2343 856 2376 Jonan,
870 2353 929 2379 qua:
940 2344 1025 2371 Cara-

233 2397 328 2422 -mania
352 2396 432 2421 modo
447 2393 560 2426 dicitur,
583 2392 727 2428 pervenit,
747 2392 837 2426 iisque
855 2391 923 2418 locis
943 2398 1026 2418 occu-

232 2442 318 2475 patis,
342 2444 370 2467 et
395 2439 546 2466 instaurata
576 2440 644 2466 urbe
665 2438 786 2471 Sivasta,
805 2438 878 2473 regia
892 2445 953 2464 cum
980 2445 1027 2472 po-

230 2493 336 2515 -testate
352 2488 472 2523 praeluit.
485 2487 553 2514 Cum
589 2493 680 2513 autem
702 2486 731 2513 in
746 2487 818 2513 hunc
832 2486 944 2511 modum
965 2483 1027 2511 Zin-

232 2543 277 2569 είς
291 2535 369 2561 Chan
387 2533 527 2560 Parthiani
544 2526 647 2567 ageret.
664 2533 766 2564 ferret,
792 2533 873 2558 ctiam
894 2531 1027 2558 Maeliana

199 2598 204 2624 ξ
234 2579 363 2606 Δυυιιίιυει
391 2586 486 2605 eversa
513 2578 574 2610 fuit,
606 2585 669 2612 qua:
697 2577 724 2604 id
752 2578 885 2612 temporis
913 2577 1028 2611 imperio

233 2626 400 2653 Sulcimanis
416 2625 515 2652 Scachi
531 2626 654 2660 parebat.
680 2624 705 2651 Is
721 2623 815 2651 Tatari
835 2623 970 2650 violentiae
986 2632 1030 2650 cc-

235 2675 317 2704 ilcns,
335 2678 363 2698 et
379 2671 437 2706 ipse
450 2679 513 2698 cum
533 2671 591 2698 suis
606 2671 743 2708 migravit,
762 2671 830 2697 inito
852 2670 969 2696 consilio
989 2670 1031 2696 in-

237 2719 368 2746 vadenda:
388 2717 531 2744 liomanize
553 2725 561 2743 :
579 2718 653 2751 quod
669 2716 830 2748 inaudiaset,
851 2716 885 2743 iis
908 2716 934 2743 in
963 2716 1030 2743 locis

236 2767 311 2793 bella
338 2765 406 2799 geri,
436 2769 463 2791 et
489 2765 574 2790 armis
594 2771 652 2790 rem
672 2763 770 2797 parari
797 2770 888 2797 p0sse.
907 2763 1031 2797 Quapro-

1069 1518 1195 1546 veniunt.
1211 1518 1246 1546 lis
1262 1517 1374 1545 iniocis
1398 1515 1520 1544 Ertuculi
1541 1516 1671 1544 Osnlanis
1695 1516 1776 1551 patri,
1801 1522 1873 1543 cum‘

1070 1564 1279 1601 quadringentis
1292 1564 1457 1598 mapalibus,
1468 1571 1527 1598 qum
1534 1571 1585 1598 pro
1596 1571 1670 1590 more
1681 1562 1770 1598 gentis
1781 1562 1815 1589 de
1824 1562 1866 1589 lo-

1069 1621 1103 1641 co
1115 1612 1235 1640 inlocuni
1247 1611 1402 1646 promoveri
1419 1609 1617 1644 transferrique
1633 1613 1761 1644 possunt,
1774 1608 1866 1637 subsi-

1070 1664 1141 1687 stere
1150 1658 1240 1690 libuit,
1250 1657 1365 1691 reliquis
1374 1657 1481 1684 duobus
1495 1656 1624 1683 fratribus
1633 1655 1659 1682 ill
1670 1654 1808 1682 Parthiam
1818 1661 1864 1681 re-

1070 1705 1229 1732 deuntibus.
1247 1703 1442 1730 Hausitibidem
1459 1702 1491 1729 ad
1511 1701 1620 1737 aliquod
1631 1706 1738 1736 tempus
1749 1699 1866 1727 Ertuen-

1071 1752 1122 1784 les,
1148 1751 1224 1777 varie
1248 1750 1427 1776 ﬁnitimorum
1458 1748 1565 1784 injuriis
1575 1752 1601 1775 et
1624 1748 1692 1775 rixis
1716 1746 1864 1774 exercitus.

1071 1797 1194 1832 Denique
1219 1805 1314 1824 rumor
1330 1797 1362 1824 ad
1383 1804 1445 1823 eum
1460 1795 1610 1830 perfertur,
1623 1795 1760 1821 sultanum
1770 1793 1868 1820 Aladi-

1071 1850 1145 1876 item,
1154 1841 1288 1869 eParthia
1300 1841 1455 1876 profugum,
1466 1841 1492 1867 in
1500 1840 1631 1867 lloinania
1643 1840 1797 1875 complures
1806 1847 1868 1874 pro-

1071 1888 1175 1916 vincias
1186 1889 1228 1915 sui
1239 1889 1309 1923 juris
1321 1888 1431 1918 iecisse,
1444 1887 1569 1921 adeoque
1583 1893 1681 1920 inagna
1688 1886 1803 1921 potitum
1814 1886 1867 1912 im-

1071 1935 1160 1969 perio.
1171 1934 1256 1961 Erant
1273 1933 1394 1961 lirtuculi
1410 1938 1466 1960 tres
1480 1933 1539 1965 lilii,
1550 1932 1675 1966 Gundus,
1687 1933 1827 1967 Sarigales
1839 1938 1870 1959 ot

1070 1982 1184 2008 Osmau.
1199 1981 1262 2012 Ubi,
1276 1988 1331 2014 quo
1349 1980 1376 2007 in
1387 1984 1459 2007 statu
1472 1987 1515 2007 res
1527 1979 1651 2006 Aladi'nis
1663 1984 1766 2010 essent,
1782 1978 1867 2006 Eun-

1072 2029 1148 2054 cules
1174 2026 1339 2060 accepisset,
1379 2034 1434 2052 non
1460 2033 1558 2058 magna
1583 2025 1797 2052 consultationis
1825 2025 1870 2052 in—

1071 2073 1201 2108 terposita
1223 2080 1310 2105 mora,
1326 2073 1411 2099 tilium
1435 2071 1580 2106 Sarigatim
1600 2071 1633 2098 ad
1660 2079 1723 2098 eum
1743 2071 1867 2106 ablegat;

1076 2125 1194 2152 oratum,
1217 2124 1245 2146 ut
1258 2119 1378 2154 aliquem
1396 2118 1448 2146 sibi
1466 2118 1558 2145 locum
1575 2118 1749 2155 concederet,
1764 2125 1819 2152 quo
1840 2118 1869 2144 in

1078 2169 1137 2194 loco
1150 2174 1180 2194 sc
1195 2175 1258 2194 cum
1273 2167 1332 2194 suis
1346 2171 1504 2194 sustentare
1524 2171 1629 2201 posset.
1649 2166 1780 2193 Aladines
1802 2166 1870 2194 huic

1077 2215 1217 2249 postulato
1245 2214 1344 2240 lubens
1373 2213 1534 2246 assentitur,
1555 2214 1650 2248 eisque
1666 2213 1806 2248 regionem
1826 2218 1871 2240 at-

1077 2260 1185 2291 tribuit,
1211 2263 1265 2286 tam
1291 2259 1404 2290 asstivis,
1421 2267 1504 2293 quam
1519 2259 1642 2286 hibernis
1659 2264 1751 2293 aptam
1767 2259 1873 2285 incursi-

1077 2304 1141 2332 bns.
1157 2304 1186 2331 Id
1201 2304 1331 2338 temporis
1346 2304 1422 2331 natio
1435 2304 1559 2339 quaedam
1576 2305 1709 2331 adversus
1724 2302 1865 2330 sultanum

1077 2351 1220 2378 Aladinem
1237 2358 1313 2378 arma
1332 2351 1425 2378 subito
1446 2355 1580 2383 moverat,
1597 2355 1695 2377 contra
1713 2357 1783 2385 quos
1805 2350 1871 2376 dum

1078 2398 1136 2425 suis
1153 2397 1295 2424 instructis
1310 2397 1355 2424 ille
1377 2397 1574 2431 proﬁciscitur,
1602 2396 1705 2423 interea
1722 2396 1872 2423 Ertuculcs

1078 2451 1140 2470 cum
1171 2442 1245 2473 ﬁliis.
1273 2443 1394 2477 Sarigati
1413 2448 1441 2469 et
1456 2441 1587 2475 Osinane,
1616 2449 1713 2469 versus
1739 2442 1873 2475 Eugurim

1079 2497 1140 2517 sese
1156 2489 1262 2516 confert
1286 2496 1398 2523 :coque
1420 2488 1482 2516 loco
1509 2488 1561 2516 sibi
1585 2489 1698 2523 suisque
1722 2489 1874 2516 constituta

1079 2536 1142 2563 sede
1162 2537 1278 2570 quadam
1299 2543 1332 2563 ac
1345 2535 1500 2567 domicilio,
1533 2535 1665 2562 ﬁnitimos
1677 2535 1788 2562 Graecos
1813 2543 1877 2570 per-

1081 2582 1171 2616 petuis
1198 2581 1411 2609 excrwsionibus
1432 2587 1461 2608 ot
1478 2581 1580 2616 rapinis
1596 2580 1726 2608 infestare
1748 2589 1804 2608 non
1826 2583 1878 2607 dc-

1080 2628 1135 2655 siit.
1163 2628 1285 2656 Tandem
1307 2628 1389 2655 rebus
1413 2628 1543 2655 humanis
1566 2627 1717 2655 tErtucnles
1741 2628 1876 2658 excessit.

1082 2681 1143 2701 cum
1160 2675 1219 2701 suis
1239 2674 1272 2701 ad
1290 2674 1326 2701 52
1343 2682 1430 2701 annos
1450 2674 1607 2708 praefuisset
1633 2682 1640 2701 :
1657 2679 1783 2700 mortuus
1799 2682 1878 2701 anno

1081 2718 1290 2747 Machuinetano
1309 2719 1361 2746 687
1384 2719 1556 2754 (Christiano
1577 2720 1668 2754 1289).

1293 2765 1330 2792 De
1345 2765 1472 2793 Osmam's
1485 2767 1640 2794 nativitate.

230 2820 299 2846 alter
314 2811 409 2838 relicta
435 2810 545 2837 Parthia
568 2809 712 2844 Erzingam
728 2817 788 2836 esse
803 2809 920 2835 contulit
938 2811 1030 2836 :uude
1047 2810 1070 2838 D
1118 2813 1225 2840 Accidit
1249 2812 1409 2848 aliquando,
1433 2818 1462 2840 ut
1480 2813 1570 2841 fessus
1587 2814 1733 2842 Ertucuics
1756 2814 1883 2843 interdiu

240 2867 267 2885 ill
285 2856 449 2884 Romaniam
467 2862 625 2891 penetrans,
639 2855 777 2882 Amasiam
797 2855 931 2889 pervenit,
957 2856 1030 2881 illiil-

242 2911 275 2933 its
290 2911 319 2932 et
332 2904 517 2940 ulagnipretii
534 2904 638 2938 potitus
654 2902 758 2938 spoliis.
773 2902 914 2929 toni/crsu
930 2902 1029 2930 deinde

1085 2864 1172 2886 semet
1192 2859 1226 2885 ad
1254 2859 1375 2892 quietem
1397 2854 1584 2895 componeret.
1615 2862 1652 2888 liii
1674 2866 1732 2888 tulit
1756 2862 1780 2888 ei
1802 2869 1883 2888 som-

1080 2906 1162 2933 nium
1183 2914 1213 2934 se
1233 2907 1368 2941 quoidam
1392 2907 1501 2941 obtulit,
1518 2915 1573 2941 quo
1602 2908 1659 2935 viso
1681 2908 1731 2934 l'u.t
1746 2915 1882 2942 experre-
