1962 3071
154 141 163 158 ν

151 139 201 171 581
775 137 941 168 ANNALEE

995 136 1132 170 URCICL

1709 138 1760 170 58?.

151 202 220 223 elus.
234 194 378 233 .Moxdiinc
394 199 422 223 et
443 195 506 223 inde
526 203 582 223 rem
602 195 802 231 cogitabundus
826 203 930 230 expen-
945 199 968 228 Α
983 195 1136 222 includunt.
1150 193 1225 227 Quos
1245 201 1261 221 a
1278 198 1351 230 tergo
1372 202 1433 222 cum
1452 195 1520 222 'suis
1545 195 1683 222 insecutus
1704 196 1760 222 Os-

152 242 227 272 dens.
244 249 344 275 corpus
360 241 456 273 abluit,
476 250 570 275 preces
593 249 658 269 snas
680 242 807 274 absolvit,
826 241 932 268 habitu-

154 296 204 320 que
227 291 329 314 mutato
344 287 458 314 Coniam
481 289 631 322 proiectus,
654 287 746 314 urbem
771 287 930 321 ingreditur.

153 333 254 368 Agebat
270 333 332 359 istic
349 333 390 358 vir
407 334 580 360 auctoritatis
594 341 628 360 ex
650 333 774 360 doctrina
789 332 932 364 ,maximae,

154 380 193 407 cui
210 387 308 406 nomen
327 379 472 411 Edebales,
491 387 602 414 operum
619 380 733 407 effector
747 384 773 406 et
799 379 934 414 prodigio-

154 433 212 453 rum
237 425 450 458 admirabilium,
477 425 504 451 in
530 433 609 460 quem
631 425 747 460 conjecti
773 429 850 451 erant
873 432 933 452 om-

155 472 225 498 nium
251 471 335 502 oculi,
353 470 427 504 quod
453 478 501 497 eos
521 471 547 496 in
570 470 628 504 lcpe
646 469 838 497 Mahuntetaua
856 470 934 496 insti-

155 521 251 547 lueret,
269 523 300 542 ac
316 515 458 543 facultates
472 516 635 551 caeteroquin
651 516 836 551 IlllpiiESimaS
847 516 935 550 possi-

155 563 239 589 deret.
255 562 339 588 Etiam
357 562 481 589 sultauus
497 562 564 596 ipse,
576 570 654 596 quem
668 562 934 595 diximus,AladineS

156 608 301 642 plurimum
324 609 348 635 ei
365 609 511 635 tribuebat.
529 609 607 635 Hunc
627 609 671 635 ubi
690 609 862 636 convenisset
885 607 936 634 Er-

157 654 274 685 tueules,
304 659 330 680 ut
348 654 484 680 somnium
501 654 537 680 illi
561 662 640 681 suunt
659 659 829 689 exponeret:
846 653 935 681 Vene—

157 700 239 726 rande
251 701 303 731 vir,
318 700 366 732 ait,
381 707 430 734 per
442 699 561 734 quietem
577 701 652 727 visus
664 708 725 727 sum
740 700 831 727 videre
846 700 935 734 spicu-

156 747 247 772 dorcm
260 745 342 777 luuze,
360 745 537 779 prodeuntem
550 754 565 773 ο
580 745 640 773 sinu
660 751 719 777 tuo,
735 746 782 781 qui
798 753 888 773 meum
909 746 935 772 in

157 792 246 818 sinum
264 795 429 825 penetraret.
447 791 484 818 lio
506 798 567 818 cum
593 791 701 818 delatus
716 796 798 822 esset,
816 797 848 817 ex
875 798 935 817 um-

158 838 236 864 bilico
252 845 312 863 meo
329 844 391 863 mox
415 841 522 863 enatam
548 837 633 864 fuisse
656 837 792 868 arborem,
810 844 870 870 qua:
895 844 936 863 re-

983 249 1057 273 man,
1072 241 1098 269 in
1112 241 1210 268 itinere
1221 241 1348 276 oppidum
1367 241 1516 269 Ulubadam
1531 242 1642 269 militari
1659 249 1760 270 corona

983 286 1078 322 cingit,
1110 287 1188 321 cujus
1217 287 1335 322 Teggiur
1361 294 1425 314 mox
1452 287 1533 314 certis
1561 288 1762 315 conditionibus

983 340 1044 359 cum
1058 341 1090 359 eo
1107 334 1249 364 transegit.
1270 333 1338 361 llinc
1352 332 1465 361 Prusam
1488 341 1549 361 cum
1567 334 1687 361 exercitu
1702 343 1764 368 pro-

988 385 1097 412 perans,
1115 378 1191 405 urbis
1208 379 1378 406 obsidionem
1397 379 1518 406 molitur.
1538 378 1661 414 Cumque
1676 380 1701 407 vi
1716 381 1763 406 ad—
1789 378 1791 380 ’

985 427 1068 456 mota,
1085 423 1150 450 nihil
1166 423 1327 451 effecturum
1349 432 1379 452 se
1402 425 1506 452 videret
1523 425 1556 453 ad
1582 418 1763 460 expugnatio-

984 477 1047 495 nem
1066 479 1073 495 :
1091 470 1208 503 primum
1228 469 1255 496 in
1271 470 1384 498 adversa
1403 471 1479 498 urbis
1493 475 1580 505 parte,
1596 471 1672 505 juxm
1687 473 1763 498 ther~
1778 478 1793 509 Α

985 522 1056 548 ntus,
1082 523 1144 549 qua:
1168 515 1278 549 Caplice
1303 515 1399 543 Turcis
1415 517 1556 548 dicuntur,
1581 516 1652 542 vallo
1671 517 1764 548 ducto,
1790 518 1793 524 '

987 560 1184 587 munimentum
1200 568 1249 594 pro
1265 561 1323 588 suis
1338 561 1426 595 erigit.
1443 561 1486 588 cui
1509 561 1601 589 fratris
1613 562 1766 589 Gundusel-

986 607 1027 642 pis
1044 606 1127 633 ﬁlium
1144 607 1326 641 Agdemurem
1345 607 1467 642 praeﬁcit,
1487 608 1624 635 hominem
1646 609 1683 635 rei
1710 610 1766 635 bel-

986 653 1044 679 licae
1073 653 1278 687 peritissimum,
1312 652 1450 687 adiunctis
1475 653 1555 689 313
1581 654 1605 680 ei
1635 655 1766 682 militibus

986 697 1114 732 egregiis.
1137 697 1200 724 lntle
1228 698 1425 725 munimentum
1448 699 1522 726 aliud
1547 699 1647 726 excitat
1674 708 1767 727 versus

986 752 1048 770 eum
1068 749 1196 775 montem,
1223 751 1302 778 quem
1324 744 1536 780 Geschidsdage,
1555 744 1606 772 hoc
1622 750 1674 777 est,
1690 753 1767 772 mon-

987 794 1039 816 tem
1055 789 1250 816 monachOrum
1268 789 1461 818 vocant.lllius
1473 798 1565 818 curam
1582 790 1769 819 Belebanlueo

987 835 1093 863 cuidam
1109 843 1143 863 ex
1159 836 1227 868 suis,
1242 838 1302 863 viro
1317 842 1440 869 strenuo,
1459 837 1615 865 committit.
1634 838 1692 864 Hoc
1714 846 1770 865 mo-

157 883 250 916 giones
266 883 385 916 aliquot,
399 890 431 909 ac
446 883 572 916 pra-altos
589 887 708 914 iuontes,
723 883 849 917 latosque
862 890 937 909 cam-
951 880 973 908 Β
987 881 1022 909 do
1043 881 1150 909 duobus
1167 881 1241 909 hisce
1264 883 1440 909 munimentis
1470 884 1627 915 exstructis,
1650 887 1677 909 et
1702 884 1770 910 actis

157 935 205 961 pos
228 927 323 954 umbra
349 935 398 954 sua
425 933 536 962 tegeret.
559 928 598 954 Ad
624 928 696 962 ipsas
712 934 801 955 autem
829 928 936 955 radices

157 973 262 1000 arboris
287 980 419 1007 perennes
442 982 527 1008 aquas
546 981 702 1008 emanasse,
727 974 826 1009 quibus
853 975 936 1002 vinea

158 1018 257 1053 passim
279 1024 305 1045 et
330 1018 400 1045 horti
439 1018 616 1053 rigarcntur:
639 1027 670 1046 ac
690 1020 838 1047 secundum
866 1020 936 1053 haec.

156 1068 331 1098 experrectus
355 1063 404 1091 fui.
431 1063 612 1098 Posteaquam
637 1064 683 1091 (lin
702 1064 874 1099 multumque
896 1073 937 1092 se-

159 1113 213 1136 met
237 1107 378 1141 Edebales,
397 1109 443 1144 qui
460 1118 474 1136 ει
503 1111 559 1137 suis
579 1110 619 1137 vir
642 1116 753 1138 sanctus
778 1111 937 1144 habebatur,

158 1157 192 1183 ob
227 1157 479 1191 interpretationem
509 1158 608 1185 somnii
637 1158 761 1185 torsisset
789 1157 937 1191 :tandem,

159 1203 282 1229 oratione
307 1203 340 1229 ad
367 1203 522 1230 Ertuculem
549 1211 692 1236 conversa,
729 1203 863 1230 Nascetur
890 1203 939 1230 tibi

160 1247 242 1279 titius,
262 1246 360 1281 inquit,
378 1250 419 1274 vir
434 1248 545 1282 optime,
563 1248 607 1280 cui
629 1256 726 1275 nomen
751 1248 803 1275 erit
827 1246 938 1274 Osman.

159 1290 183 1318 ls
204 1292 271 1319 bella
288 1292 405 1327 plurima
426 1299 510 1327 geret,
527 1302 559 1322 ac
573 1296 673 1329 posteri
696 1295 733 1322 tui
759 1294 886 1328 deinceps
899 1301 942 1320 re-

159 1346 205 1372 ges
242 1344 428 1375 terrarumque
457 1340 592 1375 principes
631 1344 720 1367 erunt.
749 1341 806 1367 Mea
833 1347 942 1374 quoque

161 1385 214 1411 tilia
232 1391 349 1420 nuptura
373 1390 415 1413 est
440 1386 562 1417 Osmani,
584 1393 616 1412 ex
640 1393 692 1420 qua
718 1386 872 1420 procreabit
897 1385 942 1412 ille

160 1432 273 1464 liberos,
300 1432 346 1465 qui
370 1433 469 1466 regiam
485 1431 518 1457 ad
535 1429 692 1465 dignitatem
716 1431 884 1464 pervenient,
911 1438 943 1457 ac

161 1477 268 1513 populis
280 1486 340 1504 eum
359 1477 473 1511 imperio
499 1481 643 1511 przeerunt.
662 1475 815 1504 Secundum
835 1476 879 1503 illa
895 1483 941 1502 na-

161 1530 206 1551 tus
232 1524 282 1551 fuit
306 1525 418 1553 Osumn,
446 1524 491 1557 qui
522 1531 583 1550 cum
604 1523 777 1555 adoleviSset,
805 1522 943 1550 Multum-e-

161 1570 217 1597 tnui
233 1570 300 1597 vatis
318 1570 391 1596 illius
407 1569 488 1595 tiliam
509 1570 587 1595 duxit
608 1575 731 1601 uxorem,
755 1569 788 1595 de
811 1576 863 1603 qua
891 1575 940 1594 ua-
956 1555 978 1585 θ

124 1622 129 1625 “
161 1621 207 1643 tus
237 1621 279 1643 est
305 1616 328 1643 ei
349 1616 418 1642 lilius
440 1612 559 1642 Urclmn.
579 1614 703 1649 Cumque
723 1614 868 1648 provinciis
894 1615 942 1640 ah-

162 1666 230 1696 quot
258 1662 408 1695 occupatis,
432 1660 614 1695 principatttm
642 1659 693 1686 sibi
721 1659 910 1687 constituisset
933 1667 940 1685 :

163 1711 266 1742 partem
282 1707 412 1734 ditionum
428 1707 499 1733 inter
512 1708 595 1733 duces
621 1705 761 1736 militares,
787 1706 833 1740 qui
858 1713 890 1731 ea
915 1707 943 1732 in

164 1755 223 1780 loca
246 1760 308 1779 colu
325 1752 454 1779 Ertucule
471 1757 547 1786 patre
570 1756 711 1783 venerant,
728 1750 873 1778 liberaliter
888 1751 944 1779 dis-

164 1798 260 1826 tribuit
279 1807 286 1825 :
305 1806 320 1825 a
338 1798 439 1833 quibus
462 1798 514 1824 illa:
536 1797 659 1832 regiones
673 1797 808 1832 hodieque
834 1798 943 1824 numina

164 1852 212 1872 sua
232 1845 334 1872 sortita:
353 1849 427 1872 sunt.
440 1844 533 1871 itidem
557 1842 674 1870 Urebani
697 1842 886 1876 ditiunculam,
900 1844 943 1870 cui

164 1898 262 1918 nomen
277 1890 375 1918 Chisur
394 1889 523 1925 Sangagi,
538 1894 565 1916 et
587 1896 736 1924 cognomen
751 1888 860 1924 lnunge,
880 1897 945 1916 con-

164 1938 260 1965 cessit.
280 1936 382 1965 Deinde
402 1942 482 1963 natus
495 1941 538 1963 est
560 1935 670 1963 Osmani
692 1935 763 1962 tilius
786 1935 864 1967 alter,
887 1932 945 1962 Alis

164 1986 246 2012 bassa
267 1994 274 2012 :
292 1993 372 2019 quem
388 1988 521 2019 perpetuo
534 1991 625 2010 secum
646 1990 707 2010 esse
734 1981 830 2010 volttit.
855 1980 946 2010 Rebus

166 2036 218 2058 hoc
241 2031 321 2057 tnodo
337 2031 503 2062 constitutis,
522 2033 634 2062 pateret
651 2028 722 2055 illitis
737 2026 857 2059 Urchan,
881 2035 947 2054 con-

163 2077 266 2112 junctis
283 2077 378 2111 copiis,
398 2082 473 2102 arma
491 2075 517 2102 in
535 2075 707 2102 Christianos
719 2074 877 2109 expediunt,
889 2080 947 2100 om-

166 2125 209 2150 nia
230 2124 281 2149 late
305 2122 481 2157 populantur,
502 2129 581 2156 agros
606 2129 700 2147 eorum
718 2125 865 2155 occupant,
889 2127 948 2147 ma-

166 2177 247 2204 gnam
263 2169 404 2196 hominum
422 2167 622 2195 multitudinem
640 2167 781 2201 utriusque
796 2173 879 2192 sexus
900 2173 946 2192 ca-

167 2216 267 2249 ptivam
299 2214 449 2242 abducunt.
479 2211 511 2240 Vi
541 2213 621 2240 etiam
651 2212 781 2245 adhibita,
809 2212 983 2251 civitatemD

167 2261 297 2293 lsnicam,
323 2267 385 2287 cum
414 2259 512 2286 vicinis
538 2259 643 2293 oppzdis
666 2262 693 2284 ct
721 2258 837 2288 arcilms,
856 2259 946 2291 inpo—

168 2311 293 2333 testatem
320 2306 459 2340 redigunt,
482 2305 623 2338 diripiunt.
649 2304 699 2336 Qui
733 2308 787 2329 tu.n
821 2302 948 2337 temporis

166 2353 286 2387 Teggiur
315 2352 372 2378 sive
398 2350 576 2385 magistratus
600 2354 659 2376 erat
683 2349 788 2380 Prusae,
815 2347 949 2382 adjumztis

167 2399 219 2425 sibi
242 2397 430 2431 compluribus
444 2397 560 2423 aliorum
576 2394 696 2426 auxiliis.
710 2401 737 2422 et
753 2398 846 2422 coacto
863 2394 949 2420 milite

168 2453 229 2477 suo,
245 2446 278 2471 de
302 2443 478 2479 proﬂigandis
495 2440 593 2468 Turcis
609 2442 729 2476 cogitare
747 2439 840 2474 cmpit.
865 2439 949 2474 Igitur

168 2493 221 2520 hoc
237 2492 342 2527 magnis
354 2499 415 2518 cum
438 2490 525 2524 copiis
545 2491 571 2516 in
597 2490 703 2516 Tui-cos
727 2490 855 2520 ducente,
871 2487 950 2514 initii-

171 2546 216 2566 me
230 2543 420 2566 consternatus
430 2536 543 2570 Osman,
561 2538 652 2563 animo
669 2535 770 2562 invicto
785 2534 950 2562 Christianis

168 2584 278 2611 obvium
309 2583 411 2618 prodit.
434 2582 475 2609 Ad
501 2588 598 2608 manus
627 2581 672 2607 ubi
702 2585 812 2607 ventum
840 2580 949 2610 luisset,

167 2636 279 2656 strenue
296 2629 455 2655 dimicatum
480 2627 628 2661 utrimque.
653 2627 721 2653 Caesi
738 2627 840 2652 fratres
853 2625 951 2652 Osma-

168 2675 213 2701 nis
229 2682 262 2701 eo
283 2673 386 2708 praalio,
402 2672 590 2707 Guudusclpes
609 2679 636 2699 et
652 2672 792 2706 Aidogdis,
807 2679 839 2697 ac
851 2678 951 2698 secun-

167 2720 234 2746 dum
254 2720 325 2747 viam
349 2720 486 2754 publicam
506 2718 539 2745 ad
567 2718 634 2745 lues
663 2717 809 2744 Dobmuris
838 2716 949 2751 sepulti.

169 2766 282 2798 "sttuit,
313 2765 444 2792 fratribus
471 2764 534 2791 licet
562 2763 682 2795 amissis,
718 2762 826 2790 tandem
859 2767 950 2788 tamen

171 2811 281 2838 victoria
296 2811 401 2845 potitus
420 2816 471 2838 est.
495 2810 622 2844 'l‘eggiur,
647 2807 816 2836 Edrcuosius
835 2812 863 2834 et
884 2807 951 2833 Pru-

168 2864 252 2890 δαείη,
272 2857 338 2884 inita
354 2856 428 2891 fuga,
451 2856 566 2883 Prusam
592 2855 682 2888 delati,
700 2859 786 2882 semet
802 2853 829 2881 in
857 2853 951 2880 urbem

989 927 1132 963 aggeribus
1155 935 1188 955 ac
1203 928 1297 959 fossis,
1315 929 1453 956 civitatem
1472 929 1614 956 obsessam
1632 935 1686 955 tam
1711 934 1770 956 arte

989 974 1158 1005 clauserunt.
1188 980 1215 1001 ut
1243 975 1343 1001 nemini
1369 975 1410 1001 vel
1435 982 1562 1002 accessus
1588 975 1622 1001 ad
1648 983 1708 1001 eam
1730 975 1771 1001 vel

989 1020 1078 1048 exitus
1104 1026 1209 1055 pateret
1224 1029 1232 1048 :
1247 1026 1329 1055 atque
1353 1021 1462 1048 interim
1494 1029 1589 1056 agrum
1614 1029 1723 1048 onmem
1741 1021 1769 1048 in

990 1069 1152 1100 potestatem
1182 1073 1260 1093 suam
1290 1066 1465 1100 redegerunt,
1492 1066 1560 1093 nihil
1583 1071 1613 1093 ut
1638 1066 1769 1097 obsessis,

991 1116 1089 1145 praeter
1125 1111 1212 1146 ipsam
1248 1112 1351 1143 urbem.
1395 1112 1493 1146 reliqui
1530 1111 1663 1139 lacerent.
1703 1112 1771 1139 Dum

992 1157 1086 1184 isthacc
1109 1158 1188 1184 durat
1210 1157 1327 1189 obsidio,
1350 1165 1411 1184 cum
1423 1163 1499 1192 parte
1511 1158 1648 1185 exercitus
1671 1158 1772 1185 Osinan

993 1202 1077 1231 Gases
1091 1203 1148 1238 ipse
1161 1202 1313 1238 Neapolim,
1330 1211 1389 1238 quin
1402 1203 1587 1232 Genischeher
1600 1204 1690 1238 lingua
1704 1204 1772 1230 Tur-

993 1247 1051 1274 cica
1078 1248 1188 1279 dicitur,
1218 1247 1368 1275 iontendit.
1398 1247 1463 1283 Ejus
1493 1247 1598 1274 vicinia:
1623 1247 1772 1274 Christiani

994 1300 1101 1324 omnes,
1127 1293 1229 1320 coactis
1244 1293 1330 1327 copiis
1354 1294 1426 1326 suis,
1454 1301 1514 1320 cum
1537 1293 1656 1321 Osmane
1675 1294 1771 1320 confli-

994 1343 1061 1374 gunt
1078 1347 1086 1366 :
1109 1340 1156 1366 sed
1175 1338 1275 1366 Osinau
1294 1340 1388 1374 prtulio
1416 1339 1552 1374 superior,
1571 1341 1698 1367 universa
1727 1339 1772 1367 illa

995 1386 1106 1419 regione
1121 1385 1233 1417 potitur.
1251 1384 1286 1411 Ea
1306 1392 1370 1410 vero
1382 1381 1558 1411 Turcieorum
1583 1384 1711 1416 militum,
1727 1385 1773 1419 qui

995 1430 1028 1456 de
1053 1430 1147 1464 spoliis
1164 1431 1285 1463 opulenti
1306 1434 1462 1462 evaserant,
1478 1430 1632 1465 praesidium
1657 1432 1772 1465 accepit,

996 1475 1098 1509 absque
1114 1475 1321 1510 provincialium
1338 1476 1448 1503 damno.
1472 1475 1520 1503 llis
1537 1476 1618 1504 rebus
1632 1484 1665 1505 ex
1689 1478 1774 1504 animi

997 1520 1130 1549 sententia
1160 1521 1303 1553 conlectis,
1335 1521 1490 1549 Urchanem
1519 1522 1604 1549 lilium
1631 1524 1665 1550 ad
1691 1530 1776 1558 expu-

995 1567 1130 1602 gnandam
1150 1568 1266 1604 Prusam
1287 1567 1403 1601 ablegat.
1424 1567 1525 1595 Horum
1539 1569 1655 1596 militum
1683 1576 1775 1597 acces-

994 1615 1071 1641 sione
1086 1613 1209 1641 adauctis
1233 1613 1385 1641 Turcorum
1403 1615 1512 1646 castris,
1538 1616 1646 1649 gravior
1662 1616 1777 1645 inclusis

993 1667 1053 1686 esse
1075 1659 1157 1693 ccepit
1184 1659 1300 1686 obsidio.
1318 1658 1501 1691 Quamobrem
1527 1660 1633 1689 viribus
1649 1661 1778 1690 obsesso-

994 1712 1054 1731 rum
1080 1705 1231 1737 exhaustis,
1248 1712 1310 1731 cuin
1334 1705 1424 1733 omnis
1446 1705 1504 1740 jam
1535 1713 1703 1736 Commeatus
1730 1709 1778 1735 dc.-

995 1750 1116 1783 l'ecissct,
1141 1758 1174 1777 ac
1203 1751 1384 1778 nihilominus
1412 1751 1465 1786 ipsi
1492 1756 1546 1779 tam
1577 1758 1670 1787 noctu.
1695 1763 1776 1790 quant

996 1796 1123 1830 interdiu,
1152 1797 1179 1823 in
1204 1797 1289 1824 armis
1315 1803 1387 1830 esse,
1418 1798 1623 1833 propugnandae
1658 1800 1776 1828 civitatis

995 1849 1087 1873 causa,
1103 1845 1264 1876 cogerentur
1279 1849 1287 1869 :
1309 1841 1416 1868 tandem
1433 1841 1491 1876 ipse
1515 1842 1644 1878 Teggiur,
1659 1844 1705 1871 cui
1728 1853 1778 1872 no-

997 1895 1056 1913 men
1079 1886 1243 1920 Jussuphes,
1269 1886 1356 1922 pactis
1371 1887 1632 1920 intervenientibus,
1659 1887 1777 1916 Urebani

996 1930 1089 1959 Prusae
1111 1931 1277 1958 deditionem
1306 1931 1382 1959 fecit.
1400 1931 1426 1959 ls
1453 1932 1521 1960 adeo
1549 1933 1673 1968 religiose
1694 1935 1780 1968 pactis

996 1978 1137 2006 conventis
1152 1977 1237 2009 stetit,
1265 1983 1293 2005 ut
1309 1977 1383 2005 hosti
1399 1977 1503 2014 absque
1515 1979 1571 2006 ullo
1586 1979 1782 2014 impedimento

997 2029 1024 2052 et
1045 2023 1157 2060 injuria.
1174 2032 1236 2051 cum
1265 2031 1360 2056 uxore,
1378 2024 1484 2057 liberis,
1514 2024 1690 2053 facultatibus
1719 2028 1780 2054 uui-

998 2071 1096 2102 versis,
1112 2069 1227 2097 abeundi
1255 2075 1416 2105 potestatem
1445 2070 1558 2102 faceret,
1587 2079 1621 2099 ne
1647 2079 1783 2107 manguro

997 2117 1106 2153 quidem
1124 2116 1212 2143 ablato
1233 2125 1239 2143 ε
1255 2117 1404 2151 statimque
1421 2121 1536 2151 patrem,
1554 2117 1700 2146 Osmanem
1726 2118 1780 2146 Ga-

997 2171 1067 2195 sem,
1087 2163 1121 2189 de
1148 2161 1235 2190 Prusa
1249 2162 1275 2189 in
1300 2162 1466 2190 deditionem
1495 2168 1615 2198 accepta,
1639 2165 1782 2192 certiorem

998 2209 1126 2236 reddidit.
1153 2209 1291 2244 Occupata
1319 2208 1370 2236 fuit
1396 2211 1430 2236 ab
1457 2208 1584 2237 Urchane
1610 2209 1674 2238 Gasi
1697 2210 1781 2238 Prusa

998 2254 1182 2282 Mathumetnni
1212 2255 1309 2282 calculi
1337 2263 1408 2283 anno
1437 2254 1488 2282 7'26
1518 2256 1595 2290 (Chr.
1616 2256 1709 2294 L527).
1732 2256 1780 2284 Os»

999 2308 1062 2328 man
1091 2301 1147 2336 ipse
1179 2306 1234 2327 tum
1266 2301 1394 2336 temporis
1425 2302 1580 2336 quiescens,
1609 2303 1783 2336 occupationi

998 2346 1093 2374 Prusae
1114 2355 1167 2374 non
1187 2346 1307 2374 interluit
1328 2347 1447 2382 :partim
1473 2353 1579 2374 tumore
1602 2348 1785 2384 cruciatuque

1001 2393 1098 2427 pedum
1115 2393 1271 2428 impeditus,
1286 2393 1383 2428 partim
1402 2395 1473 2428 quod
1490 2402 1520 2420 se
1532 2395 1679 2428 superstite
1695 2395 1785 2421 lilium

1000 2437 1153 2466 Urchanem
1169 2438 1272 2474 aliquid
1291 2439 1397 2466 fortiter
1411 2447 1493 2473 agere
1509 2445 1629 2473 cuperet,
1646 2440 1679 2467 ad
1706 2441 1782 2468 exci-

1001 2485 1097 2512 tandos
1124 2486 1151 2512 in
1176 2493 1209 2512 eo
1241 2487 1365 2520 generosi
1395 2485 1480 2512 animi
1507 2485 1622 2520 spiritus
1661 2485 1782 2514 Tandem
1829 2489 1832 2492 ’

1001 2532 1106 2558 exactis
1126 2531 1153 2558 in
1172 2533 1286 2566 imperio
1302 2531 1396 2565 viginti
1413 2536 1477 2558 octo
1498 2532 1588 2564 annis,
1602 2532 1704 2560 Osmau
1728 2531 1788 2560 Ga-

1001 2585 1046 2605 ses
1072 2579 1153 2604 vitam
1179 2584 1240 2604 cum
1260 2582 1346 2604 morte
1363 2579 1553 2605 commutavit.
1575 2575 1642 2613 Ejus
1660 2578 1719 2606 luco
1739 2587 1784 2606 re-

1003 2629 1062 2649 rum
1095 2622 1362 2650 administrationem
1402 2629 1566 2651 consecutus
1601 2629 1643 2651 est
1674 2624 1787 2652 Urchan

1002 2668 1085 2700 iilius,
1111 2675 1185 2695 anno
1213 2667 1403 2696 Mahumetano
1422 2669 1472 2697 727
1501 2669 1579 2706 (Chr.
1607 2670 1697 2705 1528).
1714 2671 1787 2697 Ante

1003 2719 1117 2741 mortem
1144 2714 1283 2749 prteccpit,
1300 2718 1332 2742 ut
1361 2713 1454 2742 Prusae
1477 2715 1505 2742 in
1534 2722 1661 2750 argentea
1692 2716 1786 2743 tumba

1003 2766 1190 2787 concamerata
1211 2762 1373 2789 conderetur
1389 2771 1397 2791 ;
1424 2762 1471 2789 sed
1489 2762 1569 2798 vulgo
1588 2762 1625 2789 ad
1650 2763 1788 2797 Sugutzu-

1003 2813 1074 2836 eam,
1088 2806 1135 2840 qui
1163 2807 1239 2836 locus
1256 2813 1270 2835 a
1297 2807 1380 2836 salice
1407 2814 1507 2836 nomen
1538 2808 1628 2841 habet,
1659 2809 1787 2837 conditus

1005 2853 1188 2881 existimatur.
