1962 3071
180 169 235 202 583

800 158 977 196 AN'NALES
996 162 1163 194 TURCiCl.

1750 156 1803 189 584

217 231 287 258 Cum
304 229 424 265 primunt
457 228 599 256 Urcbanes
623 226 772 262 imperium
808 227 966 260 auspicatus
981 231 1005 258 Α
1019 223 1172 258 parricidiis
1203 223 1300 249 fratres
1326 229 1342 247 e
1365 221 1456 247 medio
1472 219 1646 247 sustulerunt
1664 222 1727 249 ante
1753 217 1804 244 Ba-

184 277 291 308 fuisset,
331 275 416 302 duces
455 273 592 304 veterani,
624 276 762 307 quotquot
796 278 829 297 ex
857 270 966 297 Parthia

184 330 248 350 cum
274 322 360 356 ipsius
390 328 442 347 avo
468 321 495 347 in
513 328 561 347 ens
574 323 662 346 terras
676 321 818 348 venerant,
837 317 967 344 nimirum

185 369 363 403 Cugurelpes,
387 367 527 393 ltaehmau
559 364 644 392 Gases
672 369 699 392 et
727 365 876 395 Aececoza,
900 361 971 389 Ger-

186 415 287 442 ienscm
317 420 413 448 agrum
432 420 493 439 cum
520 411 630 438 Bolensi
659 415 820 444 occupattnu
839 409 881 435 sui
898 408 970 442 juris

188 462 322 487 fecerunt.
346 458 398 485 Sed
415 458 449 487 iis
464 465 517 484 non
554 457 638 484 multo
660 463 720 491 post
744 456 897 484 exstinctis.
923 454 973 481 Ur-

186 509 258 534 chan
300 507 418 532 ditiones
445 505 506 531 illas
546 504 602 530 filio
630 510 680 530 suo
708 501 857 529 Soleintani
884 501 972 528 bassa:

187 552 374 588 possidendas,
393 552 505 578 novuiue
536 549 727 584 Saugiacatus.
752 548 848 575 dedit:
868 547 972 573 itidem-

187 608 241 634 que
267 599 404 632 regionem
422 597 535 624 alterum
554 604 607 622 non
623 603 759 628 magnam,
784 601 866 629 quam
887 594 973 620 luun-

188 654 239 682 gen
268 649 374 676 vocant.
410 644 487 672 alteri
526 643 582 670 tilio
612 641 759 674 concessit,
790 641 834 668 cui
875 647 972 666 nomen

190 694 310 722 Murates
332 693 407 719 Citati
433 692 529 719 Gases.
553 689 634 717 Hunc
655 688 729 716 enim
757 689 891 714 minorem
907 692 972 712 natu

191 742 276 768 lilium
304 740 432 766 habebat.
460 738 524 765 lude
553 740 748 771 recuperatam
769 735 974 768 lsuicamprae-

191 786 403 821 sidiointpmito
428 784 555 815 munivit,
580 789 607 810 et
634 783 768 810 ecclesias
803 781 974 808 Cbriuiauo-

191 841 251 860 rum
277 834 304 859 iu
332 841 364 859 ea
382 831 540 862 demolitus,
567 829 674 864 aliquot
693 836 726 856 ex
755 828 809 855 illis
825 828 851 854 iu
879 827 975 853 messi-

192 885 233 906 tas
260 880 318 905 sive
345 877 443 911 templa
466 877 662 903 Mabuntctana
693 874 839 905 convertit,
877 873 975 907 adjun—

1018 269 1110 304 jazitis
1135 268 1239 295 Clmuis
1269 267 1425 301 imperium.
1451 274 1531 300 quem
1562 264 1738 291 Gildernuem
1757 270 1804 297 ap-

1021 316 1194 352 pellaverunt
1217 323 1225 340 :
1246 314 1325 341 sicuti
1355 313 1487 346 deinceps
1515 311 1663 338 iudicaturi
1703 318 1755 337 suo
1766 310 1805 336 lo-

1020 371 1053 389 eo
1082 360 1164 396 314.
1178 368 1287 388 sumus.
1319 358 1391 385 Idem
1410 357 1518 384 Urchan
1538 356 1625 383 (ἔκδυε
1658 355 1683 382 id
1698 360 1805 389 terripu-

1024 409 1062 435 ris
1090 409 1116 434 iu
1142 407 1301 441 regionibus
1326 405 1440 439 imperio
1477 411 1527 431 suo
1563 402 1678 430 subditis
1711 402 1807 428 domos

1024 456 1162 482 immunes
1187 460 1268 487 atque
1293 451 1393 486 praedia
1414 449 1533 477 describi
1556 449 1650 483 jussit,
1671 447 1710 475 uti
1735 447 1808 474 vide-

1024 502 1086 528 licet
1117 502 1251 527 unus'ex
1285 499 1408 533 quolibet
1438 498 1539 531 praedio
1569 497 1732 526 mitteretur,
1762 494 1807 529 qui

1023 557 1072 584 per
1098 548 1180 575 unius
1207 547 1270 573 anni
1290 547 1408 580 Spatium
1437 546 1462 572 itt
1480 545 1553 577 regia
1586 544 1700 578 quosvis
1718 543 1810 576 injun-

1024 599 1084 623 ctos
1105 595 1156 622 sibi
1178 594 1286 620 labores
1300 593 1464 626 susciperet.
1491 591 1541 618 Eos
1565 589 1695 624 appellari
1709 589 1811 623 placuit.

1024 642 1111 673 Jaias,
1139 641 1190 667 hoc
1208 645 1260 671 est.
1280 639 1397 674 pedites.
1424 638 1559 672 Quodque
1587 636 1653 662 tales
1666 636 1757 661 adhuc
1781 635 1809 660 iu

1027 689 1099 722 regia
1120 689 1304 721 reperiantur.
1336 685 1383 719 qui
1409 685 1517 710 labores
1543 682 1808 715 ciusmodxobeunt.

1026 743 1058 761 ex
1088 734 1224 762 Urcltattis
1243 732 1323 759 Gosis
1347 731 1474 758 instituto
1501 735 1634 764 emptum,
1664 730 1753 755 adhuc
1783 727 1810 754 in

1027 787 1079 806 usu
1097 784 1149 805 est.
1176 778 1310 804 Gtetemm
1337 781 1438 802 nactus
1457 769 1566 802 Urclian
1590 775 1676 801 Gases
1690 779 1810 807 quietam

1029 825 1104 852 urbis
1127 824 1222 851 lsnir:e
1248 822 1464 858 possessionem,
1493 821 1642 847 imarettnu
1661 819 1687 845 in
1703 826 1733 845 ea
1748 826 1813 844 cott-

1029 872 1109 904 tlidit,
1148 871 1199 897 hoc
1235 874 1279 896 est
1304 868 1437 902 templum
1484 867 1718 897 bluhmuetanum,
1750 873 1812 891 cum

191 927 244 954 clis
266 927 368 954 scholis
383 929 411 952 ct
446 925 610 951 xcnouibus.
622 929 629 936 ‘
648 926 779 958 buperest
795 921 884 948 adhuc
898 921 977 948 hodie
993 917 1012 945 Β
1028 917 1122 946 schola
1155 922 1183 944 et
1209 924 1315 942 Xenone
1332 922 1407 949 :quo
1434 914 1544 948 quidem
1574 914 1600 940 in
1630 921 1736 940 xenone
1759 912 1814 938 cibi

193 973 331 1000 medressa
354 970 478 1006 quaedam
507 969 604 996 lsuica’.
620 969 672 1001 (sic
687 968 809 996 scholam
836 975 898 994 cum
930 974 977 992 xc-

194 1027 266 1046 noue
284 1018 457 1053 conjunctam
487 1016 596 1050 vocant)
610 1016 644 1041 ab
670 1015 730 1048 ipso
761 1013 883 1041 condita.
915 1013 979 1039 Erat

195 1067 267 1093 inter
295 1064 363 1091 alios
395 1063 506 1098 quidam
536 1062 605 1089 Cara
631 1060 751 1094 Mcsites,
795 1060 906 1087 habitus
929 1066 979 1093 pro

195 1112 254 1138 viro
278 1115 383 1142 sancto.
414 1109 495 1144 cujus
519 1117 593 1135 cui-ie
618 1107 768 1135 commissa
799 1106 851 1134 fuit
889 1105 980 1132 omnis

194 1166 228 1185 ea
253 1157 404 1190 proiincia,
427 1154 605 1182 militibusin
629 1161 712 1188 pagos
739 1153 844 1180 circum
861 1151 978 1178 lsuicaui

196 1204 353 1232 distributis
371 1212 378 1229 :
397 1207 427 1230 ut
442 1203 514 1229 illam
543 1201 674 1228 viciniam
699 1201 832 1226 adversus
847 1199 981 1226 Conslan-

197 1251 391 1286 tiuopolitauas
411 1252 503 1284 copias
523 1254 551 1275 et
579 1255 674 1274 earum
707 1245 896 1281 grassationes
924 1250 983 1270 tue-

197 1305 302 1327 rentur.
334 1299 463 1333 Agbasste
485 1296 621 1330 regionem
639 1294 786 1322 Candriain
818 1291 981 1327 assignavit,

198 1346 278 1380 cujus
305 1346 386 1372 etiam
418 1351 491 1370 nunc
519 1346 661 1377 superstes
686 1345 730 1368 est
763 1338 880 1366 familia.
906 1337 981 1365 Cum

200 1394 251 1419 huc
278 1393 359 1418 modo
380 1389 545 1424 provincias,
572 1395 641 1422 quas
669 1388 703 1413 ab
734 1393 763 1413 se
789 1385 862 1412 bello
888 1388 984 1418 captas

199 1439 300 1465 Osutan
328 1434 447 1462 Urciiani
487 1434 543 1460 lilio
568 1433 726 1467 reliquerat,
755 1431 825 1457 inter
846 1437 912 1457 suos
935 1428 986 1456 Ur-

200 1484 269 1510 ι·ίι.ιιι
294 1483 412 1517 partitus
431 1485 517 1510 esset,
544 1478 667 1505 ounium
695 1483 830 1503 conscttsu
846 1482 936 1501 rerum
960 1474 984 1500 ei

201 1537 319 1560 summa,
346 1535 396 1554 ceu
426 1526 546 1559 legitimo
565 1523 686 1555 sultuno,
718 1521 808 1549 delata
832 1520 895 1547 fuit.
922 1518 986 1552 Qui--

204 1576 254 1600 bus
278 1571 406 1607 peractis,
441 1570 511 1596 Alini
539 1569 660 1600 bassam,
688 1566 801 1594 fratrem
830 1572 923 1594 suum.
952 1565 984 1590 ad

203 1628 234 1647 se
264 1620 302 1646 uti
331 1622 435 1644 Veniret
448 1611 574 1645 ait-assit.
600 1613 647 1649 qui
676 1613 709 1640 ad
740 1619 804 1640 eum
833 1611 985 1646 pmiectus,

204 1665 284 1690 Nulla
315 1662 381 1689 mihi
411 1662 516 1688 ditione
550 1667 620 1694 opus
648 1663 702 1690 est,
738 1657 775 1684 ttti
805 1656 902 1688 frater,
935 1655 984 1681 ait.

205 1710 358 1743 Statimque
384 1709 454 1735 facta
470 1706 606 1737 cessioue.
634 1711 716 1739 quam
734 1712 748 1729 ει
764 1709 840 1738 pan-c
858 1701 989 1728 ditionem

205 1762 359 1790 acceperat,
405 1753 526 1782 Urchani
556 1750 620 1778 Gasi
650 1749 730 1777 fratri
758 1754 856 1784 sponte
881 1747 991 1774 tradidit

205 1809 233 1831 et
264 1800 476 1831 commendavit.
506 1799 654 1827 Certabant
687 1797 713 1825 id
738 1796 871 1830 tetuporis
895 1795 992 1821 fratres

208 1853 278 1878 inter
308 1857 336 1876 se
361 1848 465 1874 ntutuis
495 1846 602 1878 ciliciis,
623 1849 651 1872 et
678 1846 808 1871 honorem
826 1843 895 1870 alter
912 1840 992 1868 alteri

208 1897 360 1926 deferebat.
388 1895 446 1922 Alis
473 1897 532 1928 ipse
545 1894 627 1920 bassa
650 1891 766 1926 quodam
781 1896 902 1922 tempore
919 1895 994 1914 coui-

208 1945 307 1980 pellato
334 1944 419 1970 fratre
449 1941 577 1969 Urchane
594 1949 601 1967 :
619 1939 655 1966 illi
675 1938 771 1971 frater,
801 1935 992 1971 iuquit,exer-

208 1998 281 2018 citus
297 1993 336 2017 tui
361 1995 527 2022 magnopere
553 1987 609 2022 jam
638 1986 711 2012 aucti
744 1990 820 2014 sunt.
844 1988 871 2009 et
899 1981 995 2008 Haliu-

211 2043 317 2064 tnctuna
340 2036 435 2070 religio
473 2041 528 2061 non
547 2040 643 2068 parum
673 2031 835 2058 incrementi
865 2027 993 2061 sumpsit.

211 2085 339 2117 Excogtta
356 2088 487 2108 rationem
499 2081 616 2113 aliquam
628 2079 810 2112 obsecro,qua
824 2075 880 2102 fieri
895 2075 994 2109 possit,

212 2135 242 2156 ut
266 2130 305 2156 tui
342 2129 442 2154 Illllllcs
468 2128 503 2153 ab
526 2125 665 2152 extraneis
688 2128 716 2150 et
746 2123 899 2157 peregrinis
938 2121 996 2147 dis-

211 2181 370 2203 cernantur.
392 2174 431 2200 Ad
448 2181 478 2199 ca
491 2172 662 2207 respondens
680 2169 787 2197 Urchau
802 2169 899 2199 Gases,
923 2166 995 2199 Fiat,

213 2223 285 2258 quod
305 2222 415 2254 suades,
444 2225 493 2246 att.
505 2219 636 2254 Equidem
657 2217 706 2244 tibi
734 2217 905 2250 obtempero.
923 2213 993 2241 Tum

1028 970 1196 998 coquuntur,
1229 964 1295 990 etin
1319 969 1421 995 egenos
1449 961 1666 992 distribuuntur,
1700 967 1814 994 prmscr-

998 1042 1002 1044 Ἴ
1029 1013 1077 1038 tim
1095 1011 1121 1038 iu
1138 1018 1198 1042 eos,
1224 1010 1272 1044 qui
1302 1010 1400 1036 litteris
1425 1016 1536 1044 operam
1560 1009 1635 1040 dant,
1662 1014 1688 1035 et
1705 1007 1750 1041 qui
1767 1014 1816 1042 pe»

1030 1058 1214 1093 l't'gt'illallllll'.
1235 1057 1324 1091 Atque
1345 1056 1395 1084 hoc
1414 1056 1441 1082 iu
1467 1056 1582 1082 imarcto
1611 1054 1669 1081 sive
1710 1062 1816 1081 xenone

1030 1105 1107 1131 cibos
1141 1103 1250 1131 Urelian
1281 1103 1340 1137 ipse
1363 1103 1537 1130 distribuisse
1554 1101 1682 1128 traditur.
1707 1099 1818 1128 Secun-

1030 1150 1096 1178 dum
1127 1151 1183 1178 haec
1199 1150 1382 1177 Soleitnanetn
1408 1144 1517 1176 basshm
1534 1148 1618 1176 lilium
1642 1148 1735 1175 lsnica:
1747 1155 1817 1182 pran-

1032 1198 1107 1228 fet-it.
1133 1197 1180 1232 qui
1205 1196 1304 1224 vicinis
1327 1195 1466 1231 oppidulis
1490 1194 1688 1222 Geuischelicri
1710 1193 1817 1221 Goinu-

1034 1252 1127 1279 cteque
1154 1244 1244 1279 gravis
1275 1251 1334 1271 esse
1360 1251 1414 1269 non
1440 1242 1593 1270 desinebat.
1630 1241 1724 1268 Prusae
1754 1247 1818 1267 vero

1033 1290 1220 1324 saugiacatum
1243 1293 1408 1316 consecutus
1431 1292 1473 1315 est
1497 1287 1532 1314 ab
1549 1295 1582 1314 eo
1607 1285 1727 1313 Muratcs
1741 1285 1820 1313 Chan

1034 1337 1131 1369 Gases,
1158 1336 1231 1362 filius
1249 1341 1318 1362 natu
1343 1335 1445 1361 minor.
1472 1333 1563 1361 Nihilo
1595 1334 1686 1360 minus
1708 1333 1820 1361 Urcban

1036 1382 1094 1415 ipse
1125 1381 1198 1408 velut
1230 1380 1370 1415 inspector
1400 1379 1509 1414 imperii
1527 1374 1612 1406 totius
1645 1378 1754 1405 mansit.
1770 1380 1822 1404 So-

1036 1428 1169 1454 leimanes
1197 1425 1451 1460 bassa.pr:efectns
1482 1425 1588 1457 lsnicm,
1611 1424 1822 1452 Genisckehere

1036 1474 1214 1509 Goinucaque
1237 1474 1340 1508 potitus
1366 1478 1419 1500 est.
1453 1473 1554 1500 Eorum
1575 1473 1698 1500 locorum
1728 1472 1825 1499 incolae

1037 1520 1199 1550 Christiani,
1226 1523 1372 1554 perspecto
1387 1518 1473 1553 ipsius
1499 1519 1610 1553 ingenio
1631 1518 1688 1545 illiti
1717 1523 1744 1545 et
1773 1518 1825 1544 ltu—

1040 1575 1131 1599 mano,
1160 1565 1280 1594 universi
1305 1565 1369 1593 facti
1384 1571 1450 1593 sunt
1468 1565 1631 1592 Musulmani
1650 1573 1657 1592 :
1678 1566 1826 1599 omniaque

1041 1612 1141 1648 oppida
1168 1612 1220 1639 sita
1237 1612 1263 1638 in
1283 1611 1317 1638 iis
1333 1612 1433 1638 finibus
1453 1611 1512 1645 ejus
1529 1618 1559 1638 se
1572 1611 1699 1645 potestati
1728 1615 1827 1645 sponte

1041 1661 1235 1696 permiserunt.
1263 1657 1311 1686 His
1337 1658 1420 1685 rebus
1435 1658 1540 1685 intento
1563 1657 1827 1690 Soleimaucbassa,

1043 1705 1115 1741 patri
1142 1705 1202 1740 ejus
1230 1703 1519 1738 Urchanicomplnrcs
1548 1702 1684 1735 civitates,
1713 1703 1827 1733 Cal‘nse,

1042 1753 1117 1786 Bale,
1147 1753 1244 1784 Cosre,
1274 1751 1419 1785 Bargama,
1442 1749 1623 1781 Edremitum.
1637 1757 1698 1777 sese
1717 1749 1830 1776 dedide-

1044 1805 1118 1827 runt.
1147 1799 1212 1827 Inde
1236 1806 1300 1826 cttm
1325 1797 1414 1833 copiis
1442 1797 1593 1824 Ulubadam
1612 1804 1707 1823 versus
1732 1796 1829 1823 movit.

1044 1847 1111 1874 Nam
1124 1846 1186 1881 ejus
1211 1845 1306 1881 oppidi
1327 1845 1458 1880 Teggiur,
1483 1845 1530 1879 qui
1547 1844 1736 1877 superioribus
1750 1844 1832 1871 annis

1046 1900 1109 1920 cum
1134 1891 1232 1919 Turcis
1263 1895 1446 1925 transegerat,
1474 1890 1529 1923 jatn
1567 1891 1667 1917 violata
1697 1889 1761 1922 fide,
1797 1890 1832 1918 ab

1045 1946 1140 1967 eorum
1163 1938 1285 1965 amicitia
1315 1938 1490 1965 discesserat.
1521 1937 1590 1964 Cum
1606 1942 1738 1964 autcmse
1751 1937 1831 1972 pelia

1045 1985 1145 2012 Turcis
1185 1985 1427 2018 animadverteret,
1455 1993 1552 2012 manus
1569 1984 1627 2019 ipse
1660 1985 1712 2011 sibi
1728 1984 1832 2012 attulit.

1048 2032 1114 2058 Dum
1133 2032 1191 2059 haec
1219 2031 1282 2058 istic
1302 2035 1476 2066 gererentur,
1503 2030 1674 2058 Soleimanes
1702 2031 1781 2058 bassa
1806 2031 1833 2057 in

1047 2077 1179 2105 Grteciam
1211 2078 1372 2113 trausjicere
1399 2077 1495 2104 statuit
1515 2084 1593 2112 :qua
1618 2077 1728 2111 quidem
1754 2084 1835 2104 occa-

1048 2124 1127 2151 sione
1150 2123 1292 2157 Gallipolis
1316 2131 1331 2149 a
1360 2121 1457 2150 Turcis
1475 2128 1555 2157 capta
1581 2122 1641 2149 fuit.
1673 2121 1740 2149 Nam
1766 2127 1838 2151 torte

1050 2169 1221 2196 Sole-imanes
1238 2170 1264 2196 in
1289 2169 1413 2204 regione,
1431 2176 1514 2203 quam
1539 2176 1593 2196 non
1610 2170 1645 2196 ita
1671 2170 1776 2203 pridem
1791 2172 1834 2197 sui

1047 2216 1118 2251 juris
1145 2215 1258 2248 fecerat.
1285 2216 1349 2244 hinc
1375 2216 1438 2244 inde
1463 2216 1652 2252 obequitabat.
1684 2217 1840 2251 Super-Sunt

212 2270 271 2297 Alis
296 2270 376 2295 bassa
395 2265 536 2300 :Pra:cipe
568 2264 605 2292 mi
620 2263 716 2296 frater,
736 2262 859 2297 subjictt,
875 2266 904 2288 ut
933 2261 994 2287 uni-
1011 2268 1037 2299 ι)
1050 2269 1141 2291 autem
1172 2263 1198 2290 in
1224 2264 1256 2290 iis
1276 2264 1343 2291 :ot-is
1372 2264 1470 2291 rudera
1500 2265 1557 2291 sive
1572 2264 1685 2299 vestigia
1711 2264 1836 2299 qtnedam

214 2317 285 2344 versi
311 2315 410 2342 milites
437 2314 475 2340 ttti
505 2311 742 2340 zcrcolasrubeas
771 2314 887 2345 gestent,
910 2316 998 2343 eoque

212 2373 291 2400 signo
314 2363 363 2391 toti
385 2364 487 2391 mundo
510 2365 568 2388 uolt
580 2360 635 2387 sint
649 2367 657 2386 :
672 2364 700 2386 tu
717 2364 780 2385 vero
801 2355 915 2383 zereolis
929 2355 999 2382 albis

213 2413 310 2439 utitor.
342 2410 399 2437 Non
427 2409 512 2436 multo
535 2410 596 2442 post
626 2405 755 2433 convenit
778 2402 887 2431 Urchan
914 2402 1000 2430 Gases

217 2461 373 2495 rrhgiosum
405 2457 549 2493 quemdam
573 2454 811 2484 Mahumctauutn,
827 2452 872 2477 cui
899 2456 1000 2476 nomen

218 2507 316 2534 Cliulis
340 2506 582 2538 Beetasesmtque
599 2502 623 2529 is
650 2500 712 2527 albo
738 2499 811 2535 pileo
839 2497 922 2531 capiti
941 2495 1002 2530 ejus

219 2555 356 2591 imposito,
377 2552 522 2580 illiusmodi
546 2549 687 2586 -tegminis
721 2555 800 2575 usum
829 2545 1002 2582 approbavit,

218 2589 277 2630 eta
308 2600 423 2636 posteris
450 2598 560 2626 retineri
582 2597 676 2632 jussit.
700 2593 836 2628 Quodque
855 2592 923 2618 adeo
949 2589 1004 2617 Ge-

221 2649 318 2680 nizari,
347 2647 395 2682 qtti
421 2644 644 2674 sultaniTurcici
659 2641 815 2677 sclopetarii
828 2644 904 2670 sunt,
921 2639 1002 2665 etiam

220 2704 294 2725 nunc
311 2693 444 2729 ejusmodi
472 2692 549 2730 pilcis
572 2696 697 2722 utuntur,
715 2690 740 2716 id
756 2688 790 2714 ab
810 2686 883 2714 illius
900 2691 1005 2719 tempo-

221 2743 259 2769 ris
277 2738 473 2768 consuetudine
496 2736 661 2770 profectum.
680 2736 707 2762 in
727 2733 890 2761 hodiernum
918 2737 1006 2764 usque

219 2791 290 2816 diem
307 2787 398 2814 durat.
423 2783 579 2818 Erautcjus
597 2783 686 2809 aetatis
704 2781 829 2808 homines
844 2778 1003 2811 ilaconipa-

220 2835 282 2866 rati;
305 2837 334 2859 ut
358 2831 441 2858 frater
475 2828 590 2857 consilia
615 2835 665 2855 sua
688 2834 749 2854 cum
767 2825 852 2852 fratre
880 2831 1006 2851 coturnu-

219 2880 324 2907 uicaret
342 2887 349 2906 :
365 2879 468 2913 quique
486 2875 641 2903 rectissime
671 2871 869 2903 consuluisset,
889 2871 917 2898 iu
945 2871 1006 2904 ejus

218 2927 381 2956 sententiam
407 2926 503 2953 lubens
540 2923 607 2950 alter
632 2921 698 2949 ibat.
735 2919 806 2946 Nulli
833 2919 936 2945 mutuis
975 2924 1004 2945 se

1051 2310 1229 2338 tedificiorum
1242 2309 1412 2342 admiranda,
1427 2317 1488 2344 qua:
1500 2310 1562 2337 istic
1580 2311 1614 2337 ab
1628 2310 1736 2338 excidio
1750 2310 1838 2344 Tl'Ojil:

1052 2357 1078 2383 in
1104 2358 1177 2384 hunc
1209 2364 1294 2392 usque
1327 2357 1400 2383 diem
1431 2361 1602 2385 manserunt.
1636 2357 1693 2389 Illa,
1721 2365 1785 2384 cum
1807 2366 1841 2383 ro

1053 2403 1185 2434 venisset,
1208 2410 1271 2429 cum
1299 2407 1412 2437 stupore
1429 2403 1546 2438 quodam
1572 2403 1723 2438 aspiciens,
1741 2405 1840 2431 tacitus

1054 2454 1081 2477 ct
1108 2449 1311 2482 cogitabundus
1351 2449 1385 2476 ad
1412 2449 1527 2484 aliquod
1559 2450 1691 2484 temporis
1718 2451 1840 2484 spatium

1056 2496 1092 2522 ita
1122 2496 1257 2529 substitit,
1289 2501 1318 2522 tit
1359 2497 1428 2523 nihil
1461 2497 1575 2524 omnino
1609 2497 1643 2524 ad
1676 2504 1843 2531 quemquam

1056 2543 1277 2578 proloqucretur.
1309 2542 1494 2575 Quamobrem
1523 2543 1592 2571 Eles
1616 2543 1712 2578 begus,
1733 2544 1843 2570 tandem

1055 2596 1085 2616 se
1110 2594 1272 2616 convertens
1311 2590 1345 2616 ad
1385 2589 1583 2622 Soleimanem,
1610 2589 1644 2616 Mt
1671 2590 1759 2623 Cliau,
1794 2592 1844 2622 ait,

1056 2636 1120 2671 quid
1153 2637 1222 2663 istuc
1241 2644 1317 2663 nova:
1344 2637 1382 2663 rei
1403 2635 1469 2663 est?
1487 2644 1611 2671 quaenam
1643 2637 1690 2664 tibi
1722 2638 1754 2663 :i.l
1787 2645 1846 2663 aut-

1056 2691 1131 2710 n.qu
1158 2683 1258 2710 accidit
1285 2683 1443 2718 prodigiosa
1460 2684 1590 2718 rogitato
1602 2685 1613 2709 ’ἰ
1623 2683 1692 2710 Tutu
1706 2684 1844 2711 Solcima-

1058 2738 1107 2758 nes
1128 2731 1218 2763 bassa,
1246 2730 1364 2762 illecum,
1378 2731 1478 2764 inquit,
1495 2731 1587 2757 animo
1605 2731 1695 2761 volvo,
1723 2738 1844 2763 quonam

1061 2777 1141 2804 tnodo
1183 2777 1249 2804 mihi
1277 2777 1520 2804 transmittendum
1549 2777 1602 2804 hoc
1630 2784 1705 2803 mare
1744 2777 1791 2808 sit,
1817 2782 1848 2802 ut

1059 2824 1168 2850 interitu
1198 2823 1374 2850 Christianos
1403 2829 1521 2850 conatus
1558 2824 1608 2850 iste
1642 2831 1719 2850 tuens
1750 2824 1846 2849 lateat.

1060 2871 1158 2902 Qua-so
1188 2875 1223 2903 te,
1251 2878 1303 2902 qua
1328 2878 1370 2896 Via
1399 2878 1455 2897 rem
1480 2869 1682 2904 aggrediemur.
1710 2869 1848 2904 [hec-igt-

1062 2918 1177 2944 tatioue‘s
1195 2925 1262 2944 mox
1279 2921 1354 2944 sunt.
1367 2917 1407 2943 Ad
1424 2925 1454 2943 ea
1466 2925 1526 2943 mox
1550 2915 1617 2942 unus
1643 2925 1674 2943 ac
1687 2915 1759 2943 Fosrl
1771 2917 1844 2950 beat,
