1962 3071
118 106 162 133 5ῦῆ

742 99 918 131 ANNALES
939 99 1107 132 TURCICI.

1683 101 1734 130 {viiii

117 159 233 193 Domine,
266 159 290 187 si
321 166 372 194 per
402 162 428 187 te
461 159 566 192 licebit,
584 159 725 195 inquiunt,
756 167 806 187 nos
844 159 1093 192 dqumanitate,
1115 166 1167 194 qna
1193 159 1218 185 in
1246 158 1307 186 illos
1333 158 1453 194 priores,
1487 157 1566 186 facile
1582 157 1637 186 duo
1660 159 1735 187 ist:rc

116 207 204 234 fretum
222 205 274 234 hoc
295 206 516 241 transiicie‘mus,
535 206 677 237 tcntaturi,
695 213 758 233 num
792 205 895 240 aliquid

116 260 127 280 ι
155 253 232 280 nobis
255 250 323 280 efﬁci
341 253 439 288 possit.
462 252 513 280 Ubi
542 260 620 285 vero,
649 253 766 288 subjecit
801 251 895 281 Solui-

77 305 82 311 '
115 306 210 333 manes,
229 299 409 334 transjecturi
435 298 525 327 estis?
542 298 631 326 Locus
646 298 691 327 hie
710 300 822 334 quidam
840 306 894 334 est,

113 346 241 381 inquiunt.
257 345 302 372 ubi
325 345 413 373 facilis
438 350 480 373 est
500 345 671 380 transiectio,
693 354 724 374 ex
750 347 896 375 intervallo

114 392 204 420 littoris
224 391 372 424 utriusque
387 399 441 419 non
457 396 567 427 magno.
594 391 665 419 Cum
683 393 709 419 id
725 392 896 422 Soleimanes

113 439 146 466 eis
162 444 188 465 nt
203 438 335 469 facerent.
350 438 534 472 permisisset,
556 439 645 466 locum
671 439 759 473 ipsum
782 441 894 473 adeunt,

114 485 192 513 trabes
221 492 253 513 ac
264 485 337 520 ligna
362 483 503 518 colligam,
520 489 605 512 ratem
636 486 799 520 coniiciunt,
820 492 896 514 trans

112 532 205 559 lretum
223 536 304 559 noctu
335 531 365 558 in
388 531 533 559 adversum
568 530 644 559 littus
672 533 824 567 appellunt,
851 542 896 568 per

114 579 196 605 vincas
214 581 301 605 semet
318 577 432 610 abdttnt,
451 578 580 605 idoneum
593 579 741 613 quemdam
768 579 896 608 instituto

113 631 155 650 suo
191 623 378 650 Christianum
407 623 531 658 capiunt.
560 622 629 650 Eum
665 631 732 651 vero
771 625 897 652 celeriter

112 673 260 706 abreptum,
289 671 397 705 ratique
435 671 609 705 impositum,
635 671 702 698 ltet'o
733 677 783 698 suo
815 672 898 700 Sulci-

112 717 189 749 ntani,
211 721 340 751 superato
358 721 469 744 rursum
507 716 589 750 freto,
615 717 728 746 sistunt.
754 716 777 745 Is
806 718 897 746 homi-

112 769 166 790 nem
191 762 310 797 benigne
322 763 459 797 excipere,
503 764 600 790 vestitu
617 771 688 791 novo
704 764 822 796 donare,
836 771 897 791 ntu-

112 808 216 836 aeribus
249 808 310 835 aliis
344 809 487 836 delinitutn
518 807 687 845 interrogare
707 819 713 837 :
732 809 824 845 Ecqua
852 811 895 838 via

947 203 1060 233 (ξι-πρίω
1084 211 1174 232 castra
1203 213 1282 232 suatn
1308 206 1335 232 in
1365 210 1529 240 potesmtem
1563 207 1735 241 redegerunt.

949 250 1050 278 [larum
1083 257 1184 284 rerum,
1211 254 1264 279 tam
1299 250 1417 279 feliciter
1431 252 1457 279 in
1477 249 1610 278 Romania‘
1644 256 1736 286 gesta-

947 303 1019 328 rum,
1050 296 1122 325 fama
1137 304 1198 325 cum
1214 297 1261 331 {ad
1284 294 1390 325 Turcos
1421 297 1447 324 lu
1465 298 1557 325 Asiam
1572 303 1647 325 trans
1663 303 1737 325 litare

947 345 1050 380 perlata
1079 344 1409 380 inisset.‘quampluritni
1429 350 1525 380 sponte
1543 353 1591 372 sua
1621 347 1736 380 transje—

948 395 1055 423 cerum,
1083 395 1165 425 atque
1193 390 1245 417 hoc
1265 391 1346 418 modo
1379 391 1482 426 passim
1506 397 1553 425 per
1581 391 1735 418 universum

948 436 1111 465 Roman‘iam
1125 436 1227 464 diditus
1239 443 1280 464 est
1294 438 1326 464 de
1342 437 1494 464 Turcorunt
1504 436 1621 464 adventu
1632 445 1735 464 rumor.

948 480 1041 519 Neque
1058 483 1144 511 multo
1157 486 1218 518 post
1234 483 1367 518 praemissi
1396 483 1483 518 fuere,
1507 483 1553 518 qui
1578 483 1736 518 Callipolim

948 535 1095 558 tentarent.
1112 531 1179 566 Ejus
1193 531 1243 558 loci
1257 530 1386 567 Teggiur,
1400 532 1592 559 animadverso
1612 536 1663 558 tam
1673 541 1735 564 suo,

947 581 1029 612 quam‘
1060 583 1173 606 suorum
1210 578 1342 613 periculo,
1377 579 1554 613 collectisque
1583 579 1736 613 perexiguis

947 623 1168 651 Christianorum
1197 624 1295 658 copiis,
1317 624 1441 651 animose
1463 632 1524 651 cum
1552 622 1649 651 Turcis
1668 632 1738 650 con-

947 666 1034 698 fiixit:
1051 671 1097 698 sed
1112 671 1207 706 prarlio
1225 671 1324 703 rictus,
1338 671 1407 697 intra
1425 670 1603 697 munitionem
1619 679 1647 698 se
1660 679 1736 697 rece-

947 717 996 752 pit.
1023 715 1104 744 Turci
1134 717 1240 744 hostem
1253 725 1279 743 \a
1297 723 1373 751 tergo
1403 717 1502 749 secuti,
1518 725 1611 751 agrum
1625 725 1733 744 Omnem

947 768 1094 797 occupant,
1112 767 1138 789 ct
1166 763 1192 789 in
1212 762 1299 789 reditu
1332 763 1418 796 ipsam
1447 768 1556 797 queque
1581 762 1735 797 Callipolim

947 808 999 836 sibi
1028 816 1090 836 cum
1108 816 1172 836 arce
1198 808 1358 844 subjiciunt.
1388 807 1501 836 Factum
1524 810 1577 836 hoc
1593 817 1666 836 anno
1680 806 1738 836 illa—

111 853 142 882 sit
165 854 192 881 in
206 854 337 889 oppidum
350 854 498 882 adversum
512 855 703 890 perveniendi,
724 853 891 884 Christianis
906 850 931 880 B
945 856 1094 883 humetano
1109 855 1159 883 758
1175 854 1250 890 (Chr.
1264 852 1357 889 I357).

112 901 200 928 mseiis
216 905 245 928 et
275 900 497 936 imprudentibus
514 901 526 928 i
541 900 605 929 Mox
630 902 674 930 ille
687 907 698 930 ε
711 902 814 931 Ducam
845 911 894 931 vos

112 947 242 982 equidem,
261 947 310 979 ait.
338 953 387 982 per
412 948 548 982 ejusmodi
577 948 660 981 viam,
685 954 715 977 ιιι
744 957 758 977 a
785 951 895 978 nemine

112 993 326 1028 conspiciamitti.
359 993 585 1028 Quointellecto,
615 996 742 1032 col‘ligari
772 997 894 1032 complu-

111 1046 154 1068 res
175 1039 287 1068 arbores
303 1039 475 1069 Soieimanes
493 1042 621 1077 imperat,
646 1041 765 1072 Dictum.
779 1041 892 1070 factum.

111 1087 137 1116 in
169 1092 229 1115 eam
265 1091 363 1121 ratem,
411 1093 518 1116 summa
554 1095 619 1116 usus
643 1089 795 1121 celeritate,
831 1097 893 1117 cum

111 1132 279 1172 septuaginta
307 1136 350 1164 vel
376 1135 516 1170 octoginta
548 1135 661 1163 selectis
688 1135 822 1163 militibus
847 1136 892 1162 in-

110 1182 174 1213 silit,
204 1189 239 1208 ac
260 1186 342 1208 noctu
367 1181 514 1215 hamjteit.
539 1177 638 1215 Magna
659 1180 760 1208 deinde
785 1181 894 1208 solertia

111 1229 247 1260 ducuntur"
271 1236 286 1255 a
313 1229 422 1262 captivo
440 1225 599 1255 Christiano
629 1225 665 1254 ad
687 1231 808 1254 castrum
842 1226 895 1255 Ze-

111 1274 258 1308 tnenicum,
283 1275 310 1302 in
334 1275 414 1308 cuths
442 1274 520 1301 aditu
545 1273 657 1308 quidam
680 1279 697 1301 ε’
716 1273 781 1301 ﬁmo
815 1275 894 1309 quasi

110 1322 228 1349 tumulus
256 1321 327 1349 situs
360 1323 442 1353 erat,
471 1320 560 1356 ipsius
594 1320 678 1348 castri
721 1320 893 1349 altitudinem

110 1375 228 1402 :qttans.
247 1367 367 1395 Aberant
378 1371 471 1395 castra
490 1367 596 1399 incolae,
612 1367 740 1394 nim'iru'm
757 1367 802 1394 illo
827 1371 896 1395 tem-

112 1421 174 1449 pore
184 1413 259 1447 anni,
274 1421 330 1449 quo
351 1413 511 1448 colligendis
525 1420 557 1440 ac
573 1412 736 1441 trirurandis
753 1413 894 1449 segetibus

111 1460 225 1495 quisque
255 1460 323 1488 toris
349 1461 469 1488 intentus
479 1463 548 1488 erat.
568 1456 624 1487 Hac
637 1460 795 1489 solitudinis
816 1467 896 1488 occa-

110 1508 185 1536 sioue
209 1508 264 1540 usi,
279 1512 361 1535 noctu
375 1512 422 1543 per
438 1506 518 1534 iitum
538 1508 644 1545 timum,
663 1515 745 1543 quem
760 1507 894 1541 diximus,

110 1555 137 1582 in
165 1561 286 1582 castrum
298 1554 695 1590 evadunt,eoque'potiuntur‘.
722 1552 802 1583 Nulla
816 1555 896 1590 vulgo

113 1601 329 1629 Jhristianarum
360 1601 433 1629 illata
456 1602 498 1630 vis
526 1601 587 1634 fuit,
628 1604 676 1629 alit
706 1601 807 1637 injuria
828 1602 896 1630 :sed

109 1646 231 1676 exhibita
257 1646 564 1682 potiUsbenevoietlti‘a,
577 1646 697 1683 dataque
719 1648 894 1676 munuséula.

111 1694 147 1722 De
172 1693 319 1730 praecipuis
348 1699 439 1722 autem
461 1695 535 1731 capti
550 1695 674 1730 quidam,
700 1696 729 1722 et
746 1695 779 1722 ad
790 1695 896 1730 navigia

108 1740 233 1773 deducti,
265 1747 326 1775 quae
353 1740 419 1770 istic
442 1741 562 1776 inportu
595 1745 788 1776 repertasnnt,
821 1745 897 1768 trans

109 1787 220 1817 fretum,
244 1790 294 1821 pro
327 1784 455 1813 victoria
480 1788 655 1820 argumento,
688 1785 722 1813 ad
760 1786 897 1820 reliquum

109 1831 267 1860 exercitum
278 1831 355 1860 mis’si
369 1831 491 1859 fuerant.
506 1831 615 1859 Eisdem
631 1831 749 1867 navigiis
765 1834 793 1859 in
808 1832 896 1860 reditu

108 1876 171 1911 phis
191 1877 283 1905 minus
313 1876 428 1904 ducenti
463 1876 567 1904 milites
595 1876 755 1910 transvecti,
786 1885 815 1904 sc
836 1881 897 1905 cum

107 1923 277 1955 Soicithane,
294 1923 457 1959 water-isque
479 1921 586 1955 Turcis,
604 1924 630 1950 i'n
661 1923 761 1958 oppido
779 1924 897 1958 conjun-

107 1974 222 1998 somn.
260 1969 325 1997 Inde
359 1975 426 1997 cum'
455 1969 570 1997 navibus
608 1969 732 2004 aliquot,
760 1969 899 2005 equitibus

105 2017 194 2044 «ista
217 2017 373 2048 instructis,
408 2015 460 2050 qui
488 2017 560 2042 terra
577 2015 630 2042 iter
650 2015 783 2048 tacerent,
810 2015 900 2043 Bolai-

106 2071 169 2091 rem
189 2062 263 2090 ﬂes
278 2063 367 2096 begus'
383 2063 472 2097 petiit.
504 2061 553 2089 Est
574 2067 667 2089 autem
684 2066 797 2096 propter
810 2062 900 2089 Boisi-

106 2116 165 2138 rem
178 2109 400 2145 porttrs.mari‘s.
418 2109 465 2140 qui
492 2107 593 2136 Portus
615 2108 697 2136 rebus
718 2109 829 2135 dicitur.
861 2108 899 2134 Eo

104 2158 132 2184 in
155 2162 240 2192 porta
266 2156 415 2190 courpiura
440 2155 548 2191 navigia
587 2159 652 2182 tunc
678 2159 768 2189 erant,
797 2156 899 2190 Quibus

983 900 1067 937 Capta
1093 901 1231 938 Gallipoli,
1258 910 1323 930 suos
1354 902 1525 931 Suleimanes
1559 904 1676 939 ablegat,
1708 909 1738 932 ut

949 955 1030 983 agros
1045 946 1188 984 Chcrepoli
1213 953 1240 976 ct
1261 950 1341 976 Zorlo
1356 948 1462 976 vicinos
1488 949 1696 984 popularentur,
1712 955 1741 977 ct

949 995 1021 1022 ferro
1037 999 1119 1030 atque
1141 995 1196 1030 igni
1213 999 1354 1022 vastarent
1369 1003 1376 1022 :
1396 991 1444 1030 qui
1460 995 1541 1030 longe
1567 995 1675 1030 lateque
1699 995 1741 1022 tli-

949 1042 1032 1076 reptis
1047 1041 1184 1074 omnibus,
1215 1042 1320 1077 absque
1344 1045 1419 1069 mora
1452 1040 1608 1076 Callipolim
1639 1035 1740 1069 reversi

949 1090 1023 1116 sitnt.
1037 1084 1156 1116 Habebat
1170 1095 1265 1115 secum
1283 1089 1351 1115 ducs
1367 1095 1397 1115 ex
1419 1088 1493 1116 omni
1509 1093 1625 1116 numero
1643 1096 1740 1123 proce-

949 1138 1009 1161 rum
1022 1135 1105 1162 d'nces
1122 1134 1249 1167 eximios,
1267 1133 1437 1162 EurenOsem
1457 1134 1568 1170 begum‘,
1587 1139 1614 1162 et
1626 1134 1738 1162 Chasim

949 1180 1018 1208 Elim
1034 1181 1145 1216 begum.
1163 1180 1195 1208 Hi
1210 1181 1315 1208 nullam
1331 1180 1499 1208 Christianis
1520 1180 1628 1215 tempus
1644 1183 1658 1207 a
1674 1188 1738 1215 per-

949 1227 1039 1262 petuis
1050 1227 1242 1255 vexationibus
1260 1232 1375 1255 vacuum
1393 1227 1557 1262 relinquere,
1577 1227 1623 1255 sed
1637 1227 1740 1262 absque

949 1273 1154 1302 intermissione
1170 1272 1305 1301 Dimotuci
1322 1281 1354 1301 ac
1370 1270 1536 1309 Burgosiues
1549 1282 1630 1309 agros
1647 1281 1739 1309 agere,

950 1320 1034 1353 terre,
1050 1327 1170 1355 moxque
1203 1327 1267 1348 cum
1297 1320 1356 1348 Suis
1383 1319 1536 1353 Callipolim
1557 1329 1586 1348 se
1608 1319 1740 1356 recipere.

950 1366 1018 1393 Dum
1046 1366 1080 1393 ab
1097 1365 1152 1394 illis
1172 1371 1203 1393 ea
1221 1369 1368 1401 geruntur,
1386 1365 1557 1393 Soleimaues
1573 1367 1653 1394 bassa
1671 1375 1740 1401 quo-

950 1410 1013 1440 dam
1031 1411 1078 1440 die
1104 1417 1232 1440 venatum
1248 1412 1278 1439 in
1297 1419 1370 1447 equo
1385 1412 1475 1447 prodit
1492 1431 1500 1445 ,
1517 1412 1682 1448 inventoque
1705 1413 1740 1440 le-

950 1464 1026 1492 pore,
1044 1465 1106 1485 mox
1125 1458 1200 1485 illum
1231 1461 1261 1486 ut
1292 1462 1411 1493 caperet,
1440 1459 1541 1494 equum
1562 1458 1594 1485 ad
1627 1466 1738 1486 cursum

950 1505 1036 1540 adigit
1054 1514 1061 1533 :
1080 1506 1128 1541 qui
1156 1502 1228 1532 forte
1244 1505 1356 1533 fortuna
1381 1506 1451 1540 pede
1481 1505 1567 1532 altero
1584 1505 1694 1533 delatus
1711 1505 1739 1532 in

949 1552 1075 1580 Scrohem
1092 1552 1251 1587 quamdam,
1264 1560 1318 1580 una
1331 1560 1394 1580 cuin
1415 1552 1527 1580 domino
1539 1553 1654 1585 corruit,
1665 1560 1739 1579 enin.

948 1602 1003 1633 qu'c'
1017 1598 1058 1626 sic
1087 1598 1164 1626 humi
1183 1598 1281 1626 alilixit
1296 1619 1303 1632 ,
1323 1603 1354 1626 ut
1371 1598 1471 1626 ibidem
1490 1599 1636 1626 confestim
1650 1600 1740 1634 exspi-

948 1649 1030 1676 raret.
1047 1652 1119 1672 anno
1140 1644 1334 1672 Mahumetauo
1351 1645 1402 1673 759
1418 1645 1495 1680 (cur.
1513 1645 1604 1680 1557).

984 1685 1083 1718 Eodem
1107 1694 1227 1726 tempore
1256 1697 1381 1718 mortuus
1399 1696 1442 1718 est
1466 1691 1549 1718 etiam
1567 1690 1737 1719 Soleintanes

947 1737 1034 1766 bassa‘.
1049 1742 1134 1773 pater,
1151 1733 1263 1766 U‘rehan
1281 1738 1377 1766 Gases.
1395 1738 1448 1766 Sed
1464 1738 1538 1767 [ilius
1556 1740 1664 1768 duobus
1677 1745 1741 1767 ante

947 1789 1051 1820 patrem
1070 1785 1211 1813 mensibus
1221 1785 1375 1813 exstinctus
1391 1791 1444 1813 est.
1460 1785 1599 1814 Successit
1612 1787 1639 1814 in
1656 1787 1741 1821 impe-

949 1833 989 1859 rio
1003 1835 1119 1867 paterno
1132 1829 1217 1861 Casus
1236 1832 1356 1860 Murates
1380 1833 1467 1864 Chan.
1482 1832 1529 1869 qui
1544 1830 1658 1861 Prusam
1677 1841 1741 1868 pro-

949 1877 1048 1912 fectus,
1083 1881 1212 1914 magnum
1240 1886 1274 1906 ex
1290 1878 1423 1907 Carasina
1445 1879 1566 1914 regione,
1580 1879 1742 1913 ueterisque

949 1923 1110 1957 provinciis,
1127 1924 1276 1951 exercitum
1290 1924 1410 1959 collegit.
1436 1925 1501 1952 Erat
1518 1925 1544 1952 in
1571 1925 1680 1952 civitate
1692 1925 1742 1951 Bc-

950 1970 1043 2003 lezuga
1059 1967 1268 1997 Mahumetanus
1289 1969 1413 2005 quidam,
1430 1970 1574 2005 religiosus
1589 1976 1615 1998 et
1635 1979 1741 2006 magna:

950 2017 992 2043 vir
1003 2017 1227 2050 existimationis,
1244 2017 1291 2045 cui
1310 2025 1409 2045 nomen
1427 2017 1593 2045 chderlues
1606 2017 1739 2045 Cheliles.

950 2061 1020 2089 Eum
1032 2063 1062 2090 ad
1078 2070 1107 2090 sc
1120 2063 1445 2092 vocatum.Cadilescheri
1455 2063 1545 2092 oﬂicio
1559 2064 1632 2100 iungi
1645 2065 1740 2100 jussu.

951 2107 1020 2137 Hinc
1037 2111 1100 2136 cum
1112 2116 1257 2139 oeconomo
1283 2112 1364 2147 regite
1385 2120 1442 2140 sua:
1467 2111 1611 2145 Scachine,
1630 2121 1662 2140 ac
1679 2114 1742 2139 nni-

952 2155 1039 2183 ver‘sis
1055 2156 1153 2191 copiis,
1171 2156 1326 2192 Callipolim
1357 2159 1508 2193 transjccit,
1525 2167 1558 2186 ac
1585 2165 1657 2186 recta
1672 2159 1740 2186 Zor-

104 2203 171 2237 igne
200 2203 309 2238 injecto
317 2202 483 2237 absumptis,
497 2200 673 2229 Zemen‘rcum
700 2202 803 2229 reversi
811 2208 876 2229 sunt
889 2222 896 2234 ,
911 2214 938 2244 Β
953 2200 1009 2228 lum
1023 2202 1176 2230 contendit.
1193 2202 1260 2236 Ejus
1281 2203 1331 2231 loci
1349 2205 1510 2239 prmsidiarii
1530 2210 1556 2232 et
1572 2206 1669 2232 incolae
1687 2206 1743 2232 toi--

102 2253 130 2276 et
156 2249 295 2284 reliquum
324 2248 489 2280 exercitum;
513 2248 632 2275 navibus
662 2249 832 2283 impositum,
870 2249 897 2275 in

104 2295 552 2330 Europanrtransportaruntﬂoc
566 2295 647 2322 modo
675 2294 757 2322 Turci
779 2295 896 2330 primum

104 2341 132 2368 in
140 2341 288 2369 Graeciam
301 2341 397 2376 pedem
411 2341 577 2368 intulerunt.
597 2340 737 2375 Occupato
750 2341 896 2368 Zemenico

103 2395 172 2415 cum
194 2392 317 2422 magnus:
331 2387 389 2420 jatu‘
400 2387 701 2415 Tureorum'numerus
721 2388 748 2414 in
763 2387 898 2416 Graeciam

101 2441 185 2462 trans
210 2441 287 2462 mare
315 2434 497 2469 parauisset,
525 2432 611 2462 nul’lis
635 2435 766 2462 oneribus
798 2435 898 2463 moles-

102 2483 190 2510 tiisve
206 2480 372 2512 Christiani,
399 2481 433 2508 ald
456 2481 586 2515 oppidum
621 2481 685 2507 illud
716 2481 897 2516 pertinentes,

101 2530 139 2556 ab
166 2529 211 2556 eis
227 2527 334 2563 gravati
348 2532 424 2559 sunt,
447 2527 499 2554 sed
511 2531 683 2554 transactum
699 2527 769 2554 inter
795 2532 898 2554 utram-

99 2582 163 2610 que
177 2580 286 2609 partem
309 2574 516 2609 constitutaque
529 2580 593 2608 pax.
605 2573 668 2600 Non
678 2576 777 2600 uxores
791 2581 898 2605 eorum,

101 2628 164 2648 non
181 2621 265 2648 libern-
287 2620 393 2652 violati,
410 2620 459 2647 sed
488 2626 523 2645 ea
540 2627 601 2646 cum
615 2617 696 2654 315
713 2619 900 2646 moderatiune

102 2667 208 2699 habiti,
234 2673 267 2694 IW
282 2666 437 2694 Zemenic‘o
457 2665 569 2700 ﬁnitimi}
585 2666 735 2694 Christiani
751 2667 899 2700 perluben—

101 2718 147 2741 tu
158 2723 191 2741 ue
203 2713 301 2740 Turcis
315 2713 521 2740 submitterent“;
532 2712 554 2737 Α
568 2711 713 2739 Zemenieo
737 2719 791 2738 non
820 2709 906 2747 Ibn'gc'

100 2761 194 2788 dictat
224 2760 304 2787 aliud
339 2759 481 2794 oppidum,
513 2759 755 2793 Agaslevina,quo
783 2763 812 2785 et
839 2759 900 2792 ipso

101 2807 186 2834 nullo
214 2809 326 2842 negotio
352 2805 440 2840 potiri,
468 2812 531 2832 cum
565 2805 728 2832 Christianis
754 2805 814 2840 ejus
843 2806 902 2840 agri

100 2861 204 2888 pacem
233 2856 413 2887 componunt,
446 2852 596 2885 eademque
626 2851 653 2878 in
687 2853 736 2888 hos
767 2852 809 2878 usi
849 2852 901 2880 hu—

273 2899 410 2929 t'a'rnoc.
424 2898 482 2928 Gtt.
504 2897 606 2928 CLIX.

952 2248 1056 2275 tissime
1080 2249 1188 2283 quidem
1209 2250 1247 2276 illi
1271 2258 1301 2277 se
1328 2251 1522 2283 defendebant,
1548 2252 1595 2278 scd
1610 2252 1740 2286 oppidum

949 2299 1039 2322 tamen
1056 2302 1241 2331 expugnatum
1257 2298 1280 2324 vi
1299 2297 1362 2325 fuit.
1383 2297 1468 2333 Capta
1485 2299 1583 2325 deinde
1603 2298 1658 2330 Sis,
1671 2297 1741 2333 Teg-

950 2342 1026 2375 giure
1041 2342 1205 2370 deditionem
1222 2343 1349 2371 faciente.
1366 2344 1425 2372 Mox
1438 2344 1506 2372 itutn
1519 2352 1616 2372 versus
1632 2345 1739 2379 Burgo~

950 2390 1040 2423 sinon,
1070 2398 1131 2425 quae
1167 2392 1276 2419 inventa
1318 2392 1368 2419 fuit
1406 2392 1605 2420 habitatoribus
1644 2401 1740 2426 vacua,

950 2433 1113 2465 Christianis
1129 2435 1192 2474 fuga
1215 2439 1328 2473 dilapsis
1345 2447 1352 2465 :
1370 2439 1488 2475 ideoque
1511 2440 1610 2467 Turcis
1630 2441 1739 2475 ingrcs-

950 2491 999 2511 sus
1015 2493 1022 2516 ;
1041 2484 1103 2519 igne
1118 2485 1216 2512 deleta.
1232 2485 1270 2512 Ex
1287 2487 1371 2513 altera
1385 2492 1462 2521 parte
1479 2487 1599 2522 regionis
1616 2488 1738 2514 lﬁurcuo-

951 2538 995 2558 ses
1009 2531 1093 2565 begus
1121 2539 1195 2558 arma
1212 2540 1273 2559 cntn
1294 2532 1377 2559 Chazi
1407 2533 1446 2560 Eli
1466 2534 1533 2568 bego
1545 2533 1715 2561 circumtulit
1732 2543 1738 2560 :

951 2585 965 2603 a
982 2577 1082 2611 quibus
1098 2577 1130 2604 ad
1141 2586 1250 2605 amnem
1265 2578 1393 2606 Merizam
1409 2585 1571 2615 occupatum
1583 2579 1740 2609 iuitcaatcl-

952 2622 1020 2656 lum,
1035 2623 1079 2650 cui
1094 2629 1122 2651 et
1139 2624 1190 2658 ipsi
1215 2632 1317 2652 nomen
1335 2625 1438 2661 Burgus
1458 2636 1464 2653 :
1489 2627 1615 2663 adeoque
1634 2629 1669 2655 ab
1690 2628 1743 2655 but:

951 2675 1051 2697 eventu
1081 2670 1108 2697 in
1139 2671 1302 2699 hodiernum
1326 2681 1414 2708 usque
1431 2673 1501 2701 diem
1522 2668 1579 2702 Elis
1595 2675 1655 2709 ιιεεὶ
1673 2675 1742 2701 Βιιῐ-

952 2723 1001 2751 gos
1016 2717 1128 2744 dicitur.
1145 2714 1174 2745 In
1187 2725 1220 2745 eo
1235 2719 1348 2747 castello
1369 2720 1469 2748 Cltazis
1489 2720 1607 2756 Elbegus
1623 2721 1742 2748 interdiu

952 2764 1040 2798 quieti
1054 2771 1083 2790 se
1094 2764 1174 2791 dabat
1195 2772 1203 2791 :
1220 2765 1267 2793 scd
1284 2771 1376 2800 postea
1400 2775 1481 2799 quom
1502 2774 1555 2794 nox
1574 2766 1743 2802 :tppetiisset.

954 2810 1093 2843 perpetuis
1108 2810 1321 2838 excursionibus
1336 2811 1457 2838 vicissim
1470 2812 1594 2847 quietetn-
1608 2811 1745 2839 Christia-

954 2848 1053 2881 noru‘tn
1074 2856 1211 2883 tttrbahat.
1233 2856 1306 2884 idem
1323 2857 1416 2886 missis
1433 2858 1665 2893 exploratoribus,
1693 2857 1744 2884 im-

1477 2904 1515 2934 19
