1962 3071
225 133 280 164 {s87

858 123 958 153 ANNA
966 122 1033 152 LE3
1052 123 1074 152 'l'
1081 121 1222 152 URCICI.

1798 119 1854 151 5‘83

190 176 193 182 ί
223 190 385 226 prudentem
400 186 533 214 Dimotuci
549 183 712 220 Teggiurem
725 181 863 217 oppressit
876 186 903 208 ct
923 182 1008 208 inter-
1026 184 1046 211 Α
1063 179 1127 206 libet
1141 179 1257 206 aliarum
1279 185 1381 210 rerum,
1400 177 1496 212 quinta
1513 183 1629 212 quaeque
1642 174 1792 226 portiojuri
1803 175 1854 202 Pa-

223 237 305 272 cepit,
318 241 398 270 atque
416 235 467 260 hoc
481 231 562 260 modo
576 235 688 265 captum
701 229 735 256 atl
752 228 843 263 oppidi
855 229 955 255 mmnia
965 228 1011 254 dc-

224 276 310 308 dnxit.
328 280 394 307 Cum
412 279 437 305 in
453 277 540 304 hostis
553 280 687 310 potestate
700 274 879 302 constitutum
894 272 1012 308 Teggiu-

224 336 282 355 rem
306 334 383 354 sutnn
402 330 456 352 tam
477 323 617 358 oppidani,
646 329 727 356 quam
755 323 826 348 areis
849 320 1011 355 praesidiarii

224 375 356 403 viderent,
375 372 455 398 Certis
471 368 673 397 conditionibus
699 376 760 395 cum
779 367 863 394 Chazi
881 367 922 394 Eli
944 367 1011 399 bcgo

223 419 388 453 transigunt,
406 417 486 452 eique
501 416 639 442 civitatem
651 422 714 442 cum
732 422 794 441 arce
812 414 924 441 dedunt.
937 412 1013 439 Nihi-

223 465 342 492 Iomiuus
358 463 450 496 Turci,
468 462 608 489 deditione
623 461 706 494 facta,
720 461 881 496 Teggiurcm
894 459 1011 487 liberum

222 517 248 538 rt
263 511 426 538 incolumt'm
445 509 519 536 abire
543 507 716 543 permittunt.
733 507 875 534 Dimotuco
897 506 1011 541 potitus,

222 557 350 592 Ypsalam
377 565 439 585 cum
458 556 578 584 exercitu
597 555 696 589 pergit,
716 559 746 582 ut
765 559 791 581 et
809 553 873 580 illud
883 553 1011 588 oppidum

220 607 398 638 expugnaret,
423 611 454 630 ac
470 603 520 630 sub
536 601 632 636 jugum
652 600 785 627 mitteret.
803 599 906 626 Interea
924 599 1011 626 Gascs

221 651 301 677 etiam
322 649 442 676 Murates
465 649 490 676 iu
507 649 591 675 armis
603 652 672 679 erat,
689 645 912 680 Hadrianopolim
931 646 1012 672 inva-

223 703 316 722 surus.
335 693 468 721 Prmmisit
481 701 545 720 vero
560 692 734 722 Scachinem,
746 698 918 718 mcouomum
931 690 1013 724 regite

221 749 289 774 suae,
307 748 368 768 cum
387 745 463 774 parte
476 739 627 774 copiarum,
654 738 700 772 qui
730 737 763 764 de
776 737 941 764 Christianis
966 744 1013 771 pc-

221 788 339 815 ricttlum
357 787 471 819 faceret,
502 787 612 814 hostine
641 785 751 812 obviam
768 783 842 816 ituri,
869 791 951 818 seque
965 783 1013 809 de-

222 835 323 862 fensuri
349 838 453 861 essent.
472 833 558 868 llujus
575 833 692 859 adventu
716 831 839 866 cognito,
860 829 1010 857 Christiani

222 889 285 908 mox
304 882 331 908 in
346 881 432 908 aciem
454 881 585 907 adversus
610 887 673 906 eum
698 879 845 913 prodeunt.
876 876 1010 912 liti-inque

220 929 379 956 dimicatum
393 927 539 958 acerrime,
562 926 655 952 multis
668 924 702 951 ab
724 929 840 958 utraque
859 929 936 958 parte
954 931 1011 951 ca:-

221 976 259 1003 sis
273 979 299 1002 et
314 973 493 1009 interemptis.
514 972 636 1009 Tandem
649 971 683 999 de
697 972 794 998 ardore
807 975 891 1005 atque
906 971 1009 1006 impetu

221 1030 271 1049 suo
291 1020 440 1048 Christiani
460 1007 585 1048 nonnihil
601 1017 742 1052 remisere,
754 1025 839 1052 seque
852 1017 922 1044 intra
947 1025 1010 1044 mu-

223 1077 267 1096 ros
285 1067 362 1095 urbis
379 1072 406 1094 et
427 1066 632 1102 propugnacula
657 1069 831 1100 receperunt.
848 1064 1009 1097 Scachines,

221 1109 305 1142 misso
320 1113 428 1145 nuntio,
447 1113 581 1141 Muratem
597 1111 697 1139 Gasem
714 1111 752 1139 rei
769 1111 837 1138 bene
851 1117 933 1146 gesta;
950 1119 1010 1138 cer-

221 1151 317 1187 tiorem
331 1160 409 1192 facit,
428 1160 508 1195 eique
528 1158 617 1194 capita
636 1153 776 1186 caesorum
795 1157 898 1192 aliquot
921 1163 1011 1185 trans-

221 1207 314 1234 mittit.
327 1205 438 1234 luterlm
460 1207 543 1241 begus
562 1211 690 1240 uterque,
717 1204 817 1231 Chazis
836 1204 866 1231 El
880 1208 906 1231 et
923 1203 1010 1232 Eure-

220 1261 302 1279 noscs
318 1261 379 1279 cum
405 1251 518 1278 Muralis
543 1251 666 1278 exercitu
681 1258 746 1278 suas
762 1250 936 1289 coniungunt
960 1257 1010 1277 co-

220 1300 279 1333 pias
295 1307 302 1325 :
316 1303 344 1326 et
368 1299 454 1325 aciem
474 1298 590 1333 primam
612 1296 788 1328 sortiti,ante
805 1295 939 1324 Muratem
956 1295 1010 1323 Ha-

219 1345 403 1378 drianopolim
435 1348 510 1371 recta
529 1343 642 1370 ducunt.
657 1342 811 1370 Admodum
829 1342 854 1369 id
878 1342 1009 1376 temporis

221 1391 319 1418 Meriza
334 1390 441 1422 ﬂuvius,
451 1390 567 1417 aliarum
583 1396 715 1424 aquarum
728 1389 1006 1422 accessioneauctus,

187 1429 191 1432 ”
221 1440 397 1464 intumuerat.
414 1435 598 1468 Quamobrem
619 1435 697 1462 urbis
713 1434 843 1469 Teggiur,
868 1435 1008 1463 intellecto

222 1485 338 1510 adventu
356 1483 488 1515 hostium,
516 1481 607 1508 navim
623 1481 765 1515 ingressus
781 1479 886 1516 anum
915 1481 1010 1516 profu-

1065 225 1178 253 tiscachi
1192 224 1280 252 cedat.
1310 224 1340 251 Et
1355 232 1404 252 cur
1421 224 1493 251 illam
1512 231 1562 251 vos
1574 231 1629 250 non
1647 222 1779 257 exigitis?
1798 222 1854 249 Mo-

1065 272 1144 298 uitus
1158 279 1223 306 ergo
1250 271 1472 303 Cadileschcrtts,
1487 270 1550 298 Casi
1580 269 1678 296 Murati
1692 269 1777 296 Chani
1796 277 1854 296 rem

1065 317 1193 352 exposuit
1207 326 1214 344 τ
1232 324 1313 351 aquo
1330 325 1491 352 responsutn
1506 316 1577 349 tulit,
1594 321 1634 348 ut,
1653 315 1787 351 siquidem
1803 316 1855 342 hoc

1065 363 1110 391 Dei
1126 363 1288 390 mandatum
1308 363 1354 395 sit,
1372 363 1486 390 omnino
1503 363 1547 397 lus
1563 369 1642 389 suum
1659 366 1786 396 urgeant.
1802 362 1855 395 lgi-

1065 416 1108 438 tur
1134 411 1269 438 arcessito
1285 409 1318 436 ad
1337 417 1366 436 se
1384 409 1455 436 Cara
1473 408 1605 436 Rusteme
1622 416 1630 434 :
1645 407 1791 439 Volumus,
1815 407 1856 433 iu-

1069 457 1177 491 quiunt,
1190 464 1205 481 o
1217 461 1310 483 sancte
1323 455 1373 486 vir,
1385 459 1414 482 ut
1429 455 1487 489 ipse
1499 454 1544 481 Dei
1556 454 1714 481 mandatum
1724 461 1855 487 exsequa-

1065 505 1113 531 ris.
1131 503 1177 530 Ille
1190 502 1345 536 Callipolim
1376 501 1527 536 protectus,
1549 501 1648 529 ibidem
1674 500 1726 528 sibi
1741 500 1856 527 domici-

1067 549 1132 576 lium
1166 549 1309 576 constituit
1328 557 1335 575 :
1354 556 1386 575 ac
1404 555 1452 582 pro
1477 547 1598 582 quoiibct
1624 547 1762 582 mancipio
1777 547 1856 573 Chr)-

1064 596 1164 627 stiauo,
1182 600 1256 622 trans
1275 602 1352 621 mare
1372 594 1506 627 vehendo,
1519 601 1615 628 aspros
1625 592 1855 629 vigintiquinque

1064 650 1078 669 a
1092 641 1188 668 Turcis
1205 641 1303 675 exegit.
1321 640 1353 667 Et
1371 646 1497 668 auctores
1531 641 1613 675 hujus
1637 640 1790 667 cxactionis
1816 639 1854 665 illi

1063 690 1117 716 duo
1137 689 1222 721 luere,
1240 696 1310 723 quos
1324 688 1464 715 diximus:
1481 694 1509 714 ut
1527 687 1658 715 nimirum
1674 687 1775 722 quinta.-
1791 686 1855 714 Cui-

1064 735 1136 770 lipoli
1155 742 1204 769 pro
1225 735 1333 762 sultano
1347 734 1502 761 Turcorum
1518 734 1664 768 hodieque,
1677 738 1732 760 tam
1750 733 1854 760 inauri-

1064 782 1170 816 piorum
1193 780 1315 819 nomine,
1341 788 1424 815 quam
1443 780 1613 814 reliquorum
1630 779 1781 814 spoliorum
1796 779 1854 806 evi-

1065 831 1175 863 gantur.
1196 826 1258 854 Fuit
1284 831 1310 854 et
1332 827 1366 853 ab
1386 825 1530 853 Eurcnose
1547 826 1614 861 bego
1632 826 1809 861 postulatum,
1825 831 1854 852 ut

1066 874 1093 900 in
1118 881 1196 901 usum
1224 872 1402 908 magistratus
1425 871 1547 907 supremi
1577 871 1703 906 quintum
1723 873 1853 906 quodque

1062 919 1227 953 mancipium
1247 917 1433 945 Christianum
1455 925 1469 944 a
1485 917 1544 945 suis
1556 921 1701 951 repeteret,
1718 923 1751 944 ac
1767 916 1854 951 impe-

1063 965 1146 992 ratori
1163 965 1292 992 traderet.
1311 964 1338 991 Si
1349 965 1412 999 quis
1424 971 1490 991 vero
1505 971 1558 991 non
1577 963 1709 998 quinque,
1723 963 1770 991 sed
1783 971 1852 998 qua-

1063 1017 1125 1039 tuor
1140 1011 1274 1038 duntaxat
1299 1010 1432 1045 maneipia
1453 1010 1615 1045 possideret,
1635 1015 1664 1038 ut
1687 1009 1722 1037 ab
1741 1017 1773 1037 eo
1797 1010 1855 1037 sin-

1062 1059 1188 1093 gulorum
1202 1057 1316 1085 nomine
1330 1057 1403 1092 aspri
1419 1057 1516 1091 viginti
1531 1057 1654 1092 quinque
1664 1057 1851 1091 exigerentur,

1062 1112 1148 1139 caque
1162 1105 1276 1139 pecunia
1292 1105 1358 1130 lisco
1372 1103 1545 1138 imperatoris
1568 1103 1687 1130 cederet.
1701 1103 1757 1130 Hac
1767 1103 1852 1133 nimi—

1063 1159 1121 1179 rum
1142 1151 1288 1178 occasione
1321 1151 1451 1185 deinceps
1473 1150 1518 1177 ille
1548 1158 1607 1178 mos
1630 1150 1751 1183 inolevit,
1772 1157 1803 1178 ut
1817 1158 1851 1177 cx

1061 1198 1136 1225 omni
1170 1198 1370 1233 mancipiorum
1398 1204 1536 1230 numero,
1555 1197 1720 1224 liberalioris
1755 1197 1852 1224 fortnas

1062 1245 1148 1279 pueri,
1159 1253 1207 1280 pro
1218 1245 1324 1272 suitano
1335 1241 1443 1274 delecti.
1455 1245 1638 1272 retinerentur
1646 1253 1653 1272 :
1661 1252 1723 1279 qua
1737 1245 1848 1280 quidem

1061 1293 1087 1318 in
1104 1292 1177 1318 hunc
1192 1292 1302 1318 modum
1321 1295 1416 1318 exacta
1434 1291 1576 1318 tenerimis
1595 1292 1682 1318 aetatis
1703 1292 1850 1327 mancipiaI

1061 1337 1160 1365 deinde
1172 1338 1204 1364 ad
1222 1338 1398 1373 imperatoris
1417 1337 1526 1365 Portam
1545 1337 1674 1371 ded-tcta,
1696 1338 1793 1365 Murali
1812 1340 1854 1366 ol-

1061 1383 1229 1412 fercbantur.
1248 1384 1274 1412 ls
1292 1391 1357 1412 vero
1372 1392 1474 1419 pueros
1495 1384 1521 1411 in
1541 1384 1695 1412 Anatoliam
1712 1390 1855 1420 transpor-

1062 1436 1144 1464 tatos,
1161 1432 1232 1458 inter
1246 1431 1351 1458 Turcos
1367 1430 1498 1458 distribui
1512 1431 1629 1466 iubebat
1644 1440 1651 1457 :
1670 1436 1698 1459 ut
1719 1432 1789 1466 apud
1805 1440 1854 1459 eos

1061 1476 1213 1512 disciplina:
1233 1478 1340 1513 pariter
1366 1484 1398 1504 ac
1431 1477 1576 1505 laboribus
1604 1483 1808 1510 assuescerent,
1825 1484 1854 1506 ct

222 1530 271 1565 git.
287 1529 436 1563 Oppidanis
461 1536 475 1555 a
501 1527 637 1563 Teggiure
663 1535 714 1555 suo
743 1527 869 1560 desertis,
885 1532 912 1555 et
939 1528 1014 1556 omni
1028 1533 1049 1562 ο
1069 1524 1184 1551 Turcice
1197 1525 1345 1552 discerent.
1362 1523 1472 1552 Exactis
1500 1529 1590 1552 autem
1612 1524 1720 1552 duobus
1734 1525 1806 1559 apud
1822 1525 1855 1552 il-

222 1574 386 1602 auxilinrum
397 1581 444 1608 spe
454 1573 592 1600 destitutis
605 1582 612 1603 ;
630 1572 760 1606 Murates,
777 1573 822 1607 qui
839 1580 895 1600 rem
907 1581 955 1608 per
966 1582 1014 1601 ex-

221 1622 374 1656 ploratores
402 1625 578 1654 cognoverat.
603 1627 664 1646 cum
693 1619 814 1646 exercitu
842 1620 930 1654 prima
955 1619 1016 1647 luce

223 1669 322 1695 castris
353 1673 491 1702 egressus,
513 1667 546 1693 ad
561 1665 656 1693 urbem
688 1665 801 1700 propius
831 1666 957 1693 accessit.
984 1666 1014 1694 Ei

222 1713 306 1745 cives,
326 1712 427 1747 apertis
444 1712 548 1746 absque
571 1718 647 1738 mora
665 1711 762 1745 portis,
778 1711 945 1739 deditionem
971 1712 1011 1739 l'e-

222 1766 283 1786 ccre
302 1767 309 1785 :
326 1757 512 1785 Mahumetani
537 1757 634 1785 calculi
663 1765 733 1785 anno
755 1757 801 1784 76l
827 1757 904 1793 (Chr.
918 1758 1013 1793 1560).

260 1803 452 1839 lladrianopoli
471 1809 559 1838 capta,
575 1803 693 1831 Murates
715 1804 855 1836 Scachiui,
870 1805 1013 1839 copiarum

223 1857 299 1887 parte
315 1851 426 1884 tradita,
443 1851 569 1886 permisit
594 1857 621 1877 ut
636 1858 745 1878 onmem
761 1849 873 1886 Zagoraa
888 1851 1015 1879 Philibae-

223 1905 276 1932 que
291 1897 419 1924 viciniam
433 1896 655 1931 depopularetur,
669 1901 695 1924 et
707 1897 768 1932 igne
785 1897 900 1924 deleret.
921 1896 1015 1932 Itaque

224 1943 368 1970 Seachinls
381 1942 482 1969 milites
497 1949 531 1969 eo
548 1942 675 1976 profecti,
698 1942 837 1977 regionem
855 1943 1013 1970 universam

222 1989 321 2024 praedis
344 1988 456 2023 agendis
473 1993 592 2021 vastant,
615 1993 642 2015 et
656 1988 761 2015 incolas
777 1988 901 2023 captivos
921 1996 1014 2016 secum

223 2036 348 2071 abigunt.
363 2035 457 2062 Itidem
473 2034 594 2062 Muratcs
614 2035 746 2062 Eurenosi
767 2035 835 2070 bego
852 2039 1014 2069 potestatem

222 2084 297 2116 fecit,
310 2090 390 2117 agros
404 2081 511 2116 Ypsala:
534 2081 662 2108 vexandi.
684 2080 741 2108 lloc
772 2081 854 2108 modo
870 2081 928 2109 suis
946 2082 1015 2109 utri-

223 2138 275 2164 que
287 2129 412 2164 partibus
428 2128 586 2162 ussigualis,
603 2127 685 2162 316
709 2127 814 2162 imperii
833 2128 901 2155 tiues
923 2128 1016 2155 ainbo-

224 2183 284 2202 rum
297 2182 378 2209 opera
395 2174 471 2201 fuere
480 2173 620 2209 prolatati.
634 2174 715 2201 Gesta
730 2173 866 2201 sunttunc
876 2182 949 2202 anno
961 2175 1015 2202 762

1066 1571 1119 1603 los,
1138 1571 1179 1598 vel
1195 1570 1284 1597 tribus
1299 1569 1378 1598 annis
1394 1578 1400 1597 :
1415 1570 1473 1605 jam
1489 1570 1523 1598 ad
1537 1570 1645 1598 labores
1657 1570 1856 1603 condocefacti,

1065 1619 1219 1653 linguaeque
1232 1617 1354 1644 Turcicae
1364 1617 1457 1652 periti,
1472 1619 1506 1645 ad
1519 1617 1629 1646 Portam
1644 1618 1856 1651 reducebantur,

1066 1663 1264 1691 Genizarornm
1292 1663 1438 1691 ordinibus
1458 1664 1624 1692 ascribeudi.
1644 1663 1771 1692 Genizari
1791 1673 1857 1692 vero

1066 1709 1166 1736 sultani
1185 1708 1338 1737 Turcorum
1356 1709 1512 1745 sclopetarii
1534 1715 1608 1743 sunt,
1625 1716 1653 1738 et
1669 1711 1731 1739 inde
1753 1711 1787 1738 ab
1803 1712 1858 1739 illis

1066 1763 1154 1790 usque
1166 1755 1336 1791 temporibus
1352 1763 1452 1783 nomen
1473 1756 1525 1784 hoc
1538 1756 1737 1784 Genizarorum
1765 1758 1857 1793 adepti

1067 1801 1197 1828 retinent.
1219 1801 1375 1829 Secundum
1396 1802 1453 1829 haec
1477 1801 1593 1830 Prusam
1619 1803 1706 1830 Cases
1738 1803 1859 1832 Murates

1065 1847 1140 1874 Chan
1161 1855 1288 1875 reversus
1315 1851 1369 1879 est,
1391 1847 1539 1875 substituto
1554 1848 1605 1876 sibi
1632 1855 1777 1876 ceconomo
1792 1858 1856 1881 suo,

1066 1893 1130 1921 Lala
1148 1893 1293 1927 Scachine,
1313 1894 1359 1929 qui
1387 1893 1463 1922 vices
1478 1895 1602 1922 absentis
1621 1895 1648 1922 in
1663 1895 1799 1922 Romania
1816 1896 1860 1924 vel

1066 1940 1168 1968 Graecia
1184 1947 1289 1975 gereret
1311 1949 1319 1967 :
1335 1945 1450 1968 caeteras
1475 1948 1539 1968 vero
1554 1941 1722 1976 provincias,
1734 1941 1860 1976 imperii-

1066 1987 1246 2021 quelitnites,
1265 1987 1398 2014 Eurenosi
1427 1987 1495 2022 bego
1522 1988 1735 2016 commendavit.
1761 1988 1859 2024 Neque

1067 2033 1152 2059 multo
1171 2037 1241 2068 post,
1254 2033 1409 2067 Callipolim
1432 2033 1522 2061 denuo
1547 2041 1609 2062 sese
1629 2035 1756 2068 contulit,
1773 2039 1858 2070 atque

1067 2079 1102 2106 ibi
1121 2078 1299 2106 Zenderluem
1317 2079 1463 2113 Chelilem,
1479 2080 1615 2108 hactenus
1640 2081 1730 2108 otIicio
1748 2081 1860 2110 Cadile-

1066 2125 1155 2151 scheri
1171 2124 1306 2158 functum,
1318 2126 1351 2152 ad
1364 2125 1453 2153 bassa
1464 2133 1496 2153 ac
1511 2127 1610 2155 vcziris
1620 2127 1780 2162 dignitatem
1797 2135 1860 2156 cve-

1067 2173 1114 2198 xit.
1131 2172 1156 2198 ls
1169 2176 1266 2199 auctus
1283 2173 1335 2199 hoc
1355 2172 1470 2204 honore,
1485 2172 1656 2201 Cltcradines
1670 2174 1752 2202 bassa
1778 2175 1859 2203 dein-

223 2230 278 2257 quo
299 2220 408 2256 quidem
426 2228 498 2247 anno
516 2221 607 2246 lumen
624 2220 691 2246 solis
710 2227 798 2254 usque
813 2220 883 2247 adeo
899 2220 1010 2254 defecit,
1029 2226 1051 2254 ι’)
1065 2225 1129 2251 ceps
1145 2219 1297 2253 appellatus
1313 2218 1375 2246 fuit.
1394 2218 1514 2246 Murates
1526 2224 1634 2253 autetu,
1651 2220 1747 2248 relicta
1774 2221 1862 2249 Galli-

222 2268 348 2295 utetiam
370 2265 490 2293 interdiu
512 2266 598 2293 stella:
614 2265 674 2292 coeli
686 2265 921 2300 conspicerentur.

258 2315 323 2341 Erat
338 2313 363 2340 id
380 2313 510 2348 temporis
541 2312 650 2346 quidam
676 2311 853 2340 Talismanus
867 2313 1014 2344 Turcicus.

223 2360 291 2387 Cara
312 2360 469 2391 ltustemcs,
481 2359 528 2392 qui
539 2355 574 2385 ad
587 2358 740 2385 exercitum
759 2366 774 2385 e
786 2358 950 2386 Caramania
970 2367 1015 2387 ve-

223 2410 312 2434 nerat.
329 2406 353 2433 Is
367 2412 429 2433 cum
449 2410 551 2432 tantam
576 2408 603 2431 et
619 2404 716 2440 praedae
730 2404 896 2432 Christianis
915 2410 1015 2439 erepta:

223 2454 379 2488 t~opiam,et
392 2452 563 2486 captivorum
588 2450 794 2478 multitudinem
816 2451 842 2478 in
867 2457 957 2478 castra
975 2452 1014 2478 vi-

223 2500 300 2526 deret
314 2498 413 2525 adduci
429 2506 436 2524 :
454 2503 591 2524 convento
617 2497 824 2528 Cadileschero.
850 2505 900 2524 cur
930 2497 1012 2524 talem

224 2551 384 2578 tantumque
413 2545 584 2577 thesaurum,
603 2543 775 2578 magistratui
794 2551 923 2578 supremo
939 2544 1013 2571 debi-

225 2597 295 2623 tum,
307 2589 409 2617 auferri
427 2594 530 2617 temere
543 2590 655 2622 sineret,
668 2590 777 2624 quaerit.
790 2589 835 2619 ,Ad
845 2598 876 2616 ea
893 2589 1013 2617 Zendcr-

225 2639 285 2666 lues
296 2637 413 2664 Cheli'lcs
425 2636 634 2664 Cadlescherus
654 2645 660 2664 τ
677 2636 746 2670 Quis
760 2637 868 2664 tandem
886 2637 931 2664 ille
952 2637 1014 2665 the-

226 2691 324 2712 saurus
334 2688 389 2714 est,
406 2682 455 2715 ait,
474 2690 554 2716 quem
582 2687 610 2709 tu
628 2683 736 2718 quidem
756 2683 788 2710 ad
822 2683 1013 2718 magistratum

226 2730 372 2765 pertinere,
389 2730 435 2756 sed
457 2729 532 2756 nullo
548 2737 610 2756 cum
623 2731 714 2757 fructu
730 2731 832 2765 perire,
850 2737 883 2757 ac
905 2731 1013 2766 prodigi

227 2777 335 2805 refers?
356 2775 402 2802 Dei
420 2774 579 2802 mandatum
591 2779 644 2806 est,
663 2775 749 2809 inquit
766 2775 835 2802 Cara
855 2774 1011 2809 Rustemes,

227 2828 257 2850 ut
267 2823 400 2852 omnium,
414 2829 476 2856 qua:
486 2821 519 2848 de
533 2820 696 2848 Christianis
707 2826 797 2855 capta,
807 2825 884 2856 rapta
899 2820 1013 2856 fuerint,

227 2866 297 2896 sive'
310 2868 519 2903 mancipiorum,
538 2869 594 2895 sive
621 2868 793 2899 animalium,
810 2868 1010 2902 sivequarumv

1068 2264 1135 2298 poli,
1156 2273 1211 2299 quo
1225 2269 1337 2292 venerat
1367 2265 1474 2298 itinere,
1494 2266 1595 2301 Bugam
1622 2267 1780 2302 profectus;
1796 2268 1862 2296 inde

1067 2310 1179 2338 Prusam
1197 2311 1285 2343 rediit,
1316 2317 1398 2347 atque
1423 2312 1462 2339 ibi
1487 2320 1517 2340 se
1541 2313 1568 2340 in
1591 2313 1704 2341 hiberna
1730 2315 1859 2342 contulit.

1067 2355 1106 2382 Ex
1118 2357 1203 2384 altera
1218 2362 1296 2391 parte
1309 2357 1382 2392 freti,
1401 2359 1482 2393 regia:
1496 2359 1610 2387 Muralis
1619 2367 1780 2388 meouomus
1790 2362 1860 2389 Sca-

1066 2403 1161 2430 chines
1183 2403 1316 2439 Zagoram
1340 2409 1367 2432 et
1403 2405 1563 2434 lschebolen
1591 2407 1758 2442 subiugavit,
1785 2417 1861 2436 anno

1068 2449 1118 2476 766
1132 2451 1207 2485 (Chr.
1227 2450 1320 2485 l565).
1334 2452 1439 2484 Quibus
1455 2453 1606 2487 occupatis,
1630 2462 1725 2481 rutuor
1749 2455 1784 2482 ad
1799 2455 1861 2482 Mu-

1067 2502 1150 2523 ratem
1167 2497 1287 2531 perlatus
1302 2504 1354 2531 est,
1377 2499 1459 2534 eique
1482 2500 1680 2534 signiﬁcatum,
1709 2502 1736 2528 in
1762 2502 1861 2530 Serria

1066 2542 1283 2570 Christianorum
1299 2544 1332 2571 ad
1349 2545 1551 2580 quinquaginta
1579 2547 1666 2574 millia
1683 2548 1810 2582 collecta,
1824 2551 1860 2578 de

1067 2588 1260 2625 Hadrianopoli
1288 2591 1413 2618 adeunda
1436 2593 1571 2627 cogitare.
1595 2593 1682 2629 Cujus
1698 2596 1736 2622 rei
1757 2598 1858 2624 nuntio

1067 2641 1190 2671 accepto,
1208 2645 1307 2672 magna
1331 2639 1475 2666 celeritate
1500 2639 1533 2666 ad
1558 2640 1608 2667 iter
1623 2648 1653 2668 se
1666 2648 1818 2676 comparat,
1835 2649 1863 2671 et

1066 2683 1219 2719 Callipolim
1237 2686 1387 2712 contendit.
1408 2685 1458 2713 Vix
1476 2687 1509 2714 ad
1526 2687 1614 2720 littus,
1632 2688 1658 2715 in
1675 2688 1812 2724 Europam
1826 2698 1861 2716 ex

1065 2731 1129 2758 Asia
1152 2731 1364 2766 transjceturus,
1379 2739 1545 2767 accesserat,
1559 2742 1621 2762 cum
1634 2735 1722 2763 Servii
1735 2737 1792 2772 jam
1809 2737 1863 2764 lla-

1065 2777 1218 2812 drianopoli
1232 2785 1264 2810 cx
1283 2779 1440 2813 propinquo
1457 2779 1644 2814 imminerent,
1657 2789 1690 2809 eo
1699 2788 1787 2810 castra
1802 2784 1863 2811 loco

1066 2824 1170 2856 metati,
1189 2824 1235 2858 qui
1260 2824 1288 2850 in
1308 2824 1380 2852 hunc
1395 2833 1482 2860 usque
1510 2827 1582 2854 diem
1600 2835 1615 2855 a
1632 2827 1790 2856 Serviorum
1804 2829 1862 2857 sive

1067 2870 1226 2897 llaseiurum
1245 2870 1322 2896 clade
1354 2878 1455 2899 nomen
1477 2873 1593 2906 accepit.
1621 2874 1723 2903 Interea
1747 2876 1862 2903 Seuthi-
