1962 3071
121 104 165 136 589

735 103 909 133 ANNALES
931 101 1100 132 TURCICI.

1675 98 1726 129 5??)

122 169 170 191 nes.
190 160 263 187 nulla
279 159 360 187 rebus
381 159 493 194 agendis
519 159 678 193 interposua
704 165 791 190 mora,
811 165 889 184 noctu
907 160 928 187 Α
943 159 995 190 tis,
1018 167 1078 186 cttm
1111 156 1251 191 mancipiis
1278 155 1450 185 Christianis,
1477 159 1502 181 et
1528 154 1602 181 omni
1627 158 1727 189 przeda.

122 215 162 241 per
179 206 294 232 insidias
310 205 335 232 in
361 206 466 232 hostem
490 205 621 239 erumpit.
647 204 687 231 llli
709 205 794 231 tnulto
817 211 892 230 mero

122 252 225 283 madidi,
250 251 351 286 passim
372 259 420 285 per
447 255 546 283 castra,
563 258 660 285 magna
676 258 737 277 cum
761 250 892 276 vocifera-

121 299 194 330 tione,
205 297 308 324 'l‘ttrcos
320 297 416 323 adesse
430 297 586 328 clamitant;
600 304 717 330 cumque
731 304 784 330 prae
807 302 893 322 temn—

122 344 205 374 lentia,
222 349 274 370 tam
293 343 419 377 praesenti
445 350 535 369 rerum
555 342 729 374 discrimine,
745 342 808 375 quid
828 349 889 376 age.

123 394 184 420 rt-nt.
197 390 352 422 ignorarent
368 398 375 416 :
388 397 434 423 per
445 388 532 415 noctis
546 388 689 422 caliginem
701 388 766 414 alter
778 387 892 414 alterum

121 434 147 460 al
160 433 243 459 lucrm
262 440 348 466 usque
360 436 492 458 mactant.
505 431 572 465 Equi
591 431 670 457 etiam
684 431 749 457 lauti
761 431 893 457 tumultus

120 487 192 505 causa
205 487 305 513 pavore
314 479 491 509 consternati,
503 478 624 512 abruptis
644 477 711 504 loris
721 478 891 511 etcapisu'is.

121 525 149 551 ad
163 533 252 551 necem
273 532 358 558 usque
374 524 425 551 sibi
439 529 533 551 tnuttto
545 524 633 551 calces
646 524 827 558 impcgerunl.
844 524 892 551 libi

120 571 228 604 denique
243 571 453 604 jatnilluxisset,
473 570 570 597 fundant
588 571 614 596 itt
631 570 721 604 fugam
738 570 836 601 Servii,
848 578 896 596 ne-

120 617 185 642 ntine
211 621 398 650 persequente,
414 624 442 642 se
455 617 639 649 coniecerunt.
664 615 700 642 lbi
719 619 775 642 tum
802 615 894 642 hostili

120 662 183 687 vallo
198 665 336 695 snperato.
354 660 436 687 Turci
452 651 553 693 castra,
564 660 672 686 nemine
687 660 839 691 resistente,
850 668 895 686 ca-

121 709 191 740 pittttt
204 712 285 741 alque
311 706 450 740 diripiunt,
469 711 495 732 et
521 706 617 740 amplis
635 706 712 733 dilati
729 706 832 740 spoliis,
844 704 896 732 Ha-

119 751 292 785 drianopolim
327 755 511 777 revertumur.
547 748 693 777 Scacltines
720 743 816 776 Mtirati
838 757 895 776 ma-

120 804 195 831 gnum
212 795 381 830 captivorum
398 802 554 825 numerum.
568 802 630 821 cntn
646 802 699 821 non
717 795 810 829 paucis
822 795 896 829 capi-

120 843 186 869 tibus
210 842 447 876 interemptorum,
475 841 573 867 misit:
605 834 710 874 quibus
730 841 894 876 conspectis,

120 888 211 915 itinere
233 893 365 913 converso
393 885 506 912 Prnsam
524 886 640 920 repetiit.
655 885 718 913 llatc
745 891 820 921 gesta
839 886 898 912 fue—

120 937 178 960 tttnt
190 940 262 959 anno
275 932 390 959 Turcico
405 931 455 958 767
480 931 554 965 (Cltr.
573 930 662 965 1566).
679 932 738 964 Quo
752 939 822 958 anno
838 931 898 958 Mu-

118 985 185 1005 rates
207 978 281 1005 Cltan
299 977 368 1004 ﬁlios
386 985 458 1007 sttos,
479 976 635 1010 Bajazitem,
646 977 691 1011 qui
709 976 837 1004 Gilderun
854 985 899 1004 co-

119 1024 287 1058 gnominatus
310 1023 370 1054 futt,
381 1027 408 1049 et
437 1022 568 1056 Jacupem
592 1021 723 1056 Zelebim,
740 1024 898 1051 circumcidi

118 1070 209 1101 voluit,
222 1076 317 1103 magna
333 1068 505 1096 solemnitate
524 1068 656 1096 adhibita.
678 1067 815 1104 Belezugae
831 1078 899 1104 prte-

118 1121 199 1147 terea,
226 1114 298 1148 quod
327 1114 453 1149 oppidum
484 1119 524 1142 est
552 1115 692 1147 Anatolite,
709 1122 898 1150 sumptuosum

116 1162 256 1196 templum,
269 1161 405 1188 messitam
419 1160 499 1188 Turci
514 1161 720 1193 vocant,eodem
735 1170 819 1194 anno,
835 1171 896 1189 cum

119 1208 209 1235 schola
230 1214 256 1235 et
271 1216 385 1240 xenone,
402 1208 564 1235 construxit.
589 1207 723 1242 Principis
735 1209 818 1236 etiam
832 1208 899 1236 Ger-

119 1253 199 1279 miani
217 1253 277 1280 lilia:
302 1255 410 1287 nuptias
434 1253 545 1286 Bajaziti
563 1253 701 1280 Gilderuni
733 1254 788 1282 ﬁlio
808 1255 899 1282 conci-

119 1300 203 1330 liavit,
221 1299 371 1326 Celebratas
385 1306 482 1334 pompa
495 1300 774 1334 magniﬁcentissima.
796 1300 899 1327 Secun-

120 1347 181 1372 dum
201 1345 257 1372 ltzcc
271 1345 297 1371 in
316 1345 451 1379 regionem
466 1345 604 1372 lletnidattt
618 1354 680 1373 cum
697 1347 815 1373 exercitu
833 1354 898 1380 pro-

119 1391 276 1423 fectus,eam
293 1390 444 1424 occupavit.
459 1391 524 1417 Inde
538 1399 709 1426 progressus,
725 1392 897 1427 Aspropolim

119 1437 173 1463 sire
200 1436 294 1463 Albam
324 1436 462 1468 Anatolizc,
493 1443 574 1470 quam
608 1445 680 1464 nunc
703 1438 897 1465 Aescheherim

119 1487 228 1513 vocant,
238 1481 421 1516 etCutahigen
444 1482 613 1516 metropolim
636 1483 791 1517 provinciae,
801 1484 898 1511 etllte-
912 1500 934 1528 α

120 1529 241 1564 rapoliut,
254 1537 313 1563 quae
326 1528 539 1557 Seidiacheheris
571 1530 680 1564 dicitur,
700 1536 727 1559 et
754 1531 895 1561 Geluazen

119 1576 379 1611 317intpcriosuo
394 1576 522 1611 subjecit,
550 1584 620 1604 anno
643 1576 779 1612 τειωιπ.
807 1579 897 1614 1585).

119 1624 205 1655 Atque
237 1623 279 1649 his
291 1623 372 1650 rebus
394 1622 488 1657 gestis,
504 1622 663 1658 relictisque
677 1623 745 1651 locis
761 1624 805 1657 iis,
823 1631 899 1652 trans

118 1669 215 1695 fretum
227 1667 379 1703 Callipolim
392 1677 420 1696 se
437 1669 569 1695 contulit:
587 1669 784 1704 ingressusque
795 1669 897 1697 Roma-

118 1716 201 1747 niatn,
214 1715 354 1741 obsidione
365 1715 547 1750 Magalgaram
559 1715 654 1748 cinxit,
665 1716 726 1743 etin
735 1721 897 1751 potestatem

118 1761 192 1786 brevi
217 1760 332 1794 redegit.
359 1760 398 1787 Eo
424 1761 483 1787 loco
509 1763 589 1794 regiae
615 1760 727 1790 Muratis
740 1769 899 1790 oeconomus

118 1805 182 1832 Lala
201 1806 360 1837 Stacltines.
376 1811 403 1833 et
415 1805 569 1834 Eurenoses
582 1807 677 1842 begus,
693 1808 828 1835 universis
836 1816 898 1834 cutn

118 1853 217 1886 copiis,
235 1853 335 1887 quibus
353 1854 380 1879 in
407 1852 539 1880 Romania
558 1858 702 1888 praeerant,
722 1855 754 1881 ad
767 1854 898 1881 Muratem

118 1903 314 1925 accesserunt:
344 1902 371 1925 et.
401 1899 554 1933 conjunctis
582 1900 757 1931 exercitibus,
775 1901 808 1926 ad
826 1901 900 1927 obsi-

117 1944 234 1970 dendam
263 1943 398 1976 Bolinam,
414 1944 502 1970 locuttt
532 1945 679 1978 munitum,
697 1945 809 1979 profecti
825 1951 899 1972 suttl.

116 1989 257 2023 Quotquot
275 1993 354 2016 erant
365 1997 396 2016 ea
411 1990 521 2024 regione
536 1990 704 2023 Christiani,
721 1998 815 2018 omnes
830 1991 857 2017 in
869 1991 901 2018 il-

117 2036 173 2061 lum
190 2036 264 2061 velut
277 2043 365 2061 arcent
381 2043 441 2062 sese
472 2040 642 2070 receperant.
655 2035 747 2070 itaque
765 2045 825 2063 cum
843 2036 901 2063 Mu-

118 2087 194 2109 rates
222 2081 304 2108 tantis
321 2089 383 2108 cum
399 2082 485 2116 copiis
503 2088 528 2109 et
551 2087 684 2116 apparatu
699 2082 842 2109 obsidione
858 2084 900 2109 in-

120 2128 232 2159 choata,
248 2128 554 2163 magnisque-laboribus
568 2134 594 2154 et
618 2128 749 2155 molestiis
780 2129 902 2156 exantla-

119 2175 166 2207 tis,
183 2182 238 2201 non
254 2175 335 2208 poliri
349 2181 378 2201 se
394 2175 493 2208 oppido
510 2182 590 2208 posse
605 2174 708 2201 videret
721 2183 728 2200 :
743 2175 838 2207 intimo
853 2176 902 2202 d0-

117 2224 180 2248 lore
192 2222 276 2248 animi
290 2226 452 2250 commotus,
467 2221 606 2255 ingemuit,
625 2225 651 2247 et
662 2221 804 2248 obsidione
812 2222 900 2248 soluta

117 2268 267 2295 discedens
283 2275 290 2294 :
306 2267 413 2294 Evcrtat
426 2273 451 2294 te
462 2266 541 2298 Deus,
556 2267 652 2302 inquit.
668 2268 733 2295 Erat
748 2269 819 2295 ltaud
833 2276 893 2303 pro-

116 2315 165 2341 cnl
185 2312 249 2339 ittde
264 2312 321 2339 tilia
336 2313 458 2346 qnazdam
475 2312 668 2346 pulcherrima,
686 2321 766 2346 quam
783 2313 898 2339 Felicem

118 2358 201 2392 vulgo
230 2357 374 2389 vocabant,
403 2356 537 2391 hodieque
563 2358 734 2383 sermonibus
760 2358 898 2384 hominum

116 2403 296 2430 et:lebris.Ad
311 2410 370 2429 eam
380 2410 440 2429 cum
455 2403 630 2436 pervenisset,
640 2404 737 2430 castris
753 2404 838 2430 locum
855 2404 902 2430 dc-

117 2450 196 2483 legit.
218 2448 326 2474 Interim
339 2448 547 2482 ipwquemdam
568 2452 601 2474 ad
618 2448 719 2476 fontem
741 2456 802 2476 sese
821 2450 900 2476 recli-

115 2501 326 2528 nans,moestus
335 2495 466 2522 consedit.
493 2495 550 2522 Non
569 2496 902 2530 magnotcmporiselapso

115 2547 222 2576 Spalto,
238 2541 362 2568 nuntium
377 2541 493 2574 accepit,
509 2541 581 2567 latus
597 2544 711 2567 alterum
727 2541 900 2574 munitionis,

116 2590 193 2615 :ttoie
221 2595 271 2614 sua
299 2591 449 2621 gravatum,
474 2587 619 2613 corruisse.
636 2586 694 2618 Qua
709 2595 738 2613 re
753 2587 900 2618 intellecta,

115 2643 185 2661 mox
200 2633 293 2660 Lalam
308 2633 466 2660 Scacltinetn
482 2632 606 2666 ablegat:
621 2635 665 2667 qui
680 2633 807 2667 opini0ne
822 2633 903 2660 citius

114 2681 151 2707 ad
186 2681 315 2714 oppidum
343 2678 502 2709 convolans,
534 2686 565 2704 eo
593 2680 713 2712 potitur,
739 2678 903 2705 Christianis

113 2727 252 2752 omnibus
280 2724 378 2758 captis,
394 2728 421 2749 σι
449 2724 552 2757 magnis
577 2724 691 2750 inventis
707 2725 814 2758 opibus.
833 2724 905 2751 lnter

115 2775 176 2799 aha
192 2773 290 2806 reperti
310 2781 324 2796 ιι
337 2770 433 2796 Turcis
447 2771 522 2796 aurei
539 2770 621 2796 catini
638 2777 719 2804 atque
736 2771 845 2802 calices,
856 2772 902 2803 qui

114 2821 263 2848 cassidutu
282 2821 396 2845 formam
415 2817 577 2844 referebant.
593 2818 627 2844 lis
641 2818 666 2844 in
685 2819 771 2852 capita
794 2819 904 2853 imposi—

914 824 935 852 Β

945 211 1034 232 coram
1049 203 1152 230 Muratc
1166 206 1386 236 comparuerunl.
1401 201 1436 228 Et
1450 200 1560 234 quidem
1580 200 1605 227 id
1621 206 1727 235 [Empo-

945 250 982 276 ris
1007 250 1079 283 apud
1108 249 1211 275 Turcos
1247 248 1318 281 cepit
1343 247 1387 273 ille
1412 254 1472 272 mos
1488 246 1609 280 gestandi
1629 254 1729 274 aureos

944 295 1075 327 ejusmodi
1102 295 1199 329 pileos,
1218 294 1264 328 qui
1279 294 1348 328 apud
1373 293 1432 319 illos
1447 291 1564 319 Uscuﬁte
1589 293 1725 320 dicuntur.

946 341 1042 367 Murali
1079 349 1141 367 γι·Γο
1167 340 1252 367 Chatti
1283 339 1405 366 coilibuit
1426 346 1484 365 eam
1512 339 1597 365 tiliam
1625 338 1728 365 honore

945 387 1063 421 quodam
1082 387 1198 418 allicere,
1213 392 1295 420 atque
1307 386 1379 412 illam
1395 386 1429 413 ob
1453 393 1564 412 cattsatn
1586 391 1663 412 vetns
1678 385 1730 412 Fe-

947 433 1006 459 licis
1023 433 1087 459 tiliae
1101 440 1199 459 nomen
1225 432 1395 466 apptobavil.
1411 436 1437 458 et
1448 432 1480 458 ad
1499 435 1624 466 posteros
1638 437 1728 458 ratum

947 485 1006 504 esse
1018 478 1113 504 voluit.
1129 477 1193 504 lntle
1207 476 1376 504 Christianos
1392 476 1496 503 incolas
1509 477 1663 507 universos,
1680 477 1725 510 qui

948 524 1017 558 capti
1034 524 1155 554 inerant,
1171 523 1360 557 cujuscunque
1379 522 1504 554 fortuna,
1527 527 1728 549 sacramentum

948 569 1002 596 sibi
1018 569 1109 596 dicere
1125 569 1225 601 jussit:
1237 574 1263 595 et
1280 576 1339 595 cntn
1356 568 1450 595 liberis
1469 575 1550 601 atque
1566 568 1729 603 coniugibus

947 617 1057 643 domum
1075 615 1190 642 remisit.
1208 614 1305 641 Castro
1330 614 1437 647 quidem
1457 614 1506 648 ipsi
1523 621 1621 640 nomen
1636 614 1662 640 itt
1679 615 1729 640 ho-

947 661 1072 688 diernum
1103 668 1187 694 usque
1205 659 1274 686 diem
1304 659 1392 691 durat,
1415 659 1448 685 ab
1475 658 1616 686 eversione
1629 659 1728 685 divina.

948 707 1065 733 lllurat-es
1077 706 1139 732 hinc.
1148 707 1311 739 repetiturus
1325 704 1559 738 Hadrianopolim,
1572 704 1730 731 Chairedini

947 753 1045 783 basszc,
1061 760 1093 778 ae
1111 751 1243 779 Eureuosi
1273 751 1340 785 bego
1356 751 1380 776 id
1398 750 1497 784 negotii
1510 750 1594 782 dedit,
1611 756 1652 783 ut,
1666 757 1732 785 pros

949 798 1037 833 gressi
1055 798 1180 828 ulterius.
1198 805 1304 824 omnem
1324 796 1397 823 illam
1411 796 1577 831 provinciam
1593 796 1645 822 sibi
1664 796 1732 823 sub-

950 845 1054 871 derent.
1088 843 1121 870 Et
1141 843 1295 878 Ettrenoses
1316 842 1426 877 quidem
1450 842 1536 877 begus
1558 843 1679 868 anitttunt
1698 842 1732 868 ad

950 890 1131 916 invadendum
1152 888 1322 916 Gutnulzmzc
1351 896 1445 924 agrum
1478 889 1585 923 adjecit.
1620 888 1732 915 lllarolia

949 937 1090 964 confestim
1106 938 1128 964 ei
1145 944 1174 964 se
1191 936 1306 963 dedidit.
1321 936 1388 962 Erat
1404 934 1474 963 inter
1484 936 1551 963 alios
1567 935 1682 963 Muralis
1694 936 1734 962 fa—

951 983 1031 1010 miliae
1044 983 1184 1010 ministros
1198 982 1373 1017 quidam,cui
1387 989 1484 1009 nomen
1501 982 1581 1009 Delus
1596 982 1729 1009 Beluban.

949 1030 980 1056 Ei
993 1029 1178 1065 sangiaeatum
1193 1029 1220 1056 in
1231 1029 1363 1056 limitibus
1378 1029 1526 1060 commisit,
1540 1032 1568 1055 ttt
1578 1027 1674 1055 Serras
1683 1036 1733 1063 op-

950 1077 1042 1110 pidum
1069 1075 1140 1102 bello
1165 1079 1285 1103 vexaret.
1311 1074 1378 1101 Cum
1399 1079 1488 1100 autem
1502 1081 1569 1101 suas
1580 1075 1624 1101 ille
1639 1075 1732 1108 copias

950 1122 1020 1149 istuc
1051 1121 1220 1151 adduxisset,
1241 1120 1399 1150 Christiani,
1415 1121 1499 1153 portis
1512 1120 1641 1151 occlusis,
1657 1120 1733 1147 dedi-

951 1168 1053 1195 tionem
1084 1167 1173 1194 facere
1198 1170 1372 1193 recusarunt.
1391 1165 1495 1193 Interea
1511 1172 1588 1196 vero,
1606 1165 1669 1191 dum
1688 1166 1730 1192 Itis

949 1212 1139 1248 oppugnandis
1152 1217 1223 1239 totus
1234 1216 1382 1246 occupatur
1392 1221 1399 1238 :
1409 1209 1473 1238 Lata
1488 1210 1637 1238 Scacltincs
1653 1211 1732 1245 oppi-

949 1259 983 1286 da
993 1258 1143 1293 complura,
1151 1256 1289 1288 Cavalam,
1297 1257 1388 1289 Diren,
1399 1256 1487 1283 Sirttm
1497 1257 1611 1290 imperio
1619 1256 1733 1282 Muralis

950 1305 1085 1341 adiungit:
1107 1305 1223 1338 indeque
1249 1303 1380 1338 promotis
1394 1303 1503 1334 castris,
1518 1302 1692 1328 Munastirum
1705 1307 1732 1327 et

949 1351 1117 1383 Selerucant,
1128 1349 1301 1377 circumfusis
1313 1349 1454 1381 militibus,
1464 1353 1549 1375 tentat
1559 1368 1566 1380 ,
1583 1353 1609 1375 et
1623 1356 1731 1374 omnetn

951 1405 1045 1433 agrum
1073 1397 1115 1424 his
1146 1395 1291 1423 ﬁnitimum
1323 1395 1427 1430 rapinis
1441 1400 1468 1421 et
1483 1395 1616 1422 incendiis
1631 1399 1730 1421 vastat.

949 1442 1114 1470 Acciderunt
1132 1442 1188 1467 haec
1202 1448 1274 1468 anno
1295 1440 1345 1466 757
1375 1440 1450 1473 (Chr.
1464 1439 1557 1475 1586).

989 1490 1018 1516 ld
1035 1489 1168 1524 temporis
1182 1487 1340 1522 Bugadatim
1356 1487 1544 1513 Temirlaucus
1559 1486 1671 1518 invasit,
1686 1485 1731 1512 cui

949 1539 1006 1562 tum
1022 1534 1153 1561 Sullanus
1183 1533 1328 1560 Achtnetes
1353 1540 1414 1559 cum
1433 1532 1549 1566 imperio
1562 1536 1690 1566 praeerat.
1708 1530 1732 1558 ls

949 1589 1005 1617 pra:
1034 1581 1181 1608 formidine
1207 1580 1356 1612 Alcairum,
1370 1578 1403 1605 ad
1419 1579 1556 1605 sultanutn
1573 1577 1732 1611 Borcuccm,

949 1627 1078 1662 profugit,
1099 1634 1171 1653 anno
1184 1626 1234 1653 788
1251 1625 1326 1661 (Chr.
1340 1625 1431 1659 1587).

985 1672 1120 1708 Babylone
1133 1671 1226 1699 Temir
1240 1671 1315 1698 Cttan
1333 1671 1416 1698 movit
1428 1671 1454 1697 in
1469 1671 1604 1705 regionem
1619 1670 1734 1697 Desteu—

949 1727 1020 1753 sem,
1038 1718 1084 1746 ubi
1108 1726 1169 1746 cum
1194 1717 1339 1750 Tecltmico
1363 1717 1456 1744 Chane
1472 1718 1565 1751 praelia
1589 1716 1732 1743 conﬁixit:

949 1773 981 1792 ac
994 1764 1108 1791 victoria
1123 1763 1233 1798 potitus,
1248 1762 1320 1789 ferro
1334 1767 1361 1789 et
1379 1762 1433 1795 igni
1443 1763 1579 1794 regionem
1591 1761 1662 1788 illam
1675 1769 1734 1788 om—

952 1820 1011 1838 nem
1027 1810 1206 1846 depopulatus
1236 1813 1287 1841 est,
1303 1816 1376 1835 anno
1406 1807 1452 1835 791
1472 1808 1547 1841 (Chr.
1573 1808 1661 1842 1590).

986 1858 1086 1886 Eodem
1096 1863 1218 1891 tempore
1228 1856 1300 1890 cepit
1311 1855 1395 1883 Gases
1410 1854 1528 1881 Muratcs
1542 1854 1618 1881 Cltan
1633 1853 1734 1880 bellum

951 1914 1010 1932 cnut
1036 1904 1138 1931 Lazaro
1164 1910 1266 1938 gerere.
1297 1900 1401 1935 Quippe
1419 1901 1552 1932 Lazarus,
1574 1900 1731 1934 praepotenti

950 1955 1044 1978 coacto
1055 1949 1185 1978 exercitu,
1200 1951 1227 1973 et
1238 1947 1295 1982 jam
1311 1946 1337 1972 itt
1356 1945 1467 1972 Cosova:
1482 1951 1592 1978 campos
1601 1951 1661 1970 cum
1675 1944 1732 1970 suis

951 2000 1110 2028 progressus
1123 2012 1131 2024 ,
1156 1991 1254 2018 Murali
1274 1989 1525 2025 perinternuntium
1546 1989 1732 2023 dicijussit,in

952 2040 1038 2066 aciem
1056 2038 1135 2064 modo
1148 2037 1288 2072 prodiret:
1310 2036 1497 2071 appariturum
1515 2035 1602 2066 facile,
1617 2035 1660 2062 cui
1676 2043 1734 2062 ces-

954 2092 1017 2112 sura
1029 2085 1066 2110 sit
1080 2083 1204 2110 victoria.
1228 2083 1350 2109 ltlurates
1372 2090 1404 2109 ex
1422 2082 1506 2108 altera
1523 2085 1612 2115 parte.
1628 2089 1734 2107 summa

953 2129 1092 2162 diligentia
1105 2129 1259 2163 conscripto
1275 2128 1370 2159 milite,
1386 2127 1482 2154 ambos
1497 2128 1576 2154 etiam
1595 2126 1734 2159 liliOs,Ba-

919 2193 939 2220 ο
952 2177 1061 2211 jazitem
1083 2175 1243 2210 cognomine
1265 2174 1448 2206 Gilderunetn,
1463 2178 1490 2200 et
1513 2173 1640 2208 Jacupem
1657 2172 1734 2200 Zele-

955 2224 1021 2254 bittt,
1038 2230 1069 2248 ea
1097 2221 1149 2248 sibi
1162 2220 1332 2254 expeditione
1356 2219 1491 2254 adjuttxit.
1509 2220 1691 2254 Posteaquam
1707 2220 1732 2246 in

953 2268 1066 2295 Cosovae
1100 2274 1211 2300 campos
1245 2271 1358 2300 uterque
1389 2265 1562 2292 convenisset
1585 2266 1732 2298 exercitus,

954 2315 1010 2340 acri
1029 2313 1186 2339 dimicatum
1205 2312 1339 2344 utrimque
1359 2311 1461 2346 prndio.
1479 2311 1581 2338 lbitum
1601 2312 1734 2338 Christia-

954 2367 1006 2386 nus
1033 2359 1140 2393 quidam
1158 2357 1191 2384 ad
1202 2357 1332 2384 llluratem
1346 2357 1502 2391 transfugit,
1517 2364 1578 2383 cum
1594 2357 1732 2391 signiﬁca-

954 2407 1027 2432 tione
1038 2404 1183 2431 volnntatis
1193 2411 1259 2435 suae,
1270 2402 1346 2437 quasi
1359 2403 1381 2429 si
1394 2402 1510 2428 militare
1517 2403 1677 2437 deincepsei
1687 2412 1720 2431 cu
1728 2419 1734 2424 ς

954 2455 1040 2485 peret.
1067 2450 1151 2484 Igitur
1161 2449 1193 2475 ad
1207 2448 1336 2475 Moralem
1367 2448 1510 2480 deductus,
1536 2448 1575 2474 uti
1594 2456 1643 2482 pro
1658 2457 1734 2477 more

955 2498 1038 2533 pedes
1055 2497 1113 2531 ejus
1135 2496 1320 2528 oscularetur,
1345 2501 1426 2528 quam
1448 2495 1498 2521 sub
1521 2499 1596 2522 veste
1616 2496 1734 2523 abditum

956 2543 1080 2577 gestabat
1105 2541 1200 2573 sicam,
1215 2547 1246 2566 ea
1265 2540 1290 2566 vi
1307 2539 1419 2565 Muralis
1441 2539 1467 2565 in
1485 2543 1608 2566 ventrcttt
1634 2541 1733 2575 adegit,

957 2592 985 2614 ttt
999 2587 1021 2614 is
1032 2591 1086 2613 tam
1099 2586 1155 2612 diro
1168 2585 1279 2611 vulnere
1290 2583 1439 2616 confectus,
1456 2585 1616 2618 exspiraret.
1625 2585 1735 2614 Turcici

957 2640 1020 2660 vero
1049 2639 1186 2666 proceres,
1215 2631 1264 2657 hac
1297 2631 1397 2657 sultaui
1431 2631 1473 2658 sui
1491 2633 1562 2658 caede
1577 2639 1734 2667 conspecta,

958 2686 1018 2705 mox
1049 2677 1278 2704 consultationem
1306 2677 1463 2710 instituunt,
1482 2683 1509 2704 et
1523 2678 1586 2711 quid
1604 2680 1654 2706 ltoc
1670 2687 1736 2708 casn

959 2730 1011 2750 tant
1025 2723 1166 2758 repentino
1183 2722 1341 2749 faciundum
1359 2723 1547 2754 deiiberanles,
1563 2724 1588 2750 itt
1598 2732 1656 2750 eam
1670 2733 1736 2752 cott-

958 2779 1056 2798 venere
1071 2770 1243 2800 sI-ntetttiam,
1264 2774 1291 2795 ιιι
1305 2770 1337 2796 ad
1359 2777 1388 2797 se
1402 2769 1532 2804 Jacupcm
1551 2769 1669 2797 Zelebitn
1686 2779 1736 2798 ar-

958 2822 1106 2846 cesserent.
1137 2817 1161 2844 Is
1193 2816 1237 2843 ubi
1252 2808 1363 2844 vocatus
1380 2817 1594 2859 comparuissctf
1612 2817 1678 2852 Age,
1694 2817 1737 2845 irt-
