1962 3071
214 137 263 170 591

841 136 1016 168 ANNAL’ES
1031 136 1197 167 TURClCl.

1785 130 1843 161 ΒΜ

215 199 322 234 quium,
351 197 498 226 tentorium
522 199 665 231 paternntn
695 195 848 231 ingredere.
875 195 942 224 Nam
957 201 1002 224 est
1015 198 1039 226 Α
1054 195 1168 231 quievit.
1185 193 1299 222 Estatis
1313 193 1391 220 initio
1406 199 1504 220 rursus
1521 191 1694 226 expeditione
1706 190 1844 224 instituta,

215 245 287 281 quod
303 249 328 272 te
340 245 398 272 vult
414 242 556 278 paterJlle
569 242 636 269 nihil
651 242 714 268 mali
731 242 897 276 suspicatus,
912 242 1003 278 ingre-

215 292 305 319 ditur:
323 297 349 319 et
364 293 507 323 correptus
525 287 559 315 ab
574 287 614 315 eis
624 292 748 316 necatur.
763 287 827 315 lude
843 287 919 322 regio
934 288 1003 314 solio

216 337 345 365 Cilderun
371 335 504 370 Bajalites
532 332 691 368 impositus,
708 334 830 360 ontnium
866 333 1004 368 sull’ragiis

218 386 365 418 imperator
375 383 516 410 salutatur.
525 381 629 414 Quibus
638 381 766 416 peractis,
778 380 867 407 denuo
882 385 1001 415 coeptant

217 429 332 464 pugnari
349 428 475 455 fortiter:
490 428 559 455 adeo
571 427 693 462 quidem,
712 432 740 454 ut
750 428 838 454 victus
853 434 885 454 eo
899 427 1002 462 prarlio,

215 481 364 510 captusque
377 475 498 502 Lazarus
511 494 519 506 ,
537 475 564 501 in
583 477 732 508 conspectu
756 473 884 508 Bajazitis
900 473 1005 500 frustu-

215 522 290 548 latim
298 521 426 548 concisus
436 519 528 547 fuerit.
542 519 589 547 His
598 519 679 546 rebus
687 519 780 553 gestis,
790 527 821 546 ex
832 527 864 546 eo
876 520 937 546 loco
947 520 1013 556 dis-_

216 575 332 599 cessum,
344 571 371 594 et
380 566 603 601 Hadrianopolim
614 573 711 592 versus
723 565 845 592 instituta
863 566 1004 600 profectio,

215 613 280 640 Erat
292 613 314 639 is
324 620 412 639 annus
422 611 471 639 791
487 611 564 647 (Cltr.
578 611 672 646 1590).
702 611 833 639 Sullanus
845 611 933 640 Gazes
944 612 1004 639 Mu—

216 664 289 686 rates
298 658 374 685 Cltau
388 659 504 693 imperio
516 658 625 693 przefuit
647 659 726 685 annis
735 658 780 685 52.
810 658 934 686 Cadaver
945 659 1005 693 ejus

217 704 330 732 Prusam
344 705 528 739 deportatum,
538 710 650 740 propter
660 705 788 739 Caplizeu
815 705 866 741 (sic
884 706 1006 733 thermas

216 751 297 780 Turci
313 752 434 787 vocant),
449 757 628 778 mortuntento
664 759 713 786 pro
736 760 812 779 more
822 752 871 779 fuit
887 753 1004 779 illatum.

251 797 394 825 Exstincto
409 797 524 830 Murate,
540 797 672 825 Gilderuu
694 798 771 825 Cltan
791 799 870 834 plene
882 799 939 833 ja‘tn
957 807 1006 832 po-

216 845 283 872 titus
313 843 440 877 imperio,
473 843 620 871 confestim
657 845 830 879 expeditione
863 851 1003 880 suscepta,

216 890 377 918 Kiratovuut
387 890 526 925 oppidum,
541 895 568 918 et
580 891 723 919 universas
739 891 800 918 illas
814 892 920 927 argenti
933 892 1005 919 fodi-

216 945 265 964 nas
283 936 440 971 occupavit.
459 937 527 963 Erat
558 937 628 963 inter
645 936 796 965 familiares
823 937 910 973 ipsius
925 939 1005 965 mini-

216 988 288 1010 stros
298 982 410 1017 quidam
421 981 500 1009 Feris
513 981 610 1016 hegus,
625 982 666 1009 vir
679 983 826 1010 admodum
845 983 1004 1011 bellicosus.

217 1028 285 1055 Eum
302 1027 386 1063 318
402 1035 467 1054 cum
490 1028 576 1061 copiis
602 1029 634 1055 ad
651 1028 739 1063 ipsmtt
754 1036 841 1063 usque
853 1029 1006 1057 Danubium

217 1075 301 1107 misit,
315 1075 358 1101 ubi
375 1075 486 1101 redacto
504 1074 532 1100 in
548 1078 708 1108 potestatem
723 1075 822 1110 oppido
840 1073 935 1102 Vidina
951 1075 1006 1102 Ha-

216 1113 398 1155 drianopolim
423 1127 550 1148 reversus
565 1124 616 1147 est.
643 1120 778 1156 Bajazites
790 1125 880 1148 autent
912 1129 1006 1149 rursus

216 1169 285 1202 bego
297 1166 497 1201 expeditionem
514 1166 644 1200 injuttxit,
676 1174 729 1200 qua
742 1165 861 1193 Tanabit
871 1171 898 1193 et
915 1166 1006 1194 Citros

217 1215 294 1241 fuere
303 1213 423 1240 domine.
434 1212 544 1239 Interim
556 1211 633 1239 Feris
644 1212 726 1239 etiaut
738 1212 822 1248 begus
832 1213 858 1239 itt
872 1211 1007 1239 Valachos

217 1260 371 1294 irejussus,
388 1259 530 1294 inopinato
545 1259 686 1293 regionem
697 1259 810 1291 invasit,
825 1266 1008 1294 magnamque

219 1308 335 1343 praadam
346 1306 461 1340 adeptus
472 1310 523 1333 est.
538 1304 640 1332 Eodem
654 1310 774 1340 tempore
783 1306 868 1333 Bassa
883 1305 1005 1340 quidam,

217 1353 322 1388 lagides
338 1353 434 1387 begus.
450 1352 476 1378 iit
490 1351 619 1379 Bozinam
636 1351 788 1386 profectus,
804 1359 912 1379 ontnent
928 1352 1002 1378 illam

218 1401 356 1435 regionem
383 1398 487 1433 rapinis
516 1398 655 1425 exhausit.
680 1398 741 1432 Ipse
766 1398 898 1426 Gilderun
929 1398 1006 1424 Chau

216 1447 330 1474 Prusam
348 1453 378 1473 se
390 1444 515 1476 contulit,
536 1444 630 1479 ibique
646 1444 763 1471 messitae
779 1444 918 1472 struenda:
933 1445 1008 1479 prin-

217 1493 319 1527 cipium
335 1491 408 1519 fecit.
422 1490 486 1517 lude
501 1490 597 1517 relicta
616 1491 714 1523 Prusa,
732 1491 924 1518 Caramauiam
944 1498 1005 1518 cum

218 1541 342 1568 exercitu
363 1537 451 1565 adiit:
469 1537 516 1564 ubi
534 1537 635 1572 oppido
651 1537 829 1566 Alascltelteri
847 1538 1007 1573 subjugato,

217 1635 287 1662 llittc
303 1633 467 1662 Sarchania:
488 1632 556 1659 ﬁnes
570 1632 720 1666 ingressus,
746 1631 791 1658 illa
808 1638 919 1666 quoque
932 1631 1007 1658 nullo

217 1681 326 1717 negotio
339 1682 442 1716 potitus
455 1684 506 1709 est.
523 1679 555 1706 Et
564 1687 595 1706 eo
611 1678 722 1714 quidem
733 1678 841 1705 facilius
856 1683 1006 1713 utrumque

219 1728 360 1755 Gilderuni
386 1726 541 1757 successit.
574 1725 648 1759 quod
681 1725 763 1760 paulo
796 1729 859 1752 ante
894 1725 1008 1752 ditionis

220 1775 364 1808 utriusque
377 1773 480 1800 domini
492 1772 576 1800 rebus
589 1771 717 1798 ltumattis
732 1771 923 1798 excrssisscnt.
940 1771 1007 1798 Acta

219 1821 412 1848 Maltumetano
442 1827 514 1846 anno
536 1817 589 1846 792
605 1817 683 1853 (Chr.
702 1817 794 1851 1591).

254 1867 408 1894 Secundum
421 1865 480 1893 [iam
495 1864 705 1892 Constantinum
720 1863 790 1891 bello
799 1871 943 1899 aggressus
955 1869 1006 1898 est,

218 1914 262 1942 cui
275 1914 338 1940 dum
355 1912 413 1947 ipse
429 1916 503 1938 totus
517 1911 661 1943 incumbit,
680 1917 726 1937 rex
753 1909 925 1944 ngarorunt
943 1917 1007 1937 cum

218 1959 340 1987 exercitu
370 1958 402 1985 ad
426 1956 579 1992 Nigebolim
610 1955 737 1983 accessit.
755 1954 794 1982 Eo
812 1955 945 1990 Bajazites
960 1963 1008 1982 co-

221 2005 307 2041 gnito,
323 2005 411 2032 soluta
431 2002 685 2037 Constantinopolis
701 2002 857 2034 obsidione,
870 2006 942 2029 recta
960 2002 1007 2028 Ni-

220 2052 335 2088 geltolim
353 2058 418 2078 suos
431 2049 519 2077 duxit.
532 2049 572 2075 Ad
583 2049 689 2076 hostem
705 2049 749 2075 ubi
768 2053 927 2084 perventum
942 2048 1008 2076 fuis-

219 2103 269 2132 set,
295 2097 434 2125 niultoties
461 2096 565 2123 levibus
592 2095 705 2129 pt'azliis,
734 2101 816 2130 atque
842 2095 924 2121 etiam
951 2096 1009 2122 acie

220 2150 417 2178 nonnunquam
436 2142 509 2177 justa
521 2141 682 2169 dimicatum
696 2141 767 2168 inter
779 2146 919 2175 utrosque.
933 2141 1008 2168 Tan-

220 2191 281 2218 dem
308 2195 445 2217 nocturna
475 2187 656 2222 impressione
683 2186 856 2214 Cltristianos
885 2187 1008 2218 adortus,

1053 241 1198 274 doctisque
1214 240 1239 266 itt
1250 238 1406 265 Armeniam
1423 237 1521 272 copiis,
1533 236 1677 271 Erzingant
1688 237 1843 270 occupavit.

1055 287 1121 313 Novi
1135 290 1192 313 tum
1205 292 1295 312 ntotus
1304 289 1383 312 erant
1393 283 1511 311 'l'emiris
1521 284 1623 310 Cltanis
1633 283 1703 317 apud
1714 283 1845 316 Parthos,

1055 341 1123 368 quos
1135 332 1264 360 Gilderun
1275 332 1351 358 Cltan
1364 338 1418 358 non
1429 331 1519 364 magni
1530 330 1645 362 facietis,
1657 329 1772 364 Erzinga
1783 330 1846 356 reli-

1055 385 1109 412 cta,
1120 384 1146 406 et
1161 379 1229 405 freto
1239 379 1270 405 ad
1279 377 1434 412 Gallipolim
1449 376 1622 408 transmisso.
1635 376 1660 403 in
1681 375 1845 403 l'tomaniam

1055 426 1139 458 seuit,
1155 425 1247 460 ibique
1271 424 1416 452 Silistriam
1428 423 1655 457 etEmpolimsuo
1665 423 1781 456 subjecit
1791 423 1848 449 int-

1056 478 1131 505 pcrto
1145 479 1151 497 :
1163 471 1235 505 quod
1250 470 1360 505 quidem
1375 468 1475 496 accidit
1487 476 1560 496 anno
1576 468 1629 496 795
1655 468 1730 504 (Cltr.
1751 468 1847 499 1594).

1093 515 1198 542 lliucin
1208 515 1325 543 Moreaut
1338 515 1420 548 abiit,
1432 519 1458 542 et
1474 514 1573 542 castris
1588 515 1621 540 ad
1631 514 1760 548 oppidum
1774 513 1818 540 Fet
1828 515 1852 540 i-

1056 570 1107 597 gen
1117 562 1267 595 collocatis,
1275 563 1301 589 itt
1311 563 1433 589 diversas
1441 566 1560 596 quatuor
1570 566 1661 596 partes
1671 568 1738 588 suos
1747 561 1852 588 milites

1057 609 1089 634 ad
1115 608 1285 642 diripiendos
1318 607 1438 642 regionis
1474 614 1554 642 agros
1575 607 1689 637 emisit:
1715 615 1729 634 a
1745 607 1850 641 quibus

1057 654 1153 689 ingens
1177 655 1268 689 prada
1293 654 1406 681 collecta
1428 654 1490 681 fuit.
1514 654 1576 688 lpso
1591 654 1617 680 in
1638 654 1738 689 oppido
1752 653 1851 688 Ferigc

1057 700 1187 735 templum
1217 709 1278 728 cum
1307 708 1413 728 xenone
1444 700 1567 728 construi
1584 701 1617 728 de
1644 708 1714 727 novo
1727 702 1850 729 curavit.

1058 751 1140 781 atque
1156 746 1192 773 ita
1212 754 1341 774 reversus
1360 746 1597 781 lladrianopolint,
1613 747 1647 773 ad
1659 747 1769 781 aliquod
1783 751 1854 774 tem-

1058 799 1108 826 pus
1137 792 1201 819 istic
1229 793 1256 820 in
1271 793 1327 819 otio
1343 792 1420 819 vixit.
1435 791 1473 819 lbi
1491 798 1547 819 tum
1566 792 1669 820 Bulcus
1686 793 1799 827 despota
1818 792 1852 818 fi-

1058 838 1121 864 liam
1135 845 1213 865 suant
1228 838 1370 865 Gilderuni
1395 838 1471 866 dedit
1491 846 1617 871 uxorem,
1637 845 1692 873 quo
1710 838 1852 865 aﬂiuitatis

1021 895 1043 923 B
1058 884 1166 911 vinculo
1179 885 1284 912 sancita
1303 884 1356 912 fuit
1370 884 1441 912 inter
1455 885 1531 920 ipsos
1542 886 1659 913 societas
1673 889 1701 912 et
1716 885 1850 912 amicitia.

1058 931 1165 965 Quippe
1198 930 1331 959 Gilderun
1360 931 1436 958 Chan
1462 931 1633 966 professione
1648 931 1852 963 Musulmattus,

1058 977 1134 1005 Bulci
1152 977 1287 1013 despotac,
1304 978 1351 1013 qui
1367 978 1500 1013 religione
1518 978 1696 1006 Christianus
1713 983 1782 1011 erat,
1799 986 1848 1013 ge-

1058 1033 1107 1052 ner
1131 1026 1221 1052 factus
1241 1024 1301 1052 fuit.
1332 1025 1402 1052 Ante
1425 1030 1538 1058 tamen,
1569 1033 1652 1060 quam
1668 1025 1745 1053 Bchi
1764 1025 1847 1054 tiliam

1058 1071 1194 1106 Bajazites
1223 1071 1278 1099 sibi
1305 1071 1485 1099 matrimonio
1511 1071 1651 1106 jungeret,
1683 1073 1739 1099 vini
1770 1080 1850 1100 nsunt

1058 1125 1171 1152 prorsus
1188 1117 1344 1151 ignorabat.
1362 1117 1479 1152 Majores
1490 1118 1561 1146 enim
1577 1119 1663 1152 ipsius
1678 1126 1693 1146 a
1707 1119 1770 1146 vino
1786 1120 1851 1148 abs-

1058 1165 1208 1196 tinuerant,
1222 1164 1256 1191 de
1281 1164 1400 1191 Osmane
1429 1164 1538 1199 loquor,
1557 1170 1585 1192 et
1606 1164 1741 1200 Urchane,
1760 1167 1852 1194 Mura-

1059 1214 1149 1244 teque.
1168 1208 1235 1235 Nam
1252 1209 1360 1244 quoties
1384 1210 1515 1236 convivas
1547 1209 1687 1236 ittvitaluri
1700 1215 1788 1243 erant,
1803 1218 1853 1237 va-

1058 1256 1115 1283 rios
1147 1255 1223 1282 cibos
1253 1255 1378 1290 apparari
1399 1256 1553 1289 jusserunt,
1582 1261 1666 1290 atque
1697 1256 1741 1284 his
1752 1257 1852 1283 deinde

1060 1302 1131 1329 vesci
1163 1302 1237 1329 soliti
1264 1306 1341 1333 sunt,
1365 1302 1498 1329 adhibitis
1528 1302 1711 1330 Talismanis:
1730 1311 1849 1337 quorum

1059 1349 1202 1385 praeceptis
1214 1354 1240 1376 et
1252 1348 1489 1376 admonitionibus
1499 1350 1571 1376 ittter
1584 1350 1785 1377 convivaudutn
1797 1357 1850 1377 au-

1060 1404 1103 1424 res
1111 1396 1278 1430 praebebant,
1290 1401 1316 1422 et
1325 1395 1492 1422 Alcoranum
1501 1395 1552 1430 legi
1563 1396 1851 1432 citrabant.Quidquid

1059 1443 1178 1476 denique
1191 1442 1341 1470 Talistttaui
1367 1442 1557 1475 consulerent,
1570 1442 1606 1470 illi
1626 1451 1679 1470 non
1701 1444 1785 1471 invite
1797 1444 1850 1470 ob-

1060 1490 1259 1524 temperabant.
1283 1489 1342 1522 Quo
1372 1488 1489 1522 factum,
1518 1494 1548 1517 ut
1564 1498 1659 1517 eorum
1678 1491 1791 1518 monitis
1803 1499 1852 1526 pa-

1032 1570 1041 1579 Ἰ
1061 1537 1159 1568 remlo,
1173 1543 1347 1570 nequaquam
1362 1543 1478 1570 peccare
1491 1541 1613 1571 possent.
1627 1537 1655 1564 lu
1670 1537 1769 1572 primis
1779 1537 1851 1565 Cara

219 1595 280 1615 mox
295 1594 359 1622 ager
390 1583 548 1611 Aidinensis
563 1591 612 1611 sua
629 1588 727 1619 sponte
743 1584 911 1611 deditionem
929 1572 1004 1611 fecit.
1021 1572 1041 1597 δ

1059 1582 1216 1615 Rnstemes,
1238 1587 1264 1609 et
1279 1581 1447 1610 Zenderlues
1462 1582 1590 1615 Cheliles,
1608 1591 1704 1619 magno
1716 1584 1786 1619 apud
1802 1591 1852 1612 eos

1059 1629 1166 1657 honore
1197 1628 1294 1660 habiti.
1321 1633 1348 1655 et
1375 1633 1465 1658 sancti
1482 1632 1610 1660 homines
1622 1632 1749 1667 appellati
1762 1632 1850 1660 fuere.
1898 1656 1903 1665 ,

1061 1675 1159 1704 Verum
1176 1681 1230 1704 tant
1245 1678 1308 1713 ipsi,
1324 1685 1407 1713 quam
1423 1677 1574 1706 Talismani
1587 1679 1679 1706 caeteri
1705 1679 1757 1708 hac
1770 1679 1851 1706 exhi-

1058 1723 1159 1751 bitione
1185 1724 1298 1752 honoris
1320 1725 1526 1760 arrogantiores
1548 1726 1627 1760 facti,
1652 1727 1737 1755 multa
1760 1726 1852 1754 fecere

1058 1771 1183 1805 nequiter
1199 1776 1226 1799 et
1240 1771 1388 1807 flatigiose.
1403 1772 1523 1800 Tandem
1536 1780 1598 1800 cum
1620 1778 1711 1802 essent
1722 1774 1852 1800 exstincti

1059 1816 1225 1844 Zenderlues
1243 1817 1372 1851 Cheldes,
1389 1823 1417 1846 et
1431 1818 1500 1845 Cara
1514 1819 1659 1847 Rustemes
1671 1828 1678 1846 :
1692 1819 1748 1847 Alis
1759 1820 1851 1850 lutosa.

1059 1863 1221 1890 Zettderluis
1231 1863 1342 1890 Cltelilis
1353 1864 1436 1895 ﬁlius,
1447 1871 1460 1890 a
1472 1864 1622 1891 Gilderutte
1639 1863 1734 1891 Cliatte
1745 1863 1853 1891 Vrzirts

1059 1909 1219 1943 dignitatem
1233 1911 1347 1945 adeptus
1359 1915 1410 1938 est.
1424 1910 1493 1937 Tum
1508 1919 1571 1939 vero
1586 1919 1710 1939 crescere
1720 1911 1855 1939 Talisma—

1060 1947 1157 1982 norum
1180 1956 1354 1990 improbitas,
1378 1956 1460 1983 multa
1483 1963 1512 1984 se
1541 1957 1650 1992 indigna
1675 1958 1854 1985 committen-

1061 2001 1140 2035 tium,
1155 2006 1182 2028 ct
1197 2001 1305 2037 rejectis
1320 2003 1443 2030 tnoribus
1463 2008 1545 2037 atque
1560 2003 1692 2030 institutis
1716 2004 1851 2037 pristinis,

1060 2054 1129 2074 nova
1152 2048 1276 2082 quaedam
1301 2048 1543 2075 introducentium.
1561 2049 1627 2076 Erat
1647 2050 1719 2076 enim
1735 2050 1854 2084 populus

1059 2092 1224 2121 Osntanicus
1255 2102 1322 2121 sane
1339 2103 1421 2129 quarti
1437 2095 1552 2129 simplex
1560 2100 1587 2123 et
1603 2096 1695 2129 rudis,
1710 2096 1755 2131 qui
1770 2097 1852 2124 facile

1062 2140 1114 2167 sibi
1142 2140 1251 2175 quidvis
1276 2141 1434 2176 persuaderi
1455 2141 1569 2169 sineret.
1586 2142 1645 2176 Quo
1661 2142 1743 2169 ﬁebat
1758 2148 1791 2170 ut
1810 2143 1853 2170 eis

1062 2187 1203 2219 insidiose,
1235 2196 1266 2214 ac
1282 2187 1425 2222 multiplici
1446 2187 1553 2215 vafritie
1577 2188 1758 2223 imponerent.
1777 2189 1854 2217 Inter

221 2237 289 2265 adeo
312 2236 452 2272 repentino
466 2239 493 2262 et
523 2234 664 2269 inopinato
684 2233 784 2268 impetu
801 2236 956 2266 exterruit,
979 2239 1008 2261 ut
1025 2244 1046 2271 ι)
1064 2232 1117 2258 alia
1154 2233 1336 2267 prohibebant
1357 2234 1383 2260 in
1410 2235 1583 2263 commerciis
1605 2239 1632 2262 et
1664 2236 1855 2264 contractibus

221 2291 315 2310 eorum
339 2281 460 2317 plerique
481 2281 506 2307 iu
524 2280 677 2306 Danubium
708 2280 877 2314 praecipitare
889 2287 918 2307 se
928 2287 1009 2315 coge-

222 2334 327 2359 rentur,
345 2332 372 2354 et
388 2329 414 2354 iit
427 2327 486 2362 ipso
504 2325 617 2352 flumine
632 2333 729 2359 magno
742 2332 857 2352 numero
873 2325 1009 2352 submersi

223 2376 360 2410 perirent:
372 2373 470 2408 reliqui
483 2372 581 2399 foedant
595 2372 715 2399 seutetiu
728 2371 818 2407 fugam
830 2372 1008 2407 conjicerent.

221 2421 334 2449 Factum
353 2421 403 2447 hoc
417 2427 490 2446 anno
503 2418 553 2446 794
580 2418 656 2454 (Chr.
671 2418 762 2453 1595).

258 2468 316 2495 Hoc
333 2467 402 2495 bello
420 2467 555 2495 confecto,
588 2473 684 2493 rursus
700 2465 727 2492 iu
743 2464 953 2492 Constantinum
968 2473 1011 2492 ar-

222 2522 266 2542 ma
292 2513 435 2540 convertit.
471 2512 524 2540 Sed
542 2512 692 2547 composita
720 2519 772 2547 pax
786 2512 851 2544 fuit,
866 2519 898 2539 ea
914 2512 1010 2539 condi-

222 2568 297 2587 \tttlle
308 2581 314 2592 ,
332 2564 360 2586 ut
375 2560 445 2586 intra
470 2558 724 2593 Constantinopolis
739 2558 839 2586 mantia
851 2557 1010 2586 Gilderunis

226 2606 329 2633 Chattis
360 2605 461 2632 subditi
477 2606 521 2639 jus
539 2605 672 2632 haberent
684 2604 773 2631 vicum
793 2612 878 2630 unutn
894 2604 1006 2632 inhabi-

225 2653 313 2680 tandi.
333 2651 394 2678 Fuit
411 2652 434 2679 is
454 2658 543 2678 annus
558 2651 622 2678 794.

259 2697 297 2725 Eo
314 2698 372 2733 ipso
400 2702 523 2732 tempore
552 2701 677 2723 mortuus
706 2702 748 2724 est
762 2697 888 2724 sultanus
904 2697 1008 2724 Alcairi

224 2746 370 2775 Bor-cuces,
395 2748 456 2778 post
481 2743 559 2776 cujus
587 2742 834 2770 obitumGilderun
851 2743 926 2770 Cltatt
946 2751 1010 2778 pro-

224 2793 326 2819 iincias
342 2790 429 2826 ipsius
444 2789 556 2822 invasit,
573 2793 600 2815 et
615 2788 757 2824 Melatigsn
774 2797 831 2817 sua:
846 2790 943 2817 ditioni
962 2791 1009 2817 ad-

220 2839 322 2873 jumit.
339 2838 391 2865 Sed
412 2836 617 2864 imutinetttibus
637 2836 693 2870 jam
710 2835 859 2871 frigoribus
875 2837 1006 2870 hibernis,

222 2886 335 2913 l’rusam
365 2891 491 2912 reversus
513 2882 681 2917 cst,ibique
710 2889 758 2917 per
787 2883 859 2910 illam
891 2884 1005 2911 hiemem

1063 2285 1141 2304 usum
1172 2278 1292 2312 antiqua:
1320 2284 1446 2313 monetae,
1475 2287 1676 2316 asprorumque
1705 2287 1854 2312 veterum:

1063 2329 1089 2351 ct
1098 2324 1386 2361 emolutttentiproprii
1402 2334 1496 2361 causa,
1509 2329 1753 2356 nummulariorum
1764 2337 1854 2364 moro,

1063 2377 1200 2398 monetam
1218 2373 1252 2399 ad
1267 2380 1296 2400 se
1309 2377 1425 2400 veterem
1442 2378 1532 2401 astute
1555 2375 1765 2408 transferebant,
1782 2376 1841 2411 ejus

1062 2425 1116 2452 que
1127 2418 1187 2445 loco
1202 2425 1299 2445 novatn
1309 2419 1461 2453 signabant.
1477 2420 1535 2447 Alis
1551 2420 1609 2455 ipse
1618 2421 1708 2454 bassa,
1730 2424 1772 2449 vir
1786 2424 1855 2450 siti.-

1063 2465 1136 2498 plex,
1148 2472 1180 2492 ac
1196 2465 1278 2492 rebus
1295 2466 1395 2494 divinis
1404 2465 1520 2494 devotus
1536 2472 1622 2495 eratr:
1637 2470 1715 2503 Cujus
1725 2474 1854 2506 exemplo

1063 2521 1124 2540 cum
1145 2514 1262 2548 populus
1279 2514 1305 2541 id
1326 2516 1457 2549 temporis
1473 2517 1555 2543 etiam
1580 2517 1712 2552 singulari
1747 2527 1853 2548 tuorum

1064 2559 1232 2594 integritate,
1249 2561 1436 2596 religioncque
1451 2563 1581 2597 praeditus
1605 2571 1688 2599 esset,
1705 2566 1855 2596 Talismani

1064 2610 1140 2633 tanto
1159 2607 1244 2642 magis
1261 2607 1358 2634 ltorutu
1378 2607 1497 2635 bonitate
1521 2610 1649 2644 simplici,
1678 2619 1727 2646 pro
1754 2613 1854 2645 lultitu,

1064 2652 1256 2680 abutebantur.
1274 2652 1341 2680 Cum
1355 2658 1446 2680 autent
1478 2653 1606 2683 Gilderun
1638 2657 1715 2684 Citati
1742 2658 1855 2687 fraudes

1063 2700 1185 2734 ipsorum
1206 2705 1233 2728 et
1254 2701 1419 2735 intposturas
1437 2702 1663 2739 deprehenderet,
1681 2712 1762 2741 atque
1771 2708 1854 2736 etiam

1063 2746 1164 2773 videret
1194 2754 1241 2773 eos
1263 2746 1447 2774 belluinamet
1474 2749 1607 2783 impuram
1638 2753 1720 2779 vitam
1748 2761 1855 2790 agere:

1063 2792 1153 2819 edicto
1181 2791 1316 2826 publicato
1349 2795 1489 2829 praecepit,
1501 2801 1529 2822 ut
1560 2804 1657 2826 omnes
1693 2799 1854 2835 'l‘alismani,

1064 2845 1212 2871 otttnesquc
1228 2838 1316 2868 Cadii,
1344 2846 1398 2872 quo
1433 2842 1544 2867 nomine
1565 2842 1675 2876 judices
1701 2844 1855 2876 'l'urcorum

1064 2883 1184 2915 veniunt,
1206 2882 1355 2917 Neapolim,
1371 2893 1449 2920 quam
1465 2885 1545 2915 T-trci
1566 2888 1789 2920 Gcniscltcherittt
1801 2894 1855 2922 liu-
