1962 3071
131 169 176 201 593

740 168 918 199 ANNALES
938 170 1107 200 TURCICI.

1684 175 1737 206 594
1749 178 1759 192 λ

125 234 170 260 gua
185 232 233 252 sua
259 224 363 256 dicunt,
394 229 623 252 conrocarentur.
646 225 696 253 Ubi
712 227 904 254 convenissent
919 229 941 257 Α
956 234 987 254 ac
998 235 1046 261 pro
1062 228 1174 263 singulis
1190 229 1388 264 instrutnentis,
1403 231 1636 263 matrimoniorum
1659 239 1738 268 puta,
1754 256 1760 261 .

124 270 249 301 universi,
267 269 413 304 qttamdam
428 269 453 296 itt
463 269 572 296 domum
585 270 706 297 concludi
719 270 812 305 jussit,
827 278 903 298 eam-

125 324 173 350 que
181 315 304 350 przesidio
314 315 520 344 circumdatam.
531 322 564 342 ne
572 315 633 350 quis
639 315 800 347 elaberetur.
812 316 905 343 incen-

125 363 149 389 di
169 361 308 396 ptacepit,
321 361 402 395 319
411 365 439 387 ut
452 368 546 388 omnes
561 361 677 389 flammis
687 363 904 390 absumerentur.

126 407 178 435 lloc
187 407 344 435 Gilderunis
355 410 481 437 mandato
490 414 653 444 magnopere
662 409 838 443 perturbatus
847 409 904 436 Alis

127 453 200 481 Iussa
215 456 298 487 vezir,
315 463 369 490 prae
383 456 466 483 animi
481 463 608 485 moerere.
622 462 674 490 qua
704 455 810 481 illorum
824 455 905 483 saluti

129 500 168 527 via
176 501 345 533 consuleret,
356 502 511 536 ignorabat.
523 502 645 528 Tandem
659 501 812 536 ltnjusmodi
824 501 906 535 quid-

127 546 183 572 dam
204 547 227 572 ei
240 547 272 573 ad
294 547 416 574 attimum
437 548 546 574 accidit.
577 547 641 574 Erat
654 547 681 574 in
700 546 804 574 deliciis
817 546 907 574 Gilde-

129 590 185 617 r-tni
201 590 289 618 Chani
309 592 419 625 quidam
434 591 560 626 Etltiops
577 593 719 627 parvulus,
737 593 824 618 faceto
837 599 906 626 prte-

126 636 196 663 ditus
208 637 330 672 ingenio:
347 637 394 672 qui
407 638 441 664 ab
455 637 522 665 hero
538 637 646 672 quidvis
670 637 816 672 impetrare
831 638 907 664 nullo

128 682 231 717 negotio
248 686 363 716 poterat.
381 682 436 710 Hoc
457 683 490 710 ad
502 690 532 710 se
543 683 636 710 venire
649 683 726 716 jusso
740 691 746 708 :
760 682 906 716 Quidquid,

128 728 213 762 inquit
225 728 282 754 Alis
301 728 391 761 bassa,
408 728 512 755 libitum
541 729 587 755 tibi
623 729 704 756 fuerit
717 736 731 755 a
748 736 790 755 me
806 734 906 763 petere,

128 773 194 799 dabo
210 782 217 800 :
233 773 312 800 modo
326 774 498 801 Talismanos
506 779 534 801 et
546 774 644 802 Cadios
663 774 817 802 imminenti
836 776 907 809 peri-

129 819 186 846 culo
197 819 340 853 eripueris.
355 820 490 854 Etltiops,
502 821 544 848 bis
556 820 665 853 auditis,
678 829 739 847 mox
761 821 909 855 elegantio-

131 866 149 892 ri
163 866 263 892 amictu
276 872 394 900 sumpto,
411 871 438 893 et
454 867 580 901 imposita
610 867 691 901 Capiti
725 867 842 899 uscnfia,
859 867 906 901 qui

130 912 213 946 pileus
230 915 272 941 est
282 918 392 944 aureus,
409 912 462 939 boc
471 918 569 939 ornatu
597 911 772 940 Gilderunem
785 912 906 939 Chanem

130 958 191 991 adit,
209 964 293 992 seque
307 962 370 985 ante
382 958 469 992 ipsum
483 958 565 985 sistit.
580 958 790 991 llie.conspecto
801 957 908 984 Ethio—

131 1012 183 1039 pe:
202 1003 270 1036 Quid
280 1005 340 1035 hoc.
353 1004 404 1037 ait,
422 1005 462 1031 rei
474 1009 524 1035 est,
548 1003 729 1039 Etltiopille?
753 1012 801 1031 cur
830 1005 908 1032 nobis

131 1050 179 1077 ltoc
192 1049 293 1076 amictu
309 1054 362 1076 tam
374 1050 516 1083 splendido
532 1050 602 1078 Hist
618 1050 690 1084 quod
707 1050 756 1077 abs
772 1054 797 1076 te
808 1055 907 1084 petam,

131 1095 218 1130 inquit
230 1095 367 1130 Etliiops,
383 1096 492 1123 exorari
505 1101 529 1123 te
538 1096 648 1130 patitor.
667 1095 699 1122 Et
714 1096 779 1131 quid
800 1096 908 1122 tandem

130 1142 195 1176 petis
209 1141 337 1174 Hubjicit
351 1141 494 1176 Bajazites.
511 1142 558 1168 ille
584 1149 649 1168 vero
680 1150 687 1168 :
715 1141 842 1177 Ablegari
867 1149 911 1168 me

129 1188 273 1220 velim,ait,
286 1188 483 1215 internuntium
500 1188 533 1215 ad
545 1187 705 1223 Teggiurem
717 1188 911 1215 Constantino-

130 1234 212 1268 polis.
226 1234 261 1260 At
277 1233 527 1267 Constantinopoli,
537 1231 833 1267 respnndetGilderuu,
847 1232 911 1266 quid

130 1280 236 1308 tandem
249 1279 397 1306 eﬂecturus
407 1284 436 1306 es
446 1278 565 1313 negotii?
574 1279 684 1313 Rogabo
694 1277 862 1312 Teggiurem,
870 1279 912 1305 in.

130 1327 197 1361 quit.
211 1326 250 1352 uti
275 1325 453 1360 quadraginta
482 1325 523 1351 vel
547 1324 741 1359 quinquaginta
763 1323 911 1358 Calogeros

105 1364 108 1368 ’
131 1372 195 1399 mihi
217 1371 358 1399 concedat.
370 1372 455 1403 Quem
479 1378 544 1398 vero
566 1370 600 1397 ad
615 1378 705 1402 usum,
718 1369 816 1405 quaerit
829 1370 914 1404 impe‘

129 1422 215 1449 ratur,
232 1416 260 1443 bi
281 1417 327 1443 tibi
344 1415 468 1450 Calogeri
496 1415 633 1443 servient?
660 1415 806 1448 mandasti,
823 1415 872 1448 ait,
885 1420 915 1442 ut

130 1470 224 1490 omnes
239 1463 336 1490 eruditi
348 1462 497 1489 Talismani
512 1462 560 1494 tui,
574 1467 656 1496 atque
671 1461 786 1496 iudices,
798 1461 915 1488 ﬂammis

130 1508 260 1537 cturendi
276 1509 426 1535 tradantur.
438 1508 605 1543 Quapropter
620 1509 646 1535 in
659 1507 755 1534 horum
767 1507 856 1535 locum
868 1514 917 1534 no-

953 274 994 299 vel
1011 273 1125 300 aliorum
1153 274 1245 301 talittm
1266 280 1453 303 eontractuunt
1473 278 1581 304 nomine
1595 278 1738 311 confectis,

952 319 1048 346 itidem
1081 327 1178 354 aspros
1204 320 1239 347 20
1267 322 1405 355 penderet.
1440 322 1480 349 Ab
1507 323 1559 350 hoc
1583 332 1645 359 ergo
1669 329 1737 359 tem-

954 374 1020 398 pore
1039 367 1187 393 constituta
1211 366 1347 401 iudicibus
1368 369 1503 404 stipendia
1533 376 1616 401 stitit.
1637 377 1663 398 et
1681 372 1737 399 Alis

954 412 980 439 in
996 412 1068 439 hunc
1083 413 1191 439 modum
1205 415 1308 447 placato
1320 414 1475 442 Gildernnis
1485 416 1588 447 animo,
1603 416 1735 444 Talismar

952 466 1001 485 nos
1032 458 1177 492 etjndices
1190 467 1204 486 e
1223 460 1349 493 prmsenti
1374 461 1435 488 vitae
1450 461 1572 495 periculo
1595 462 1738 489 liberavit.

991 505 1145 533 Secundum
1159 507 1216 533 brec
1233 507 1514 536 invasit'Caramania:
1540 510 1665 544 princeps
1694 517 1740 537 ex-

956 552 1094 586 peditione
1126 559 1260 586 suscepta.
1284 553 1420 587 regionem
1450 554 1600 586 llemidam,
1625 563 1740 588 eamque

956 599 1108 632 occupavit.
1122 598 1179 631 Qua
1196 600 1228 625 de
1242 606 1269 625 re
1286 599 1415 626 Gilderun
1433 600 1507 627 Cltan
1528 599 1615 628 factus
1629 602 1739 633 certior,

956 649 1057 679 quanta
1073 644 1162 678 potuit
1188 644 1327 671 celeritate
1351 646 1513 673 transmisso
1528 646 1608 677 freto,
1626 645 1739 674 Prusam

958 690 1084 721 accessit,
1111 693 1139 716 et
1152 695 1294 725 peragrata
1311 690 1435 718 Tekiensi
1466 691 1697 725 provincia,venit
1713 693 1740 719 in

957 734 1264 772 Caramaniam,ibique
1279 735 1417 763 civitatem
1453 736 1567 763 (Ioniam
1599 737 1741 764 obsidione

957 780 1051 807 cinxit‘.
1069 779 1236 808 Caramaniaa
1249 781 1376 808 dominus
1396 781 1466 808 ltosti
1482 782 1633 809 advenienti
1649 782 1739 814 cessit,

957 829 984 852 ct
1001 826 1026 852 in
1041 825 1101 852 loca
1117 829 1261 852 montuosa
1288 834 1317 852 se
1341 827 1453 861 recepit.
1476 826 1540 854 Erat
1568 832 1622 853 tum
1637 828 1661 854 id
1678 827 1742 853 anni

958 876 1076 906 tempus.
1092 878 1146 906 quo
1161 871 1255 898 incolat
1267 876 1374 907 segetes
1390 881 1455 900 suas
1473 873 1500 900 in
1528 873 1600 900 areis
1614 880 1741 906 agrorum

960 916 1104 949 habebant,
1122 921 1204 944 uteas
1213 917 1381 944 triturarent:
1403 925 1434 945 ac
1452 925 1498 951 per
1514 918 1578 952 ipsis
1592 917 1744 944 accidebat-

960 960 1139 992 incommode,
1156 961 1228 994 quod
1237 961 1366 988 frumenti
1395 969 1519 994 acervos,
1532 961 1577 995 qui
1588 965 1654 988 tunc
1662 965 1687 987 et
1697 961 1744 987 tri-

959 1007 1081 1040 taxandi,
1094 1012 1120 1034 et
1132 1007 1281 1034 ventilandi
1292 1011 1380 1039 erant,
1397 1007 1552 1042 relittquere
1564 1009 1615 1034 sub
1633 1008 1678 1034 dio
1693 1015 1740 1033 co-

963 1057 1099 1088 gerentur,
1110 1058 1191 1086 atque
1207 1054 1276 1080 intra
1293 1053 1369 1080 urbis
1381 1055 1480 1081 mmnia
1493 1061 1551 1080 sese
1571 1054 1744 1080 concludere.

961 1098 1027 1125 Cum
1056 1098 1109 1125 boc
1142 1097 1270 1125 Gilderun
1285 1098 1359 1125 Chan
1382 1099 1617 1129 animadverteret.
1635 1099 1746 1126 suisin'

961 1142 1069 1170 terdixit
1094 1150 1128 1170 ne
1143 1143 1205 1177 quid
1218 1142 1345 1170 frumenti
1364 1148 1512 1175 sumerent,
1543 1144 1594 1171 nisi
1607 1144 1745 1178 persoluto

961 1189 1059 1224 pretio.
1077 1187 1175 1215 Milites
1191 1188 1236 1215 illo
1250 1180 1352 1216 sulta‘ni
1366 1190 1456 1217 edicto
1477 1189 1658 1224 promulgato.
1678 1196 1745 1223 pro-

962 1236 1023 1269 pius
1033 1235 1064 1261 ad
1083 1235 1183 1261 mcenia
1198 1235 1344 1269 progressi,
1357 1242 1453 1269 rogare
1468 1235 1606 1267 obsessos,
1623 1235 1746 1261 frumen-

965 1285 1021 1306 tum
1036 1280 1087 1307 sibi
1103 1280 1260 1308 venderent.
1283 1280 1417 1315 Oppidani
1447 1282 1622 1316 respondere,
1634 1288 1682 1308 nec
1697 1289 1746 1315 pa-

965 1327 1056 1353 bulum
1070 1326 1103 1352 ab
1118 1333 1157 1358 se,
1169 1333 1220 1353 nec
1233 1326 1398 1354 frumentum
1413 1327 1492 1354 vemli
1506 1333 1585 1361 posse
1604 1336 1610 1354 :
1625 1327 1670 1362 qui
1682 1327 1733 1354 civi

965 1373 1028 1400 tatis
1040 1373 1111 1400 intra
1127 1381 1220 1401 ntttros
1231 1374 1327 1407 clausi,
1342 1374 1544 1402 obsiderentur.
1573 1374 1601 1401 Si
1624 1373 1762 1401 Gilderu--

967 1420 993 1446 ni
1007 1419 1094 1446 Chatti
1110 1419 1237 1453 placeret,
1253 1427 1385 1448 concesso
1410 1425 1563 1448 commeatu
1589 1420 1684 1451 libero.
1701 1428 1748 1454 po-

966 1469 1091 1492 testatem
1103 1467 1218 1493 exeundi
1236 1466 1325 1494 facere
1335 1487 1343 1499 ,
1354 1467 1527 1501 perlubenter
1536 1467 1626 1494 omnia
1643 1475 1671 1494 se
1685 1474 1750 1493 ven-

968 1510 1157 1546 dituros-quaa
1184 1511 1234 1546 ipsi
1264 1515 1418 1547 poscerent.
1447 1511 1494 1539 His
1505 1511 1642 1539 Gildernni
1661 1511 1748 1538 conti-

131 1556 172 1582 bis
186 1555 450 1582 illossubstituemus
469 1554 587 1589 iudices.
601 1553 669 1581 Tum
680 1554 913 1588 Bajazitestan:

968 1566 1024 1586 nuo
1038 1559 1211 1592 renuntiatis,
1228 1559 1325 1587 idoneo
1343 1560 1450 1587 civibus
1462 1560 1578 1587 exituris
1592 1563 1748 1586 commeatu

133 1603 238 1635 Ergone
255 1601 377 1636 Calogeri
386 1600 466 1628 nobis
474 1600 628 1627 necessario
639 1600 773 1635 deligendi
791 1594 913 1634 iudices?

132 1656 166 1674 an
185 1648 237 1675 mei
252 1647 371 1675 ministri
387 1647 510 1682 judicum
528 1645 617 1673 oﬂicio
643 1645 719 1680 fungi
750 1650 888 1680 nequeunt
903 1646 914 1672 ἶ)

134 1693 185 1721 Tui
198 1694 325 1726 ministri,
343 1692 482 1727 respondit
493 1691 630 1726 Etbinps,
658 1699 711 1718 non
725 1696 787 1719 sunt
803 1691 913 1718 eruditi.

133 1738 205 1771 Quid
221 1739 262 1766 ais
276 1738 407 1773 ?subjicit
421 1737 549 1765 Gilderun
563 1745 570 1764 :
588 1737 724 1764 eruditine
731 1741 795 1764 sunt
806 1737 913 1771 iudices

133 1785 171 1812 illi
190 1785 276 1812 nostri
294 1786 305 1812 ’ἔ
319 1785 358 1812 An
369 1785 462 1819 judex,
477 1784 566 1819 inquit
580 1785 659 1817 alter,
674 1791 735 1811 esse
767 1784 912 1819 quisquam

133 1830 230 1864 possit,
243 1830 289 1864 qui
304 1838 357 1856 non
386 1830 422 1857 sit
450 1830 598 1857 eruditus!
615 1830 648 1856 At
663 1829 747 1862 enim,
777 1829 915 1864 respondit

135 1877 211 1903 Chan
231 1886 238 1904 :
255 1877 276 1903 si
287 1876 357 1903 docti
371 1881 445 1909 sunt,
460 1882 507 1903 cur
521 1883 554 1902 ex
578 1875 647 1910 atqui
675 1876 795 1910 rectique
822 1874 914 1910 regula

134 1930 194 1949 sese
209 1930 264 1949 non
277 1922 458 1956 gerunt?eur
481 1922 555 1956 quod
584 1921 745 1956 praecipiunt
767 1921 839 1952 aliis,
864 1920 914 1954 ipsi

134 1976 189 1995 non
218 1967 346 1994 faciunt?
374 1967 414 1994 Ad
447 1975 477 1994 ea
519 1966 607 1994 fessus
635 1967 827 2002 interrogando
858 1966 914 2001 jam

135 2013 273 2048 Ethiops,
291 2013 415 2041 obticuit.
427 2012 557 2040 Gilderun
589 2020 662 2044 vero,
681 2012 841 2047 compellato
874 2011 915 2039 Ali

134 2059 214 2087 bassa
228 2058 360 2087 :Doctine
374 2062 449 2091 sunt,
459 2058 505 2089 ait,
518 2057 625 2092 iudices
639 2058 723 2084 nostri
736 2057 824 2084 ?Tum
839 2057 896 2084 Alis
908 2066 916 2084 -.

135 2105 255 2140 Ecquem
271 2110 361 2139 putas,
374 2104 473 2138 inquit,
500 2103 602 2137 iudicis
632 2102 722 2130 oﬂicro
739 2110 818 2136 posse
833 2103 916 2137 fungi,

133 2151 182 2184 qui
200 2150 331 2178 doctrinre
345 2151 380 2176 sit
394 2156 489 2183 expers
503 2149 514 2176 ?
530 2149 562 2175 Et
577 2149 710 2183 Bajazites
741 2156 748 2176 :
764 2149 819 2176 Cur
835 2149 919 2184 igitur

133 2198 204 2224 adeo
217 2196 288 2224 foeda
306 2195 426 2222 facinora
439 2195 613 2222 committunt
628 2202 678 2221 nec
706 2199 791 2222 semet
804 2203 836 2221 ex
852 2203 920 2227 prcr-

133 2243 240 2277 scripto
259 2250 315 2269 suze
329 2241 459 2268 doctrinae
487 2245 586 2275 gerunt
600 2241 610 2267 ’ἔ
625 2241 664 2267 lbi
694 2241 861 2267 coturnodatn
877 2248 919 2266 re-

136 2289 289 2324 spondendi
306 2292 401 2314 nactus
418 2287 588 2314 occasionem
605 2286 661 2313 Alis
676 2296 685 2314 :
701 2286 733 2313 lli
747 2287 833 2313 nostri
848 2287 921 2321 judi-

134 2343 193 2368 ces,
207 2335 255 2367 ait,
271 2333 376 2360 nullutn
404 2333 582 2368 stipendium,
631 2333 719 2359 nullas
735 2340 856 2360 annonas
874 2333 922 2358 lta—

136 2383 212 2410 bent.
231 2381 266 2407 Ea
283 2381 338 2407 sola
354 2379 482 2406 nimirum
499 2383 540 2405 est
565 2385 658 2411 causa,
683 2386 733 2404 cur
760 2377 848 2405 ofﬁcio
871 2385 922 2405 suo

135 2429 230 2455 minus
256 2426 434 2454 satisfaciant.
464 2425 533 2458 Quid
562 2431 637 2458 ergo,
665 2424 806 2457 respondit
832 2423 920 2456 Cltan,

135 2473 297 2501 faciundum
315 2473 394 2500 nobis
406 2480 503 2500 censes
518 2472 529 2498 Ἰ
555 2469 674 2498 Omnino
688 2478 716 2497 se
741 2471 921 2505 corrigerent,

136 2521 227 2555 inquit
239 2520 306 2551 Alis,
321 2520 344 2547 si
360 2519 424 2554 quid
438 2519 478 2546 eis
493 2519 620 2553 stipendii
637 2521 835 2544 numeraretur.
851 2516 933 2542 Tum-

138 2567 275 2601 Bajazites
292 2575 299 2593 :
321 2565 460 2600 Siquidem
481 2569 638 2599 comparata
651 2571 692 2590 res
719 2567 770 2593 est.
785 2562 920 2596 quoddam

135 2615 199 2649 ipse
213 2614 340 2641 salarium
354 2613 394 2640 eis
411 2611 582 2639 constituite.
604 2610 674 2641 Alis,
686 2609 760 2636 ltoca
773 2609 921 2635 Gildernne

136 2664 253 2694 accepto
269 2666 411 2693 responso,
428 2665 512 2692 reque
522 2664 583 2684 cum
600 2657 692 2683 animo
707 2662 757 2682 suo
781 2654 924 2688 diligenter

138 2703 506 2740 expensa,tandeutreperit,
518 2702 581 2737 quid
596 2702 636 2728 eis
658 2700 768 2727 nomine
791 2700 921 2734 stipendii

137 2755 233 2786 posset
243 2748 563 2785 asslgttat-izvidelicetut
587 2747 712 2781 quisquis
729 2746 922 2777 ltmreditatetn,

137 2797 246 2831 aliquot
256 2795 374 2822 millibus
386 2801 528 2830 asprorum
537 2793 709 2825 aestimatam,
718 2792 815 2824 adiret;
827 2790 923 2823 Cadio,

137 2843 200 2871 sive
209 2842 307 2877 judici.
320 2842 399 2876 cujus
409 2841 468 2874 ipse
477 2838 664 2875 jurisdictioni
677 2839 817 2872 subjectus
839 2842 924 2868 esset.

138 2897 197 2925 pro.
207 2889 322 2925 singulis
337 2887 453 2915 millenis
469 2887 558 2921 aspris
567 2885 672 2920 ,viginti
686 2892 782 2919 aspros
792 2884 923 2912 solveret:

965 1605 1072 1639 publica
1088 1604 1140 1632 fide
1151 1605 1233 1632 cavit.
1248 1605 1343 1640 itaque
1374 1606 1430 1633 illis
1455 1611 1532 1633 extra
1561 1606 1656 1632 urbem
1685 1613 1748 1639 pro-

965 1650 1120 1684 deuntibus,
1139 1651 1269 1678 accedere
1281 1652 1382 1679 milites
1391 1651 1513 1683 Turcici.
1524 1651 1624 1686 quibus
1638 1658 1747 1678 annona
1762 1670 1768 1674 .

964 1703 1033 1731 opus
1063 1701 1146 1727 esset,
1179 1705 1210 1724 ac
1242 1697 1395 1724 necessaria
1424 1704 1594 1731 comparare,
1627 1696 1686 1722 sine
1701 1704 1748 1722 cu-

964 1741 1091 1777 jusquam
1107 1742 1148 1770 vel
1166 1742 1276 1774 damno,
1289 1743 1330 1769 vel
1346 1743 1457 1777 injuria,
1488 1743 1578 1769 soluto
1602 1742 1746 1769 confestim

964 1788 1062 1821 pretio.
1077 1787 1135 1820 Qua
1161 1788 1235 1816 cives
1248 1793 1275 1815 et
1289 1789 1407 1823 regionis
1418 1788 1524 1820 incolae,
1537 1787 1680 1822 disciplina
1696 1787 1749 1813 mi-

964 1834 1036 1861 litari
1067 1839 1216 1868 perspecta,
1229 1842 1282 1861 non
1295 1840 1324 1861 se
1337 1834 1428 1866 modo,
1463 1840 1525 1861 cum
1543 1834 1611 1860 urbe
1625 1834 1748 1865 obsessa,

964 1878 1118 1905 Gilderunis
1160 1878 1288 1913 potestati
1330 1877 1534 1912 permiserunt,
1566 1884 1659 1903 verum
1689 1876 1750 1909 ejus

965 1924 1047 1951 etiam
1063 1924 1159 1956 castri,
1179 1924 1249 1958 quod
1278 1923 1376 1950 Album
1411 1927 1520 1957 vocant,
1552 1922 1750 1955 civitatumque

966 1969 1068 2004 Nigdes
1087 1974 1114 1996 et
1128 1969 1267 2002 Caisariae,
1283 1969 1449 1996 deditionem
1462 1967 1597 1994 fecerunt.
1620 1966 1687 1992 Tmn
1705 1973 1750 1992 ve-

966 2023 997 2042 ro
1012 2015 1180 2043 Caramanim
1193 2015 1331 2050 princeps,
1351 2022 1443 2041 rerum
1475 2020 1588 2040 suarum
1617 2012 1748 2047 trepidus,
1765 2040 1769 2042 _

954 2066 995 2091 _et
1007 2062 1073 2097 quid
1089 2067 1191 2096 ageret,
1207 2060 1339 2096 ignarus;
1355 2060 1463 2087 tandem
1491 2064 1571 2094 capto
1584 2066 1645 2085 cum
1658 2058 1751 2084 animo

968 2115 1018 2135 suo
1029 2108 1157 2139 consilio,
1177 2113 1204 2134 et
1229 2107 1347 2142 quodam
1360 2107 1396 2134 ad
1432 2105 1581 2140 Bajazitem
1614 2105 1748 2138 ablegato.

968 2153 1010 2180 sic
1025 2160 1085 2180 cum
1097 2160 1130 2180 eo
1145 2153 1293 2186 transegit,
1313 2156 1343 2179 ut
1351 2151 1456 2186 oppidis
1487 2150 1624 2177 nonnullis
1641 2150 1753 2184 provin-

970 2199 1018 2225 ciae
1034 2206 1089 2225 suae
1101 2198 1239 2226 Gildernni
1253 2202 1351 2232 sponte
1365 2197 1482 2224 cederet.
1513 2196 1540 2223 ls
1557 2200 1645 2222 autent
1670 2195 1754 2222 rebus

971 2244 1044 2271 hisce.
1059 2244 1152 2278 gestis.
1167 2243 1278 2270 Prusam
1303 2250 1439 2273 reversus,
1452 2241 1483 2268 ad
1498 2241 1566 2268 duos
1583 2241 1618 2267 ibi
1648 2247 1753 2266 tncnst-s

971 2291 1082 2324 quievit.
1104 2289 1167 2315 Inde
1198 2296 1265 2315 nova
1298 2287 1468 2322 expeditione
1488 2291 1623 2319 suscepta,
1655 2285 1750 2311 Borleu

972 2337 1048 2366 adiit.
1058 2343 1143 2369 eaque
1155 2342 1214 2360 mox
1229 2335 1329 2367 potitus
1343 2338 1395 2359 est.
1406 2332 1474 2360 Hinc
1489 2332 1521 2358 ad
1538 2339 1642 2358 amnem
1659 2330 1750 2357 Kisam
1765 2348 1768 2350 -

973 2382 1150 2417 progreditur.
1194 2380 1259 2414 Ejus
1284 2379 1401 2414 regionis
1436 2380 1573 2412 princeps,
1590 2377 1634 2403 cui
1655 2385 1750 2403 nomen

974 2428 1120 2458 lsvendiar,
1138 2426 1170 2453 ad
1184 2427 1277 2453 urbem
1299 2425 1420 2459 Sinopen
1441 2424 1522 2458 320
1537 2423 1599 2458 fuga
1613 2429 1673 2449 sese
1689 2430 1754 2448 ron-

974 2473 1043 2499 tulit.
1059 2471 1191 2505 Bajazites
1205 2471 1291 2505 legato
1311 2470 1345 2496 ad
1371 2470 1446 2496 illum
1469 2469 1563 2500 misso,
1595 2469 1755 2502 paciscor"-

974 2518 1105 2553 ponettdte
1121 2524 1212 2549 causa,
1231 2515 1353 2549 quaedam
1372 2516 1470 2550 oppida
1495 2515 1547 2541 sibi
1573 2514 1697 2545 retinuit,
1712 2513 1756 2540 di-

975 2565 1072 2591 tionem
1085 2563 1212 2596 reliqdam
1229 2561 1375 2588 lsvendiari
1388 2560 1515 2592 restituit,
1527 2560 1679 2586 ncPrusam
1692 2567 1754 2586 cum

974 2610 1094 2636 exercitu
1127 2607 1216 2635 rediit.
1243 2607 1398 2634 Evcnerunt
1428 2608 1484 2634 haec
1514 2614 1586 2634 anno
1602 2606 1653 2633 797
1678 2605 1770 2641 (Cl.r..

978 2655 1067 2688 1395).

1013 2699 1236 2728 Secundnmltzec
1247 2705 1343 2726 rursus
1370 2699 1508 2726 Amasiam
1541 2699 1625 2725 Prusa
1646 2704 1772 2725 conten»

977 2747 1026 2774 dit.
1041 2747 1104 2773 lude
1119 2746 1200 2779 petita
1216 2745 1331 2778 Sivaste,
1362 2752 1422 2779 qua:
1439 2745 1547 2779 quidem
1564 2745 1630 2772 urbs
1641 2744 1665 2771 ei
1693 2748 1757 2770 mox

977 2801 992 2821 a
1007 2792 1069 2820 Casi
1081 2792 1221 2819 Burcltane
1237 2792 1326 2819 dedita
1343 2791 1403 2819 fuit.
1434 2791 1509 2819 llanc
1519 2796 1593 2826 pater
1609 2790 1693 2818 Eutiri
1709 2790 1762 2816 So-

979 2838 1089 2866 leimani
1106 2837 1161 2864 lilio
1177 2837 1321 2865 Concessit.
1339 2837 1405 2864 Erat
1426 2837 1552 2872 princeps
1580 2836 1702 2872 quidam,
1714 2836 1761 2862 cui

978 2891 1076 2913 nomen
1088 2882 1202 2911 Tecltrin
1214 2883 1308 2919 begus.
1319 2882 1348 2911 Ei
1367 2882 1501 2918 Bajazites
1517 2882 1669 2918 Erzingam,
1682 2881 1778 2915 cuius.

1470 2929 1480 2939 ι
