1962 3071
233 173 287 205 595

861 178 1039 209 ANNALES
1054 180 1224 211 TURClCl.

1798 185 1848 215 ΞΜ

230 239 290 260 erat
320 234 456 262 (ιοιιιὶιηις,
496 242 548 261 ron
576 233 611 261 ita
625 235 728 270 pridem
740 241 869 270 ereptam,
885 238 1056 267 rcstilttilJA
1073 239 1192 272 (Iltalrpo
1221 241 1353 271 evocatis,
1384 240 1452 266 haud
1490 242 1581 274 procul
1612 242 1846 276 Chitlt'tt‘tTtPlttiti

231 281 328 308 liberis
354 284 455 311 tamen,
476 285 528 306 tam
540 281 661 308 maribus
672 289 751 315 quam
765 282 883 313 feminis,
895 284 1016 309 obsidum

233 328 292 354 loco
305 325 427 355 retentis,
440 331 466 352 et
480 324 591 352 Prusam
609 327 710 355 missis.
727 327 790 355 Post
806 328 862 354 haec
876 327 1015 363 Melatigcn

231 371 451 407 copiastlnxitJis
461 371 486 397 in
495 371 560 398 locis
567 373 675 407 oppida,
685 373 837 408 Diorrygem
848 379 873 401 et
882 373 1015 406 Guxinen,

229 419 271 447 sui
289 425 348 444 cum
367 417 437 451 juris
460 417 568 445 fccisset
589 419 699 446 Prnsam
712 428 846 452 reversus,
860 421 1015 454 aliquandiu

230 465 314 499 quieti
328 472 360 492 se
376 465 459 491 dedit.
476 465 538 491 Erat
558 465 600 491 hic
611 474 699 493 annus
710 466 760 492 798
779 466 842 500 (Ch.
854 466 943 498 1597).
957 466 1016 499 Quo

230 517 351 546 tempore
363 511 454 538 Temir
468 512 543 538 Chan
558 511 729 545 expeditione
748 520 844 539 rursus
881 512 1014 543 instituta,

227 566 273 592 per
289 558 425 592 regionem
451 557 610 584 Parthorum
642 565 716 584 arma
742 558 921 584 circumtulit.
940 559 1014 585 Tau-

225 605 285 631 t'eut
307 611 463 639 progressus
487 605 608 633 ulterius,
624 608 650 629 ct
676 604 824 638 Chalcpnm
841 604 1016 631 Damascum-

228 659 281 677 ruc
308 651 390 678 ducto
404 652 536 683 exercitu,
566 651 711 685 Chalcpum
741 651 866 677 universa
884 658 943 676 cum
974 659 1014 677 re-

226 697 304 724 tione
329 698 442 724 finitima
461 699 627 732 occupavit:
664 697 823 723 Damascum
851 696 921 724 fcede
945 697 1014 724 dire-

227 749 298 778 ptam
315 744 456 778 populatus
472 749 524 774 est.
534 751 605 770 anno
620 744 671 770 800
682 744 757 778 (Chr.
770 743 859 777 1599).

262 789 412 817 Indicatum
429 790 503 818 fuita
514 791 593 818 nobis
608 791 735 818 antehac.
761 790 934 817 Gildcrunem
944 786 1013 817 Cha-

227 844 286 863 rem
304 844 400 864 versus
413 845 507 864 omnes
520 837 628 871 imperii
642 838 683 864 sui
698 837 764 864 fines
792 842 958 870 grassatum,
971 838 1012 864 di-

227 884 314 911 :ioncs
328 884 430 911 alienas
441 884 590 912 invasisse:
605 892 721 919 (‘lllltque
734 893 765 912 ne
775 892 832 912 suae
842 885 949 918 quidem
967 892 1009 911 re-

227 929 320 964 ligioni
335 929 434 957 deditis
450 935 581 965 parceret,
597 930 913 966 Melatigen.f)iorrygcm
924 930 1007 958 Guxi-

227 983 335 1010 ncuque
353 975 530 1003 Turcomanis
559 977 692 1011 eripuisse
717 985 724 1002 ε
753 984 867 1010 prorsus
897 977 1011 1011 denique

227 1022 285 1049 suis
303 1029 350 1049 eos
367 1022 518 1050 ditionibus
533 1030 579 1056 per
592 1030 726 1050 sununam
743 1023 868 1057 iujuriant
883 1023 1011 1057 expulsos

226 1066 395 1102 proﬂigasse.

262 1113 423 1148 Quanquam
451 1113 661 1148 nehocquidem
688 1113 926 1145 dissimulandum,
942 1113 1012 1140 Tur—

226 1168 356 1188 cumanos
369 1168 416 1188 eas
425 1161 559 1195 regiones,
575 1168 636 1188 cum
648 1161 753 1196 oppidis
763 1169 815 1187 non
831 1168 926 1195 magno
937 1161 1011 1188 labo—

227 1213 257 1234 re
271 1213 321 1233 auo
337 1214 448 1240 parasse
460 1214 468 1232 :
478 1214 540 1235 nec.
561 1206 599 1233 uti
613 1206 690 1233 boote
700 1206 759 1233 fidei
773 1213 954 1241 possessores,
966 1207 1011 1240 jus

227 1258 307 1278 suum
321 1251 471 1286 longissimi
487 1251 615 1286 temporis
641 1252 844 1286 praescriptione
859 1252 941 1279 tutari
961 1260 1010 1286 po-

227 1297 322 1324 tuisse.
337 1297 427 1324 Nihilo
437 1297 527 1325 minus
553 1298 614 1329 hoc.
645 1305 700 1332 quo
725 1298 838 1329 dictum,
858 1298 936 1325 modo
953 1298 1010 1324 suis

227 1342 312 1375 ejecti.
331 1343 440 1374 finibus,
457 1343 489 1369 ad
506 1342 672 1370 Alcairensis
702 1343 802 1370 sultani
830 1344 1009 1377 patrocinium

227 1393 257 1413 se
275 1386 424 1416 contulere.
440 1387 491 1413 Sub
504 1387 562 1420 ejus
575 1387 688 1422 imperio
708 1387 771 1414 sede
783 1388 834 1414 sibi
849 1388 1008 1415 constituta.

227 1430 321 1458 Potuit
337 1432 359 1458 is
369 1436 472 1458 tant-nu
486 1432 602 1465 efficere,
618 1433 681 1460 dum
710 1432 839 1460 Gilderun
857 1433 931 1460 Chan
945 1440 1009 1461 con-

225 1475 306 1510 jectis
321 1477 347 1502 in
365 1476 500 1504 Temirem
516 1477 634 1504 Chauem
644 1478 741 1507 oculis.
759 1478 873 1505 sollicite
885 1486 1009 1513 progres-

229 1529 276 1548 stts
293 1521 380 1556 ipsius
395 1523 564 1555 observaret;
596 1528 716 1558 utopera
745 1532 793 1552 sua
822 1524 1008 1553 Turcomanos

1069 285 1153 311 Cltaui
1171 286 1283 312 occnrit.
1308 286 1456 319 Pugnatum
1485 287 1556 313 inter
1587 293 1715 319 utrosque
1728 293 1848 318 strenue.

1069 331 1115 356 sed
1130 332 1218 358 victus
1231 332 1331 358 Alcairi
1349 331 1474 358 sultanus
1500 333 1525 358 in
1559 331 1704 366 [Egyptum
1721 334 1848 365 profugit.

1071 377 1118 403 Illo
1129 378 1178 404 sibi
1191 378 1280 412 fugam
1297 379 1467 409 consulente,
1482 378 1630 412 Chalepum
1643 383 1669 404 et
1687 378 1849 405 Cttemesam

1067 423 1092 448 vi
1109 423 1200 449 Tcmir
1213 429 1358 457 expugnat.
1374 424 1440 450 Cum
1455 424 1594 450 Chcmeste
1622 424 1759 457 complura
1773 431 1851 457 pcre-

1069 469 1187 502 lcganter
1201 474 1337 496 exstructa
1368 474 1538 497 mortuorum
1565 475 1739 496 monumenta
1757 477 1851 495 cerne--

1070 520 1121 544 ret,
1138 514 1248 547 quinam
1269 515 1295 541 in
1311 515 1349 541 eis
1379 515 1476 547 sepulti
1501 515 1686 541 conderentur
1699 516 1850 548 interroga-

1067 559 1116 584 vit.
1134 559 1304 593 llr-sponsum
1330 559 1364 585 ab
1388 559 1495 590 incolis,
1517 567 1578 586 csse
1602 560 1645 586 illa
1672 560 1794 593 Scpttlcrn
1811 559 1850 585 fa-

1068 605 1202 630 mulorum
1235 605 1425 638 sociorumque
1444 605 1512 632 vatis
1531 605 1708 636 Mahumetis,
1725 606 1850 633 videlicet

1066 650 1197 680 Chalidis,
1214 652 1259 684 qui
1278 651 1377 678 Veliutis
1393 651 1474 678 fuerit
1490 651 1572 682 filius,
1603 656 1630 678 et
1647 652 1845 678 Kiabclechlta-

1066 697 1115 728 ris,
1129 703 1154 723 et
1167 697 1282 727 Omeris,
1294 704 1320 724 et
1348 697 1471 730 Mucigm,
1497 699 1543 732 qui
1575 699 1736 725 Malmmetis
1768 697 1850 724 fuerit

1066 751 1171 770 cursor.
1191 743 1245 769 lloc
1260 744 1408 774 intellecto,
1425 751 1540 779 corpora
1568 744 1677 778 quidem
1697 745 1844 771 incolarum:

1065 796 1124 815 esse
1135 787 1217 814 libera
1229 788 1320 821 jussit,
1337 788 1383 814 sed
1400 788 1543 815 facultates
1562 796 1656 815 omnes
1681 789 1721 814 eis
1736 787 1847 814 ademit.

1066 834 1195 860 Chemesa
1209 834 1359 864 discedens.
1379 840 1404 861 et
1415 835 1576 862 Bcall-ecum
1598 835 1741 868 proh-ctus,
1761 835 1785 861 id
1801 841 1849 867 op-

1065 881 1155 915 pidum
1173 881 1248 914 prius
1259 881 1392 914 direptum
1411 881 1509 907 vastari
1526 888 1622 915 passus
1637 885 1687 907 est.
1716 880 1848 907 Bcalbeco

1067 928 1225 954 Damascum
1240 927 1332 957 rediit,
1348 934 1440 954 arcent
1462 927 1537 953 urbis
1563 927 1622 960 ejus
1637 931 1820 960 occupaturus
1839 932 1847 952 :

1064 980 1158 1000 verum
1178 973 1378 1007 oppugnatione
1389 973 1476 1006 prima
1496 973 1562 1000 nihil
1579 972 1676 999 effecit.
1691 973 1774 1006 Igitur
1786 980 1846 998 eam

1063 1021 1152 1046 dctuto
1165 1019 1362 1046 vehementiori
1376 1019 1493 1046 militum
1520 1026 1664 1054 aggressus
1677 1020 1789 1053 impetu,
1822 1019 1846 1044 vi

1065 1067 1146 1100 copit.
1166 1066 1297 1093 Damasco
1319 1067 1344 1092 in
1358 1070 1518 1100 potestatem
1533 1066 1652 1096 redacta,
1667 1073 1791 1092 reversus
1806 1069 1849 1091 est

1063 1113 1088 1139 in
1105 1112 1252 1142 Par-thiam.
1268 1118 1295 1140 et
1310 1113 1343 1140 ad
1358 1113 1452 1139 urbem
1465 1112 1634 1146 Carabagum
1643 1111 1742 1139 castris
1759 1113 1845 1138 locum

1063 1160 1171 1195 delegit,
1185 1167 1273 1194 eoque
1302 1167 1363 1186 cum
1390 1160 1447 1187 suis
1462 1159 1489 1186 in
1524 1159 1635 1186 hiberna
1667 1166 1696 1186 se
1722 1158 1846 1185 contulit.

1064 1207 1243 1240 Posteaquam
1257 1206 1330 1234 veris
1349 1211 1456 1240 tempus
1471 1206 1639 1240 appetiissct,
1654 1205 1791 1232 Amasiam
1808 1205 1847 1231 sic

1063 1251 1139 1278 duxit
1154 1251 1314 1284 exercitum,
1337 1256 1366 1278 ut
1379 1251 1522 1285 Erzingam
1547 1251 1621 1284 prius
1629 1250 1769 1277 accederet
1785 1270 1791 1279 .
1804 1249 1846 1276 in-

1062 1298 1096 1324 de
1113 1305 1205 1330 vorsus
1218 1297 1347 1332 Engurim
1365 1301 1500 1332 pergeret.
1538 1297 1579 1323 Ab
1594 1297 1678 1323 altera
1709 1300 1784 1330 parte
1812 1302 1846 1321 ne

1061 1343 1191 1371 Gildcrun
1211 1343 1320 1377 quidem
1335 1343 1410 1370 Chan
1425 1343 1530 1370 otiosus
1558 1347 1626 1374 erat,
1655 1342 1704 1369 sed
1716 1342 1783 1368 bello
1798 1348 1846 1374 ge-

1062 1389 1146 1415 rendo
1163 1389 1293 1419 intentus,
1308 1387 1440 1414 maximas
1464 1387 1576 1421 cogebat
1588 1387 1692 1421 copias.
1711 1387 1737 1412 lu
1751 1386 1845 1420 pritnis

1061 1441 1124 1460 vero
1145 1433 1303 1460 Tatarorum
1321 1442 1353 1460 ex
1366 1433 1477 1467 regione
1500 1433 1621 1460 Desteusi
1643 1433 1842 1459 multitudinem

1061 1487 1144 1514 prope
1160 1480 1293 1506 infinitam
1313 1479 1364 1505 sibi
1380 1478 1504 1512 adjunxit
1518 1487 1526 1507 -.
1543 1486 1612 1508 quos
1627 1486 1672 1512 per
1684 1477 1843 1504 Moldaviam

1061 1525 1207 1560 profectos,
1223 1529 1248 1551 et
1266 1524 1478 1555 ingftomauiam
1496 1524 1608 1554 effusus.
1621 1523 1682 1550 inde
1712 1531 1803 1550 secum
1817 1523 1843 1550 in

229 1568 336 1594 exsules
347 1568 374 1594 in
396 1568 530 1603 integrum
549 1569 713 1597 restitueret.
739 1569 779 1597 Illi
800 1575 889 1598 tamen
917 1570 1007 1602 facile,
1021 1578 1045 1609 α
1061 1572 1196 1599 Natoliam
1215 1570 1336 1597 abduxit.
1354 1571 1394 1597 Ad
1406 1578 1551 1601 summam,
1573 1571 1652 1597 talcm
1669 1577 1700 1596 ac
1711 1574 1814 1596 tantum
1828 1577 1843 1595 e

228 1614 311 1640 certis
347 1615 456 1642 adducti
491 1623 579 1642 rerum
607 1617 785 1651 argumentis,
813 1617 1011 1652 perspiciebant

228 1659 373 1691 Bajuitem
387 1668 440 1687 non
459 1662 543 1688 multo
554 1667 613 1696 post
628 1663 716 1694 (haud
746 1664 827 1691 dubie
856 1672 899 1691 res
925 1672 1010 1692 novas

229 1705 503 1741 moliturum.ltaquc
530 1717 592 1735 cum
627 1709 795 1745 principibus
820 1711 938 1744 caneris,
964 1711 1010 1746 qui

227 1753 324 1786 partim
343 1761 357 1779 a
376 1752 522 1781 Gilderune
532 1755 601 1782 bello
629 1756 715 1790 potiti,
727 1757 823 1790 partim
835 1758 892 1784 suis
903 1757 1010 1792 spoliati

227 1798 344 1827 fortunis
360 1806 451 1832 erant,
469 1808 529 1828 cum
543 1801 677 1829 Techrine
700 1803 834 1835 videlicet,
860 1811 922 1830 cum
942 1804 1012 1831 Ger-

227 1845 329 1878 miano,
348 1855 408 1873 cum
424 1847 560 1876 Duzinonc
583 1849 719 1877 Aidinensi
747 1850 824 1884 bego,
838 1858 898 1877 cum
909 1850 1011 1877 Mente—

226 1894 269 1920 sio
283 1893 410 1929 denique,
423 1894 511 1923 ΙωιΙιις
523 1900 604 1930 atque
626 1897 781 1923 societatem
796 1897 926 1923 inierunt.
946 1896 1010 1923 0m-

226 1948 276 1967 nes
294 1939 367 1967 enim
387 1941 425 1973 hi,
441 1949 556 1976 quorum
578 1949 736 1970 enumerata
763 1943 884 1975 nomina,
895 1951 948 1970 non
961 1943 1008 1969 mi-

227 1993 324 2012 norum
343 1988 420 2020 quasi
437 1987 556 2021 gentium
588 1987 691 2015 domini
716 1989 848 2016 duntaxat
875 1989 901 2016 in
917 1989 1010 2016 listt‘f-

225 2031 276 2063 ris,
294 2039 389 2058 verum
406 2033 486 2060 ctiam
511 2033 647 2067 principes
677 2038 765 2061 erant.
803 2034 844 2062 Ab
873 2035 914 2062 his
945 2042 1010 2068 ergo

225 2078 483 2105 communiuomine
512 2087 593 2106 tmssa
619 2080 668 2106 fuit
680 2080 712 2107 ad
746 2080 879 2107 Temircm
901 2081 1009 2115 legatio,

225 2132 285 2159 qua'
298 2132 360 2152 cum
376 2125 409 2152 ad
428 2126 515 2160 ipsum
541 2127 717 2160 pervenisset,
739 2127 886 2160 deploratis
900 2128 1008 2154 illorum

225 2171 378 2204 principum
392 2171 522 2197 arumnis
536 2176 616 2205 atque
642 2172 770 2204 miseriis,
802 2177 904 2200 tantum
939 2175 1009 2208 apud

224 2222 288 2242 eum
304 2216 426 2242 oratione
439 2223 488 2242 sua
518 2216 631 2250 pcrfecit
642 2237 648 2248 ,
674 2223 702 2243 ut
714 2218 812 2244 bellum
828 2226 856 2245 se
872 2220 1007 2246 facturum

1063 1618 1194 1645 Romania
1224 1617 1405 1651 Auatoliaque
1416 1618 1524 1651 collegit
1533 1617 1692 1646 exercitum.
1708 1621 1738 1643 ut
1749 1617 1844 1644 adver-

1063 1665 1142 1692 sariis
1160 1664 1203 1691 ille
1221 1664 1307 1698 copiis
1333 1664 1411 1691 facile
1426 1664 1575 1699 cmnparari
1589 1668 1689 1698 posset.
1709 1663 1776 1690 Cum
1802 1663 1845 1689 bis

1062 1718 1126 1744 ergo
1137 1710 1327 1745 profectionem
1342 1717 1436 1737 versus
1450 1709 1576 1744 Engurim
1590 1709 1718 1738 instituit.
1731 1708 1845 1742 sumptis

1061 1764 1153 1784 secum
1166 1756 1192 1783 in
1205 1757 1244 1783 cis
1257 1756 1436 1790 expeditionis
1450 1756 1605 1782 societatem
1620 1755 1679 1782 filiis
1708 1755 1775 1782 suis.
1797 1753 1845 1782 Ubi

1061 1803 1116 1838 jam
1132 1809 1193 1829 cum
1204 1802 1370 1830 exercitibus
1382 1803 1529 1835 imperator
1546 1802 1613 1828 alter
1624 1802 1657 1828 ab
1682 1802 1768 1828 altero
1792 1809 1846 1828 non

1063 1848 1154 1882 procul
1175 1848 1278 1877 aberat.
1304 1847 1734 1881 forteTcmit-Cltaudiequodam
1759 1848 1845 1878 Joris.

1063 1894 1149 1929 prima
1161 1893 1239 1928 321
1255 1893 1323 1925 lucc,
1338 1893 1469 1927 processit
1479 1894 1511 1919 ad
1523 1893 1638 1927 spatium
1650 1893 1766 1920 medium
1777 1893 1847 1919 inter

1062 1942 1202 1967 amborum
1214 1941 1361 1971 exercitus,
1378 1944 1458 1972 atque
1472 1939 1506 1965 ibi
1521 1939 1615 1966 castris
1635 1940 1722 1966 locum
1738 1939 1846 1972 deli-git,
1890 1947 1898 1953 '

1062 1993 1149 2018 caque
1166 1985 1237 2012 fossa
1254 1985 1436 2012 circumducta
1467 1986 1591 2012 munivit.
1622 1985 1721 2012 Eodem
1739 1991 1765 2012 ct
1790 1985 1844 2012 Gul-

1061 2033 1146 2058 derun
1163 2031 1238 2057 Chao
1262 2039 1322 2057 cum
1345 2039 1404 2058 sese
1431 2031 1482 2058 sub
1502 2039 1639 2066 vesperam
1674 2033 1843 2064 contulisset,

1062 2082 1150 2103 castra
1167 2084 1214 2110 pro
1232 2075 1288 2102 snis
1315 2075 1406 2102 itidem
1422 2076 1509 2110 copiis
1528 2081 1642 2103 Iuctatus
1658 2081 1708 2103 est.
1726 2075 1845 2102 'l'andcm

1061 2123 1103 2148 dic
1126 2123 1242 2155 quodam
1259 2121 1384 2153 Veneris,
1413 2130 1520 2149 summo
1544 2130 1634 2154 mane,
1660 2122 1799 2149 instructis
1813 2122 1848 2149 ab

1062 2174 1176 2202 ultaque
1205 2173 1281 2203 parte
1309 2169 1430 2200 aciebus,
1463 2177 1477 2196 c
1514 2169 1616 2196 fossan
1650 2170 1765 2204 quisque
1797 2177 1848 2196 suo

1061 2219 1155 2241 contra
1170 2222 1198 2241 sc
1224 2215 1336 2241 invicem
1363 2215 1585 2249 progrediuntur.
1603 2215 1634 2241 Et
1663 2216 1789 2242 Gilderun
1808 2216 1845 2242 ita

225 2260 378 2292 Gilderuni,
393 2269 445 2296 quo
464 2261 552 2287 illatas
568 2261 634 2296 ipsis
647 2262 793 2289 vindicaret
807 2263 934 2297 injurias.
947 2266 1005 2298 pot-
1026 2256 1046 2282 ι)
1062 2269 1128 2287 suos
1144 2261 1294 2293 ordinarat,
1324 2266 1353 2287 ιιι
1376 2262 1532 2288 adversario
1558 2270 1587 2289 se
1614 2271 1666 2288 non
1690 2263 1844 2289 inferiorem

227 2307 366 2334 liceretur.
381 2308 450 2334 Ante
463 2312 563 2338 tamen.
579 2316 659 2342 quam
676 2308 775 2335 bellum
803 2310 854 2336 hoc
871 2309 1010 2337 Gildcruni

227 2354 319 2381 'l'entir
335 2354 458 2385 inferret,
471 2354 595 2381 t‘xsulum
608 2363 688 2381 causa
703 2363 768 2382 suos
784 2355 816 2382 ad
850 2364 910 2382 eum
939 2356 1012 2382 misit

227 2400 419 2432 internuntios,
430 2408 537 2427 omnem
552 2401 631 2435 (quod
655 2401 740 2435 aiunt)
751 2400 864 2435 lapidctu
879 2407 1011 2432 moturos.

229 2451 258 2472 ut
273 2446 345 2473 inter
360 2451 503 2481 utramque
519 2452 623 2481 partem
638 2447 830 2481 transigerent,
845 2447 924 2481 idque
943 2449 1011 2474 dun-

231 2495 305 2517 taxat
319 2499 404 2518 unum
426 2492 609 2526 impetrarent.
627 2500 680 2526 quo
700 2491 741 2518 fas
764 2492 896 2519 restitutis
911 2494 1012 2519 exsuli-

229 2537 281 2563 bus
307 2542 390 2567 esset.
415 2538 559 2572 tranquillo
574 2538 724 2565 ditionibus
746 2539 803 2565 suis
828 2540 1013 2573 ahsqueiujo-

229 2581 268 2607 ria
283 2580 450 2615 Gilderunis,
467 2583 572 2614 utendi,
588 2583 707 2610 fruendi.
722 2583 819 2610 Verum
837 2585 886 2610 hac
901 2585 1012 2619 legatio-

229 2634 262 2652 ne
277 2625 415 2652 incassum
431 2626 524 2658 missa,
544 2635 605 2653 cum
619 2627 710 2653 Tcmir
723 2635 736 2653 a
753 2626 898 2653 Gildcrunc
908 2627 1010 2660 despici

228 2680 257 2699 se
274 2671 466 2705 contemnique
484 2672 585 2698 videret
597 2691 604 2701 .
623 2677 814 2706 prmpotcntem
831 2673 920 2706 coegit
936 2680 1013 2698 cxer:

228 2719 326 2749 citum,
342 2725 397 2752 quo
417 2718 449 2745 ad
475 2717 566 2744 urbem
583 2726 643 2752 quo:
660 2718 767 2745 Sivaste
786 2719 888 2745 dicitur
901 2738 909 2750 ,
924 2719 1012 2745 addu—

228 2769 284 2798 cto,
301 2772 399 2799 magna
415 2763 633 2790 illamceletitatc
647 2770 692 2798 pcr
722 2764 774 2790 rim
795 2765 955 2798 expugnavit
987 2770 1013 2791 ct

229 2812 336 2843 evertit.
354 2812 411 2846 ipsa
428 2810 511 2837 etiam
543 2817 605 2836 arce
635 2810 736 2836 diruta.
763 2810 916 2837 Sccundom
954 2812 1011 2839 lucc

229 2858 353 2891 ingentes
369 2858 430 2884 illas
445 2855 537 2889 copias
547 2854 708 2881 Damascutn
721 2855 808 2881 duxit.
823 2855 932 2882 Interim
946 2865 1010 2883 vero

230 2903 355 2932 ευιωηυε
370 2904 483 2934 Atcairi,
500 2901 632 2929 militibus
643 2901 700 2927 suis
730 2901 848 2932 Alrniuo,
867 2902 1009 2937 Ι),ιιιι.ιδυυ,

1065 2306 1185 2333 futurum
1204 2307 1382 2334 existimaret.
1399 2307 1488 2334 ltclnts
1512 2308 1647 2335 universis
1663 2313 1734 2335 ret-to
1757 2310 1847 2338 dispo-

1064 2353 1134 2384 sitis,
1152 2361 1213 2379 cttm
1230 2353 1305 2386 signa
1325 2353 1387 2380 hinc
1403 2354 1464 2380 inde
1485 2354 1589 2380 sublata
1603 2354 1756 2385 volitatcnt,
1777 2355 1847 2380 tuba.-

1064 2399 1232 2433 clangercnt,
1249 2405 1373 2433 tympana
1397 2399 1546 2426 castrensia
1564 2399 1735 2432 pnisarcntur
1749 2405 1774 2426 ct
1794 2400 1847 2432 iam

1062 2444 1174 2478 jamque
1184 2452 1359 2470 concursum:
1371 2444 1606 2471 viderenturacies
1619 2453 1626 2471 :
1639 2450 1694 2471 tum
1705 2453 1768 2471 vero
1781 2445 1847 2471 Uus-

1065 2495 1155 2516 tcnsos
1168 2489 1270 2520 'l‘atat'i,
1286 2489 1384 2516 violata
1394 2490 1445 2516 fide
1460 2491 1580 2521 tnilitari,
1595 2499 1655 2518 mox
1669 2492 1700 2516 ad
1712 2490 1848 2516 ’l‘omircm

1065 2535 1244 2566 transierunt,
1257 2535 1404 2568 itidemque
1414 2535 1511 2562 milites
1519 2544 1534 2562 e
1547 2535 1701 2569 regionibus
1710 2536 1850 2563 Gormiani

1065 2585 1091 2606 ct
1104 2579 1238 2611 Mentcsii,
1248 2581 1318 2614 quod
1338 2580 1457 2614 ipsorum
1471 2582 1605 2615 principes
1617 2590 1630 2607 a
1645 2581 1729 2608 Tcmit
1739 2583 1760 2608 is
1776 2582 1849 2608 Cha-

1067 2627 1108 2653 nis
1121 2627 1242 2660 partibus
1257 2632 1370 2658 starent,
1383 2627 1415 2653 ad
1432 2628 1540 2654 eosdem
1559 2636 1588 2654 se
1604 2634 1775 2662 receperunt.
1789 2628 1849 2660 Quo

1066 2673 1179 2704 factum,
1193 2678 1221 2699 ut
1234 2673 1373 2706 purissima
1385 2682 1457 2706 pars,
1467 2679 1493 2700 ct
1505 2673 1592 2708 ipsum
1602 2675 1669 2701 adeo
1681 2676 1763 2701 robur
1773 2683 1850 2701 cacr-

1066 2720 1146 2750 cilus,
1164 2719 1206 2745 cui
1224 2720 1340 2746 maxiu-c
1357 2720 1467 2753 fidebat,
1483 2722 1560 2747 abeo
1580 2721 1756 2752 deliccrt-t,ac
1771 2723 1852 2756 pcl'li-

1066 2766 1115 2792 diae
1129 2766 1233 2792 macula
1247 2773 1276 2791 se
1287 2766 1495 2793 contaminaret.
1511 2767 1580 2798 Quin
1597 2769 1676 2794 ctiam
1690 2769 1747 2794 suis
1764 2776 1778 2793 a
1799 2769 1835 2794 ιιιί

1067 2812 1159 2838 litihus
1169 2810 1302 2842 Turcicis,
1313 2811 1357 2845 qui
1373 2812 1470 2839 animis
1481 2813 1507 2839 in
1524 2821 1587 2840 cum
1606 2815 1849 2841 nonnihilotfcusts

1065 2857 1280 2888 crant,dcscrtus
1291 2856 1349 2883 fuit.
1361 2856 1785 2887 Unustantumtnmloflulcifilius
1795 2869 1852 2888 suxs

1066 2911 1125 2929 runt
1143 2903 1226 2937 copiis
1242 2909 1394 2931 ('(tllslultlcl
1415 2905 1544 2933 adversus
1558 2904 1658 2934 ltost'cm
1682 2908 1810 2938 substitit.
1825 2914 1852 2935 ct
