1962 3071
122 167 171 197 591

121 227 240 252 animose
251 227 392 260 pugnavit.
401 227 461 261 Quo
471 228 718 266 Tcmirronspccto
728 242 734 258 ε
745 233 906 269 Prohquam
921 235 944 264 A

121 271 223 298 feroces
236 276 262 298 et
279 272 425 300 truculenti
435 279 499 301 sunt
512 275 557 302 isti
571 275 694 309 Derrisii,
707 278 793 312 dixit;
806 285 908 315 quanto

120 324 178 343 cum
193 317 290 344 ardore
301 318 431 345 dimicant
444 319 450 345 l
467 319 506 346 Ad
521 328 580 354 quae
595 321 629 349 de
645 325 818 352 senatoribus
834 326 908 359 quis-

121 363 213 398 piam:
230 361 289 389 Non
312 363 339 390 hi
359 363 471 392 dervisii
501 371 576 400 sunt,
604 368 652 400 ait,
677 370 722 396 sed
746 370 906 398 Christiani.

120 409 238 436 Tandem
250 414 278 437 et
293 409 369 437 ΒυΙοὶ
397 410 469 438 filius
495 413 699 448 animadvertit,
723 418 860 444 ittcassum
879 425 909 444 se

121 460 171 481 tam
186 456 286 483 acriter
301 456 452 490 preliando
473 458 611 488 laborare.
633 460 701 488 Nam
719 467 743 488 et
758 463 809 497 ipsi
826 464 907 492 Turci

120 502 170 536 jam
187 503 214 529 in
230 503 387 531 universum
400 504 470 540 fugae
481 513 510 532 se
524 505 667 535 dederant.
683 509 776 542 Itaque
789 510 908 538 collectis

121 548 186 576 suis.
202 550 325 577 nonnihil
345 550 379 577 ad
408 551 522 578 alterum
549 552 621 579 latus
649 561 681 581 ex
706 555 764 582 acie
789 556 906 584 deﬂexit.

121 593 191 622 ldcm
217 603 278 623 cum
294 596 351 624 suis
367 601 396 624 et
409 596 565 625 Gilderunis
581 599 653 626 ﬁlius
678 599 835 634 Mustaphas
859 602 909 629 Ze-

121 641 186 668 lcbis
205 641 277 674 fecit,
296 642 340 677 qui
357 642 440 670 etiam
463 643 515 671 ltoc
532 645 624 678 praelia
650 646 741 680 periit.
767 647 827 674 Haec
845 655 906 675 cum

121 687 168 721 ipsi
204 688 292 715 hassrc
311 688 454 721 vidissent,
484 690 602 717 abducto
633 698 724 718 secum
751 693 835 720 entire
859 693 909 720 So-

121 733 246 766 teitnaue,
263 733 353 769 fugam
369 734 559 769 arripuerunt.
578 735 710 764 Sultanus
725 737 909 766 Muchemetes

121 788 180 808 cum
198 781 256 808 suis
272 782 409 809 Amasiam
426 782 543 816 repetiit.
566 783 646 810 Solus
658 784 747 810 adhuc
763 791 825 811 cum
840 793 909 820 pra:-

121 827 227 854 toriauo
243 827 372 855 comitatu
398 828 528 855 Gilderun
555 829 631 856 Chau
652 831 783 858 immotus
807 831 907 860 stabat.

120 872 170 899 Sed
185 872 293 899 tandem
309 873 335 899 in
352 872 439 900 hostis
451 877 611 906 potestatem
626 876 709 906 venit,
725 879 752 903 et
764 877 796 903 ad
817 876 908 904 Temi-

747 177 925 207 ANNALES
944 178 1114 208 TURCICY.

1693 182 1756 212 5‘33“

961 237 1115 275 occasione,
1145 235 1279 263 Tcmirem
1307 235 1447 271 alloquens
1464 236 1620 271 :Eqnidetn
1647 236 1753 270 fateor,

959 282 1007 314 ait,
1021 289 1037 309 ο
1049 282 1136 313 Chao,
1152 282 1191 310 sic
1206 282 1233 309 in
1247 282 1310 309 fatis
1327 282 1425 309 fuisse.
1445 281 1505 309 Tibi
1523 282 1651 310 divinitus
1664 280 1748 310 desti-

961 333 1020 355 nata
1038 328 1089 355 fuit
1109 329 1235 356 victoria.
1266 328 1318 355 Sed
1338 333 1390 361 est,
1407 329 1481 364 quod
1505 329 1554 356 abs
1580 334 1605 355 tc
1632 335 1721 363 petam
1739 337 1747 355 :

959 374 1040 400 tnodo
1060 379 1084 400 et
1111 375 1206 401 audire
1223 382 1275 405 me,
1291 379 1317 401 ct
1333 374 1455 401 adnuere
1474 374 1596 409 petitiotti
1615 375 1747 401 vulneris.

959 419 998 445 Ad
1019 427 1079 454 qua:
1100 418 1216 446 Temir:
1241 419 1390 454 Quidquid,
1416 419 1464 450 ait.
1488 427 1503 445 a
1521 427 1563 445 me
1584 419 1705 453 petieris.
1732 429 1748 444 ο

959 464 1046 496 Cltan,
1060 473 1232 499 nequaquam
1246 465 1293 492 tibi
1311 465 1501 501 denegabitur.
1513 465 1582 492 Tum
1598 465 1747 499 Bajazites:

959 511 1027 544 Hoc,
1042 519 1138 543 unum,
1160 511 1257 545 inquit,
1269 512 1318 539 abs
1334 516 1359 539 te
1373 517 1445 545 peto,
1463 519 1496 539 ne
1514 511 1644 538 familiam
1660 519 1748 538 meam

959 558 1080 591 aboleas,
1099 557 1253 584 ct'l‘ataros
1277 558 1313 585 uti
1334 563 1422 585 tecum
1439 557 1570 585 abducas.
1588 558 1652 585 Mihi
1676 558 1748 592 quod

959 604 1069 635 accidit,
1101 604 1182 630 etiam
1213 603 1262 631 tibi
1292 608 1380 638 potest
1401 604 1534 631 accidere.
1567 604 1625 631 Non
1648 604 1748 631 bonum

959 655 1012 684 est,
1030 651 1065 677 ila
1083 651 1179 678 saevire
1195 650 1273 682 velle,
1293 654 1324 677 ut
1341 657 1453 684 prorsus
1470 650 1590 677 aboleas.
1607 649 1655 677 llis
1672 650 1750 676 audi-

961 695 1005 727 tis,
1036 694 1173 722 facturum
1203 703 1232 722 se
1254 694 1347 722 Tcmir
1377 696 1490 729 recepit,
1519 695 1591 729 quod
1619 695 1752 729 Bajazitcs

959 740 1135 775 postulasset.
1164 740 1295 775 Adeoque
1326 741 1429 767 coactis
1456 741 1482 766 itt
1511 749 1595 767 unum
1633 740 1752 773 Talaris,

959 793 1051 813 secum
1068 793 1114 813 eos
1130 786 1253 813 abduxit.
1270 786 1431 820 Speraverat
1448 786 1491 813 ille
1502 786 1611 820 quidem
1625 786 1749 813 futurum

959 837 988 859 ut
1000 833 1136 868 quispiam
1155 833 1271 860 liliorutn
1301 832 1460 860 Gilderunis
1477 833 1564 867 ipsntn
1580 833 1752 866 conveniret,

960 879 1007 907 sed
1024 879 1087 912 quia
1102 878 1155 906 sibi
1170 879 1341 911 metuebant,
1357 879 1473 906 accessit
1486 887 1576 906 nemo.
1593 879 1750 906 Secundum

120 927 175 946 rem
189 919 338 954 perductus
359 920 418 948 fnil-
435 920 466 948 Ei
482 921 576 948 Temir
599 921 674 949 Chan
692 923 774 957 pedes
797 923 904 950 obviam
923 922 943 949 Β
957 927 1016 954 haec
1032 927 1075 954 die
1092 926 1210 961 quodam
1229 926 1340 958 accidit,
1361 931 1388 952 ιιι
1407 926 1500 953 Tcmir
1519 925 1681 959 compellato
1696 925 1754 952 Gil-

120 966 262 1000 processit,
287 971 486 1002 exeeptttmque
499 975 595 1002 magna
618 976 680 995 cum
707 969 819 996 honoris
835 969 908 997 dela-

121 1013 201 1042 tione.
218 1020 297 1040 suum
314 1012 341 1039 in
356 1013 503 1041 tentorium
516 1014 636 1042 deduxit.
650 1015 687 1042 lbi
701 1022 763 1042 cum
775 1023 807 1043 ex
823 1023 906 1050 equo,

119 1058 336 1087 Temirianorum
359 1059 469 1094 adjutus
481 1067 574 1095 opera,
591 1061 788 1095 descendisset,
820 1062 906 1095 hutni,

120 1113 168 1140 pro
180 1113 256 1134 more
266 1106 364 1142 gentis,
377 1106 404 1134 in
414 1107 507 1134 eodem
518 1108 600 1135 ambo
611 1111 700 1142 tapete
710 1108 861 1136 consedero
867 1113 906 1135 nt.

119 1155 198 1183 Prior
212 1155 304 1182 Temir
323 1154 400 1182 Chan
427 1155 460 1183 de
489 1156 548 1183 suis
568 1155 650 1183 rebus
679 1163 741 1183 cum
762 1156 908 1184 Gilderune

120 1201 237 1236 colloqui
254 1202 346 1236 coepit.
361 1201 426 1229 Inde
437 1209 499 1229 cum
511 1201 600 1229 cibum
615 1210 667 1229 una
681 1207 830 1234 sumerent.
846 1210 909 1230 rur-

120 1257 180 1277 sum
198 1247 289 1276 Temir
304 1249 472 1284 colloquium
491 1257 606 1277 exorsus
620 1258 627 1277 :
643 1251 663 1276 Ο
677 1250 765 1282 Cban,
783 1250 832 1282 ait,
849 1250 910 1277 infl-

119 1295 192 1322 nitas
216 1295 376 1329 prapotenti
395 1295 449 1322 Deo
465 1296 567 1330 gratias
588 1300 616 1323 et
639 1297 754 1332 hymnos
777 1297 908 1324 debemus

119 1345 245 1375 uterque,
262 1346 319 1369 tum
350 1342 422 1377 quod
449 1343 517 1370 mihi
546 1342 645 1370 misere
668 1343 847 1377 claudicanti,
874 1344 909 1371 ab

120 1388 186 1422 ipsis
210 1388 294 1416 India:
311 1389 420 1420 finibus,
436 1388 469 1415 ad
486 1393 578 1423 portas
596 1397 684 1424 usque
700 1389 816 1417 Sivastae
834 1391 908 1418 urbis

120 1437 264 1470 imperium
279 1437 394 1472 largitus
421 1438 467 1469 sit,
485 1442 541 1464 tum
567 1438 640 1472 quod
667 1445 700 1465 cx
725 1438 809 1466 altera
833 1443 914 1474 parte

121 1484 200 1511 tibia
225 1483 337 1511 Sivastte
369 1484 520 1515 moenibus,
549 1484 584 1511 ad
607 1485 683 1520 ipsos
695 1493 782 1520 usque
808 1485 918 1513 limites

120 1528 257 1564 Ungariae.
279 1529 446 1558 dominatum
473 1530 653 1558 concesserit.
670 1530 698 1558 Si
722 1531 776 1559 Deo
804 1531 909 1558 luberet

119 1576 277 1602 universum
305 1576 399 1603 orbem
429 1581 564 1603 terrarum
589 1577 696 1612 partiri,
723 1578 788 1613 quid
819 1578 946 1626 majusc

118 1621 217 1648 claudo
227 1621 294 1649 dare
313 1622 425 1657 posset?
439 1623 543 1650 Idcirco
557 1630 610 1650 non
625 1623 672 1650 abs
688 1631 717 1650 re
728 1624 833 1658 magnis
857 1625 908 1659 ipsi

119 1667 212 1703 gratiis
227 1668 338 1703 agendis
355 1669 465 1696 obnoxii
482 1677 589 1697 sumus.
605 1669 646 1696 Tu
663 1677 727 1698 vero
744 1678 840 1704 parum
855 1671 910 1698 for-

119 1719 191 1741 tasse
208 1714 262 1742 Deo
273 1718 366 1749 gratus
385 1713 472 1747 fuisti,
496 1723 527 1742 ac
542 1720 686 1750 propterea
703 1715 766 1743 talis
791 1723 823 1743 ac
835 1720 910 1743 tanta

121 1761 168 1787 tibi
186 1760 328 1787 calamitas
359 1760 468 1789 accidit.
497 1761 563 1794 Quze
586 1769 650 1789 cum
676 1761 800 1794 dixisset,
820 1762 910 1789 denuo

119 1807 265 1842 Bajazitcm
279 1807 451 1842 interrogans
468 1815 476 1834 :
492 1806 527 1834 Mi
542 1806 631 1840 Chau,
655 1808 703 1839 ait,
718 1809 740 1836 si
767 1811 814 1835 tua
827 1807 909 1835 situm

119 1858 191 1881 esset
208 1853 235 1880 in
249 1858 394 1888 potestate,
408 1861 514 1881 mecum
531 1858 561 1881 ιιι
573 1862 667 1889 ageres
681 1862 730 1890 pro
750 1854 829 1882 libitu
846 1859 909 1882 tuo:

118 1901 182 1935 quid
198 1900 313 1928 obsecro
329 1900 362 1928 de
377 1907 421 1927 me
437 1900 542 1928 faceres
556 1900 644 1935 Y'age,
658 1901 799 1929 veritatem
814 1900 909 1928 dicito.

119 1945 189 1974 Tum
200 1945 331 1974 Gildcruu
346 1946 433 1979 Chan,
451 1955 532 1982 quem
554 1947 655 1975 ferocts
672 1947 756 1975 animi
771 1947 909 1975 hominem

119 1989 207 2018 fuisse
221 1990 390 2025 accepimus,
407 1999 460 2018 nott
473 1991 534 2019 sine
547 1991 602 2019 bile
616 1993 791 2028 respondisse
805 1993 908 2021 fertur:

119 2036 254 2071 Equidem
271 2042 307 2069 te,
330 2036 353 2064 si
368 2037 479 2065 fortuna
501 2039 618 2073 propitia
634 2047 722 2066 meatn
748 2040 774 2066 in
791 2044 911 2074 potesta-

119 2090 174 2109 tem
188 2083 321 2114 venisses,
339 2083 427 2110 ferrea
441 2084 602 2111 conclusum
618 2092 699 2112 cavea
722 2093 829 2113 mecum
847 2085 911 2113 hittc

119 2128 182 2156 inde
201 2129 461 2157 circumduxissem.
489 2129 549 2162 Quo
574 2129 668 2157 Temir
685 2129 788 2162 audito,
816 2137 878 2156 mox
897 2139 912 2157 e

118 2175 192 2203 ferro
203 2183 313 2204 caveam
335 2177 425 2210 parari
442 2175 525 2210 jussit
541 2183 548 2202 :
567 2181 593 2203 et
609 2177 636 2203 in
651 2183 710 2204 eam
722 2177 914 2203 carcerisioco

119 2223 269 2256 Bajazitem
285 2223 411 2251 inclusit.
425 2222 583 2250 Secundum
600 2223 666 2254 hate,
682 2223 816 2257 permissa
833 2223 910 2250 militi

119 2269 229 2296 licentia
247 2277 294 2302 per
310 2270 466 2297 universam
483 2270 622 2304 regionem
638 2269 703 2296 hinc
727 2269 788 2296 inde
801 2277 830 2296 se
855 2269 910 2296 dif—
927 2271 948 2298 D

119 2315 262 2347 fundendi.
299 2319 382 2350 atque
417 2315 510 2342 omnia
543 2314 646 2349 rapinis
666 2315 800 2341 vastandi.
818 2315 910 2341 Tctttir

119 2364 177 2396 ipse
186 2362 302 2389 Prusam
316 2363 392 2394 abiit,
406 2362 499 2396 ibique
509 2362 654 2389 thesauros
669 2361 795 2396 ltajazitis
817 2362 911 2388 inven-

118 2415 161 2437 ti-s
187 2409 239 2436 sibi
272 2408 433 2435 xindicavit.
464 2408 497 2435 Et
527 2408 638 2443 quando
663 2408 718 2442 jam
752 2407 912 2435 imminebat

120 2456 218 2487 hiems,
234 2455 316 2484 simul
332 2462 358 2483 et
373 2455 528 2483 hibernavit
544 2455 570 2482 in
590 2455 725 2486 Anatolia.
740 2459 766 2481 ct
784 2462 910 2488 proceres

119 2507 167 2526 eos
209 2500 256 2533 qui
298 2499 331 2526 ad
372 2499 457 2534 ipsius
498 2499 679 2533 patrocinium
723 2499 910 2534 confugerant,

120 2551 178 2573 tum
215 2546 333 2573 fortunis
366 2546 424 2573 suis
464 2545 606 2577 restituit.
648 2550 706 2573 tum
748 2546 910 2574 muneribus

120 2593 299 2628 amplissimis
335 2593 436 2620 affecit.
477 2593 564 2628 Atque
598 2593 649 2620 hoc
688 2593 768 2620 modo
810 2593 910 2629 singuli

121 2647 185 2666 suas
219 2639 253 2666 ad
286 2639 403 2666 ditioues
437 2639 542 2666 reversi
573 2644 645 2666 sunt.
684 2638 812 2667 Osutanis
845 2647 911 2667 vero

121 2685 303 2719 provinciam,
331 2685 374 2712 cui
393 2692 491 2712 nomen
519 2685 660 2718 Osmania,
680 2685 788 2712 'l'ataris
818 2684 911 2712 Tetnir

123 2731 259 2758 attribuit.
276 2730 355 2763 Quod
370 2738 433 2758 cum
452 2730 586 2765 Bajazitcs
601 2731 763 2763 inaudisset,
783 2739 909 2766 magnum

121 2779 213 2804 animo
223 2777 344 2805 dolorem
352 2778 432 2813 cepit.
446 2777 509 2805 Erat
518 2779 544 2804 in
556 2785 630 2805 more
653 2778 765 2811 Temiri,
778 2783 807 2805 ut
821 2783 910 2806 castra

123 2824 210 2851 locum
228 2830 356 2852 moturus
382 2832 576 2859 nonnunquam
593 2825 626 2852 ad
638 2824 812 2852 Gildetuncm
833 2832 912 2852 acce-

125 2871 201 2899 deret
215 2879 303 2906 eoque
319 2871 528 2906 perhumaniter
542 2871 668 2902 salutato,
686 2875 797 2898 rectene
810 2871 912 2899 valeret

124 2926 156 2945 λι
176 2925 268 2951 secus,
281 2921 424 2952 qutcrerct.
434 2916 558 2950 Quodam
571 2924 634 2952 ergo
647 2917 690 2945 die
703 2917 843 2950 Gilderuu,
862 2917 911 2946 hac

958 974 1073 1005 derunc,
1095 973 1197 1000 diceret
1214 980 1221 998 :
1242 973 1373 1008 Equidem
1402 977 1427 1000 te
1455 980 1573 1002 meeum,
1588 980 1604 999 ο
1619 973 1706 1004 (Iltan,
1725 973 1752 999 in

961 1027 1074 1054 regnum
1089 1026 1178 1047 meum
1191 1019 1337 1054 abducant,
1354 1019 1387 1046 ad
1406 1019 1500 1046 urbem
1518 1018 1728 1046 Scmercandatn
1742 1027 1749 1046 :

961 1071 1043 1100 atque
1058 1066 1121 1093 inde
1135 1071 1163 1093 te
1178 1065 1315 1093 remittam
1329 1065 1356 1092 in
1371 1073 1483 1100 regnum
1499 1070 1587 1092 tnutn.
1605 1064 1641 1091 Ea
1657 1065 1749 1092 Tenti-

959 1113 997 1140 ris
1009 1112 1098 1140 oratio
1123 1112 1282 1140 Gilderunis
1302 1112 1424 1139 animum
1445 1117 1499 1138 iatn
1533 1112 1607 1146 gravi
1624 1112 1749 1139 maeroris

959 1158 1073 1185 vulnere
1089 1158 1238 1192 percussit,
1253 1158 1294 1185 uti
1311 1158 1369 1192 ipse
1387 1157 1438 1185 sibi
1458 1161 1571 1184 mortem
1595 1157 1749 1184 conscisce-

959 1209 1012 1232 ret.
1021 1204 1114 1231 Tcmir
1123 1212 1187 1231 vero
1202 1211 1264 1231 cum
1274 1204 1305 1232 ad
1323 1204 1373 1231 iter
1387 1211 1416 1231 se
1425 1209 1607 1238 compararet,
1620 1203 1753 1231 Carama-

959 1250 1012 1277 nite
1022 1251 1088 1285 bcgo
1104 1250 1260 1284 complures
1275 1257 1354 1277 arces
1370 1255 1397 1277 et
1410 1249 1491 1285 322
1509 1249 1607 1284 Oppida
1621 1250 1730 1276 donavit
1744 1257 1752 1276 :

959 1301 987 1323 et
999 1296 1363 1328 lsvendiari'CastamOnam,
1380 1295 1535 1330 Congeritn.
1553 1300 1580 1322 ct
1596 1295 1750 1330 Calazugcn

960 1343 1106 1370 concessit.
1122 1342 1210 1377 Atque
1227 1343 1269 1369 his
1286 1343 1369 1370 rebus
1389 1342 1485 1377 gestis,
1505 1342 1532 1368 in
1546 1349 1659 1376 regnum
1672 1350 1751 1368 suum

960 1396 1086 1416 reversus
1115 1394 1167 1416 est.
1185 1389 1351 1416 Acciderunt
1379 1393 1469 1416 autem
1496 1388 1554 1415 tunc
1569 1388 1672 1418 omnia,
1688 1396 1750 1423 qua:

959 1443 974 1462 a
990 1435 1069 1462 nobis
1086 1436 1209 1470 exposita
1224 1440 1290 1462 sunt
1320 1437 1460 1467 hactenus,
1479 1434 1512 1461 ab
1529 1442 1599 1461 anno
1616 1434 1678 1466 800,
1709 1439 1755 1460 us"

959 1489 1012 1515 que.
1033 1481 1066 1508 ad
1079 1489 1180 1508 annum
1203 1482 1254 1509 805
1275 1482 1355 1517 (Chr.
1376 1482 1472 1516 i405).
1487 1480 1580 1508 Temir
1592 1481 1753 1514 Chaname

959 1527 1076 1556 Parthos
1085 1529 1164 1555 annis
1180 1529 1214 1556 40
1225 1536 1316 1556 rerum
1331 1529 1432 1563 potitus
1450 1528 1520 1555 fuit:
1535 1528 1665 1555 Gildcrun
1679 1535 1753 1557 vero,

960 1576 1040 1611 cujus
1054 1580 1167 1603 tuortcttt
1184 1575 1379 1608 indicavimus,
1395 1575 1476 1603 annis
1493 1578 1624 1602 duntaxat
1641 1574 1674 1601 Η
1695 1582 1756 1608 rcg-

961 1626 1045 1647 nant.

999 1666 1083 1694 Filios
1097 1667 1228 1695 Gilderun
1245 1666 1321 1694 Chan
1337 1675 1384 1694 sex
1400 1667 1497 1694 habuit
1513 1676 1520 1694 :
1537 1674 1655 1701 quorum
1673 1675 1756 1699 unus,

961 1712 1120 1748 Mnstaphas
1129 1714 1246 1745 Zelebis,
1259 1713 1377 1741 amissus
1393 1713 1447 1740 fuit
1460 1713 1487 1740 in
1501 1713 1660 1741 Tcmiriann
1684 1722 1756 1748 prte-

962 1759 999 1786 lio
1014 1767 1021 1786 :
1038 1760 1161 1794 quinque
1181 1767 1339 1787 remansere
1362 1759 1461 1794 reliqui
1488 1761 1661 1793 superstites.
1680 1759 1757 1786 Etuir

963 1806 1140 1838 Soleimanes.
1172 1806 1214 1834 lsa
1239 1807 1369 1838 Zelebis.‘
1385 1806 1461 1834 Musa
1487 1806 1603 1838 Zelebis,
1629 1807 1756 1833 sultanus

962 1853 1199 1885 Muchemetes,et
1213 1853 1302 1881 Casan
1321 1852 1438 1884 Zelebis,
1456 1852 1503 1888 qtti
1521 1858 1643 1888 tempore
1669 1852 1757 1887 prtelii

962 1900 1052 1927 adhuc
1069 1905 1126 1928 erat
1137 1905 1216 1927 atate
1231 1904 1334 1927 tenera.

1000 1947 1140 1975 Exstincto
1165 1946 1297 1983 Bajazitc,
1323 1951 1512 1975 convenerunt
1538 1947 1566 1974 in
1594 1954 1679 1974 unum
1698 1945 1757 1972 Alis

963 1994 1055 2025 baSsa.
1084 1993 1167 2021 Eines
1197 1994 1292 2028 begus,
1324 1998 1351 2022 et
1377 1993 1470 2021 liazan
1495 2001 1545 2029 aga
1563 2003 1570 2021 ε
1589 1992 1756 2027 decretoque

963 2040 1084 2067 unanimi
1099 2047 1132 2067 ex
1151 2039 1277 2067 Analolia
1305 2039 1332 2067 in
1353 2039 1518 2067 Romaniam
1538 2038 1635 2066 reverti
1652 2041 1756 2065 stat-tc-

962 2092 1035 2114 runt.

997 2134 1129 2161 Sullanus
1141 2132 1324 2160 Muchcmetcs
1338 2131 1477 2158 Amasiam
1487 2130 1650 2166 'profectns,
1668 2128 1754 2164 quieti

963 2188 993 2208 se
1007 2180 1090 2211 dedit,
1108 2186 1203 2214 parum
1227 2178 1260 2206 de
1281 2178 1364 2206 rebus
1393 2177 1509 2204 aliorum
1540 2176 1684 2204 sollicitus.
1713 2175 1754 2201 lsa

963 2234 1039 2257 vero.
1058 2231 1085 2253 et
1101 2225 1186 2258 Musa,
1211 2225 1285 2252 varie
1313 2232 1342 2252 se.
1361 2228 1457 2250 mutuo
1479 2222 1614 2258 persecuti
1636 2225 1700 2249 sunt
1729 2221 1755 2247 in

963 2273 1074 2307 regione
1104 2271 1246 2304 Carasina,
1267 2271 1352 2298 donec
1366 2270 1441 2297 Musa
1463 2270 1571 2296 tandem
1587 2269 1657 2295 lsam
1680 2276 1758 2294 contr

964 2319 1128 2353 prehensum
1143 2318 1252 2345 occidit.
1270 2317 1330 2350 Quo
1360 2316 1481 2344 facinore
1509 2320 1624 2350 patrato,
1641 2315 1754 2341 Prusam

964 2366 1114 2400 profectus,
1127 2364 1153 2390 itt
1168 2363 1224 2390 otio
1236 2364 1339 2394 vivens,
1352 2371 1367 2389 a
1380 2363 1462 2390 rebus
1474 2362 1598 2397 gerendis
1610 2362 1755 2388 abstinuit.

965 2411 1024 2438 Non
1043 2410 1128 2437 mttllo
1146 2414 1208 2445 post
1237 2417 1313 2436 artua
1329 2413 1424 2436 contra
1444 2408 1550 2435 Musam
1570 2408 1754 2442 quiescente-tn

965 2457 1082 2492 sumpsit
1106 2457 1175 2483 emir
1204 2455 1383 2483 Soleitnanes.
1403 2454 1459 2482 lloc
1484 2455 1528 2482 ille
1548 2455 1666 2489 cognito,
1694 2462 1757 2480 mox

966 2505 993 2531 in
1026 2499 1216 2531 Caramauia’m
1252 2507 1360 2536 arrepta
1392 2501 1454 2536 fuga
1485 2508 1515 2528 se
1540 2499 1655 2534 recepit.
1682 2500 1758 2526 Etnir

967 2547 1146 2578 Sulcimanes,
1182 2552 1211 2573 ut
1239 2554 1283 2573 res
1308 2553 1373 2573 suas
1406 2545 1607 2577 constabiliret,
1635 2553 1764 2572 sororcnr

966 2600 1130 2625 suam,cnm
1163 2592 1247 2620 fratre
1277 2597 1341 2620 natu
1367 2593 1492 2625 minimo,
1518 2592 1624 2620 Casanc
1652 2591 1757 2622 Z‘elebi,

965 2640 1231 2675 Constantinopolim
1248 2640 1332 2671 misit,
1365 2647 1469 2675 eosque
1486 2639 1666 2667 Constantino
1684 2638 1769 2665 dedit-

965 2687 1076 2714 obsides
1093 2694 1100 2713 :
1117 2695 1150 2713 ne
1171 2686 1244 2721 quod
1260 2686 1365 2714 scilicet
1379 2687 1524 2714 dissidium
1544 2687 1615 2713 inter
1629 2694 1677 2714 cos
1694 2692 1764 2712 (πο-ι

966 2734 1077 2764 rirctur.
1104 2732 1152 2760 sed
1188 2739 1282 2767 pacem
1311 2733 1401 2768 potius
1417 2732 1490 2760 inter
1509 2740 1539 2760 se
1567 2737 1662 2760 mutuo
1684 2731 1759 2759 cole-

966 2784 1037 2807 rent.

1003 2827 1073 2853 llinc
1088 2827 1114 2853 in
1129 2826 1290 2854 Romaniam
1307 2830 1477 2853 transvectus
1489 2825 1559 2852 emir
1573 2825 1761 2857 Soleimancs,

967 2872 1164 2907 liadrianopoli
1177 2870 1349 2900 caeremonia'
1362 2872 1458 2899 Turcis
1472 2871 1601 2899 familiari
1617 2872 1768 2900 factusest.

966 2919 1216 2952 intpct'ator,.anno
1234 2917 1285 2946 805
1299 2918 1384 2951 (,Cltr.
1403 2918 1504 2949 HM).
