1962 3071
139 140 186 172 601

778 143 879 173 ΑΝΝΛ
887 143 956 174 LES
977 144 1141 177 TURClCi.

1719 149 1772 180 602

139 199 251 225 ιιθιιιῖηο
280 198 428 231 Fascluiln.
457 200 504 235 qui
532 201 608 229 Cadii
633 201 693 230 sive
718 202 820 237 judicis
843 203 1105 238 oilleioArceipite.
1136 205 1196 233 Mox
1225 206 1269 241 qui
1297 207 1487 240 locupletiores
1512 209 1601 240 erant,
1627 205 1654 232 in
1679 214 1770 233 arcem

140 244 255 273 Geivisa:
273 246 448 281 iungebatur.
464 248 490 276 ιε
505 253 533 276 et
555 254 636 278 notus
651 255 712 277 erat
737 254 764 278 et
789 251 931 279 familiaris

140 290 287 319 admodum
306 291 432 328 Tegginri
447 293 766 331 Constantinopolitano.
787 296 866 324 Hune
881 296 930 331 igi-

141 341 185 367 tur
197 337 406 372 ablegarnntuti
431 348 495 369 eum
519 340 653 376 Teggiure
675 344 709 370 de
736 350 803 377 pace
822 348 930 377 ageret:

139 392 194 419 qua
207 384 279 412 inter
294 390 441 421 utramque
455 393 558 422 partem
574 389 690 421 sancita.
708 391 850 423 profectus
864 390 932 418 Prn-

140 437 170 457 sa
184 431 308 460 suitanus
324 432 522 467 Muclteneles,
548 435 580 461 ad
594 435 670 463 littus
685 437 770 463 maris
794 444 809 463 e
822 437 932 470 regione

138 477 397 514 Constantinopolis
410 482 537 508 accessit.
550 482 590 509 Illi
607 483 931 518 Coustantinopolitanus

140 523 260 560 'l‘eggiur
273 533 356 555 naves
368 535 434 555 sua:
445 528 555 555 obviam
575 530 662 562 misit,
685 531 773 564 ipsum
789 531 814 557 in
829 529 932 558 Roma-

140 570 213 598 niam
228 578 292 603 cum
316 573 439 601 exercitu
467 575 588 602 trasveiti
610 577 727 604 curavit.
759 577 824 612 Ejus
854 575 930 603 Musa

140 615 178 642 rei
194 615 284 645 factus
293 618 411 647 certior:
436 617 630 654 Hadrianopoli
657 622 764 654 relicta,
791 623 929 657 regionem

140 661 236 691 Lazari
250 664 338 696 petiit.
353 665 459 695 Interea
474 668 549 693 venit
562 666 671 695 lnzuam
680 668 805 698 sultanns
820 669 931 697 Mucite-

140 713 236 743 metes.
260 715 341 745 atque
365 711 400 740 ibi
418 713 516 740 castris
545 713 635 741 locum
663 715 846 748 detegunt!“
871 716 929 743 Alis

139 755 236 790 begus,
253 756 400 787 Eureaosis
413 759 474 794 begi
503 760 588 791 ﬁlius,
605 761 663 788 suis
690 761 777 794 copiis
789 761 821 788 ad
845 762 929 790 suita-

139 810 204 830 num
219 803 417 834 Mucbemetetn
430 805 547 834 defecit:
562 811 623 840 post
648 815 730 841 quem
747 812 774 834 et
801 807 927 842 Michael,

138 846 234 877 Joeltzi
252 849 312 884 begi
329 850 410 881 (ilius.
429 859 493 878 eum
507 852 596 879 milite
609 860 659 879 suo
670 853 703 880 ad
722 853 847 880 eumdem
880 861 927 881 ac-

983 252 1041 278 snis
1049 259 1109 278 eum
1124 254 1204 280 rebus
1214 253 1339 288 migrant.
1353 253 1529 288 Posteaquam
1543 253 1575 280 ad
1589 252 1681 279 urbem
1690 252 1770 288 324

985 297 1154 325 Coramaniae
1178 298 1262 334 begns
1289 300 1462 330 accessisset.
1487 298 1577 326 [bases
1603 299 1659 326 arci
1686 302 1769 325 semel

985 343 1109 370 includit.
1128 343 1188 376 Quo
1206 344 1378 371 Garamantis
1408 344 1609 375 animadverso,
1634 344 1770 371 civitatem

985 390 1047 424 igne
1060 390 1183 423 subjecto
1197 391 1392 418 concremavit.
1417 391 1483 418 lude
1494 399 1591 418 versus
1613 398 1704 418 arcem
1725 399 1768 417 cu-

985 436 1092 463 niculos
1121 443 1200 470 agere
1218 437 1299 471 cepit.
1324 435 1427 465 lbases‘
1443 446 1474 464 ex
1504 438 1618 464 adverso
1637 437 1770 464 cuniculis

984 481 1042 508 suis
1055 481 1088 508 ad
1107 482 1224 509 hostium
1257 482 1398 509 cuniculos
1427 482 1577 517 perductis,
1605 487 1632 508 et
1657 489 1727 517 aqua
1743 482 1770 508 in
1790 480 1792 493 ί

983 535 1032 554 eos
1046 527 1178 557 derivata.
1192 527 1336 555 Caramani
1353 527 1473 555 fossores
1497 529 1575 562 aquis
1592 527 1707 555 obrutos
1722 535 1771 554 EV-

985 572 1088 600 stinxit.
1104 573 1213 600 interim
1225 581 1290 601 vero
1305 574 1368 600 dum
1385 574 1417 601 ad
1447 574 1561 601 Prusatn
1586 581 1628 601 res
1645 574 1771 607 utrinque

984 618 1088 652 geritur
1102 619 1212 649 acriter.
1225 624 1254 645 et
1283 621 1350 647 citra
1372 620 1605 647 intenuissionem
1619 641 1626 653 ,
1649 619 1770 654 inopina-

983 669 1011 692 to
1039 665 1121 692 Music
1147 666 1262 693 cadaver
1277 674 1309 693 eo
1338 666 1521 701 deportatum,
1552 673 1636 700 prope
1651 667 1770 694 thermas

982 717 1161 739 monumento
1179 720 1292 747 paterno
1316 713 1440 741 infertur.
1473 713 1498 740 Id
1525 713 1570 740 niti
1599 713 1771 740 Caramanus

983 757 1041 785 ﬁeri
1056 758 1132 790 vidit,
1160 759 1303 786 confestim
1327 760 1410 787 motis
1424 759 1533 793 castris,
1552 767 1631 787 suam
1665 761 1691 787 in
1709 768 1771 795 pro-

982 805 1100 832 vinciam
1112 806 1263 833 exercitum
1282 805 1405 834 abduxit.

995 851 1171 879 »Secundem
1200 852 1257 879 lisse
1282 853 1420 887 profectus
1444 860 1459 880 e
1483 853 1616 881 [inmania
1646 855 1772 882 sultantts

139 895 236 923 cessit.
247 896 280 925 Et
291 901 351 925 erat
374 897 397 925 is
414 897 498 925 Musis
515 898 704 933 begierbegus.
733 899 835 927 Horum
863 908 929 928 con-
944 916 965 943 Β
981 897 1174 928 Muebemctes.
1197 899 1359 926 transmisso
1386 899 1466 933 freto,
1482 899 1595 928 Prusam
1616 901 1694 932 adiit,
1719 900 1771 928 ibi-

140 941 264 970 iirmatns
280 942 411 972 subsidiis
435 943 559 972 suitauns
586 944 780 978 ﬂuchetnetes,
808 946 926 974 ulterius

140 989 286 1022 processit,
302 994 330 1019 et
351 988 577 1025 Hadrianopolim
589 992 675 1020 venit.
684 991 826 1027 Quotquot
834 997 925 1020 autem

140 1033 247 1061 Turcici
275 1041 402 1068 proceres
422 1043 472 1071 per
497 1036 658 1065 Romaniam
676 1037 741 1064 hinc
759 1038 820 1065 inde
846 1039 927 1073 dege-

140 1078 214 1111 bant.
226 1079 346 1108 universi
363 1079 439 1112 Musa
450 1081 569 1115 deserto,
589 1083 624 1110 ad
651 1083 791 1110 suitanum
817 1083 928 1111 Muebe-

139 1130 237 1155 mctem
251 1134 282 1155 se
309 1127 497 1158 contulerunt.
511 1127 568 1156 Nec
580 1136 596 1156 ι
623 1128 707 1156 Musa
724 1129 847 1164 portibus
877 1130 926 1157 ulli

139 1180 264 1204 mansere
284 1173 394 1206 milites.
414 1179 512 1211 praeter
526 1176 674 1204 Acontius.
692 1176 849 1204 Secundum
865 1177 926 1205 itare

138 1219 280 1254 digressus
294 1220 487 1258 Hadrianopoii
506 1223 633 1251 sultanus
647 1223 842 1255 Mucbemetes.
870 1223 928 1251 ilu-

138 1274 197 1296 sam
213 1275 227 1295 a
244 1271 321 1301 tergo
348 1269 475 1304 persequi
501 1277 556 1297 non
585 1270 678 1302 desiit,
690 1275 717 1297 et
740 1278 803 1298 cum
818 1277 851 1298 eo
865 1277 927 1305 pro-

138 1318 200 1348 pter
217 1313 348 1349 oppidum
365 1314 545 1343 Samocovam
561 1316 683 1351 praiium
708 1316 779 1345 iniit.
791 1316 860 1345 Cum
878 1324 927 1345 au-

139 1365 194 1392 tem
211 1361 439 1393 animadverteret
463 1362 551 1394 Musa,
577 1371 630 1390 non
655 1363 722 1390 stis
741 1363 799 1391 sibi
828 1363 926 1391 virium

139 1414 200 1435 esse
219 1407 253 1435 ad
276 1408 467 1442 resistendum,
486 1408 556 1444 fngte
585 1417 615 1437 re
641 1409 726 1442 dedit.
755 1415 783 1438 et
811 1409 927 1445 fugienti

138 1459 226 1487 equus
245 1453 272 1480 in
296 1452 463 1487 profundum
489 1461 597 1482 cantum
614 1455 760 1490 prolapsus
784 1455 846 1483 fuit.
862 1456 928 1484 Erat

137 1498 162 1526 ei
179 1499 299 1527 famulus
309 1499 431 1534 quidam.
442 1500 558 1528 vestium
577 1505 678 1533 sartor,
693 1505 722 1528 et
745 1501 855 1529 servilis
876 1501 928 1529 ho-

138 1553 183 1573 mo
204 1545 381 1579 conditionis,
407 1546 449 1574 cui
480 1554 580 1575 nomen
608 1546 752 1575 Sarudzes.
780 1547 829 1575 llic
856 1555 927 1583 equo

977 951 1031 978 que
1056 943 1207 977 majoribus
1232 946 1335 972 coactis
1362 946 1459 980 copiis,
1490 951 1517 974 et
1548 947 1685 982 adjunctis
1717 947 1769 975 sibi

976 989 1123 1016 duobusin
1137 990 1197 1017 belli
1215 991 1374 1019 societatem
1404 992 1581 1027 principibus,
1612 993 1770 1021 lsvendiare

976 1035 1114 1069 videlicet,
1129 1044 1162 1064 ac
1179 1036 1317 1065 Germiani
1333 1038 1463 1072 domino;
1487 1046 1549 1066 cum
1570 1039 1610 1066 eis
1637 1038 1769 1067 adversus

975 1082 1161 1110 Garamantum
1204 1083 1406 1118 expeditionem
1448 1085 1582 1118 suscepit.
1628 1085 1770 1120 Ingressus

975 1134 1067 1157 autem
1079 1130 1227 1157 Caramanl
1237 1130 1382 1162 ditionem,
1395 1138 1457 1158 mox
1473 1130 1604 1166 oppidum
1617 1130 1769 1158 Varsacum

976 1175 1095 1209 subegit,
1110 1175 1208 1203 incolis
1235 1176 1338 1212 absque
1360 1183 1436 1204 mora
1463 1177 1626 1204 deditionem
1643 1176 1771 1204 facienti-

976 1221 1039 1249 bus.
1054 1220 1120 1249 inde
1130 1221 1244 1249 Coniam
1252 1229 1315 1249 cum
1331 1223 1452 1250 exercitu
1467 1223 1617 1255 contendit,
1646 1223 1691 1250 ubi
1705 1227 1768 1251 cum

974 1269 1105 1305 princeps
1138 1269 1216 1298 urbis
1241 1270 1266 1298 ei
1294 1271 1351 1298 suis
1382 1278 1444 1298 cum
1473 1270 1561 1306 copiis
1585 1275 1767 1303 occurreret,

976 1315 1107 1351 prmlium
1124 1318 1194 1344 inter
1206 1324 1238 1344 se
1263 1317 1473 1351 commiserunt,
1492 1325 1548 1353 quo
1568 1317 1691 1344 sultanus
1706 1316 1766 1344 Mu-

977 1363 1117 1391 cbemetes
1133 1363 1258 1399 superior
1273 1363 1333 1396 fuit,
1356 1369 1383 1391 et
1403 1364 1577 1392 Caramallus
1592 1372 1655 1392 cttm
1670 1373 1770 1399 supra-

978 1416 1023 1436 mo
1037 1409 1177 1444 copiarum
1193 1417 1307 1438 suarum
1327 1410 1406 1442 duce,
1434 1410 1543 1438 Zebnco
1564 1410 1719 1446 Mnstapba,
1741 1412 1769 1439 in

979 1455 1097 1482 hostium
1123 1460 1284 1490 potestatem
1313 1457 1395 1484 venit.
1432 1457 1523 1484 Multis
1549 1456 1623 1484 ultro
1645 1458 1771 1493 citroque

977 1499 1123 1535 colloquiis
1142 1501 1254 1535 habitis,
1277 1502 1386 1530 tandem
1412 1504 1594 1539 compositum
1613 1503 1663 1530 fuit
1687 1503 1768 1531 dissi-

978 1547 1066 1582 dium,
1082 1553 1110 1576 et
1126 1554 1219 1576 mutua
1234 1550 1410 1577 reconciliata
1424 1555 1527 1586 gratia:
1554 1551 1600 1578 sed
1613 1550 1647 1578 ita
1665 1555 1766 1582 tamen.

123 1591 253 1623 domini.
266 1592 306 1622 sic
319 1592 395 1621 ltumi
412 1597 557 1628 prostrato.
585 1594 711 1622 tendines
735 1594 842 1627 incidit,
859 1602 924 1630 cap-
937 1589 959 1621 α
977 1599 1006 1621 ιιι
1017 1594 1186 1623 Caramanus
1200 1595 1308 1623 sultano
1328 1596 1489 1624 Muehemeti
1505 1597 1590 1624 tribus
1613 1596 1768 1632 oppidis.vt

136 1643 252 1674 tumque
264 1639 405 1667 dominum
427 1647 507 1668 suum
523 1640 631 1669 Musam
655 1640 689 1668 ad
711 1641 848 1669 Iulianum
864 1642 923 1669 Mu-

137 1686 287 1715 chemetetn
299 1686 422 1715 adduxit.
447 1686 502 1714 Sub
517 1686 626 1714 initium
639 1687 728 1715 noctis
752 1687 778 1714 in
804 1687 923 1715 tentorio

135 1735 255 1769 quodam
280 1734 354 1762 Musa
384 1735 584 1771 strangulatus,
616 1735 708 1763 statim
744 1735 839 1762 eadem
871 1740 923 1761 no-

135 1785 180 1809 cte
219 1781 336 1808 Prusam
367 1781 445 1809 avehi
483 1781 579 1816 jussus
603 1786 657 1815 est,
685 1786 716 1809 ut
739 1781 803 1809 istic
833 1781 861 1808 in
878 1783 922 1811 avl

137 1832 316 1856 monumento
326 1828 499 1856 conderetur.
524 1827 669 1863 imperavit
692 1829 772 1857 annis
786 1830 873 1857 tribus
896 1836 923 1859 et

135 1873 261 1901 dimidio.
286 1873 480 1901 llecltemetem
507 1874 616 1908 begum,
643 1873 783 1903 Michaelis
824 1875 920 1906 lilium.

135 1920 182 1955 qui
195 1920 376 1949 Aeanziomm
393 1919 447 1947 dux
459 1924 517 1948 erat
533 1919 560 1948 iu
580 1921 704 1949 exercitu
727 1921 821 1954 Musas,
838 1923 923 1958 rapti-

136 1973 197 1993 vum
231 1966 357 1994 sultanus
385 1965 568 1994 Iincbsmetcs
600 1967 633 1994 ad
664 1968 758 1996 urbem
789 1968 921 1997 Tocatam

134 2013 284 2047 deportari,
299 2016 326 2040 et
342 2012 441 2039 ibidem
457 2012 590 2043 custodiri
615 2014 754 2049 prtecepit.
788 2014 923 2044 Samobu-

134 2066 253 2093 pareto
269 2058 366 2091 tilium,
380 2059 426 2092 qui
445 2059 534 2086 otlcio
555 2059 733 2088 cadiieseberi
746 2060 921 2097 fungebatur,

133 2114 195 2135 cum
210 2105 341 2134 nxtvribns
353 2111 380 2133 α
393 2106 486 2134 liber-is
501 2106 619 2134 [unicam
638 2107 721 2142 jussit
733 2108 843 2142 abduci,
875 2110 921 2137 ubi

133 2151 209 2180 mille
235 2158 380 2184 asprortnu
407 2159 541 2178 annonam
568 2151 592 2179 ei
617 2153 740 2187 singulos
761 2153 789 2181 in
814 2162 922 2182 menses

133 2197 295 2232 assignavit.
311 2197 438 2225 Peditum
455 2197 539 2226 Musa
553 2199 606 2226 dux
623 2198 651 2226 in
668 2199 824 2227 Valachiam
840 2200 922 2228 aufu-

132 2245 181 2280 git.
201 2244 258 2273 Hoc
273 2245 354 2275 modo
369 2244 522 2272 Tuscorum
551 2245 699 2279 imperator
725 2247 811 2274 lactus
835 2249 922 2276 suita-
936 2261 959 2289 υ

133 2299 184 2318 nus
201 2290 394 2322 Mucltemates,
409 2291 536 2319 universa
565 2292 677 2320 subacta
691 2292 824 2321 Romania
848 2301 921 2322 anno

132 2336 185 2365 816
198 2337 274 2371 ((Zlir.
295 2336 384 2370 MM).
697 2356 701 2363 ι

168 2382 240 2410 inito
261 2390 355 2417 regno,
373 2384 477 2417 legatos
490 2383 523 2410 ad
539 2390 635 2411 omnes
652 2383 703 2411 sibi
722 2384 825 2412 vicinos
843 2385 922 2420 prin-

133 2429 208 2464 cipes
222 2430 309 2462 misit,
325 2437 357 2456 ac
381 2430 455 2463 pacis
478 2435 504 2457 et
528 2430 659 2457 amicitiae
678 2430 780 2458 hedera
801 2439 863 2458 eum
881 2432 922 2460 eis

133 2466 245 2510 pepigit.
270 2475 376 2503 interea
394 2482 469 2507 vero.
482 2474 547 2502 dum
563 2475 653 2502 adhuc
669 2475 744 2502 Musa
763 2475 921 2504 Muclteme-

132 2526 228 2556 tesque
244 2521 315 2549 bello
329 2525 415 2549 semet
427 2521 543 2548 invicem
557 2521 584 2548 in
599 2520 760 2548 Romaniam
774 2529 922 2556 perseque-

133 2568 251 2596 bantur:
268 2566 438 2596 Caramaaitc
467 2566 593 2601 princeps
624 2567 738 2594 l'rusam
767 2568 921 2594 exercitum

132 2614 253 2642 adduxit.
275 2613 339 2649 Ejus
363 2613 544 2648 expeditionis
571 2621 682 2642 rumore
698 2613 732 2640 ad
755 2621 785 2641 se
805 2614 918 2649 perlato,
937 2631 939 2634 -

132 2659 225 2688 lbasea
241 2660 331 2690 basia,
348 2660 464 2694 quitum
483 2659 575 2687 Prusae
601 2667 663 2687 eum
687 2659 774 2687 basem
804 2660 919 2695 imperio

133 2710 258 2738 praerat,
272 2705 411 2735 at‘ccsdtis
425 2705 458 2734 ad
469 2713 498 2733 se
513 2704 630 2734 Prusrcis
649 2705 768 2737 civibus,
789 2705 829 2732 ιιιί
855 2712 918 2734 cum

132 2750 172 2776 eis
197 2749 231 2777 de
257 2750 410 2779 imminenti
440 2750 512 2779 bello
542 2751 721 2781 deliberaret:
749 2752 921 2779 Cat-amunia

132 2795 272 2831 princeps,
288 2796 336 2827 ait.
363 2804 438 2827 arma
466 2797 548 2831 cepit,
566 2802 594 2825 nt
618 2805 668 2825 nos
693 2797 837 2833 opprimat.
867 2797 919 2826 Vos

133 2849 241 2876 operam
255 2843 332 2872 date,
347 2847 377 2869 ut.
393 2842 426 2869 ad
437 2842 625 2877 excipiendam
644 2843 717 2871 illius
728 2842 794 2874 vim.
811 2843 917 2871 instru-

133 2888 169 2916 cit
179 2888 248 2922 sitis.
260 2893 359 2920 etcum
378 2888 554 2920 facultatibus
589 2890 686 2919 vestris
709 2890 736 2918 in
753 2897 843 2919 arcctu
869 2897 918 2918 vos

975 1640 1022 1667 nni
1050 1646 1141 1668 castro
1169 1642 1289 1669 cederet.
1321 1642 1444 1676 Quorum
1475 1643 1597 1670 locorum
1630 1643 1768 1671 deditione

975 1686 1057 1719 facta,
1071 1686 1192 1715 vicissim
1207 1687 1393 1715 Muchemetcs
1408 1687 1592 1716 Caramannm
1606 1687 1767 1718 muneribus

974 1732 1175 1764 cohonestet/it.
1192 1733 1352 1761 etlibertati
1366 1733 1521 1761 restitutum
1543 1741 1621 1761 suam
1648 1735 1675 1761 in
1702 1742 1767 1767 pro-

975 1778 1091 1806 vinciam
1103 1779 1219 1807 remisit.
1232 1779 1417 1807 Muchemetes
1428 1780 1485 1816 ipse
1499 1780 1613 1807 Prusam
1626 1788 1765 1812 reversus.

974 1832 1029 1853 non
1043 1825 1088 1853 diu
1106 1825 1168 1853 istic
1184 1826 1263 1853 bresit
1275 1835 1284 1853 :
1308 1826 1356 1854 sed
1373 1826 1424 1853 iter
1447 1832 1556 1861 ceptum
1584 1834 1765 1862 prosequens,

973 1876 1050 1900 trans
1071 1872 1170 1901 fretum
1196 1872 1416 1908 Hadrianopolim
1445 1874 1609 1909 properavit,
1638 1878 1667 1900 nt
1694 1874 1770 1902 bello

973 1918 1272 1948 Vaiacltositrvaderet.
1296 1920 1323 1947 in
1340 1920 1365 1947 id
1395 1919 1497 1947 bellum
1511 1925 1538 1946 et
1560 1928 1575 1947 a
1601 1919 1768 1951 Caramano,

973 1969 1001 1992 et
1017 1965 1052 1993 ab
1068 1965 1225 1994 lsvendiare
1243 1967 1312 2002 bcgo
1340 1966 1433 2002 copias
1457 1966 1606 1994 auxiliares
1637 1968 1767 2000 impetra-

974 2011 1032 2039 vit:
1049 2012 1150 2046 quibus
1166 2012 1199 2039 ad
1225 2020 1289 2039 suas
1312 2011 1459 2045 adiunctis.
1477 2012 1503 2039 in
1519 2011 1623 2039 hostem
1639 2019 1766 2046 progres-

974 2066 1032 2091 sus,
1048 2058 1081 2085 ad
1105 2058 1258 2086 Danubium
1289 2063 1378 2086 castra
1409 2059 1527 2088 locavit;
1552 2057 1597 2085 ubi
1622 2057 1686 2085 dum
1705 2065 1766 2085 cas-

974 2105 1068 2131 tellum
1099 2109 1264 2135 exstrueret.
1292 2112 1419 2139 magnam
1454 2112 1567 2131 suorum
1597 2111 1706 2131 manum
1735 2112 1765 2130 τι

973 2149 1131 2178 Valacbiam
1157 2155 1234 2178 trans
1258 2151 1356 2178 ﬂumen
1376 2150 1498 2181 immisit.
1523 2155 1551 2177 ut
1576 2151 1676 2184 prtedis
1697 2150 1765 2177 actis

974 2205 1032 2224 eam
1045 2197 1285 2232 depopularentur.
1303 2197 1402 2225 Milites
1420 2205 1434 2223 e
1448 2196 1579 2224 Vaiaciiia
1593 2197 1670 2227 salvi,
1690 2196 1771 2223 nullo

975 2249 1088 2278 accepto
1099 2243 1276 2275 detrimento,
1289 2249 1366 2271 trans
1378 2242 1546 2273 Danubium,
1565 2243 1691 2269 maximis
1716 2249 1764 2269 au-

973 2289 1010 2317 cti
1036 2290 1142 2324 spoliis,
1165 2289 1279 2317 rediere.
1299 2290 1376 2323 Quod
1404 2298 1466 2316 cum
1498 2289 1619 2323 regionis
1649 2289 1765 2316 voivoda

973 2340 1108 2368 cerneret,
1131 2336 1204 2362 aliud
1234 2336 1308 2370 quod
1337 2341 1429 2370 ageret
1455 2335 1522 2362 nihil
1548 2334 1654 2364 habuit.
1680 2342 1762 2369 quam

973 2386 1002 2409 ιιι
1013 2389 1080 2416 pace
1097 2389 1158 2409 cntn
1171 2382 1282 2409 sullauo
1299 2382 1460 2416 composita,
1488 2380 1636 2416 quotannis
1665 2388 1695 2408 so
1715 2380 1765 2407 tri-

972 2428 1071 2455 butum
1104 2428 1254 2455 missurum
1285 2428 1468 2462 polliceretur,
1488 2435 1575 2463 coque
1600 2428 1710 2454 nomine
1730 2428 1763 2454 li-

973 2475 1039 2501 lium
1055 2474 1131 2502 daret
1148 2474 1282 2502 obsidem.
1304 2474 1409 2507 Quibus
1425 2475 1506 2501 rebus
1521 2474 1617 2509 gestis,
1647 2474 1761 2503 Prusam

972 2521 1156 2549 Muchemstes
1181 2521 1297 2554 repetiit,
1317 2525 1343 2547 et
1370 2520 1434 2547 inde
1459 2521 1553 2555 copias
1572 2521 1605 2547 ad
1630 2521 1764 2557 oppidum,

972 2567 1044 2603 quod
1056 2567 1194 2594 Samsonis
1214 2567 1323 2599 dicitur,
1350 2567 1487 2594 traduxit:
1509 2574 1564 2601 quo
1577 2567 1687 2601 quidem
1714 2575 1764 2594 οος

971 2617 1080 2648 cupato,
1096 2613 1250 2647 complures
1271 2613 1296 2639 iu
1313 2612 1348 2639 iis
1367 2612 1433 2640 locis
1452 2612 1579 2644 Tataros,
1607 2620 1621 2640 a
1650 2613 1763 2640 Temire

971 2660 1064 2687 Cbaue
1081 2658 1201 2689 relictos,
1231 2659 1345 2686 invenit.
1364 2657 1419 2686 Hos
1435 2658 1526 2686 edicto
1554 2659 1703 2694 publicato,
1731 2658 1762 2686 in.

971 2705 1132 2733 Romaniam
1147 2705 1262 2740 migrare
1277 2705 1376 2739 jussit:
1403 2710 1431 2733 et
1452 2705 1602 2733 ditiuncula
1625 2706 1755 2740 quadam.

971 2752 1043 2780 haud
1056 2752 1150 2787 procul
1164 2759 1179 2779 ιι
1196 2756 1289 2779 castro
1306 2751 1426 2783 Cunnza,
1438 2751 1559 2783 donavit,
1573 2755 1602 2778 ut
1622 2751 1657 2778 ibi
1673 2751 1762 2777 domi.

969 2798 1033 2825 ciiiu
1058 2797 1109 2825 sibi
1121 2798 1328 2825 constituerent.
1349 2797 1411 2825 Erat
1435 2798 1507 2825 cnim
1535 2797 1557 2824 is
1574 2796 1649 2823 locus
1672 2795 1764 2824 incul-

970 2849 1015 2872 tus
1028 2849 1055 2873 et
1065 2845 1199 2872 desertus.
1218 2845 1304 2880 Atque
1316 2844 1359 2871 illa
1375 2844 1485 2880 quidem
1496 2842 1597 2871 vicinia
1624 2847 1651 2870 et
1682 2841 1757 2877 regio

970 2891 998 2918 in
1014 2891 1086 2919 hunc
1096 2891 1208 2919 modum
1219 2889 1332 2918 Tataros
1344 2890 1448 2925 accepit
1461 2889 1575 2922 incolas,
1590 2888 1635 2924 qui
1649 2895 1709 2915 eam
1726 2886 1757 2917 iu
