1962 3071
192 146 243 176 ﬁll-3

823 147 922 178 ANNA
929 147 998 178 LES
1018 147 1184 178 TURClCI.

1779 145 1832 177 (illi

195 207 357 234 hodiernum
383 214 469 241 usque
495 207 566 234 diem
601 207 752 241 possident.
787 207 894 235 Interea
927 208 991 235 dum
1007 212 1028 240 Α
1045 207 1142 234 Serrns
1163 207 1196 233 ad
1213 206 1352 234 sultauum
1365 205 1562 233 Muchemctem
1577 205 1757 234 adduxerunt.
1773 206 1836 234 Erat

195 254 238 280 his
257 253 336 281 rebus
355 253 475 280 intentus
490 259 549 281 erat
578 254 774 286 Muellerus-tes,
805 256 831 281 in
859 255 984 281 Anatolia

194 300 292 328 seditio
302 300 424 334 qundam
437 306 531 327 enorta
544 301 605 332 fuit,
626 305 739 327 ant-tore
764 301 897 334 Burgluze
925 301 985 327 Mu—

195 347 304 380 staplta,
317 347 363 380 qui
379 346 522 373 Sciteieltis
542 346 698 372 Bedrcdiuis
712 346 850 380 quondam
876 354 986 374 t‘ecouo—

196 401 258 419 mus
280 392 377 419 fuerat.
397 392 429 419 Et
453 392 594 419 selteicltos
611 393 655 419 ille
672 392 847 424 Bedredines,
880 392 921 419 uti
940 400 987 420 su-

195 447 245 474 pra
271 439 410 471 diximus,
442 439 513 473 apttd
546 439 649 466 Musam
679 439 859 467 cadilesclteri
888 447 986 466 munus

196 490 328 517 gesserat,
344 485 439 513 lsnica:
455 485 584 520 deinceps
595 486 723 513 exsulare
743 486 848 519 jussus.
864 485 913 512 llic
943 494 987 512 er-

196 539 230 565 go
255 531 413 565 lllustaphas
443 531 469 558 itt
495 539 590 566 agrum
627 532 806 559 Aidiuensem
838 533 986 566 profectus,

198 585 322 611 magnam
337 577 374 604 ibi
389 578 549 605 setlitiOucm
567 578 711 605 excitavit:
729 579 867 613 persnas's
892 579 987 606 incolis

197 628 225 649 ut
240 623 325 657 ipsius
353 625 478 658 potestati
505 632 534 651 se
559 625 759 659 permitterent,
790 629 816 652 et
842 625 987 659 imperium

198 668 322 695 lubentes
340 670 514 704 accipereut:
533 679 630 698 nomen
643 671 750 698 interittt
762 670 901 705 prophetae
912 678 988 697 men-

198 715 274 746 tittts,
290 720 318 742 ttt
332 724 364 742 eo
377 716 484 743 facilius
498 725 541 744 res
558 725 642 744 novas
653 716 807 744 moliretur.
826 716 876 744 Ubi
891 717 924 744 de
938 717 989 744 hoc

197 767 273 789 motu
314 762 409 790 lsniczc
447 763 589 791 scbeicltes
631 763 795 791 Bedredines
827 763 987 797 accepisset,

197 808 334 835 (nconomi
349 808 473 835 videlicet
486 809 526 836 sui
544 817 586 836 res
596 814 702 836 tatttttm
720 809 882 836 incrementi
897 816 988 835 sumc-

198 861 245 880 re:
260 861 319 880 mox
335 853 422 882 lsnica
438 854 532 882 relicta
549 855 639 891 fugam
651 856 776 889 arripuit,
794 862 821 882 et
852 854 988 881 lsvendia-

199 908 256 927 rem
273 902 351 930 adiit.
369 903 445 937 Apud
459 903 531 930 huttc
546 911 608 930 eum
629 903 787 938 aliquandiu
807 903 986 933 substitisset.
1005 893 1026 919 Β

200 946 291 973 navim
319 948 489 979 conscendit,
504 953 530 975 et
553 949 649 975 itinere
675 949 813 976 maritimo
830 947 986 975 Valacltiatn

199 992 287 1026 petiit.
298 991 430 1021 Sultanus
447 999 537 1021 autem
565 992 751 1022 ‘lllucltemetes
779 995 917 1022 intellecto
940 995 989 1021 Ita-

199 1037 265 1065 bere
285 1038 340 1073 jant
358 1039 521 1074 Burgluzam
539 1039 710 1075 Mustapltam
728 1041 890 1068 selectorum
916 1040 989 1068 mili-

199 1089 256 1111 tum
271 1085 303 1111 atl
317 1085 368 1112 tria
382 1085 478 1117 ntillia,
495 1086 587 1121 copias
600 1094 664 1113 suas
687 1087 713 1113 in
737 1095 811 1120 eutn,
824 1088 894 1114 duce
905 1087 991 1114 sulta-

200 1139 236 1158 no
252 1131 355 1158 Murate
379 1132 444 1166 lilio,
460 1133 544 1160 misit.
562 1133 586 1160 ls
605 1133 649 1160 ιιὺί
668 1132 788 1167 Bajazite
817 1133 896 1160 bassa
910 1140 991 1168 expc-

200 1179 312 1206 tlitiouis
332 1181 418 1212 socio,
435 1188 498 1208 cum
516 1181 639 1208 exercitu
663 1180 696 1207 ad
711 1180 875 1208 defectionis
898 1184 992 1208 aucto-

201 1233 257 1251 rem
273 1227 453 1260 pervenisset,
482 1226 582 1253 accidit
610 1231 640 1254 ut
660 1226 763 1261 impetu
798 1226 942 1261 repentino
963 1233 992 1255 se

201 1271 316 1299 invicem
334 1272 504 1303 invaderent.
515 1277 542 1300 et
560 1280 656 1299 manus
669 1276 724 1300 tant
751 1273 874 1300 animose
897 1280 993 1301 conse-

203 1311 306 1349 rerent,
322 1323 351 1345 ut
367 1318 413 1344 illo
439 1317 532 1353 przelio
565 1318 661 1353 ingens
681 1318 823 1346 hominum
849 1319 993 1347 multitudo

202 1365 320 1391 caderet.
335 1363 455 1392 Tandem
486 1364 635 1399 Burgluzes
656 1364 824 1400 Mustaphas,
853 1365 880 1392 in
907 1365 994 1393 frusta

203 1411 331 1438 concisus
362 1411 453 1446 periit.
471 1411 526 1438 Hac
545 1412 579 1439 de
602 1412 659 1440 illo.
684 1417 710 1439 et
727 1412 916 1446 complicibus,
947 1413 994 1440 ob-

204 1462 278 1484 tenta
303 1458 437 1489 victoria,
453 1458 532 1485 rediit
560 1458 593 1484 ad
614 1458 759 1492 pristinum
780 1459 923 1494 imperium
937 1468 995 1487 ont-

205 1504 248 1531 nis
260 1511 290 1530 ea
316 1503 395 1536 ditio,
414 1503 558 1531 distributa
576 1504 706 1540 deinceps
722 1505 792 1532 inter
805 1506 906 1532 sultani
935 1506 995 1533 Mu-

204 1548 336 1577 cltrmetis
350 1549 460 1577 milites.
486 1549 533 1577 His
546 1550 628 1578 rebus
651 1551 745 1585 gestis,
765 1550 995 1586 Bajazitesbassa

205 1603 267 1620 t'tttn
283 1594 392 1622 sultnno
415 1595 518 1623 Murate
538 1595 685 1623 Manissam
711 1597 789 1624 duxit
821 1597 992 1626 exercitum:

205 1650 259 1675 quo
273 1641 333 1675 ipso
344 1641 426 1668 etiam
452 1641 479 1669 in
494 1642 553 1669 loco
569 1642 680 1677 quidam
693 1647 750 1670 erat
776 1643 857 1670 homo
884 1643 996 1671 seditio-

206 1695 264 1720 sus,
279 1686 407 1716 Torlaces
434 1687 605 1724 Huggiental,
620 1689 739 1724 stipatus
765 1690 806 1717 bis
823 1689 896 1718 mille
918 1690 996 1722 viris.

206 1734 252 1767 qui
267 1742 329 1762 eum
342 1735 528 1763 sectabantur.
545 1735 600 1762 Hos
614 1743 675 1763 cum
703 1735 838 1770 Bajazites
853 1742 996 1765 assecutus

207 1780 314 1813 luisset,
328 1785 401 1816 terga
416 1781 480 1808 dare
491 1781 588 1816 coegit,
613 1786 640 1809 et
655 1781 743 1816 ipsum
771 1781 912 1811 Torlaeem
934 1791 996 1811 cum

206 1825 268 1852 aliis
283 1825 385 1860 aliquot
400 1826 551 1859 coniuratis
575 1831 696 1861 captum,
719 1827 820 1855 ibidem
848 1829 997 1863 suspendio

206 1870 299 1898 necari
312 1872 405 1906 jussit.
433 1871 545 1899 interim
577 1872 715 1907 profectus
749 1873 846 1901 Serras
872 1874 998 1902 sultanus

207 1917 402 1949 Mucltemetes,
430 1925 490 1945 eam
520 1917 655 1945 civitatem
686 1919 850 1954 occupavit:
877 1925 904 1947 et
933 1928 996 1948 cum

207 1963 299 1990 animo
312 1971 363 1991 suo
390 1964 544 1997 constituit,
568 1964 724 1993 Stilonicatn
753 1974 862 2001 quoque
881 1967 999 1994 :nilitum

207 2017 308 2036 corona
321 2010 502 2038 circumdare.
520 2009 639 2038 Din-ante
669 2019 733 2039 vero
759 2012 898 2041 Serrensis
923 2012 999 2041 urbis

207 2056 363 2089 obsidione,
378 2056 526 2084 Sclteicltes
542 2057 585 2084 ille
597 2057 772 2090 Bedredines.
787 2067 867 2093 quem
893 2059 921 2086 in
948 2058 1000 2087 Vu-

207 2103 325 2131 lachiam
343 2102 498 2138 profugisse
511 2103 644 2137 diximus,
671 2103 834 2132 Romaniam
848 2106 1000 2141 ingressus,

207 2149 312 2184 aliquot
327 2148 490 2184 sopltilarios
506 2153 569 2176 ante
581 2156 611 2177 se
621 2149 694 2177 misit
709 2149 737 2177 in
752 2157 847 2184 agrum
865 2150 1001 2186 Zagoren-

208 2203 277 2227 sem,
289 2195 370 2229 vulgo
386 2202 577 2230 persuasuros,
588 2195 731 2230 imperium
742 2196 868 2225 Scheichi
878 2198 1003 2225 Bedredi-

1042 256 1113 289 apttd
1125 255 1262 281 sultauttm
1279 262 1384 288 magnae
1399 254 1510 288 quidam
1532 253 1663 280 doctrinae
1677 254 1729 285 vir,
1747 255 1836 281 notui-

1039 308 1073 327 ne
1086 301 1207 327 Meulann
1222 299 1349 331 Cbeider,
1369 301 1504 326 oriundus
1527 307 1542 327 e
1557 300 1677 329 Parthia.
1703 300 1772 326 unde
1805 307 1836 326 se

1040 347 1073 371 nd
1094 346 1292 373 llucltentetem
1311 345 1474 376 contulerat,
1501 346 1546 380 qui
1563 353 1630 373 eum.
1642 354 1690 380 pro
1700 346 1758 373 viro
1774 353 1836 373 san-

1040 397 1084 419 cto
1097 392 1212 424 colebat,
1225 396 1251 419 et
1272 400 1286 418 a
1306 392 1389 419 latere
1401 399 1450 419 suo
1466 399 1603 426 nunquam
1621 392 1761 419 discedere
1787 400 1837 427 pn-

1040 438 1170 465 tiebalur.
1189 438 1214 466 Is
1228 438 1299 464 banc
1311 438 1476 470 sententiam
1488 438 1562 470 tulit,
1577 439 1711 472 utcapitis
1725 439 1834 474 quidem

1041 485 1203 519 supplicium
1228 484 1370 512 sclteicltes
1386 484 1550 512 Bedredines
1567 487 1666 516 lueret,
1683 486 1729 512 sed
1755 485 1837 512 mitti—

1042 540 1084 558 me
1113 537 1203 558 tamen
1243 531 1309 558 li‘sco
1342 531 1483 558 facultates
1508 531 1596 566 ipsius
1622 532 1835 566 applicarentur.

1044 577 1173 605 Sullanus
1184 585 1249 612 ergo
1265 577 1462 606 Mucltemetes.
1475 578 1525 604 huc
1538 578 1565 604 in
1582 585 1643 604 etttn
1660 578 1713 604 lata
1727 583 1836 605 senten-

1042 625 1090 656 tia,
1104 632 1183 658 pecua
1197 624 1337 659 suspendii
1358 625 1431 657 apud
1445 624 1540 652 Set-ras
1566 624 1704 652 hominem
1732 625 1835 653 aﬂecit.

1042 671 1139 698 Postea
1155 678 1229 703 vero,
1259 678 1341 705 quam
1368 671 1547 705 exspirasset,
1577 670 1694 698 cadaver
1723 671 1785 705 ejus
1802 671 1837 698 de

1042 716 1164 752 patibulo
1181 717 1334 744 detractum
1363 720 1390 744 et
1407 721 1485 744 terrae
1498 717 1655 744 mandatum
1684 716 1745 744 fuit.
1770 717 1837 744 lude

1043 763 1168 790 sttltanus
1185 763 1367 790 llluchemetes
1380 762 1496 790 Prusam
1520 770 1658 796 reversus,
1674 763 1707 790 ad
1723 763 1816 798 aliquo
1830 764 1835 789 I

1044 809 1081 836 ibi
1095 814 1203 843 tempus
1218 809 1351 837 substitit.
1369 809 1562 844 Hadrianopoli
1592 810 1732 844 templum,
1760 817 1815 844 qtto
1829 810 1834 834 I

1044 855 1128 882 frater
1139 856 1200 889 ejus
1216 856 1284 883 eutir
1296 855 1464 884 Soleimanes
1475 860 1618 883 exstruere
1641 861 1772 891 coeperat,
1789 857 1839 883 ab-

1042 899 1111 926 solvi
1125 901 1242 927 curavit.
1256 901 1335 928 Aliud
1348 901 1430 928 etiam
1443 901 1538 928 Prusae
1554 901 1660 932 fanum.
1677 909 1739 929 cum
1755 903 1838 929 scho-

1040 945 1103 972 laet
1132 953 1250 979 xenone,
1270 947 1404 974 condidit.
1430 947 1518 981 Atque
1530 947 1606 974 hisce
1629 948 1711 983 gestis
1742 947 1836 980 rebus,

1040 992 1147 1019 vivendi
1167 993 1248 1020 linem
1275 993 1352 1021 fecit.
1375 993 1443 1029 Ejus
1471 994 1532 1021 loco
1561 994 1689 1022 sultanus
1717 995 1838 1022 Murales

1041 1038 1265 1073 llliusimperator
1275 1038 1364 1067 factus
1379 1045 1430 1072 est,
1444 1047 1516 1067 anno
1526 1040 1579 1067 824
1590 1040 1665 1075 (Chr.
1677 1040 1768 1074 1422),
1785 1041 1837 1073 Qui

1040 1084 1134 1113 Prusae
1141 1086 1257 1113 cadaver
1267 1087 1352 1121 patris
1362 1092 1551 1121 monumento,
1573 1095 1622 1122 pro
1629 1096 1716 1119 more,
1731 1089 1838 1117 intulit.

1078 1132 1234 1160 Secundum
1253 1134 1310 1161 haec
1322 1138 1415 1161 secuta
1433 1134 1484 1161 fuit
1498 1138 1688 1162 uulversorum
1709 1136 1735 1162 iu
1762 1138 1837 1163 Ana-

1043 1179 1108 1206 tolia
1124 1179 1254 1212 defectio,
1270 1180 1402 1207 nimirum
1416 1180 1526 1216 lsmyr.e
1544 1182 1686 1219 principis,
1708 1188 1734 1210 rt
1762 1183 1836 1210 Men-

1044 1225 1126 1252 tltesii
1141 1234 1148 1252 :
1165 1230 1192 1252 et
1211 1225 1244 1252 ad
1260 1233 1396 1254 summum
1409 1247 1416 1258 ,
1445 1227 1567 1254 omnium
1594 1229 1629 1255 ab
1657 1230 1731 1256 omni
1763 1235 1840 1264 parte

1045 1279 1200 1306 procerum.
1233 1270 1262 1298 lu
1289 1272 1423 1300 Romania
1456 1281 1574 1308 namque
1597 1282 1646 1309 pro
1675 1275 1783 1301 sullano
1808 1283 1840 1302 se

1046 1318 1160 1352 quidam
1179 1319 1300 1352 gerebat,
1317 1319 1360 1345 cui
1396 1326 1495 1346 uenten
1527 1319 1643 1347 Dusmes
1668 1320 1837 1355 Mustapltas.

1046 1363 1072 1391 Is
1104 1364 1188 1390 lilium
1222 1371 1252 1391 se
1269 1364 1425 1392 Gilderunis
1454 1364 1556 1392 Chattis
1592 1366 1781 1400 profitebatur,
1812 1372 1840 1394 et

1046 1410 1208 1445 plerumque
1239 1411 1346 1439 solebat
1375 1412 1400 1438 in
1442 1412 1544 1446 oppido
1568 1412 1700 1440 Vardariu
1725 1413 1837 1447 degere.

1047 1456 1227 1483 Transierunt
1245 1456 1271 1484 in
1286 1461 1377 1491 partes
1392 1457 1479 1492 ipsius
1495 1458 1578 1485 etiam
1610 1466 1736 1493 proceres
1772 1461 1836 1495 qui-

1048 1502 1109 1528 dam
1126 1502 1186 1535 ejus
1200 1502 1321 1534 familia,
1334 1511 1404 1538 quos
1432 1503 1588 1532 Eurenoses
1619 1505 1702 1540 be'gos
1729 1512 1840 1534 vocant.

1049 1547 1150 1575 llornm
1162 1549 1294 1576 subsidiis
1307 1549 1430 1584 adjutus,
1444 1550 1541 1579 Serras
1553 1551 1661 1579 obsedit
1673 1559 1753 1586 τηειρ
1777 1554 1841 1587 qui-

1036 1594 1109 1621 ldem
1127 1595 1203 1628 urbs,
1223 1603 1276 1622 una
1292 1602 1354 1622 cum
1377 1603 1451 1630 arce,
1479 1604 1541 1624 mox
1572 1597 1738 1625 deditionem
1765 1599 1839 1626 fecit.

1049 1640 1119 1668 Hinc
1131 1649 1293 1676 progressus
1322 1642 1448 1676 ulterius,
1470 1642 1694 1678 Hadrianopolim
1713 1645 1752 1672 ire
1782 1653 1842 1680 μετ’.

1049 1687 1121 1715 rexit
1134 1696 1141 1715 :
1155 1696 1210 1723 quo
1223 1696 1283 1715 cum
1300 1688 1472 1722 accessisset,
1485 1690 1582 1717 incolae
1603 1690 1689 1725 portis
1715 1691 1839 1724 reclusis,

1049 1735 1108 1769 ejus
1128 1743 1158 1762 se
1171 1735 1231 1762 lldei
1247 1736 1431 1771 potestatique
1442 1737 1637 1771 permiserunt.
1652 1737 1691 1764 Ad
1705 1745 1840 1765 summam

1051 1786 1104 1808 tota
1123 1780 1258 1808 Romania
1271 1782 1297 1808 in
1316 1786 1406 1817 partes
1420 1781 1481 1818 ejus
1494 1783 1642 1810 concessit.
1660 1783 1722 1809 Alio
1749 1788 1840 1810 tamen

1049 1826 1132 1854 Porta
1149 1827 1274 1855 loconon
1290 1832 1359 1860 erat,
1391 1835 1473 1862 quam
1494 1827 1635 1856 Vardarii.
1659 1828 1842 1864 Posteaquam

1051 1873 1177 1902 sultanus
1190 1873 1322 1907 llurates,
1348 1874 1395 1908 qui
1414 1874 1466 1902 hoc
1491 1879 1613 1909 tempore
1642 1875 1733 1902 Prusae
1762 1875 1843 1909 dege-

1051 1919 1098 1946 bat
1113 1919 1140 1946 in
1156 1919 1222 1953 otio,
1238 1919 1354 1947 dehisce
1365 1920 1486 1948 motibus
1500 1920 1603 1948 certior
1619 1920 1708 1948 factus
1725 1921 1822 1948 luisset
1835 1947 1844 1959 ,

1051 1965 1197 2000 Bajazitem
1230 1965 1338 1995 bassatu
1360 1965 1449 2001 copiis
1486 1966 1652 1994 instructum
1682 1967 1767 2000 misit,
1795 1969 1841 2002 qui

1053 2012 1126 2039 hunc
1140 2019 1223 2052 regno
1241 2011 1399 2046 depelleret.
1415 2012 1484 2040 Cum
1505 2013 1624 2047 primum
1654 2013 1678 2041 is
1694 2012 1844 2040 Hadriano-

1051 2058 1135 2093 polim
1155 2058 1182 2085 in
1199 2057 1363 2086 Romaniam
1378 2059 1513 2092 venisset,
1532 2059 1566 2086 ab
1584 2060 1651 2087 hero
1668 2068 1718 2088 suo
1733 2059 1842 2093 defecit,

1053 2113 1086 2133 ac
1100 2104 1194 2132 Dusmi
1220 2105 1372 2140 Mustapltte
1404 2113 1433 2133 se
1450 2105 1575 2133 dedldit:
1604 2115 1619 2133 ιι
1648 2115 1704 2142 quo
1723 2108 1844 2135 vicissim

1053 2152 1152 2179 veziris
1177 2151 1309 2187 dignitate
1354 2151 1408 2179 fuit
1440 2156 1566 2179 ornatus.
1603 2153 1697 2181 Eidem
1738 2159 1766 2181 et
1803 2154 1845 2181 Is.

1054 2205 1138 2233 myrte
1153 2198 1283 2233 princeps
1294 2218 1302 2228 .
1322 2198 1475 2226 Cltuscines
1492 2199 1578 2234 begus
1603 2205 1691 2227 semel.
1703 2200 1841 2235 adiunxit.

208 2242 236 2268 ni
253 2241 382 2270 divinitus
401 2249 463 2269 esse
483 2242 667 2276 destinatum;
690 2243 785 2271 saltem
801 2252 904 2279 paucos
928 2247 998 2273 intra
1015 2251 1039 2279 ι)
1054 2244 1181 2279 Magnum
1196 2247 1286 2270 tamen
1304 2243 1424 2277 peditum
1454 2251 1600 2271 numerum
1615 2265 1623 2277 ,
1643 2253 1714 2278 quos
1737 2246 1845 2280 Azapos

208 2289 267 2316 dies
292 2287 438 2315 adventum
471 2289 530 2325 ejus
569 2290 800 2324 prmtolareutur.
835 2291 903 2318 Cum
932 2300 997 2327 ergo

209 2334 354 2362 scheieltes
371 2334 536 2362 Bedrediues
550 2335 606 2369 jam
633 2336 743 2370 propitts
761 2337 794 2364 ad
810 2345 856 2365 eos
886 2339 1000 2366 accede-

210 2385 262 2413 ret,
294 2389 410 2417 magnus
448 2381 641 2409 seditiosorum
672 2391 803 2412 numerus
840 2385 874 2412 ad
909 2385 998 2419 ipsum

210 2428 353 2461 conﬂuxit,
371 2433 398 2455 et
415 2428 524 2456 illorum
541 2429 622 2464 325
634 2437 744 2464 quoque
755 2438 808 2458 non
824 2432 914 2466 pauci,
931 2440 1001 2466 qttos

210 2475 361 2509 imperante
372 2475 449 2502 Musa
465 2476 605 2503 beneficiis
617 2477 752 2504 obnoxios
781 2478 808 2504 in
838 2479 998 2512 magistratu

211 2520 262 2547 sibi
277 2521 441 2554 reddiderat,
453 2521 516 2548 dum
539 2522 610 2557 apud
625 2523 702 2550 illutn
720 2523 898 2552 cadileselteri
914 2525 1002 2552 ollicio

212 2566 387 2600 fungeretur:
405 2566 441 2593 ita
465 2566 584 2600 quidem,
615 2572 645 2595 ut
674 2568 816 2596 hominum
847 2571 932 2604 copiis
948 2579 1001 2597 ttou

211 2606 420 2640 contemnendis
433 2610 542 2640 cinctus
558 2620 640 2640 esset.
659 2613 759 2641 Verum
785 2615 867 2642 iidetn
879 2615 1002 2642 animad-

213 2667 302 2691 verso,
320 2659 432 2686 minime
448 2658 553 2686 felicem
582 2659 715 2694 futurum,
733 2667 823 2689 motus
844 2662 918 2690 illius
944 2664 1003 2690 exi—

213 2713 271 2734 tum
283 2715 290 2732 :
308 2705 460 2734 Bcdedtine
473 2706 594 2738 deserto,
606 2707 687 2734 etiam
702 2716 789 2741 arma,
803 2716 864 2742 qua
879 2717 1004 2744 sumpse-

215 2757 286 2790 rant,
301 2753 499 2787 deposuerunt.
516 2750 617 2778 Harum
635 2752 777 2778 turbarum
804 2759 917 2787 accepto
934 2761 1003 2780 nun-

214 2801 263 2832 tio,
294 2800 430 2835 insignem
458 2799 609 2826 exercitum
637 2799 664 2825 in
693 2806 794 2832 agrum.
820 2798 1001 2832 Zagorensem

214 2847 339 2874 sulpitius
370 2845 556 2873 Mucltemetes
584 2843 747 2878 expedivit:
777 2844 824 2878 qui
847 2844 1002 2872 scltcichem

215 2893 392 2922 Bctlredittem
410 2892 446 2920 ibi
461 2891 658 2928 deprehensum
689 2895 830 2925 ceperunt,
845 2896 871 2918 ct
895 2898 1002 2927 cnptutu

1050 2294 1160 2321 vocant,
1173 2289 1282 2323 collegit
1296 2289 1412 2317 Dusmes
1427 2290 1471 2318 hic
1484 2290 1654 2325 Mustapbas.
1677 2297 1704 2318 et
1725 2292 1843 2327 insignia

1051 2336 1189 2364 concessit
1205 2335 1258 2363 illis
1278 2337 1432 2372 privilegia,
1443 2337 1490 2371 qui
1501 2343 1599 2371 sponte
1614 2337 1739 2365 militiam
1757 2339 1845 2372 ipsius

1052 2382 1240 2410 sectabantur.
1255 2382 1323 2410 Cum
1354 2383 1437 2417 igitur
1463 2384 1600 2418 ingentem
1626 2383 1683 2418 jam
1710 2386 1846 2419 coegisset

1052 2430 1215 2462 exercitum,
1241 2437 1274 2456 eo
1301 2430 1419 2458 consilio
1434 2430 1562 2458 discessit
1598 2429 1792 2466 lladriauopoli
1815 2437 1846 2458 ttt

1052 2476 1166 2503 Pntsam
1183 2477 1364 2504 contenderet
1379 2485 1386 2504 :
1399 2484 1413 2504 a
1433 2484 1486 2511 qua
1503 2477 1571 2504 urbe
1586 2485 1647 2503 cttut
1666 2478 1723 2511 jam
1744 2479 1844 2505 itinere

1054 2523 1135 2550 unius
1152 2523 1207 2551 diei
1222 2524 1339 2555 abesset,
1354 2525 1476 2551 vezirem
1496 2531 1576 2551 suum
1589 2543 1596 2556 ,
1622 2523 1768 2558 Bajazitem
1783 2524 1846 2550 bas-

1053 2578 1124 2604 sam,
1157 2571 1293 2606 supplicio
1319 2572 1417 2606 capitis
1455 2571 1555 2599 alteeit.
1584 2571 1696 2599 Interim
1726 2571 1845 2599 Mu'ratt-s

1053 2625 1163 2652 quoque
1175 2618 1209 2645 de
1242 2618 1313 2646 bello
1343 2618 1464 2653 gerendo
1493 2626 1554 2645 cum
1585 2619 1644 2645 suis
1665 2618 1842 2645 deliberabat.

1054 2664 1300 2698 Suadebautvero,
1319 2665 1366 2700 qui
1384 2665 1450 2692 ltttic
1484 2673 1498 2691 a
1533 2665 1659 2692 consiliis
1690 2670 1777 2697 erant,
1816 2670 1845 2692 ut

1053 2709 1232 2738 Mecltmetem
1257 2711 1366 2745 begum,
1394 2711 1539 2738 Micluelis
1566 2711 1662 2743 ftlittm,
1690 2719 1704 2738 e
1734 2719 1845 2738 carcere

1054 2755 1200 2782 'l'ocatensi
1214 2761 1367 2788 revocaret,
1381 2764 1413 2783 ac
1429 2756 1549 2784 libertati
1575 2757 1741 2784 restitueret.
1767 2757 1845 2784 llunc

1054 2802 1138 2837 igitur
1152 2803 1312 2830 arcessitum
1328 2810 1343 2830 e
1357 2803 1495 2836 custodia,
1521 2810 1615 2830 secttm
1632 2804 1659 2830 itt
1690 2804 1844 2839 expeditiu-

1056 2856 1116 2874 nent
1128 2849 1197 2876 itane
1213 2849 1338 2876 sultanus
1349 2849 1467 2877 Mttrates
1485 2851 1612 2884 sumpsit,
1640 2858 1672 2877 ao
1688 2850 1775 2878 Prusa
1802 2859 1845 2877 rc—

1056 2893 1128 2926 licta,
1143 2895 1174 2922 ad
1191 2902 1298 2923 attinent
1312 2895 1456 2924 Ulututnm
1482 2896 1623 2931 processit,
1641 2897 1751 2932 ctjuxut
1781 2904 1845 2931 pun-
