1962 3071
165 151 209 184 ῧο5

781 148 952 178 ANNALES
972 149 1142 179 TURCICI.

1713 148 1770 179 605

164 213 209 234 teut
224 209 313 233 castra
340 208 459 232 metatus
487 208 539 231 est.
564 204 666 231 Eodem
692 211 753 230 cum
777 208 803 231 et
828 205 940 231 Dusmes
955 207 977 234 Α
991 205 1092 233 Ibidem
1109 209 1233 232 mortuus
1246 209 1286 232 est
1304 204 1433 232 lbraimcs
1447 204 1539 236 Lassa.
1556 204 1664 232 Chelilis
1681 205 1768 233 basszn

165 250 315 285 Mustaphas
328 250 458 283 venisset,
472 258 504 277 ex
527 250 610 277 altera
634 254 708 284 parte
736 251 825 284 pontis
849 251 936 276 locum

164 298 255 324 castris
277 297 385 331 delegit.
413 295 469 323 Hoc
495 297 575 323 modo
604 296 745 322 collocatis
767 303 799 322 ex
824 296 937 322 adverso

165 343 244 377 copiis
260 343 401 377 utriusque
414 342 555 376 principis.
573 341 751 368 Mechemetes
779 342 874 377 begus,
891 341 938 367 Mi-

165 388 261 414 chaclis
275 388 356 420 (ilius,
368 387 500 414 militibus
517 395 532 414 a
547 387 647 414 Dusme
671 386 813 421 Mustapha
844 388 939 413 stanti-

167 435 211 462 bus
221 434 441 468 cognoscendum
457 442 486 461 se
500 434 629 468 prabere,
642 441 673 460 ac
692 439 862 468 peramanter
892 442 939 460 eos

167 480 336 514 compellare.
354 478 413 512 Quo
428 478 510 511 facto,
526 487 587 506 cum
604 480 730 513 proceres
755 483 837 512 atque
866 479 939 504 miti-

169 531 215 556 tes.
229 525 274 560 qui
287 533 315 553 se
325 533 385 552 eum
403 526 509 555 Dusme~
529 524 671 558 Mustapha
698 525 747 552 hac
771 525 940 559 expeditione

170 571 371 602 conjunxeraut,
389 570 528 597 Michaelis
544 571 629 597 ﬁlium
642 570 817 604 agnovissent
834 579 839 595 :
859 574 939 597 noctu

170 615 275 643 ﬂuvium
292 616 435 643 Ulubatam
462 616 634 650 transgressi,
664 617 696 643 ad
718 617 853 643 sultanutn
882 616 941 641 blu-

170 665 250 687 ratem
262 668 292 688 se
302 661 485 692 contulerunt.
500 662 580 695 eique
599 669 628 687 se
644 661 815 688 dediderunt.
842 661 868 687 Id
895 661 940 687 uhi

169 706 277 733 Dusmes
291 705 447 740 Mustapbas
463 706 519 732 ﬁeri
540 706 617 738 vidit,
647 706 680 732 ad
710 713 816 732 amnem
839 706 941 739 Bagam

168 751 295 787 profugit,
308 759 459 786 magnaque
483 751 603 786 pecunia:
619 752 643 777 vi
662 751 740 785 Bugte
751 751 840 785 oppidi
858 750 942 776 Cadio

169 797 278 828 donata.
291 797 349 832 ejus
361 804 411 831 ope
436 797 527 824 salvus
541 797 649 829 evasit;
671 801 697 823 et
730 800 838 830 propter
861 796 943 822 Galli-

169 843 249 878 polim
264 847 339 870 trans
356 843 454 870 fretum
470 843 496 869 in
510 842 669 869 Romaniam
686 849 824 874 reversus,
843 843 940 868 ibidem

169 889 198 915 ad
215 888 323 923 aliquod
336 893 441 922 tempus
452 889 564 922 quievit,
584 888 698 915 navibus
712 888 739 914 in
765 892 862 914 terram
881 888 942 914 suh-
958 879 978 907 Β

169 934 261 961 vectis.
278 933 344 960 Eum
373 933 432 960 sine
445 941 521 960 mora
536 938 646 961 secutus
674 941 688 959 a
717 939 794 968 tergo
819 933 942 960 sultauus

170 980 294 1012 Murates,
307 981 399 1014 copias
414 988 477 1008 suas
493 985 674 1007 mercatorum
699 979 814 1015 navugiis
833 980 944 1014 ἰηιροδί-

170 1032 208 1054 tas
226 1027 253 1053 in
270 1026 414 1054 adversum
442 1027 519 1054 littus
534 1027 593 1054 vehi
612 1027 728 1059 curavit,
744 1031 772 1053 et
803 1027 898 1053 castris
917 1026 942 1053 iu

169 1075 235 1102 Ezea
249 1075 360 1108 planitie
375 1075 464 1102 locum
475 1075 555 1110 cepit.
574 1074 641 1101 Tum
658 1083 722 1103 vero
745 1075 857 1102 Dusmes
871 1075 944 1101 Mus-

169 1122 277 1157 staphas
289 1123 368 1149 motis
382 1122 490 1154 castris,
502 1129 598 1148 versus
610 1121 743 1148 Bolairem
762 1121 824 1154 fuga
847 1129 876 1148 se
903 1128 946 1147 re-

171 1168 258 1203 cepit:
278 1169 348 1195 unde
362 1175 422 1194 eum
449 1166 673 1202 Hadrianopolim
691 1171 824 1201 pergeret,
842 1175 856 1192 a
889 1167 945 1194 suis

170 1215 291 1242 desertus
304 1213 365 1240 fuit.
382 1212 436 1240 Nec
452 1213 537 1240 multo
553 1216 614 1247 post
625 1216 731 1244 captus.
746 1218 772 1238 et
792 1211 946 1238 Hadriano-

172 1260 250 1295 polim
268 1260 300 1287 ad
318 1260 456 1286 sultanum
471 1259 601 1285 Muratem
611 1258 770 1293 perductus,
787 1257 945 1291 illiusjttssu

170 1308 202 1333 de
219 1307 300 1340 pinna
316 1305 432 1340 quadam
446 1305 478 1331 ad
501 1312 607 1331 murum
638 1304 715 1331 urbis
740 1311 891 1337 suspensus
907 1305 929 1330 la
941 1318 947 1324 -

170 1360 239 1386 queo
250 1351 332 1378 vitam
349 1350 428 1378 (iniit.
444 1349 503 1377 Mox
520 1349 620 1377 ibidem
635 1349 759 1376 sultauus
785 1349 903 1376 Murates
919 1349 946 1376 itt

171 1399 272 1432 regium
291 1397 418 1424 thronum
434 1396 592 1428 collocatus,
619 1400 646 1422 et
675 1395 825 1430 imperator
849 1403 862 1421 a
890 1395 948 1422 suis

171 1444 303 1472 salutatus
317 1447 367 1475 est,
382 1449 454 1469 anno
468 1441 518 1469 827
536 1441 611 1476 (Chr.
628 1441 721 1476 “25).
739 1441 804 1468 Erat
820 1442 843 1468 ei
865 1440 948 1468 frater

171 1491 196 1517 in
214 1489 349 1519 Anatolia.
365 1488 408 1515 cui
420 1495 518 1515 nomen
545 1487 714 1520 Mustapbas.
739 1487 765 1514 ls
791 1489 871 1514 etiam
891 1493 949 1513 ma-

990 256 1076 285 pater,
1095 259 1167 278 anno
1185 251 1237 278 852
1250 251 1325 286 (Chr.
1344 250 1435 286 1450).

1024 296 1141 324 Murates
1155 302 1259 329 autem,
1275 297 1373 332 quietis
1402 301 1428 324 et
1447 297 1494 325 otii
1523 297 1653 331 longioris
1685 297 1769 330 impa-

991 344 1070 373 tiens.
1091 343 1190 370 bellum
1206 351 1235 370 se
1251 349 1440 378 suscepturum
1462 344 1518 370 suis
1534 343 1627 375 edixit,
1638 343 1769 370 ditiuilus

990 389 1040 415 sibi
1058 390 1224 416 mandatum.
1240 389 1331 423 Itaque
1353 390 1484 416 maximas
1497 389 1590 424 copias
1612 389 1645 415 ad
1674 390 1769 419 urbem

991 435 1143 462 Salouieam
1171 435 1306 468 adduxit,
1324 444 1409 469 eaque
1440 437 1541 470 potitus
1565 440 1614 466 est,
1649 436 1768 462 exercitu

991 481 1084 514 spoliis
1096 481 1194 514 opimis
1210 481 1315 509 dilato:
1342 482 1413 516 quod
1438 482 1544 511 quidem
1573 482 1670 509 accidit
1698 490 1768 508 anno

991 528 1043 554 855
1058 528 1134 560 (Chr.
1154 528 1245 561 1151).

999 583 1009 607 4
1026 573 1110 607 Capta
1123 573 1258 604 Saloniea,
1273 574 1394 600 nonnihil
1406 582 1418 599 a
1433 573 1534 600 bellicis
1545 575 1770 607 occupationibus

992 619 1127 645 abstinere
1161 619 1319 648 constituit,
1347 624 1372 645 ct
1385 618 1417 645 ad
1449 624 1574 645 montana
1602 618 1679 653 Zogae
1708 627 1770 653 pro-

993 665 1078 691 feelus
1089 668 1139 691 est.
1157 664 1216 697 Quo
1227 669 1346 698 tempore
1365 669 1441 690 natus
1459 669 1500 690 est
1513 665 1535 690 ei
1552 664 1632 692 filius.
1650 664 1691 689 cui
1725 671 1772 689 no-

993 717 1053 736 men
1069 710 1243 737 Mucbentetis
1259 710 1399 744 imposuit,
1418 710 1513 736 eodem
1527 718 1597 737 anno
1623 710 1673 736 855
1697 709 1770 744 (Chr.

995 757 1086 791 ttat).
1553 786 1559 792 _
1666 787 1668 790 τ

1029 804 1107 831 Edito
1118 804 1144 831 in
1159 804 1245 830 lucem
1258 803 1324 836 tilio,
1340 811 1426 830 novos
1440 802 1541 837 signari
1564 802 1644 837 jussit
1658 809 1771 836 asprns:

994 857 1112 884 moxque
1123 856 1217 877 rursus
1228 849 1260 876 ad
1275 855 1402 877 montana
1418 857 1446 876 se
1457 849 1580 875 contulit.
1602 847 1628 874 Id
1645 848 1774 882 temporis

994 897 1074 922 etiam
1091 895 1286 929 Hadrianopoli
1316 896 1459 930 templum.
1488 899 1515 922 et
1545 894 1644 921 ibidem
1670 894 1696 920 in
1711 900 1773 919 arce

995 941 1077 968 veteri
1092 940 1221 975 palatium
1236 940 1344 974 elegans
1353 948 1384 967 ac
1394 940 1554 967 deliciosum
1568 940 1670 967 exstrui
1682 939 1773 974 jussit,

994 994 1065 1013 anno
1082 986 1336 1019 Mahumetano,855
1352 986 1428 1021 (Chr.
1447 986 1538 1020 ΗΜ).

1029 1032 1108 1058 Anno
1121 1035 1211 1058 autem
1227 1032 1348 1065 sequenti
1362 1032 1498 1064 proximo.
1528 1039 1590 1058 cum
1623 1030 1774 1058 Hadriano—

995 1076 1049 1111 poli
1062 1077 1182 1110 degeret,
1195 1077 1310 1112 quodam
1327 1076 1451 1104 Mercurii
1467 1077 1520 1108 die.
1537 1077 1588 1104 sub
1620 1085 1772 1111 vesperam.

997 1131 1082 1156 usque
1096 1123 1163 1150 adeo
1184 1123 1274 1150 lumen
1288 1123 1354 1150 solis
1368 1122 1464 1150 defecit
1478 1142 1486 1154 ,
1512 1127 1542 1149 ut
1572 1123 1692 1149 tenebrae
1717 1126 1775 1149 ter-

998 1179 1054 1197 ram
1072 1176 1246 1204 occuparent.
1261 1171 1360 1198 Eodem
1385 1177 1457 1197 anno
1473 1173 1592 1198 cometes
1603 1170 1683 1197 etiam
1713 1177 1777 1196 eau-

997 1217 1077 1244 (latus
1094 1216 1229 1250 apparuit.

1032 1262 1108 1289 Tunc
1122 1267 1149 1289 ct
1180 1261 1327 1288 Eurenosis
1355 1261 1414 1295 begi
1444 1261 1526 1291 (ilius.
1555 1260 1611 1287 Alis
1627 1260 1722 1295 hegus,
1749 1261 1774 1286 in

997 1309 1140 1336 Albaniam
1156 1308 1248 1342 copias
1263 1308 1349 1339 duxit,
1363 1307 1442 1334 irrito
1454 1307 1532 1340 plane
1547 1311 1656 1334 conatu.
1685 1306 1777 1340 Neque

998 1355 1083 1382 multo
1096 1360 1164 1390 post.
1183 1353 1395 1389 llerzegovinam
1412 1361 1567 1389 aggressus,
1589 1353 1687 1380 ibidem
1710 1360 1778 1386 quo-

998 1409 1051 1436 que
1060 1408 1120 1427 cum
1137 1397 1256 1427 exercitu
1269 1400 1355 1426 vietus
1373 1399 1432 1431 fuit.
1450 1407 1520 1426 anno
1530 1399 1581 1425 856
1593 1398 1669 1433 (Chr.
1685 1397 1777 1431 M35).

1036 1446 1090 1474 liae
1105 1445 1182 1473 clade
1212 1450 1333 1480 accepta,
1360 1446 1422 1472 dum
1445 1443 1634 1479 lladrianopoli
1660 1443 1779 1469 Murates

1000 1494 1124 1520 sultanus
1141 1492 1314 1527 quiesceret;
1341 1491 1471 1518 limitauei
1499 1490 1593 1521 duces.
1628 1489 1778 1524 praesertim

169 1544 236 1571 gnas
252 1536 287 1563 ibi
298 1535 391 1563 turbas
408 1535 482 1562 dedit
496 1542 503 1561 :
524 1535 570 1562 sed
602 1534 709 1561 tandem
736 1533 855 1561 Murates
869 1541 948 1567 expe«

1008 1541 1086 1567 Binan
1108 1539 1203 1574 begus,
1225 1538 1318 1566 lsacus
1337 1538 1431 1571 bcgus,
1445 1541 1472 1564 et
1495 1536 1653 1564 Turcha'nes
1684 1537 1778 1570 begus.

170 1583 298 1610 ditionem
330 1582 463 1610 adversus
506 1581 615 1608 fratrem
644 1580 774 1614 suscepit,
807 1586 833 1608 et
859 1580 951 1608 lsnica:

171 1635 279 1662 captum
316 1628 406 1656 necari
431 1627 530 1662 jussit;
562 1626 631 1654 unde
650 1626 763 1653 Prusam
784 1631 895 1657 vectus.
925 1630 952 1653 ct

168 1676 246 1711 juxta
261 1681 363 1709 patrem
384 1675 508 1702 conditus
521 1674 582 1700 fuit.
602 1673 758 1700 Secundum
789 1673 847 1699 haec
872 1672 952 1699 rediit

171 1723 296 1747 stillantis
319 1720 437 1746 Mutates
457 1718 688 1752 Hadrianopolim.
702 1725 756 1752 quo
774 1725 834 1745 cum
859 1724 954 1751 perve-

178 1768 273 1797 nisset,
291 1766 326 1794 de
357 1765 478 1792 voivodze
504 1763 618 1791 Valacbi
634 1763 786 1791 delectione
815 1762 951 1797 cognovit.

170 1815 340 1849 Quapropter
351 1812 442 1840 ductis
461 1812 488 1838 in
505 1810 664 1838 Valachiam
691 1810 789 1845 copiis,
815 1809 951 1844 regionem

171 1861 326 1887 universam
342 1859 412 1885 [atde
422 1857 545 1891 diripuit,
565 1861 591 1883 et
617 1855 715 1890 atnplis
745 1855 845 1890 potitus
872 1853 953 1888 326

170 1907 277 1941 spoliis,
296 1905 518 1939 Hadrianopolim
538 1911 664 1931 reversus
679 1907 731 1934 est,
748 1910 820 1929 anno
835 1901 898 1927 827.

209 1953 274 1981 inde
302 1960 398 1980 rursus
425 1951 452 1978 in
471 1950 623 1977 Anatolium
656 1949 812 1983 profectus,
846 1947 953 1982 lsmyra:

173 2000 326 2035 principem
340 1998 443 2024 ditione
458 2004 506 2024 sua
531 1996 643 2030 expulit,
661 2000 688 2022 ct
708 2001 836 2028 prmterea
863 1993 952 2027 regio-

174 2046 267 2074 nibus.
279 2043 464 2075 Mentesianae,
477 2041 630 2072 Aidinensi.
644 2040 814 2071 Sarehanite,
832 2043 858 2065 et
884 2038 954 2065 Che-

174 2092 303 2121 ntidensi.
323 2088 447 2124 praesidia
473 2095 585 2114 suorutn
601 2086 741 2118 imposuit.
754 2084 878 2112 deductis
906 2091 953 2111 eo-

172 2138 235 2164 dem
252 2136 378 2166 coloniis.
397 2139 423 2161 et
437 2134 510 2168 agris
525 2133 594 2159 inter
604 2140 666 2159 suos
682 2130 847 2158 distributis.
872 2128 953 2156 Gesta

173 2191 239 2209 vero
258 2182 365 2208 fuerunt
381 2181 436 2206 ha-c
447 2179 542 2206 eodem
559 2186 630 2205 anno
647 2177 697 2203 827
718 2175 794 2211 (Chr.
809 2174 901 2210 1425).

1002 1593 1062 1613 ettm
1094 1585 1206 1616 adeunt,
1223 1589 1250 1611 et
1276 1588 1378 1612 orant:
1406 1588 1566 1618 potestatem
1593 1582 1642 1609 sibi
1670 1582 1779 1614 faceret,

1002 1631 1160 1658 invadenda:
1176 1637 1206 1657 ac
1232 1629 1428 1664 depopulanda:
1459 1629 1588 1656 Albania.
1614 1628 1689 1662 Quod
1719 1635 1779 1655 cum

1001 1677 1042 1704 eis
1075 1677 1267 1707 concessisset,
1298 1677 1356 1709 ipse
1386 1676 1529 1710 praealtum
1556 1683 1640 1710 prope
1668 1675 1779 1702 Prusam

1002 1727 1121 1750 montem
1145 1721 1220 1753 adiit,
1248 1729 1328 1756 quem
1353 1729 1423 1748 nune
1445 1726 1561 1748 montem
1590 1720 1781 1754 Calogerorum

1003 1771 1118 1795 vocant:
1136 1767 1179 1794 ubi
1190 1770 1310 1793 aestatem
1326 1765 1399 1792 illam
1431 1765 1493 1792 anni
1510 1765 1561 1792 858
1587 1765 1662 1800 (Chr.
1690 1765 1780 1796 H55).

1002 1811 1100 1847 exegit.
1127 1811 1191 1837 lude
1217 1817 1343 1837 reversus
1383 1809 1616 1844 Hadrianopolim,
1640 1809 1782 1836 adductam

999 1857 1080 1891 jussu
1093 1864 1144 1884 suo
1162 1856 1237 1883 Bulci
1253 1856 1334 1882 ﬁliam
1355 1856 1528 1883 matrimonio
1543 1856 1594 1883 sibi
1604 1856 1704 1889 juuxit.

1038 1903 1094 1930 Hoc
1111 1910 1181 1930 anno
1196 1909 1294 1929 rursus
1306 1901 1452 1929 Eurenosis
1481 1901 1540 1937 begi
1569 1901 1651 1933 illius,
1669 1901 1725 1928 Alis
1739 1902 1785 1929 he-

1003 1956 1064 1984 gus,
1078 1949 1105 1974 in
1119 1948 1262 1975 Albaniam
1279 1947 1426 1982 profectus,
1439 1947 1572 1974 maximas
1589 1947 1692 1981 przedas
1719 1947 1782 1980 egit,

1003 1999 1030 2022 et
1049 1994 1134 2028 ampla
1153 1994 1238 2028 spolia
1253 1993 1408 2028 reportavit,
1425 2000 1497 2019 anno
1527 1992 1578 2020 839
1595 1992 1670 2027 (Chr.
1689 1991 1782 2023 1156).

1039 2039 1157 2066 Murates
1185 2045 1274 2066 autent
1301 2047 1361 2066 cum
1383 2039 1502 2066 exercitu
1531 2038 1718 2066 Caramaniam
1745 2037 1786 2064 iu-

1005 2094 1115 2121 gressus
1127 2091 1178 2113 est.
1194 2086 1246 2113 Sed
1260 2085 1342 2113 rebus
1354 2094 1414 2112 cum
1431 2085 1567 2112 lbrabimc
1595 2085 1672 2119 bego,
1699 2083 1785 2118 regio-

1006 2133 1192 2166 nisprincipe,
1211 2132 1368 2163 transactis,
1397 2139 1447 2166 pax
1476 2132 1547 2158 inter
1563 2138 1610 2159 eos
1639 2132 1784 2158 constituta

1005 2179 1066 2207 fuit.
1080 2179 1108 2205 lu
1125 2179 1210 2206 reditu
1224 2184 1344 2206 castrum
1359 2179 1483 2205 Buruzen
1506 2177 1556 2205 sibi
1572 2178 1699 2213 subjecit,
1715 2186 1786 2204 anim

209 2227 328 2255 Postilla
345 2235 404 2252 cum
417 2227 449 2252 ad
464 2230 571 2259 tempus
600 2224 710 2258 aliquod
738 2223 830 2249 Prusae
846 2222 950 2249 substi-
967 2219 987 2245 Ι)
1002 2226 1048 2253 3“
1065 2225 1167 2260 (1437),

172 2273 361 2307 ti~~et.quieti
377 2272 501 2299 deditus:
524 2271 630 2298 tandem
654 2275 780 2303 suscepta
809 2276 903 2296 rursus
927 2268 953 2295 in

172 2319 336 2346 ltotttaniam
351 2318 528 2352 profectione,
558 2316 652 2343 Lazari
669 2316 797 2342 ditionem
815 2315 954 2349 ingressus

172 2370 226 2394 est.
245 2364 484 2398 eaquedespotam
501 2370 592 2390 senem
624 2369 738 2396 prorsus
767 2360 857 2395 ejecit,
883 2367 954 2386 anno

124 2438 127 2440 _
171 2411 366 2437 Maltnntctano
378 2409 429 2436 829
443 2409 517 2443 (Chr.
534 2407 624 2442 1427).

210 2456 256 2482 llis
274 2455 419 2481 exantlatis
452 2454 592 2481 laboribus
608 2463 639 2480 ac
657 2453 801 2483 molestiis.
823 2453 909 2487 quieti
926 2460 956 2479 se

169 2503 283 2537 quidem
299 2501 383 2532 dedit,
410 2501 455 2527 sed
472 2508 523 2527 nou
551 2501 704 2526 diuturnae:
735 2500 799 2526 dum
827 2499 956 2526 Anatolius

171 2553 305 2574 montana
319 2549 430 2579 peteret,
447 2545 587 2578 captandas
603 2545 753 2579 frigidioris
773 2551 844 2570 aura:
858 2551 952 2570 causa.

169 2593 294 2620 Rursum
312 2600 376 2618 vero
402 2591 541 2625 transiecit
572 2591 598 2617 in
627 2590 797 2621 Romaniam,
830 2594 856 2615 et
873 2590 956 2616 armis

169 2640 279 2666 Lazaro
292 2638 382 2669 illatis,
399 2638 552 2664 universam
568 2637 627 2670 ejus
649 2637 785 2670 regionem
812 2634 956 2669 populatus

169 2691 225 2718 est,
236 2693 308 2712 anno
322 2685 372 2712 830
388 2684 464 2718 (Chr.
483 2683 574 2717 1128).

211 2733 280 2758 Hine
295 2732 404 2766 quidam
419 2739 449 2758 ex
474 2730 650 2764 proceribus,
679 2729 723 2756 eui
738 2730 844 2764 inomen
869 2731 958 2757 Hoscr

171 2778 270 2810 bcgtts,
291 2779 317 2803 in
331 2778 455 2803 Anatolia
469 2777 600 2803 ditionem
615 2775 751 2802 Zictueatn
770 2775 882 2802 Muralis
903 2776 956 2802 im-

171 2824 251 2858 perio
266 2823 373 2858 adjecit.
401 2831 473 2850 anno
486 2823 534 2850 851
552 2821 628 2856 (Chr.
646 2821 736 2854 1129),
755 2829 816 2848 cum
845 2822 955 2849 interim

172 2869 300 2896 sultauus
324 2869 380 2900 ipse
414 2868 606 2902 ll.ulrianopoli
641 2868 732 2901 quiete
760 2876 789 2895 se
821 2868 951 2894 I'clit‘rt‘cl.

1040 2272 1103 2298 inde
1118 2272 1226 2306 repetiit
1241 2271 1474 2305 Hadrianopolim,
1492 2276 1572 2305 atque
1591 2271 1626 2297 ibi
1657 2271 1786 2304 templum

1005 2318 1137 2344 :edilicare
1151 2318 1235 2351 coepit
1250 2325 1257 2344 :
1279 2325 1339 2344 cttm
1355 2317 1471 2351 quodam
1490 2317 1599 2343 Veneris
1615 2316 1670 2353 die,
1683 2324 1788 2342 suuuno

1007 2371 1096 2393 mane.
1128 2364 1244 2397 primum
1277 2363 1392 2397 lapidem
1419 2362 1546 2389 manibus
1571 2362 1628 2396 ipse
1658 2361 1715 2387 suis
1741 2369 1789 2395 po-

1008 2408 1116 2434 suisset.

1041 2454 1105 2480 Post
1117 2453 1173 2480 bmc
1188 2453 1214 2479 in
1232 2452 1378 2487 Ungariam
1413 2452 1520 2486 irrupit.
1535 2457 1561 2479 et
1581 2461 1626 2480 sex
1656 2452 1681 2479 in
1697 2460 1728 2479 ea
1744 2460 1790 2480 ea-

1007 2499 1091 2526 stellis
1107 2499 1205 2533 potitus
1223 2504 1273 2530 est,
1291 2506 1361 2524 anno
1377 2498 1425 2525 8M
1444 2498 1519 2533 (Chr.
1537 2499 1623 2533 1137).

1044 2544 1121 2571 Unde
1146 2552 1282 2574 reversus.
1308 2544 1466 2578 aliquandiu
1494 2544 1572 2571 bellis
1603 2545 1744 2576 abstinuit,
1764 2550 1791 2572 et

1007 2591 1133 2618 instituta
1152 2591 1325 2618 Solctnnitate
1352 2591 1480 2623 maxima,
1513 2591 1653 2618 sultanum
1678 2591 1788 2618 Mucbe-

1009 2643 1103 2664 tuctent
1131 2637 1216 2664 (ilium
1233 2637 1390 2664 circumcidi
1421 2638 1535 2666 curavit.
1566 2638 1621 2665 llac
1645 2637 1790 2664 festivuate

1008 2688 1126 2719 peracta,
1154 2682 1340 2710 Scmcndriam
1372 2683 1447 2710 duxit
1485 2684 1643 2712 exercitum.
1676 2691 1790 2717 eamque

1007 2728 1222 2756 tnunitionemin
1245 2733 1402 2763 potestatem
1420 2729 1534 2764 redegit,
1553 2738 1624 2756 anno
1641 2729 1692 2756 842
1713 2728 1788 2760 (Chr.

1008 2775 1100 2810 «ιδεμ

1042 2820 1111 2848 lline
1122 2819 1155 2847 ad
1169 2819 1277 2850 Albam.
1305 2826 1386 2854 quam
1398 2819 1519 2846 Grazcam
1532 2823 1640 2852 vocant,
1656 2826 1768 2846 accessu
1783 2828 1789 2845 :

1008 2867 1054 2895 sed
1070 2874 1130 2894 cum
1141 2874 1199 2894 eam
1215 2873 1370 2901 expugnare
1382 2874 1434 2894 non
1447 2865 1678 2900 posset,abductis
1691 2865 1787 2899 copiis,
