1962 3071
201 142 253 170 607

829 146 1003 178 ANNALES
1023 149 1126 179 TUHC
1138 149 1199 179 ICI.

1764 156 1817 186 {.08

199 197 274 225 aliud
295 196 346 224 iter
359 198 490 233 arripuit,
508 198 608 226 Novam
622 199 770 228 adeundo:
791 209 871 236 quam
892 211 981 230 arcem
997 205 1020 235 Α
1033 208 1088 231 tum
1110 205 1237 237 restituit,
1259 210 1285 232 et
1306 213 1338 232 es
1352 206 1398 234 illo
1429 211 1549 241 tempore
1566 208 1653 236 solida
1678 209 1727 236 fuit
1743 213 1814 239 ami-

202 251 264 269 cum
281 243 354 270 omni
373 251 437 279 agro
469 244 582 272 finitimo
608 253 664 273 suae
679 246 790 274 ditionis
809 247 881 275 fecit.
912 249 983 275 Ulte-

202 291 260 316 rius
276 290 356 317 ctiam
371 292 518 325 progressi.
536 290 675 319 Romanis:
705 294 884 329 bcglerllegus
894 302 980 321 eunu-

200 335 281 366 chus,
298 335 339 361 t'ui
355 343 450 362 nomen
469 335 590 364 Scachus
606 337 742 365 Abedines
756 338 845 368 bassa,
857 343 881 365 ct
897 338 982 365 Edzcs

204 381 296 414 beans,
315 380 444 408 etlsacus
473 381 556 415 begus
571 390 678 409 omnem
709 383 782 410 illam
811 385 980 418 provinciam

201 426 303 459 rapinis
318 427 480 454 exhaustam
500 428 611 456 Muralis
644 429 757 464 imperio
788 431 980 462 subdiderunt,

201 480 272 498 anno
292 471 343 499 843
363 473 465 508 (1439).

237 526 367 554 Sullanus
401 534 490 555 autem
524 529 652 562 Muratcs,
685 531 788 558 relictis
806 531 882 559 hisce
901 532 979 563 locis,

198 572 421 607 iiedrianopolim
452 583 576 603 reversus
611 578 737 604 cst:ubi
762 586 823 604 rum
855 578 981 613 aliquan—

198 621 283 653 tisper
296 619 467 653 subsisteret,
480 620 566 648 Mesiti
585 623 656 657 ,bego
673 623 698 649 id
713 624 813 658 negotii
841 623 925 656 dedit,
952 628 980 651 ut

199 675 248 700 per
259 667 414 695 Valachiam
430 668 456 694 iu
477 668 621 703 Ungariam
638 675 802 704 penetraret,
817 678 980 705 omnemque

201 714 337 747 regionem
375 715 448 752 illam
478 713 610 748 direptam
637 721 772 743 vastaret.
808 717 860 743 Sed
891 716 978 744 Mesiti

198 758 346 793 lingat-iam
362 760 495 794 ingresso,
513 767 565 787 non
592 768 625 787 es
646 761 730 788 animi
758 763 892 790 sententia
915 770 980 790 suc-

195 807 281 833 cessit
297 808 445 842 expeditio.
458 808 563 843 Quippe
584 816 645 835 cum
658 810 792 837 universis
810 811 896 845 copiis
921 812 979 838 suis

195 858 284 878 cmsus
294 856 321 878 et
338 851 516 887 interemptus
541 852 602 886 fuit,
623 860 694 881 anno
714 854 767 881 845
783 854 857 890 (Chr.
887 855 977 890 1440).
993 877 1017 907 Β

235 907 300 941 Ejus
315 908 402 936 cladis
433 913 545 944 accepto
571 910 678 941 nuntio,
704 910 832 945 Sapiniam
859 911 979 939 Murales

198 954 322 981 sultauus
336 962 366 982 se
381 955 508 990 contulit,
520 957 611 991 ibique
635 962 855 988 oastramelatns,
875 957 980 992 begler-

198 998 294 1033 hegmn
328 999 484 1032 Romaniae,
508 1002 637 1029 schacum
667 1001 813 1029 Abediuem
854 1002 978 1033 hassam,

197 1054 259 1072 cum
292 1046 428 1073 universis
455 1047 593 1074 Routanite
618 1047 714 1082 copiis,
741 1052 768 1074 et
794 1047 930 1079 Acanziis,
954 1052 981 1075 et

197 1091 348 1124 Gcnizaris,
372 1092 521 1126 expedivit,
552 1097 592 1125 ut,
610 1098 750 1127 peragrata
766 1093 902 1124 Valacbia,
927 1093 982 1121 Utt-

198 1138 299 1169 psriam
314 1138 517 1173 popularentur.
534 1139 624 1167 Eosiu
642 1139 810 1174 Ungarorum
840 1141 908 1167 lines
932 1139 981 1167 de-

196 1182 266 1211 latos
298 1185 477 1218 impressione
504 1186 593 1213 subita
616 1185 716 1214 laneus
741 1187 849 1216 invasit,
873 1186 980 1220 cecidit,

201 1229 358 1257 interemit:
377 1231 436 1264 ipso
448 1231 530 1258 etiam
544 1232 705 1267 beglerhego
735 1238 844 1264 necato,
862 1237 889 1259 et
907 1241 981 1259 eam-

198 1276 260 1303 dem
277 1283 338 1303 cuin
351 1275 446 1305 Mesite
462 1277 525 1304 belli
555 1277 693 1305 fortunam
737 1284 859 1314 experto.
889 1279 981 1306 Cunti-

198 1325 297 1355 gerunt
315 1321 372 1349 haec
390 1329 463 1350 anno
474 1322 526 1351 διδ
542 1323 618 1356 (Chr.
638 1323 729 1358 Iul).

229 1379 403 1408 Caramaniaa
417 1381 511 1416 begus,
531 1381 564 1409 de
579 1381 655 1409 hisce
673 1381 825 1409 Turcorum
858 1381 983 1410 cladibus

195 1425 297 1453 certior
323 1425 423 1459 factus,
448 1427 601 1454 Anatoliam
633 1435 696 1455 cum
721 1429 807 1463 copiis
830 1429 981 1464 ingressus,

196 1471 306 1499 Bclulen
322 1473 451 1507 oppidum
466 1473 588 1501 tentavit.
602 1473 630 1501 Id
647 1474 693 1501 ubi
716 1474 899 1509 signiﬁcatum
927 1475 982 1502 sul-

195 1517 260 1544 lano
275 1517 494 1551 Muratil'uisset,
524 1519 697 1553 expeditione
730 1527 827 1555 magna
843 1520 980 1547 celeritate

193 1569 332 1598 suscepta.
350 1563 476 1591 Ibrahimi
488 1564 569 1600 321
583 1564 735 1592 Caramano
762 1565 862 1592 bellum
875 1565 978 1592 intulit:

191 1610 284 1644 quoin
299 1614 439 1637 montuosa
454 1610 523 1642 loca,
541 1618 651 1645 praeque
667 1611 740 1638 saxis
753 1611 836 1643 invia,
858 1611 977 1646 dilapso:

195 1661 362 1683 transactum
379 1656 497 1690 denique
513 1656 651 1691 negotium
667 1657 729 1690 fuit,
742 1661 770 1685 et
780 1658 905 1687 sultanus
923 1658 980 1687 Mu-

192 1706 266 1729 rates
286 1701 506 1737 Hadrianopolim
523 1702 615 1730 rediit.

677 1736 684 1748 I

231 1759 341 1794 Accepit
372 1765 460 1787 autem
489 1760 514 1787 id
531 1761 663 1796 temporis
680 1761 807 1789 nuntium
831 1762 864 1789 de
893 1767 980 1790 morte

194 1803 242 1830 filii
260 1803 314 1836 sui,
328 1804 427 1832 sultani
455 1805 594 1838 Aladinisi,
610 1808 655 1842 qui
686 1807 803 1835 Amasize
823 1809 905 1835 rebus
929 1808 978 1835 lm-

195 1850 283 1877 tnanis
311 1855 478 1879 excesserat.
526 1852 595 1880 Dum
626 1858 737 1889 propter
771 1855 843 1882 illius
873 1854 977 1883 obitum

194 1897 284 1924 adhuc
295 1897 321 1924 in
335 1897 502 1929 luctttcsset,
519 1906 566 1926 rex
592 1898 775 1935 Ungarorum,
803 1909 865 1929 cum
898 1902 978 1929 laneo

194 1947 221 1970 et
233 1943 329 1971 Lazari
348 1944 413 1977 lilio,
440 1951 501 1972 sese
531 1947 624 1980 movit,
656 1951 764 1974 etcum
795 1948 916 1975 exercitu
944 1949 978 1975 ad

193 1990 309 2018 clisuras
323 1989 457 2018 lsladinas
470 1992 596 2020 accessit.
609 1993 749 2021 Adversus
764 1993 815 2021 hos
839 1994 978 2029 profectus

194 2036 334 2064 Romania
360 2037 538 2073 beglerbegus
565 2038 683 2067 Casanes
713 2039 803 2070 bassa,
821 2048 884 2068 cum
910 2039 980 2068 Tur-

192 2083 281 2110 chane
291 2083 367 2118 bego,
384 2087 410 2111 et
429 2083 567 2112 universis
579 2084 721 2113 Romaniae
746 2086 843 2120 copiis.
857 2091 884 2114 et
915 2095 976 2114 cum

193 2127 329 2159 Acanziis,
346 2128 439 2163 praelio
465 2137 526 2156 cum
541 2129 580 2157 eis
593 2137 756 2165 congressus
771 2135 822 2158 est.
844 2130 896 2158 Sed
914 2139 976 2159 cum

193 2173 352 2202 Turchancs
366 2174 461 2210 begus,
488 2176 590 2204 amisso
621 2177 714 2212 vigore
731 2177 826 2208 animi.
846 2186 901 2212 prie
920 2178 977 2206 for-

192 2220 295 2247 midine
307 2228 338 2247 ac
349 2220 538 2258 desperatione
554 2230 582 2249 se
595 2222 665 2257 fuga:
680 2223 799 2250 dedisset
813 2232 820 2250 :
852 2225 974 2252 Casanes

194 2268 272 2295 luassa
289 2275 351 2295 cum
361 2269 474 2304 reliquis
504 2269 658 2302 militibus,
683 2274 817 2304 quotquot
842 2270 972 2298 adversus

193 2312 298 2342 hostem
312 2323 374 2342 cum
390 2323 423 2342 eo
441 2315 628 2346 substiterant,
656 2324 741 2343 caesus
763 2316 823 2344 fuit.
845 2316 973 2344 Sullanus

192 2365 282 2388 autem
307 2361 436 2393 llIurates.
467 2362 569 2397 perlata
596 2363 629 2390 ad
650 2370 679 2390 se
695 2363 731 2390 rei
745 2369 799 2390 tam
829 2364 975 2390 infeliciter

191 2411 273 2438 gestat
288 2405 371 2439 fama,
384 2414 446 2433 cum
463 2407 589 2435 omnibus
603 2407 754 2438 Genizaris,
775 2412 801 2434 et
827 2409 896 2435 aulas
927 2416 975 2435 co-

192 2451 300 2484 mitatu,
319 2451 512 2488 Iladrianopoli
526 2453 672 2482 discessit:
687 2458 713 2482 et
726 2455 845 2482 evocatis
856 2455 975 2489 undique

191 2496 319 2524 omnibus
332 2497 365 2524 ad
383 2498 451 2526 hanc
467 2499 602 2531 militiam,
613 2500 659 2535 qui
679 2508 753 2527 arma
765 2500 835 2528 ferre
852 2506 975 2535 possent,

191 2542 274 2568 etiam
307 2543 410 2577 pedites
451 2543 598 2580 Europa-os
635 2555 733 2581 magno
760 2554 873 2574 numero
911 2554 977 2574 con~

193 2588 310 2622 scripsit.
325 2588 495 2617 Gerebantur
511 2597 600 2619 autem
618 2591 675 2619 hanc
709 2592 824 2620 hiberno
844 2597 976 2628 tempore,

192 2641 253 2660 cum
277 2634 371 2668 ingens
394 2633 479 2669 frigus
502 2641 583 2663 esset.
618 2636 667 2664 Ubi
699 2637 734 2664 ad
760 2637 977 2664 Christianorum

192 2684 279 2706 castra
298 2686 456 2714 perVentum
473 2681 589 2714 fuisset,
617 2683 709 2710 multis
741 2684 869 2718 utrittque
899 2684 979 2711 dimi-

191 2730 281 2753 catum
299 2725 446 2754 levioribus
459 2728 568 2762 proeliis.
598 2728 720 2757 Tandem
749 2738 815 2758 vero
842 2730 978 2758 Christia-

193 2772 236 2799 nis
250 2773 400 2800 exercitum
418 2773 624 2807 ahducentibus,
642 2777 721 2802 etiam
737 2775 856 2804 Murates
882 2777 980 2804 itinere

191 2824 326 2846 converso
358 2819 583 2856 Hadrianopolim
612 2829 642 2850 se
671 2823 792 2854 recepit:
809 2831 874 2858 pace
903 2824 980 2858 prius

192 2863 264 2892 inter
296 2873 325 2892 sc
341 2864 491 2901 Lazariquc
516 2868 601 2896 tilium
642 2869 756 2902 sancite,
771 2870 814 2897 cui
844 2870 980 2903 principa-

1033 251 1096 277 citia
1107 251 1230 285 junctus.

1069 296 1171 324 Interea
1188 298 1355 326 Caralitanus
1371 298 1522 327 Ibrahimes
1546 299 1629 334 begus
1652 301 1826 334 Adamnan».-

1033 347 1106 368 moto
1123 343 1205 374 bello,
1225 344 1344 372 turbavit
1358 354 1365 371 :
1379 345 1452 380 quod
1471 345 1515 372 ubi
1527 346 1681 373 nuntiatum
1704 348 1814 376 sultano

1033 385 1139 420 fuisset,
1156 388 1182 414 in
1198 388 1349 416 Anatolium
1363 390 1484 418 transiit:
1499 395 1525 418 et
1539 399 1600 418 cum
1618 392 1813 423 Genizaromm

1032 433 1113 460 aulici
1128 435 1284 467 comitatus,
1301 435 1487 471 Anatolio!qu
1504 437 1599 471 copiis,
1630 440 1814 468 Caralitanum

1032 476 1148 505 invasit:
1166 479 1210 512 qui
1226 486 1287 506 mox
1305 480 1367 514 fuga
1393 482 1473 508 rebus
1492 482 1549 509 suis
1576 483 1723 511 consuluit.
1750 485 1814 513 Erat

1031 524 1101 558 apud
1114 524 1186 552 hunc
1201 526 1226 552 in
1244 527 1404 554 auctoritate
1417 528 1534 555 maxima
1564 528 1692 557 Snrumes
1704 530 1813 564 quidam

1031 567 1155 603 Jacupes,
1170 578 1218 604 pro
1235 571 1292 598 viro
1314 577 1409 599 sancto
1436 573 1552 601 habitus.
1570 574 1595 602 Is
1619 575 1653 602 ad
1674 576 1813 604 sultanum

1031 612 1324 651 Mnratentahlcgatos,
1341 618 1457 645 invicem
1476 624 1620 654 utrumque
1641 621 1692 648 sibi
1720 629 1814 649 recon-

1031 660 1141 687 ciliavit.
1159 661 1216 693 Qua
1233 670 1298 696 pace
1319 663 1450 696 confecta,
1482 664 1603 693 Murates
1628 666 1748 694 exercitu
1771 669 1814 694 di-

1032 706 1126 738 misso,
1143 706 1288 735 Mauissam
1310 709 1447 743 profectus
1473 715 1535 738 est:
1557 711 1601 738 ubi
1626 719 1688 739 cum
1717 718 1814 748 sponte

1030 759 1059 778 se
1075 751 1188 785 imperio
1199 753 1363 786 abdicasset,
1382 756 1464 782 tilium
1478 757 1530 784 sibi
1552 758 1690 785 sultanum
1705 760 1814 788 Mur-he

1030 802 1129 824 metcm
1146 798 1298 832 substituit,
1317 801 1397 836 eique
1423 801 1552 830 Chelilem
1568 804 1678 832 hassam
1695 807 1813 834 vczirem

1030 842 1163 877 adiunxit,
1178 852 1239 875 cum
1255 846 1377 874 Meulaua
1405 840 1558 882 Chusrone,
1583 851 1630 885 qui
1657 851 1746 880 oﬂicio
1769 860 1814 880 ca~

1032 889 1173 917 dilescheri
1201 892 1381 927 fungeretur:
1401 895 1544 922 amborum
1580 897 1672 924 virtuti
1695 904 1727 925 ac
1753 897 1814 926 fidei

1032 939 1086 961 tam
1104 936 1169 968 filio,
1184 945 1265 972 quam
1296 940 1445 973 provinciis
1459 941 1576 975 imperii,
1606 943 1814 972 commendatis.

1030 979 1058 1007 id
1075 981 1174 1009 factum
1191 991 1263 1011 anno
1280 984 1470 1014 Mahumetano
1488 988 1539 1014 847
1559 988 1635 1023 (Chr.
1652 989 1742 1023 I442).

1069 1026 1125 1054 Rex
1144 1033 1234 1056 autent
1252 1029 1375 1066 Ungarizc
1399 1031 1555 1060 cumJanco
1570 1042 1646 1062 nom:
1657 1040 1742 1062 semet
1768 1043 1814 1062 es-

1030 1073 1159 1107 peditioni
1174 1076 1304 1108 accinxit,
1318 1077 1407 1104 ductis
1423 1085 1517 1106 secum
1540 1079 1669 1114 Ungaris,
1698 1081 1814 1109 Germa-

1031 1119 1083 1150 nis,
1100 1119 1237 1153 Bohemis,
1255 1121 1373 1154 Polonis,
1397 1122 1482 1157 Italis,
1513 1129 1542 1151 et
1572 1124 1696 1153 Valachis
1711 1135 1720 1153 :
1745 1135 1815 1161 quo-

1031 1172 1091 1190 rum
1103 1166 1224 1193 omnium
1241 1167 1339 1202 ingens
1349 1174 1408 1196 erat
1433 1169 1589 1202 multitudo,
1606 1171 1730 1200 videlicet
1759 1173 1814 1200 lto-

1031 1211 1134 1238 minum
1168 1213 1200 1239 ad
1236 1214 1371 1249 octoginta
1403 1215 1497 1243 millia.
1535 1216 1681 1245 Tormenta
1707 1227 1816 1254 quoque

1031 1256 1126 1284 bellica
1155 1259 1222 1285 rotis
1247 1260 1373 1294 imposita
1397 1261 1575 1295 vehebantur,
1605 1271 1719 1293 numero
1746 1274 1815 1300 qua-

1031 1301 1184 1336 dringenta.
1197 1303 1295 1332 Milites
1308 1305 1359 1340 ipsi
1374 1305 1448 1334 ferro
1469 1315 1582 1342 prorsus
1610 1311 1706 1337 armati
1738 1313 1814 1338 tecti-

1032 1356 1085 1383 que
1119 1350 1367 1384 conspiciebantur.
1408 1352 1532 1388 Cumque
1577 1357 1739 1384 transmisso
1780 1359 1813 1384 ad

1032 1394 1128 1421 Albam
1154 1394 1274 1423 Graecam
1303 1396 1444 1431 Danubio,
1475 1399 1543 1426 fines
1573 1401 1678 1435 imperii
1707 1403 1814 1431 Turcici

1032 1442 1195 1476 transgressi
1209 1441 1344 1470 fuissent:
1363 1443 1492 1472 Materam
1515 1450 1542 1473 et
1562 1445 1702 1475 Schulium
1716 1451 1814 1484 oppida

1032 1493 1184 1516 vastarunt.
1203 1488 1266 1517 Inde
1279 1492 1411 1526 promotis
1424 1492 1458 1519 ad
1470 1493 1620 1528 Nicopolim
1649 1497 1756 1530 castris,
1786 1499 1813 1526 in

1033 1541 1139 1561 omnem
1156 1535 1230 1564 illum
1245 1544 1339 1571 agrum
1356 1537 1428 1565 ferro
1441 1543 1469 1566 et
1496 1539 1550 1574 igni
1578 1543 1735 1571 saevierunt.
1764 1545 1814 1571 Ar-

1032 1587 1210 1616 cemquoque
1237 1582 1406 1611 Buruvadam
1428 1592 1609 1621 occuparunt,
1641 1593 1668 1616 et
1688 1591 1814 1624 imposito

1032 1626 1157 1658 praesidio
1172 1628 1338 1656 munierunt.
1355 1630 1421 1657 Cum
1436 1639 1449 1657 a
1468 1630 1589 1667 Nicopoli
1605 1634 1700 1668 copias
1727 1635 1814 1662 abdu-

1031 1677 1135 1706 cerent,
1151 1678 1261 1702 secutus
1274 1682 1321 1702 eos
1335 1683 1398 1702 cum
1426 1676 1484 1704 suis
1508 1685 1524 1705 ι
1539 1683 1615 1714 tergo
1635 1679 1813 1709 Mechemetcs

1030 1717 1168 1754 Nicopolis
1193 1720 1287 1755 begus,
1299 1721 1409 1756 Syrusis
1430 1723 1488 1758 begi
1506 1724 1589 1754 ﬁlius.
1609 1731 1635 1752 et
1656 1734 1751 1761 agmen
1768 1735 1814 1754 ει·
1830 1755 1833 1758 ,

1031 1769 1147 1792 tremum
1161 1767 1284 1800 adortus,
1297 1769 1454 1802 complures
1483 1771 1603 1804 occidit,
1624 1773 1814 1807 cataphractos

1031 1810 1162 1844 quosdam
1192 1811 1356 1846 interceptos
1373 1812 1406 1840 ad
1432 1813 1541 1840 Portam
1572 1816 1655 1843 misit.
1675 1815 1710 1842 Dc
1740 1817 1814 1844 hisce

1029 1857 1151 1884 motibus
1166 1857 1302 1885 sultanum
1321 1858 1452 1886 Muratem
1467 1867 1529 1888 mox
1545 1860 1655 1888 Vezires
1672 1863 1814 1890 certiorem

1032 1901 1223 1930 reddiderunt.
1254 1903 1280 1930 Is
1310 1903 1435 1931 Manissa:
1463 1911 1519 1932 tum
1547 1906 1673 1940 degebat,
1703 1915 1758 1941 quo
1786 1915 1815 1935 se

1030 1948 1129 1981 quieta:
1156 1947 1217 1974 vitae
1244 1949 1335 1976 studio
1365 1958 1420 1977 non
1453 1951 1489 1977 ita
1519 1952 1623 1985 pridem
1651 1953 1813 1980 contulerat.

1030 1993 1190 2028 Quanquam
1210 2001 1272 2022 vero
1290 1995 1380 2023 serius
1393 1996 1490 2023 harum
1505 2005 1593 2024 rerum
1614 1999 1738 2026 nuntium
1768 2008 1815 2027 ac.

1029 2039 1142 2074 ciperet,
1163 2043 1253 2067 tamen
1266 2041 1299 2067 ad
1318 2041 1369 2068 iter
1384 2047 1490 2069 mature
1510 2051 1539 2070 se
1552 2051 1724 2078 comparans,
1751 2045 1815 2072 Gal-

1028 2085 1132 2118 lipolim
1149 2084 1285 2113 advolavit
1299 2091 1306 2112 :
1323 2093 1378 2121 quo
1391 2087 1447 2122 jam
1463 2087 1523 2114 Itali
1544 2094 1639 2123 magna
1653 2097 1714 2116 cum
1726 2091 1815 2117 classe

1028 2131 1199 2166 appulerant,
1216 2136 1243 2159 et
1258 2133 1406 2166 quominus
1420 2133 1448 2160 in
1469 2134 1605 2168 Europam
1632 2137 1815 2164 transmittere

1029 2181 1129 2212 posset,
1145 2178 1338 2212 impediebant.
1355 2179 1538 2212 Quamobrem
1560 2189 1654 2208 versus
1681 2182 1814 2210 Constan-

988 2217 1015 2247 D
1030 2223 1171 2257 tinopolim
1192 2232 1253 2252 cum
1272 2225 1393 2252 exercitu
1406 2226 1550 2259 profectus
1564 2233 1615 2258 est,
1635 2232 1659 2253 ct
1675 2235 1689 2253 e
1704 2228 1815 2263 regione

1027 2269 1101 2297 illius
1114 2270 1177 2302 loci,
1190 2279 1243 2304 quo
1259 2271 1318 2298 loco
1334 2279 1406 2298 nunc
1417 2272 1488 2299 arcis
1502 2280 1579 2299 nova:
1609 2278 1746 2300 structura
1760 2282 1806 2300 cur

1028 2317 1112 2347 nitur,
1137 2321 1318 2344 mercatorum
1348 2317 1463 2352 navigiis
1499 2326 1576 2349 usus,
1601 2319 1628 2345 in
1654 2318 1814 2346 Ronmniam

1028 2362 1181 2397 transjecit.
1194 2363 1262 2390 Cum
1292 2363 1515 2397 Hadrianopolim
1532 2365 1709 2398 pervenisset,
1737 2373 1816 2391 tuon-

1029 2411 1110 2437 strati
1124 2415 1188 2438 sunt
1201 2410 1224 2436 ei
1242 2410 1392 2437 Christiani
1420 2411 1597 2445 cataphracti,
1614 2419 1684 2446 quos
1710 2411 1816 2438 llleclic-

1029 2461 1113 2483 metes
1131 2456 1215 2491 bcgus
1229 2460 1348 2490 ceperat,
1370 2461 1396 2482 ct
1422 2456 1485 2482 illuc
1514 2457 1637 2483 miserat.
1667 2457 1715 2484 llis
1738 2458 1814 2489 visis,

1029 2503 1133 2529 vultum
1146 2504 1271 2536 erigens:
1288 2502 1360 2529 Bene
1375 2503 1453 2529 nobis
1467 2510 1510 2529 res
1529 2508 1630 2530 nostra:
1656 2504 1815 2535 succi-dent,

1030 2548 1079 2580 ait,
1092 2548 1209 2582 propitio
1222 2547 1287 2575 Deo.
1304 2548 1457 2582 Statimque
1472 2555 1534 2575 cum
1556 2551 1726 2583 pl'a’polctlli,
1761 2555 1814 2575 tam

1030 2602 1062 2621 ex
1081 2593 1215 2625 Anatolia,
1229 2601 1310 2628 quam
1323 2593 1455 2620 Iiomania
1468 2594 1581 2621 collecto
1600 2595 1730 2625 exercitu,
1757 2603 1816 2622 ma-

1031 2647 1137 2674 gnaque
1154 2640 1273 2674 peditum
1286 2648 1366 2666 manu
1383 2647 1477 2667 recens
1501 2640 1667 2674 conscripta,
1701 2640 1816 2667 Hadria-

1031 2685 1287 2720 nopolidiscedens.
1302 2685 1329 2710 in
1348 2685 1452 2711 hostem
1486 2689 1559 2711 recta
1586 2684 1675 2711 duxit.
1695 2683 1811 2711 Concur-

1033 2735 1128 2758 rcrunt
1140 2731 1276 2758 exercitus
1288 2730 1321 2757 ad
1333 2734 1456 2765 stagnum
1469 2730 1527 2757 sive
1550 2730 1674 2765 paludem
1694 2729 1817 2757 Varneu-

1033 2785 1101 2809 sem,
1115 2776 1159 2803 ubi
1173 2776 1333 2804 dimicatum
1349 2776 1418 2802 inter
1434 2783 1481 2803 eos
1492 2776 1635 2807 acerrime,
1653 2776 1735 2802 multa
1753 2784 1818 2803 cunt

1034 2823 1164 2851 effusione
1178 2823 1328 2858 sanguinis.
1343 2822 1399 2849 Rex
1429 2821 1556 2857 Ungarus
1587 2822 1621 2849 ab
1649 2829 1704 2850 uno
1731 2822 1817 2851 latere

1037 2870 1183 2903 pugnabat,
1206 2869 1240 2896 ab
1254 2869 1341 2896 altero
1353 2867 1466 2896 Michael
1483 2867 1538 2900 ille,
1560 2874 1740 2903 cognomento
1768 2868 1817 2896 Ni-
