1962 3071
132 127 185 163 im

770 120 944 155 ANNAlEa‘
964 122 1133 154 iunctm.

1699 120 1752 151 6.8

130 189 202 216 lilius
227 187 298 221 δίης,
321 185 445 212 suitanus
467 182 612 217 Bajnites.
627 181 737 208 Amasia
755 180 915 207 (Innstanti-
932 185 952 212 Α
969 189 1000 208 ex
1028 180 1144 214 Ungaria
1161 186 1247 212 :qum
1266 178 1375 212 quidem
1397 178 1492 204 ordine
1516 182 1675 212 perorantes
1702 186 1753 205 au-

131 235 250 268 uopolim
285 231 450 266 appulitzet
468 235 598 262 occupata
626 227 689 254 sedc
719 228 805 262 regia,
831 227 916 260 patris

132 282 191 308 loco
221 279 357 307 salutatus
371 280 414 304 est
443 275 623 311 imperator“

170 325 219 351 Vix
258 320 496 355 ConstantinOpoli
525 320 620 355 paucis
654 319 751 347 diebus
791 319 917 349 besem,

132 379 192 398 cum
215 369 299 397 frater
323 367 392 400 eius,
421 366 544 393 sultanus
562 364 671 397 Zemes,
698 364 788 391 ductis
808 363 919 390 cCara-

133 415 222 442 mania
248 413 346 448 copiis,
378 412 492 438 Prusam
519 409 598 442 adiit,
628 409 722 444 ibique
749 407 918 436 domicilium

132 462 183 489 sibi
209 459 373 491 constituit;
399 457 523 485 sultauus
537 461 602 481 vero
619 453 763 489 Bajazites,
787 451 919 480 arcessito

132 516 165 535 ex
193 506 291 540 Apulia
312 512 374 532 cum
402 503 523 531 exercitu
540 501 651 529 chuce
680 500 814 526 Achmete
828 498 917 530 bassa,

134 554 296 588 magnisque
337 549 508 583 cacteroquin
545 548 626 575 etiam
666 545 789 574 collectis
821 544 919 579 copiis,

133 601 264 627 adversus
297 592 408 624 Zemem
439 595 550 622 fratrem
583 594 610 621 in
644 592 796 620 Anatoliam
823 590 919 617 movit.

131 646 200 674 Cum
227 644 320 678 ιιι-ειειίο
348 642 486 676 congressi
517 641 643 671 fuissent.
668 638 781 666 inferior
795 637 921 665 discessit

134 692 246 723 Zemes,
275 697 308 717 ac
331 695 394 716 mox
421 688 447 714 in
465 686 653 713 Caran-aniam
676 685 818 720 profugit:
849 682 921 709 unde

135 744 194 765 mm
237 743 300 763 eum
334 733 460 761 saltantis
500 730 635 767 Bajtnites
673 730 847 766 expulisset:
879 729 922 755 iti~

134 790 200 810 nere
210 788 355 812 converso,
365 777 633 812 Constantinopolim
656 775 777 811 repetiit.
792 774 858 802 Inde
867 773 921 801 Bo-

133 829 233 856 ducem
263 827 421 854 Achmetern
437 824 545 851 bassam
564 823 591 850 in
600 821 792 850 Caramaniam
803 819 920 852 remisit,

134 875 182 909 qui
212 874 277 901 dum
297 871 360 899 istic
378 870 508 902 haereret,
534 869 658 903 Apuliam
691 867 749 894 Itali
778 870 919 899 recnpera-
936 858 956 886 Β

138 925 202 949 runt
224 918 346 948 :Turcis
369 916 512 946 omnibus.
541 915 587 950 qui
602 913 708 942 Otranti
736 912 861 948 praesidio
877 919 919 938 re-

137 967 192 995 licti
217 966 337 997 fuerant,
362 962 390 991 in
403 962 590 998 captivitatem
626 960 757 992 redactis,
779 966 852 986 anno
869 957 921 986 886

136 1014 213 1049 (Chr.
232 1010 324 1045 usa).

174 1059 280 1085 Rursus
298 1059 389 1082 autem
406 1051 647 1086 Constantinopoli
678 1050 804 1077 sultanus
819 1050 922 1085 Bajazi-

139 1110 181 1132 tes
210 1101 349 1132 discessit,
379 1104 406 1126 et
430 1099 457 1126 in
484 1097 674 1125 (Iarumaniam
699 1104 761 1123 cum
799 1095 921 1123 exr-rcitu

138 1149 224 1177 venit.
249 1148 356 1182 Quippe
382 1145 469 1172 frater
509 1144 569 1177 ejus
600 1141 698 1169 Zemes
721 1149 736 1168 e
765 1142 921 1176 peregrina-

138 1196 213 1223 tione
245 1191 399 1220 Mechicnsi
431 1190 488 1224 jam
527 1196 655 1217 reversus
694 1188 793 1216 fuerat.
830 1187 922 1222 Itaque

137 1243 229 1268 denuo
246 1239 397 1267 commisso
425 1237 452 1264 in
479 1235 642 1263 Caramani'a
664 1234 770 1269 pretio.
797 1234 923 1261 sultanus

139 1286 237 1314 Zemes
267 1285 368 1313 iterum
386 1283 474 1310 victus
492 1281 527 1309 ad
541 1288 616 1308 mare
635 1279 766 1315 profugit,
782 1284 809 1306 et
825 1280 851 1306 in
867 1278 924 1306 lta~

142 1333 206 1360 liam
220 1339 250 1358 sc
270 1329 384 1363 recepit.
418 1327 487 1354 Hinc
518 1327 620 1354 castris
648 1326 741 1357 motis,
765 1325 921 1366 Constanti-

142 1378 264 1413 nopolim
280 1375 405 1404 sultanus
423 1374 557 1408 Bajazites
578 1371 658 1404 abiit.
681 1375 765 1406 atque
783 1371 846 1398 itide
862 1378 924 1406 pro-

140 1425 226 1452 fertur
240 1427 281 1450 est
304 1420 538 1455 Hadrianopolim.

175 1471 258 1498 Nocte
281 1472 358 1497 sexta
388 1466 492 1495 mensis
515 1465 667 1497 Scheralis.
705 1472 801 1493 omnes
828 1464 861 1492 ad
894 1469 924 1492 se

142 1518 246 1545 vuires
274 1523 341 1543 suos
357 1513 494 1546 invitavit,
522 1520 575 1539 una
597 1520 659 1539 cum
672 1511 782 1539 Geduce
795 1511 922 1538 Achmete

142 1565 220 1592 nassa
239 1569 316 1597 :quo
328 1560 437 1595 quidem
469 1559 498 1586 in
521 1558 646 1586 convivio
667 1557 760 1584 vinum
789 1564 856 1584 cum
884 1556 923 1583 eis

143 1609 244 1641 hausit,
256 1613 280 1635 et
291 1606 437 1640 unicuique
453 1605 535 1632 veziri
549 1608 650 1631 vestem
672 1603 793 1636 donavit,
809 1607 923 1637 excepto

141 1654 250 1684 Geduce
272 1654 404 1681 Achmete
423 1652 514 1683 bassa.
533 1659 614 1686 quem
639 1656 667 1678 et
691 1650 807 1677 interﬁci
832 1649 923 1684 jussit,

142 1709 213 1729 anno
229 1701 279 1729 887
294 1701 371 1734 (Chr.
388 1699 480 1730 1485).

180 1748 281 1776 Eodem
295 1750 417 1781 tempore
442 1748 567 1771 mortqu
587 1747 627 1770 est
656 1741 798 1769 Caramani
824 1741 926 1776 princi-

144 1795 186 1829 pis
213 1793 297 1825 filius,
322 1791 441 1819 Catanes
458 1790 554 1825 διευς,
586 1796 668 1823 quem
683 1788 711 1815 in
723 1787 852 1815 comitatu
875 1794 925 1814 suo

145 1838 278 1871 Bajazites
300 1837 400 1864 alebat.
573 1862 578 1867 ,

181 1884 250 1911 Uini:
279 1888 405 1918 suscepta
429 1882 561 1917 Bajaziles
592 1881 776 1917 expeditione.
817 1877 926 1912 Sophia:

146 1937 252 1965 tempus
265 1930 298 1958 ad
315 1929 424 1964 aliquod
448 1928 582 1961 substitit,
600 1928 647 1955 ubi
667 1934 794 1962 magnam
809 1926 926 1953 militum

145 1967 411 2002 mauum'collectam
430 1973 556 2000 habebat.
582 1971 683 1998 Horum
712 1971 844 2005 majorem
867 1976 928 2004 parb

146 2026 200 2048 tum
217 2021 250 2048 ad
268 2021 380 2047 ﬂuvium
393 2019 530 2046 Moravam
556 2018 641 2049 misit,
659 2017 752 2052 ibique
770 2017 837 2043 duas
849 2023 927 2042 arces

146 2073 252 2094 veteres
270 2065 434 2094 communiri
461 2065 554 2100 jussit.
584 2063 691 2096 Quibus
718 2061 927 2097 expeditis,So-

146 2115 206 2147 phia
238 2111 507 2145 Constantinopolim
535 2117 660 2138 reversus
699 2113 755 2140 est,
776 2115 848 2135 anno
876 2107 928 2134 888

146 2160 222 2194 (Chr.
233 2158 323 2193 ttat).

969 228 1046 257 divit,
1073 231 1100 253 et
1126 225 1268 260 postulatis
1298 231 1439 257 assensus,
1464 224 1611 251 liberaliter
1638 225 1754 252 donatas

970 273 1081 300 dimisit.

1005 319 1102 346 Postea
1127 317 1265 353 profectus
1284 322 1326 344 est
1350 316 1407 343 Alis
1426 315 1510 351 begus
1538 316 1692 349 eunuchus,
1707 318 1752 351 qui

970 363 1124 399 beglethegi
1142 370 1241 389 munus
1255 361 1475 395 administrabat,
1494 369 1593 396 magno
1609 369 1669 388 cum
1683 370 1755 388 excr-

970 410 1025 437 citu
1051 410 1079 436 in
1107 409 1280 436 Vaiachiam:
1302 407 1508 450 .eoncilialoqlte
1526 407 1593 435 -sibi
1635 407 1753 435 Vaivmla

970 455 1102 488 Valacho,
1122 462 1184 482 cunt
1198 455 1255 481 suis
1272 459 1298 481 et
1313 453 1427 481 Valachi
1447 454 1534 488 copiis
1548 454 1575 481 in
1592 451 1724 481 Mohlaiia
1739 465 1752 479 ιι

971 502 1070 536 irrupit
1085 503 1136 528 :‘ac
1148 501 1260 535 rapinis,
1272 499 1356 532 ferro,
1372 499 1500 533 flammis,
1519 501 1635 527 vastavit
1645 501 1734 526 omnia
1748 509 1753 526 :

971 548 1067 583 spoliis
1104 551 1219 574 onustus
1246 545 1362 580 denique
1403 545 1482 572 rediit
1515 545 1752 581 Hadrianopolim.

973 602 1044 621 anno
1060 593 1110 621 890
1119 592 1195 628 (Chr.
1210 592 1301 626 1486).

1007 639 1138 666 Sultanus
1155 638 1265 665 interim
1285 637 1417 673 Bajazites
1436 638 1510 664 domi
1527 639 1682 672 quiescens,
1704 639 1754 665 du-

972 693 1017 712 ces
1038 692 1112 716 suos,
1138 682 1328 712 lschenderem
1354 684 1463 718 begum,
1481 690 1509 711 et
1530 684 1614 711 Balim
1645 686 1751 720 lleguzs,

972 730 1095 757 Malcozii
1128 731 1226 762 tilium,
1242 730 1405 764 ablegavit:
1426 735 1457 757 ut
1482 731 1573 757 denuo
1596 725 1753 758 Valachiam

973 775 1190 809 ingrederentur,
1210 779 1238 802 et
1252 774 1380 802 Vaivodte
1398 774 1519 802 Valacbo
1546 776 1754 809 persuadet-cut.

974 820 1013 847 uti
1038 821 1194 855 conjunctis
1206 827 1297 848 secum
1313 821 1399 847 armis
1424 822 1521 848 iterum
1541 821 1567 848 in
1595 821 1754 849 Moldariam

973 867 1181 901 impressionem
1203 867 1314 894 faceret.
1341 867 1514 895 Asseutiente
1528 866 1659 897 Valacho.
1693 877 1755 896 tuo!

972 921 1004 941 ea
1018 918 1144 948 suscepta
1156 913 1206 941 l‘uit
1217 914 1372 948 expeditio:
1385 919 1497 949 totaque
1512 917 1623 949 regione
1636 915 1753 950 direpta,

973 966 1070 994 magna
1088 968 1148 987 cum
1170 961 1259 995 prada
1280 960 1446 988 discessum.

1009 1005 1077 1032 Dum
1097 1006 1153 1033 hate
1168 1007 1196 1033 in
1215 1005 1347 1033 Romanis
1363 1013 1532 1041 gererentur,
1555 1008 1655 1036 Alcairi
1668 1010 1754 1036 stilla-

974 1058 1026 1078 nus
1052 1051 1086 1078 ab
1112 1059 1164 1078 una
1190 1055 1267 1085 parte
1294 1058 1324 1078 se
1344 1053 1492 1079 commovit
1507 1060 1569 1079 cum
1598 1054 1667 1084 suis,
1684 1062 1752 1088 quos

973 1097 1044 1124 inter
1068 1102 1128 1124 erat
1156 1096 1263 1124 Usunes
1280 1097 1403 1132 Ushegus
1421 1106 1429 1131 ς
1448 1104 1475 1126 et
1497 1106 1560 1126 suas
1583 1107 1752 1134 suorumque

971 1141 1098 1176 cupiasin
1114 1142 1180 1169 locis
1192 1143 1296 1170 Adanis
1311 1151 1342 1170 ac
1351 1144 1435 1171 Terso
1451 1145 1611 1179 interiectis,
1624 1147 1750 1182 collegit:

972 1187 1007 1214 ab
1024 1188 1109 1215 altera
1129 1189 1230 1216 sultani
1257 1188 1385 1223 Bajazitis
1398 1195 1484 1224 parte.
1513 1190 1658 1226 Sangiachi
1678 1194 1749 1221 Aua-

974 1234 1056 1267 lollte,
1086 1234 1207 1269 itemque
1229 1231 1363 1264 Ferhate‘s
1381 1236 1477 1272 begus.
1503 1238 1604 1265 sullaui
1624 1238 1750 1274 Bajazitis

974 1288 1066 1314 gener,
1087 1280 1258 1309 Caramanize
1290 1282 1479 1317 llo-gierbrgus,
1507 1283 1641 1320 Caragosa
1658 1286 1752 1321 begus.

974 1325 1129 1361 congregati
1143 1334 1150 1358 ;
1165 1326 1269 1361 junctis
1285 1325 1461 1360 exercitibus,
1490 1333 1585 1357 contra
1601 1331 1755 1360 sultauiuos

976 1371 1150 1400 Al'caireuscs
1162 1373 1276 1407 profecti
1307 1378 1381 1401 sntit.
1408 1373 1460 1402 Ubi
1477 1381 1585 1403 ventum
1604 1377 1637 1404 all
1660 1385 1757 1406 manus
1803 1367 1812 1378 ‘

975 1423 1059 1448 esset.
1082 1417 1116 1446 ab
1145 1424 1260 1454 utraque
1285 1424 1361 1454 parte
1381 1427 1448 1448 sane
1471 1429 1551 1456 quam
1583 1423 1699 1451 viriliter
1719 1425 1759 1450 d:-

977 1465 1125 1492 micarunt.
1157 1465 1292 1494 Sultaniui
1318 1467 1437 1500 denique
1478 1468 1638 1502 Bajaailims
1684 1477 1757 1505 terga

937 1525 960 1557 ε
978 1512 1043 1538 dare
1055 1516 1215 1547 coegvr’uut,
1246 1513 1306 1548 ipso
1322 1514 1406 1541 etiam
1430 1515 1557 1549 Bajazitis
1575 1523 1688 1552 genero,
1710 1517 1758 1545 Fc-

977 1557 1054 1584 rbate
1066 1557 1144 1592 bego,
1161 1557 1333 1593 interempto.

1009 1603 1088 1638 333
1106 1603 1163 1630 Non
1182 1604 1267 1631 multo
1287 1609 1347 1640 post
1370 1606 1454 1633 edixit
1482 1607 1623 1643 Bajazites,
1638 1610 1676 1637 uti
1699 1610 1757 1637 Mu-

975 1648 1112 1677 chemetes
1129 1649 1224 1685 begus,
1253 1649 1378 1679 Clu-seris
1406 1652 1464 1688 ι)εεί
1491 1654 1573 1688 illius,
1597 1663 1659 1683 cum
1679 1656 1757 1684 ducit-

977 1695 1040 1728 filio,
1056 1696 1101 1730 qui
1117 1696 1290 1731 beglerbegus
1307 1696 1444 1725 Romanis:
1456 1705 1563 1727 creatus
1579 1706 1646 1734 erat,
1659 1703 1757 1729 liotna-

976 1741 1027 1768 nize
1044 1741 1135 1776 copias
1146 1742 1172 1768 in
1192 1741 1345 1769 Anatolium
1358 1743 1557 1777 transjiccrent.
1573 1749 1600 1772 et
1614 1753 1756 1781 assump'n

976 1788 1121 1815 Analolico
1150 1789 1243 1820 milite,
1275 1789 1413 1816 sultanum
1435 1790 1535 1817 Alcairi
1565 1791 1633 1818 bello
1649 1793 1758 1819 invadr-

978 1838 1048 1860 rent.
1066 1833 1113 1861 llis
1129 1833 1210 1868 igitur
1226 1834 1355 1869 Bajaaitis
1368 1835 1483 1869 imperio
1502 1841 1597 1870 parent
1609 1837 1670 1869 bus,
1685 1844 1757 1864 recta

977 1879 1078 1914 petitus
1100 1880 1185 1906 hostis
1201 1887 1208 1906 :
1226 1881 1271 1913 qui
1292 1888 1360 1918 cum
1371 1885 1396 1907 ct
1412 1881 1470 1914 ipse
1486 1888 1597 1916 paratus
1620 1883 1652 1908 ad
1677 1882 1758 1909 dimi-

978 1926 1094 1953 candum
1111 1930 1194 1956 esset.
1211 1925 1339 1960 utrinque
1358 1934 1525 1953 concursum
1541 1928 1676 1955 acerrimo
1692 1936 1758 1962 prta!~

978 1971 1025 2003 lio,
1039 1979 1093 2006 quo
1112 1973 1189 1998 ducis
1206 1971 1288 2003 ﬁlius,
1313 1962 1457 2000 Kcinnctes
1488 1973 1578 2005 bassa,
1604 1981 1667 2001 cutn
1688 1982 1758 2009 equo

979 2019 1131 2053 prolapsus,
1149 2019 1174 2045 iu
1186 2019 1391 2045 Sullaninorum
1406 2028 1502 2046 manus
1522 2021 1594 2046 venit
1609 2030 1615 2047 :
1633 2026 1658 2047 et
1675 2021 1758 2047 ιιι-(111-

979 2069 1040 2090 ctus
1056 2063 1088 2090 ad
1107 2063 1255 2098 Usbegum,
1271 2065 1401 2091 custodiat
1414 2066 1528 2093 traditus
1546 2065 1604 2094 fuit.
1622 2067 1758 2102 ingentem

980 2108 1120 2142 Bajazitici
1139 2109 1242 2135 cladem
1261 2109 1286 2136 id
1303 2110 1433 2145 temporis
1450 2117 1623 2146 acceperunt,
1638 2120 1698 2148 quae
1710 2113 1745 2140 Ba

980 2154 1054 2189 jaziti
1070 2156 1219 2190 signiﬁcata
1234 2164 1294 2183 cum
1310 2156 1416 2190 fuisset,
1434 2158 1549 2184 vczirem
1583 2166 1674 2190 suum,
1692 2159 1758 2186 Dan-

183 2206 273 2231 Mense
301 2203 441 2239 ltehjulula
458 2223 465 2235 ,
494 2203 538 2230 die
577 2203 694 2237 quodam
736 2200 839 2232 Martis,
863 2200 928 2227 urbs
946 2198 967 2227 Ι)
981 2202 1041 2227 dein
1057 2201 1176 2231 bassam,
1196 2203 1354 2237 praepotenti
1374 2211 1434 2230 cum
1449 2205 1570 2231 exercitu
1594 2211 1687 2232 contra
1702 2206 1759 2232 sul-

147 2250 418 2285 lladriauopolitaua.
452 2257 514 2276 cum
541 2249 668 2275 omnibus
686 2247 718 2274 ad
735 2245 928 2274 dismthendas

147 2305 262 2327 mcrres,
292 2295 437 2322 exstructis
465 2294 600 2326 aediliciis,
641 2294 702 2328 igne
740 2291 926 2325 conﬂagravit.

147 2342 246 2369 ibidem
277 2341 359 2368 etiam
408 2341 432 2368 id
454 2339 587 2374 temporis
615 2338 749 2374 Bajasites
787 2336 927 2364 Xenonem

147 2389 263 2415 condere
277 2394 388 2423 propter
409 2388 507 2413 ﬂumen
527 2386 610 2420 cepit.
620 2385 686 2411 inde
706 2385 803 2412 castris
812 2383 929 2410 Hadria-

148 2436 236 2469 nopoli
265 2434 358 2465 motis,
379 2433 540 2460 Moldaviam
552 2431 716 2464 trausiit,jct
729 2437 819 2456 arcem
829 2429 928 2456 Chilim

148 2481 300 2515 occupavit.
322 2478 414 2513 Neque
434 2478 519 2505 multo
543 2481 616 2511 post,
643 2476 687 2502 die
706 2475 824 2510 quodam
856 2474 929 2501 Mer-

147 2525 225 2557 curii,
255 2524 339 2552 ctiam
354 2530 444 2550 arcem
470 2522 619 2553 Chermen,
647 2521 744 2548 iisdem
772 2520 799 2546 iu
829 2520 929 2546 finibus

150 2570 241 2607 sitam,
269 2570 297 2596 in
327 2573 491 2604 potestatem
521 2568 636 2602 redegit.
667 2566 756 2601 Atque
776 2566 850 2593 Olllni
877 2566 929 2593 hoc

149 2624 212 2650 agro
235 2615 347 2650 potitus.
375 2618 479 2641 mutata
506 2612 682 2648 profectione,
708 2612 928 2647 Hadrianopolim

149 2661 235 2693 rediit,
246 2669 317 2688 anno
331 2660 382 2688 889
395 2660 469 2695 (Chr.
486 2659 577 2693 1485).

180 2706 256 2734 Tunc
281 2713 308 2733 et
325 2707 417 2733 lttmen
432 2706 499 2734 solis
515 2705 625 2736 defecit,
643 2710 670 2732 et
693 2705 820 2732 sultauus
852 2704 930 2738 Baja-

150 2753 215 2779 lites
245 2760 343 2780 versus
365 2752 424 2779 loca
442 2757 585 2784 montana,
615 2751 754 2778 recreandi
771 2751 812 2777 sui
838 2758 930 2782 causa,

151 2805 179 2824 se
193 2799 318 2826 contulit.
333 2798 384 2824 Hic
399 2806 461 2825 eum
493 2798 586 2824 adiere
617 2796 699 2831 legati
726 2801 791 2828 tres,
815 2803 931 2830 quorum

153 2850 221 2869 unus
234 2851 265 2870 ex
279 2843 354 2870 India
368 2844 470 2870 missus
494 2843 581 2870 luerat
605 2842 675 2869 alter
701 2842 818 2875 Alcairo,
836 2843 932 2870 tertius

308 2890 440 2919 PATRDL.
459 2892 500 2920 Cr
532 2889 630 2919 CLIX.

980 2252 1073 2274 tanqu
1090 2246 1188 2274 Alcairi
1208 2248 1293 2274 misit.
1314 2247 1423 2276 Minime
1437 2256 1499 2275 vero
1515 2249 1602 2276 territi
1618 2251 1759 2281 sultanini.

980 2300 1042 2319 tuo:
1056 2293 1080 2319 ei
1093 2301 1154 2320 cum
1166 2294 1222 2320 suis
1230 2293 1336 2320 obviam
1352 2295 1487 2329 progressi
1503 2301 1576 2323 sunt.
1590 2295 1696 2324 Daudes
1708 2297 1759 2323 illis

981 2339 1056 2366 haud
1071 2341 1274 2366 occurrendum
1292 2344 1379 2372 ratus,
1404 2346 1511 2368 matttre
1529 2347 1606 2376 capto
1626 2342 1761 2369 mutanda:

980 2384 1156 2419 profectionis
1170 2385 1295 2417 consilio.
1319 2391 1392 2413 retro
1408 2387 1485 2414 duxit
1510 2388 1669 2417 exercitum.
1689 2389 1762 2414 Adiit

979 2431 1033 2458 hoc
1049 2431 1075 2457 in
1095 2431 1192 2458 itinere
1208 2431 1326 2459 Daudem
1342 2432 1485 2461 Aladeules
1513 2433 1666 2466 Dulgadiris
1695 2434 1760 2466 dux,

981 2476 1024 2503 cui
1046 2484 1172 2512 magnum
1192 2478 1247 2512 ipse
1257 2477 1387 2504 honorem
1400 2479 1535 2506 exhibuit.
1551 2478 1730 2514 Posteaquam
1747 2488 1760 2505 a

981 2522 1127 2549 sultauinis
1155 2530 1185 2550 se
1201 2522 1308 2551 Daudes
1322 2524 1475 2557 avertisset,
1492 2523 1691 2553 Varsacensem
1722 2527 1761 2553 til-

983 2568 1081 2594 tioncm
1096 2569 1244 2603 ingressus,
1255 2577 1381 2603 proceres
1395 2570 1492 2605 partim
1509 2571 1535 2598 in
1547 2571 1653 2599 vincula
1670 2572 1747 2606 conje

982 2614 1028 2645 cit,
1042 2615 1138 2648 partim
1155 2616 1263 2648 occidit,
1291 2617 1388 2651 partim
1415 2617 1612 2646 interveniente
1640 2623 1762 2647 transac-

981 2660 1055 2686 tione
1071 2660 1171 2694 rect-pit
1186 2660 1212 2687 in
1227 2661 1352 2694 gratiam,
1373 2660 1547 2697 fortunisque,
1555 2663 1613 2690 suis
1631 2664 1762 2691 restituit.

982 2705 1164 2740 Turgurcnsis
1191 2707 1337 2740 provincia:
1363 2716 1489 2742 proceres
1510 2709 1674 2736 saluti-sua:
1701 2709 1762 2744 fuga

983 2753 1154 2780 consuluere.
1172 2753 1291 2781 Tandem
1312 2757 1400 2782 tamen
1428 2750 1572 2790 impetrato
1589 2755 1665 2782 salvo
1690 2763 1763 2783 com-

985 2804 1072 2826 meatu
1089 2798 1207 2826 llavtdetn
1233 2800 1338 2828 bassam
1368 2801 1505 2834 adierunt,
1527 2805 1555 2828 et
1570 2809 1634 2835 pace
1646 2809 1708 2828 cum
1729 2809 1762 2828 eo

984 2845 1101 2876 saucila,
1124 2850 1325 2872 sacramentum
1355 2847 1552 2881 priestitcrunt.
1583 2846 1630 2874 His
1659 2847 1763 2873 eili'rtis

1544 2895 1583 2923 20
