1962 3071
117 97 165 133 621

751 91 924 134 ANNALES
936 99 1107 134 TURCICI.

1694 104 1747 139 6'2?

116 156 264 191 gerendum
277 162 340 182 cum
354 153 472 189 Ungaris
486 156 588 184 bellant
603 158 769 193 intelligens.
785 159 904 194 [deoque
919 158 942 186 Α
955 157 1050 190 jussis,
1063 158 1153 185 claves
1172 157 1248 184 urbis
1262 157 1370 185 sttltano
1385 157 1496 192 Bitian-ili
1515 164 1563 192 per
1584 165 1633 186 eos
1663 166 1745 186 ontu-

116 202 219 228 coactis
236 201 371 229 universis
388 202 473 237 copiis
485 203 554 235 suis,
564 203 759 240 lladrianopoli
775 205 905 238 Sophiam

115 248 255 282 profectus
269 252 322 275 est.
343 248 400 275 Non
428 252 519 277 tamen
548 246 697 285 Ungarium
728 250 831 286 ingredi
856 252 907 278 fuit

116 301 210 326 ausus,
227 295 274 321 sed
289 294 421 322 Acltmete
437 295 506 330 bego
523 304 584 323 cttm
602 297 688 325 milite
702 298 845 325 Anatolico
858 297 907 326 So-

116 340 185 375 νων
201 340 282 374 jusso
298 340 461 373 Subsistere,
479 336 599 369 Datttlem
619 342 726 371 bassam
748 351 809 370 cutn
831 348 906 377 parte

117 386 258 421 copiarum
281 385 425 421 Uscopiam
443 387 517 414 misit
532 397 537 414 :
555 387 613 423 ipse
627 397 689 416 cum
704 382 800 416 Jocltia
814 388 905 421 bassa,

116 436 216 459 etcum
243 432 328 459 milite
343 431 493 464 Romaniae.
509 433 688 462 Manastirum
708 433 774 462 abiit
794 443 801 462 :
824 441 906 469 atque

117 479 178 505 inde
194 479 221 505 itt
240 478 396 511 Albaniatn,
418 479 552 514 ducisque
577 476 691 507 Joannis
720 481 859 515 regionem
876 489 906 508 se

116 523 243 551 contulit.
259 523 400 558 Expedivit
414 530 440 551 et
465 526 532 552 mari
551 533 633 552 naves
647 526 792 560 quasdam,
811 531 840 553 ut
859 526 905 553 Al-

115 570 249 597 banorum
267 568 364 596 itinera
381 569 627 604 praecluderentttr.
645 570 707 599 ﬂare
728 579 790 599 cum
805 571 904 599 Albani

115 615 371 647 animadverterent,
382 615 416 642 ad
432 620 537 643 ntontes
549 623 578 643 se
594 621 767 651 receperunt,
779 622 806 644 et
823 617 849 644 itt
864 617 904 644 eis

116 662 152 688 ita
169 669 198 688 se
213 662 445 694 comtnuttierunt,
479 663 509 689 'ut
528 667 654 696 magnum
671 662 734 690 inde
746 662 845 690 Turcis
859 663 905 690 de-

115 707 273 735 trimentum
293 706 436 734 inferrent.
462 708 502 734 Ad
528 710 682 735 extremum
701 714 789 736 tamen
810 706 903 741 Turei,

114 752 274 780 conscensis
286 751 351 780 locis
365 753 519 785 altioribus,
538 753 564 780 itt
580 762 627 781 eos
643 754 781 782 irrtterunt
800 762 807 784 :
823 755 905 784 et'vi-

115 798 153 826 ris
165 798 328 830 interfectis,
345 798 474 825 ntttlleres
488 802 519 826 ac
544 807 643 832 pueros
662 800 798 828 adduxere
814 804 903 836 capti-

963 203 1051 230 lerunt
1068 212 1074 230 :
1091 208 1172 237 atque
1186 203 1237 230 ltoc
1255 204 1335 231 modo
1345 203 1439 231 urbem
1456 203 1540 237 ipsius
1552 207 1676 239 potestati
1688 215 1747 242 per«

961 250 1070 280 misere,
1086 257 1158 275 anno
1182 249 1235 276 905
1253 249 1330 283 (Chr.
1349 249 1438 285 M99).

996 294 1102 321 Potitus
1127 294 1277 326 lncbecltti,
1304 296 1459 328 praesidium
1476 296 1536 324 urbi
1554 302 1640 332 capta:
1657 299 1746 333 impo-

959 340 1013 368 sttit
1032 344 1082 366 :et
1094 332 1315 375 Hadrianopolim
1335 348 1474 373 reversus,
1493 342 1591 369 ibidem
1618 332 1745 370 hiberna—

960 387 1008 414 vit.
1026 379 1077 415 Ubi
1107 386 1163 420 jam
1181 393 1262 414 testas
1292 388 1459 422 appetiisset.
1479 388 1583 416 coactis
1607 388 1747 417 Romanize

959 433 1145 467 Anatolimque
1174 425 1464 461 exercitibttsndenuo
1493 433 1611 461 Moream
1636 435 1746 467 invasit,

961 487 1058 513 magna
1076 479 1156 506 etiattt
1178 479 1242 505 tttari
1264 479 1350 506 classe
1378 481 1512 516 altlegata,
1541 479 1748 516 Methonemque

961 526 1077 552 militum
1105 533 1206 553 corona
1240 522 1429 554 circumdedit.
1456 527 1507 560 Qui
1536 526 1650 555 erantin
1680 528 1747 555 urbe

959 563 1039 605 335
1060 569 1221 602 Christiani,
1254 564 1322 597 adeo
1343 579 1370 598 se
1395 571 1540 599 defendere
1564 577 1684 605 strenue,
1706 577 1746 600 to-

960 616 1013 643 tius
1030 620 1059 642 ut
1075 615 1178 643 mensis
1193 616 1292 649 spatio.
1311 616 1377 642 citra
1394 616 1638 648 intermissionem.
1660 618 1746 644 inter-

958 661 1004 688 diu
1016 665 1153 696 noctttque
1170 661 1357 694 dimicaretur,
1367 663 1452 689 mttris
1467 663 1532 696 ipsis
1546 662 1743 691 tormentorum

959 706 1058 741 impetu
1076 702 1209 740 disjectis.
1226 700 1325 734 Videns
1341 713 1432 734 autem
1457 707 1600 742 Bajazites,
1621 709 1714 737 urbem
1731 718 1745 736 a

958 751 1123 781 Christianis
1139 753 1303 788 propugnari
1321 762 1327 780 :
1346 758 1501 781 commotus
1518 754 1569 786 ira,
1587 755 1644 782 suis
1669 763 1745 790 spem

959 800 1034 826 urbis
1046 795 1207 838 tliripiendae
1220 798 1294 830 fecit,
1310 799 1442 833 siquidem
1458 799 1502 826 illa
1514 798 1677 834 potirentur.
1690 800 1746 829 Hac

115 852 174 875 vos.
190 851 356 879 omnemque
373 845 510 879 regionem
528 845 600 872 illam
619 846 736 875 llantntis
749 851 902 876 vastarunt.
919 848 942 878 Β
956 845 1057 872 sultani
1076 853 1141 872 voce
1162 845 1261 872 milites
1277 845 1381 876 attdita,
1408 845 1526 880 quodam
1543 846 1598 879 die,
1615 847 1745 881 cumjam

115 889 164 918 liis
180 890 262 918 rebus
277 890 371 925 gestis,
397 887 578 918 Manastirutn
606 892 743 927 Bajazites
763 894 855 926 rediit,
876 902 909 922 ac

115 936 211 963 diebus
225 936 329 970 aliquot
340 936 376 963 ibi
391 936 526 964 substitit.
546 935 693 965 Manastiro
706 947 766 966 cuttt
782 935 909 968 discede-

117 986 167 1015 ret,
183 982 294 1009 obvium
312 982 409 1009 habuit
425 983 451 1009 itt
467 983 564 1011 itinere
589 983 742 1012 Dervisittm
761 985 906 1020 quemdam

115 1027 274 1061 Turcicutn,
288 1029 414 1063 gepencci
430 1029 529 1057 lacinia
556 1034 668 1058 tectutn.
687 1031 710 1059 Is
734 1036 761 1059 et
782 1032 907 1066 auribus,

115 1078 141 1101 et
162 1073 245 1106 collo,
258 1079 285 1101 et
303 1074 424 1102 brachiis
443 1079 579 1110 appensos
604 1078 720 1105 annulos
747 1078 849 1106 ferreos
863 1086 909 1114 ge-

115 1121 215 1151 stabat.
231 1126 257 1148 et
275 1121 381 1149 illorum
398 1128 500 1150 sectam
520 1121 708 1159 profitebatur,
728 1133 796 1161 quos
809 1126 906 1154 Calen-

114 1167 193 1195 deres
205 1166 285 1195 Turci
302 1173 412 1198 vocant.
426 1167 476 1196 Ubi
492 1170 604 1204 propius
621 1171 653 1198 ad
671 1172 808 1199 sultanttm
830 1173 908 1207 Baja-

121 1213 203 1240 Zitem
252 1215 425 1246 accessisset.
460 1217 599 1244 acinacem
639 1226 776 1253 gepeneco
806 1223 906 1246 tectum

120 1258 243 1292 strinxit,
256 1260 343 1294 ipsutn
361 1260 508 1295 Bajazitem
527 1262 683 1291 invasurus.
700 1263 767 1291 Cum
787 1264 906 1291 timidio-

115 1311 160 1332 res
189 1305 299 1339 quidam
317 1313 332 1332 e
346 1306 453 1333 Zausiis
467 1306 505 1333 illi
527 1307 613 1334 devia
634 1309 769 1338 cederent.
789 1309 905 1336 liberum

113 1352 169 1386 jam
204 1351 308 1379 scilicet
337 1352 369 1379 ad
387 1351 534 1387 Bajazitem
561 1353 680 1381 habebat
711 1354 825 1384 aditum.
853 1355 905 1383 Sed

114 1397 260 1424 lscltender
278 1397 367 1429 bassa,
386 1399 433 1432 qui
456 1406 576 1433 praesens
600 1399 704 1433 aderat,
718 1408 750 1427 ea
765 1401 790 1428 vi
810 1401 905 1435 pusdi-

115 1450 216 1477 ganunt
231 1443 258 1469 in
274 1443 415 1471 hominem
443 1445 588 1478 contorsit,
609 1449 638 1472 ut
655 1446 730 1473 ltutni
747 1447 905 1481 prolabere-

116 1492 170 1516 tur.
192 1487 257 1515 lnde
271 1493 438 1523 prestratum
466 1485 585 1525 aggressi
614 1491 740 1526 quidam,
768 1493 794 1519 itt
818 1492 902 1520 frusta

115 1534 316 1562 dissectterunt.
327 1533 449 1563 Tandem
459 1534 594 1570 Bajazites
605 1535 829 1572 Hadrianopolim
842 1546 904 1573 per-

116 1580 198 1607 venit.
228 1581 390 1609 Aeclderttttt
412 1582 469 1610 luce
495 1591 567 1610 anno
587 1584 639 1611 898
667 1581 742 1619 (Chr.
761 1585 850 1619 1195).

151 1627 267 1659 Quidam
289 1627 316 1654 id
336 1629 465 1663 temporis
486 1630 640 1662 eunuchus,
653 1631 696 1657 cui
711 1639 808 1659 nomen
821 1631 905 1659 lactt-

116 1680 163 1707 pes
180 1673 248 1708 Aga,
268 1675 486 1701 cetnmendatatn
499 1675 560 1701 lidei
575 1683 631 1702 suze
649 1675 825 1703 liozinensem
843 1685 906 1712 pro-

115 1719 236 1746 vinciam
264 1720 483 1748 administrabat.
503 1722 553 1748 Hic
573 1722 664 1749 missis
689 1723 751 1749 ltittc
773 1723 834 1750 inde
859 1732 907 1758 per

117 1763 280 1792 Romaniam
297 1767 482 1800 praeconibus,
495 1767 660 1802 proelantari
674 1768 757 1801 jussit
773 1778 779 1795 :
802 1770 868 1796 velle
878 1778 907 1797 se

115 1817 180 1838 cum
195 1812 290 1838 suisitt
311 1810 456 1846 Uttgariam
477 1812 590 1840 irruere.
616 1814 645 1840 Si
666 1814 711 1840 cui
733 1822 824 1841 secum
847 1823 908 1849 pro-

116 1855 202 1882 ﬁcisci
215 1855 330 1888 luberet,
348 1861 378 1883 ut
401 1856 444 1882 illa
473 1857 653 1892 impressione
680 1865 735 1885 rem
757 1858 866 1891 faceret,
886 1859 908 1885 is

116 1901 154 1928 uti
167 1902 370 1935 quamprimum
384 1901 416 1929 ad
430 1911 459 1929 se
473 1903 588 1929 veniret.
607 1902 663 1930 lloc
681 1900 819 1930 intellecto
836 1911 903 1938 prm-

116 1947 209 1978 conio,
231 1946 413 1973 Acanziorutn
439 1947 546 1981 aliquot
568 1947 659 1974 millia
680 1956 709 1975 se
725 1956 785 1975 cum
808 1947 909 1983 Jacupe

117 1993 319 2028 coniunxerunt
338 2001 345 2019 :
366 1992 411 2027 qui
437 1993 521 2020 tantis
531 1998 628 2020 auctus
643 1994 740 2028 copiis,
755 1993 909 2029 Ungariam

118 2038 229 2065 invasit.
242 2037 287 2065 Eis
299 2038 418 2065 occurrit
435 2037 588 2073 Ungaricus
600 2039 705 2071 Banus,
715 2048 776 2067 cum
789 2041 910 2074 quadra-

117 2084 192 2118 ginta
208 2084 329 2111 millibus
347 2084 499 2116 hominum,
518 2093 671 2120 magnaque
687 2086 711 2112 vi
736 2082 833 2113 Turcis
863 2086 909 2113 oh-

118 2131 199 2158 stitit.
230 2130 352 2157 Tandem
375 2129 425 2164 ipsi
443 2130 636 2158 dissentientes
660 2132 731 2158 inter
746 2139 775 2159 se
796 2132 910 2166 Ungari,

960 891 1209 926 advesperasceret,
1226 891 1465 919 vehementissima
1483 891 1577 918 urbem
1606 899 1747 927 oppugna-

960 929 1033 965 tione
1051 937 1138 964 adorti
1157 934 1289 971 eeperunt
1307 945 1314 963 :
1332 944 1483 971 ontneSque
1500 942 1746 972 mares,quotquot

959 983 1143 1014 adoleverunt,
1160 983 1329 1015 occiderunt,
1345 983 1503 1011 mulieribus
1527 988 1554 1009 et
1579 983 1671 1017 pueris
1699 990 1747 1011 ca-

959 1029 1023 1063 ptis.
1039 1028 1095 1055 lloe
1105 1028 1186 1056 modo
1199 1029 1307 1056 redacta
1318 1028 1343 1055 in
1357 1033 1517 1064 potestatem
1530 1022 1669 1062 Methone,
1684 1037 1746 1064 pre-

959 1081 1005 1101 ces
1021 1081 1034 1100 a
1052 1072 1148 1100 Turcis
1164 1073 1231 1100 inea
1249 1073 1325 1100 fuere
1340 1078 1488 1108 conceptas,
1499 1081 1557 1107 qua:
1573 1074 1617 1101 die
1631 1073 1746 1101 Veneris

961 1119 1056 1147 haberi
1088 1119 1184 1146 solent.
1206 1118 1269 1146 Inde
1282 1119 1417 1154 Bajazitcs
1433 1119 1559 1146 Coronen
1577 1120 1670 1154 copias
1692 1119 1745 1147 du-

960 1166 1010 1197 xit,
1033 1170 1062 1192 ut
1078 1164 1152 1191 illam
1169 1172 1278 1199 quoque
1292 1164 1430 1191 civitatem
1445 1164 1595 1196 obsideret,
1613 1169 1640 1191 et
1665 1171 1747 1191 occu-

959 1217 1045 1246 paret.
1065 1211 1118 1240 Sed
1130 1211 1217 1247 prima
1234 1211 1326 1238 statim
1347 1214 1438 1242 nocte,
1457 1214 1600 1246 postquam
1619 1209 1746 1238 Methone

958 1260 1130 1290 discesserat,
1166 1261 1300 1284 venerunt
1322 1257 1349 1284 in
1385 1261 1476 1284 castra
1507 1255 1634 1291 Bajazitis
1657 1255 1745 1284 Coro-

958 1312 1084 1332 nenscs:
1116 1304 1270 1338 oblatisque
1304 1302 1426 1330 clavibus
1458 1302 1544 1334 urbis,
1577 1301 1744 1330 deditionem

958 1351 1094 1382 fecerunt.
1111 1358 1183 1378 anno
1194 1349 1246 1378 906
1262 1350 1338 1386 (Chr.
1355 1344 1444 1384 l300).

995 1397 1061 1425 Dum
1077 1397 1117 1425 his
1130 1397 1243 1424 urbibus
1257 1396 1445 1431 expugnandis
1460 1396 1583 1424 intentus
1609 1402 1681 1425 esset
1695 1397 1747 1424 Ba-

955 1444 1064 1479 jazites,
1076 1442 1170 1471 Veneti
1184 1443 1293 1470 auxiliis
1315 1439 1496 1476 Hispanorum
1511 1444 1673 1478 impetratis,
1686 1450 1745 1470 ma-

957 1497 1009 1523 gna
1031 1489 1116 1517 classe
1128 1488 1273 1524 Mitylenen
1285 1490 1404 1523 aggressi
1420 1489 1532 1521 sunt,'et
1545 1494 1743 1517 tormentorum

959 1535 1118 1562 bellicorum
1134 1535 1169 1565 vi,
1181 1541 1274 1561 muros
1283 1532 1373 1568 oppidi
1389 1533 1422 1560 ad
1432 1534 1593 1569 quingentas
1606 1534 1684 1562 ulnas
1698 1543 1747 1563 us-

959 1589 1012 1616 que
1026 1584 1242 1615 prostraverunt.
1266 1578 1459 1614 Mitylenenses
1486 1580 1520 1607 ab
1544 1579 1668 1609 hostibus
1693 1582 1745 1609 oh-

959 1627 1040 1658 sessi,
1054 1625 1319 1660 Constantinopolim
1337 1626 1448 1659 misere,
1468 1627 1515 1662 qui
1545 1634 1623 1661 opem
1651 1635 1745 1661 posce-

959 1677 1030 1699 rent.
1047 1666 1142 1706 itaque
1160 1672 1281 1699 collectis
1297 1672 1388 1698 subito
1406 1672 1557 1699 classiariis
1581 1673 1680 1707 copiis,
1703 1674 1748 1700 itt-

959 1717 1045 1752 signis
1060 1717 1197 1743 exetcitus
1221 1711 1324 1744 navalis
1347 1718 1497 1745 instructus
1519 1718 1580 1746 fuit.
1603 1718 1745 1754 Nunquam

960 1768 1023 1789 ante
1040 1763 1090 1789 huc
1108 1767 1214 1797 tempus
1227 1757 1535 1797 Constantinopolitani,
1547 1765 1589 1791 vel
1604 1766 1746 1799 petunias.

960 1809 1001 1836 vel
1016 1808 1125 1840 milites,
1139 1808 1179 1834 vel
1200 1808 1356 1835 classiarios
1375 1808 1500 1836 conferre
1523 1810 1608 1836 coacti
1627 1809 1746 1837 fuerant.

961 1854 1012 1882 Sed
1022 1855 1153 1889 dttngravi
1167 1858 1231 1881 tuttc
1245 1858 1357 1888 urgente
1366 1855 1540 1888 necessitate,
1550 1862 1603 1882 non
1613 1855 1671 1884 haec
1680 1857 1747 1884 dun-

961 1904 1033 1927 taxat
1047 1901 1081 1926 ab
1096 1900 1135 1926 eis
1154 1904 1248 1927 exacta
1269 1900 1354 1932 fuere.
1387 1908 1479 1928 verum
1501 1901 1582 1928 etiam
1597 1910 1645 1929 usu
1670 1911 1745 1930 rece-

962 1951 1049 1981 ptuttt,
1066 1950 1095 1972 ut
1114 1945 1242 1980 deinceps
1257 1953 1377 1980 quoque,
1403 1946 1484 1973 rebus
1501 1946 1536 1973 ita
1556 1948 1742 1981 poscentibus.

962 1995 1056 2022 eadem
1071 1995 1104 2020 alt
1131 1994 1197 2028 ipsis
1215 1999 1388 2028 praestentur.
1404 1994 1473 2020 Ante
1491 2001 1572 2028 quant
1592 1995 1686 2022 classis
1701 1997 1745 2023 illa

962 2039 1200 2071 Constantinopoli
1238 2039 1378 2073 profecta,
1409 2039 1553 2073 Mitylenen
1579 2042 1747 2075 appulisset.

960 2085 1016 2119 jam
1031 2083 1179 2111 Christiani
1193 2084 1283 2111 decies
1297 2089 1324 2111 et
1336 2084 1420 2111 octies
1436 2085 1565 2118 oppidum
1576 2086 1675 2119 adorti,
1693 2094 1747 2114 non

962 2135 1054 2157 tamen
1081 2138 1236 2165 expugnare
1259 2135 1414 2165 potuerattt.
1435 2131 1528 2166 itaque
1553 2140 1615 2159 cutn
1641 2133 1748 2161 intelle-

119 2183 193 2212 terga
219 2176 380 2204 dederunt:
410 2181 561 2210 captusqtte
591 2176 740 2204 Direnziles
767 2177 856 2205 Banus
879 2185 911 2204 ac
928 2175 1068 2210 Dxissettt
1093 2174 1204 2208 Veneti,
1230 2175 1329 2203 venire
1353 2176 1588 2211 Constantinopoli
1613 2178 1694 2205 talem
1716 2186 1750 2207 ac

119 2221 238 2247 vinculis
250 2220 427 2253 constrictus,
444 2222 476 2248 ad
491 2221 628 2248 sultanttnt
641 2221 790 2255 Bajazitem
806 2222 907 2250 missus

120 2267 180 2294 fuit.
201 2266 227 2294 Is
250 2267 287 2293 rei
307 2271 360 2293 Iam
379 2267 448 2293 bene
470 2270 552 2300 gestat
567 2267 662 2293 nuntio
691 2268 805 2294 multum
832 2268 910 2294 exhi-

119 2314 234 2343 Iuratus,
248 2312 280 2338 ad
303 2317 409 2346 tempus
422 2312 532 2346 aliquod
547 2312 781 2347 Constantinopoli
792 2314 908 2347 quievit.

121 2358 277 2385 Evencrunt
294 2363 384 2385 autem
401 2358 457 2385 haec
468 2365 540 2384 anno
555 2357 606 2385 899
621 2358 696 2393 (Cltr.
712 2358 804 2393 1494).

109 2402 114 2414 ¹
155 2405 338 2438 Posteaquam
360 2403 501 2437 Bajazites,
522 2412 536 2431 a
561 2405 644 2431 rebus
665 2406 793 2440 gerendis
823 2405 910 2432 absti-

122 2451 222 2481 nendo,
235 2452 303 2477 satis
317 2450 361 2477 diu
376 2458 405 2478 se
421 2455 572 2478 recreasset
587 2461 592 2476 ε
608 2452 729 2479 collectis
754 2452 852 2478 iterttnt
866 2460 911 2478 ro-

123 2497 187 2531 piis,
213 2497 331 2523 Met-cam
355 2497 505 2531 ingressus,
527 2497 559 2523 ad
583 2496 746 2524 lnelteclttitn
783 2499 910 2530 accessit,

122 2544 204 2570 etiam
215 2543 304 2569 classe
314 2543 460 2575 instructa,
470 2551 550 2577 quant
564 2544 659 2570 eodem
672 2544 808 2578 appellere
819 2545 913 2580 jussit.

125 2589 171 2616 llis
181 2597 242 2616 cunt
254 2588 345 2615 ltalica
361 2588 460 2616 classis
473 2589 651 2622 occurrissel,
663 2590 812 2617 contmisso
823 2592 912 2618 navali

125 2635 230 2669 praelia,
248 2634 356 2661 tandem
376 2634 433 2661 Itali
453 2634 567 2662 remisso
578 2636 713 2670 pugnandi
732 2636 840 2670 ardore,
854 2637 913 2665 dis-

126 2686 278 2708 cesserunt.
306 2680 399 2716 itaque
417 2680 540 2708 videntes
556 2680 719 2713 lnebeclttii,
735 2689 763 2709 se
776 2687 848 2709 terra
864 2692 913 2717 pa-

129 2727 204 2758 titcr,
225 2733 251 2754 et
263 2727 332 2754 tnari
358 2727 496 2760 obsessos,
515 2728 674 2762 aliquandiu
689 2728 799 2762 quidem
817 2735 846 2756 se
866 2729 915 2756 de-

127 2774 357 2800 fettdereiorttter
376 2782 382 2800 :
406 2773 452 2800 sed
481 2774 683 2807 animadverso,
706 2773 773 2800 nihil
798 2775 914 2809 atnplius

129 2820 187 2850 tutis
202 2827 233 2846 ac
258 2819 377 2852 prtcsitlii
410 2820 461 2846 sibi
477 2820 621 2851 reliquum,
641 2820 804 2851 primatibus
820 2821 909 2851 cert-di

962 2226 1064 2248 tantam
1080 2227 1173 2248 contra
1197 2229 1226 2248 se
1250 2222 1366 2249 classem
1392 2230 1400 2248 :
1433 2230 1515 2250 naves
1540 2230 1605 2250 suas
1622 2225 1747 2258 ingreSsi,

962 2268 1124 2294 discessere.
1141 2266 1434 2301 Constantinopolitani
1450 2274 1515 2293 vero
1537 2266 1680 2302 Mitylenen
1702 2268 1750 2295 de-

963 2315 1020 2346 lati,
1035 2321 1128 2340 tnuros
1149 2314 1182 2339 ab
1203 2313 1281 2339 ltoste
1306 2313 1411 2339 dirutos
1431 2313 1595 2348 refecerunt,
1615 2318 1696 2348 atque
1711 2313 1747 2340 ita

963 2360 1073 2386 dontttttt
1103 2359 1203 2385 reversi
1234 2362 1308 2385 sunt.
1334 2357 1375 2384 Ad
1398 2362 1548 2384 extremum
1573 2365 1606 2384 eo
1634 2358 1748 2385 redacta-

963 2406 1074 2432 futtrunt
1108 2404 1270 2430 Venetorum
1302 2410 1365 2435 res,
1392 2402 1431 2429 uti
1451 2402 1609 2429 muneribus
1631 2403 1751 2429 delenito

966 2451 1065 2479 sttltani
1091 2449 1218 2484 B.uj:tzitis
1234 2450 1337 2481 animo,
1358 2456 1452 2484 pacem
1471 2456 1533 2475 cuttt
1558 2455 1591 2476 eo
1621 2448 1750 2480 facerent,

964 2503 1037 2522 anno
1064 2495 1116 2522 907
1131 2493 1208 2528 (Chr.
1223 2493 1314 2524 1501).

1004 2541 1139 2576 Bajaiites
1154 2549 1169 2568 e
1191 2540 1282 2568 Morea
1299 2540 1567 2576 Constantinopolim
1598 2542 1750 2576 profectus,

965 2589 1002 2615 ita
1027 2593 1112 2615 totutu
1131 2594 1160 2614 se
1172 2587 1247 2614 dedit
1272 2587 1351 2619 otio,
1368 2586 1493 2621 pluribus
1520 2592 1549 2614 ttt
1562 2588 1643 2615 annis
1668 2596 1750 2623 espe-

966 2635 1096 2662 tlitiottem
1110 2634 1190 2668 plane
1203 2633 1305 2660 nullam
1324 2633 1487 2667 susciperet.

1002 2683 1080 2706 Anno
1102 2679 1154 2706 915
1165 2678 1240 2713 (Chr.
1252 2677 1331 2713 1509)
1340 2678 1406 2706 hora
1417 2679 1538 2707 secunda
1556 2681 1645 2706 noctis
1661 2679 1754 2713 ουίιιη-

967 2727 1042 2757 dam,
1057 2725 1151 2752 martis
1164 2724 1234 2751 diem
1247 2730 1360 2758 secutas,
1371 2729 1443 2752 terra
1456 2724 1693 2759 Constantinopoli
1707 2733 1754 2751 us-

968 2774 1096 2808 qttcadeo
1113 2773 1216 2798 mereri
1233 2772 1316 2806 cepit,
1337 2775 1367 2798 ut
1379 2777 1468 2799 turres
1478 2771 1580 2806 aliquot
1592 2770 1753 2805 templorum

970 2820 1148 2847 ’l‘ureicorttnt
1187 2823 1360 2852 corruerent,
1386 2818 1564 2852 ipsorumque
1592 2816 1755 2851 templorum
