1962 3071
214 155 267 190 6'23

841 140 1018 174 ANNALE’S
1037 137 1200 173 'I'URCICT.

1784 135 1841 167 εΞι

216 209 371 238 testudines
385 207 482 242 partim
503 205 586 231 rimas
602 206 726 237 agerent,
740 199 838 234 partim
856 200 931 226 humi
942 199 1002 226 col-
1018 208 1040 235 Α
1055 197 1205 224 Anatoliam
1224 196 1300 231 petiit
1316 205 1324 226 ι
1341 199 1368 224 et
1383 196 1574 231 bcglerbegum
1589 195 1733 229 Anatolite,
1753 195 1841 223 Cara-

216 255 386 284 laberentur.
398 250 589 279 Ediﬁciorum
607 254 672 274 vero
698 246 869 281 privatorum
901 243 999 270 camini

218 301 277 328 sive
293 297 454 326 infumibula
485 295 588 330 dejecta
605 296 678 324 sunt,
713 296 740 318 et
755 290 873 326 parietes
899 289 999 324 partim

218 345 396 380 ﬁssi.partim
415 340 555 376 prostrati.
573 338 666 365 Pinnae
694 344 834 364 murorum
857 335 932 364 urbis
966 335 1000 362 ad

218 399 317 420 terram
334 389 550 426 pra‘cipitarunt,
561 387 674 421 ipsaque
688 384 787 411 mmnia
800 391 861 410 cum
878 382 998 409 turribus

218 440 276 468 suis
290 436 482 466 conciderunt.
501 433 630 460 Pluribus
645 431 762 465 denique
775 428 910 464 magniﬁci
937 435 1001 462 ope-

217 486 256 513 ris
267 483 389 511 aediﬁciis
404 488 492 516 usque
502 478 536 506 ad
567 477 744 506 fundamenta
765 473 879 505 eversis,
902 477 1000 506 magna

218 530 358 558 hominum
375 526 522 555 multitudo
538 525 589 552 sub
607 524 675 559 ipsis
685 521 819 550 exstincta
835 520 885 547 fuit
895 519 999 546 ruderi-

216 578 278 605 bus.
292 575 352 610 Quo
362 581 391 603 se
402 572 554 604 conferret,
571 573 650 597 norat
663 576 752 596 nemo.
783 567 865 596 Plebs
893 566 1000 593 urbana

217 623 275 651 suis
306 629 339 648 ex
372 619 476 648 aedibus
508 617 650 651 migrans,
683 614 781 649 partim
815 611 841 639 in
873 612 999 646 plateas.

219 669 318 706 partim
352 667 380 694 in
409 672 489 693 areas
515 662 626 694 aedium,
652 660 750 696 partim
781 659 807 686 in
842 659 948 706 hortos
970 665 1003 706 se

222 703 370 750 iecipiebat
395 720 402 738 :
429 718 463 738 ne
489 708 594 737 scilicet
624 715 639 734 a
669 705 861 733 corruentibus
881 703 1003 731 aediﬁciis

223 749 452 796 opprimerentur.
474 755 581 790 Quippe
609 759 693 782 totam
717 752 790 779 illam
810 756 918 778 noctem
945 749 1004 784 pri-

221 814 294 834 mam
319 809 392 832 lerra
411 807 529 831 tremere
549 807 602 828 non
625 798 713 826 desiit.
725 797 850 831 Cumque
875 802 1002 823 somnum

220 851 309 880 oculis
322 857 403 878 nemo
425 847 531 875 videret
557 846 614 874 suis
627 864 635 878 ,
662 851 758 872 omnes
775 863 782 876 ,
811 841 850 870 ευ
871 841 1002 873 numinis,

222 903 248 926 et
272 894 436 924 Maltumetis
465 900 543 928 opem
559 892 629 919 votis
660 890 779 918 assiduis
810 888 1002 923 implorabant.
1020 877 1040 904 Β

222 943 315 971 Terra:
332 946 422 969 motus
436 940 480 967 hic
494 939 612 973 denique
658 935 798 963 continuis
823 933 1003 969 quadraginta

222 989 320 1016 diebus
335 976 361 1014 in
377 987 458 1014 horas
468 984 590 1019 singulas
611 982 706 1010 sentiri
722 980 819 1014 potuit.
832 981 900 1007 Cum
912 983 1003 1006 autem

223 1037 384 1069 remisiSSet,
400 1033 536 1067 expeditis
551 1031 685 1066 Bajazites
701 1036 750 1064 per
763 1027 918 1056 universam
933 1025 1005 1054 Ana—

220 1083 313 1111 toliam
331 1078 547 1112 Romaniamque
569 1074 705 1103 mandatis
728 1073 787 1100 suis
800 1092 808 1105 ,
827 1072 865 1099 uti
890 1070 1003 1098 sat-cho-

221 1135 277 1160 res,
298 1127 352 1154 hoc
363 1129 416 1156 est,
431 1121 592 1151 mercenarii
606 1126 632 1147 et
645 1119 757 1154 opiﬁces
770 1117 1004 1151 Constantinopo—

221 1174 268 1201 ilm
287 1171 473 1200 mitterentur,
504 1166 599 1195 edixit.
622 1164 821 1193 Conﬂuxerunt
842 1162 874 1190 ad
907 1162 1004 1189 urbem

221 1219 373 1248 fabrorum,
388 1220 442 1242 tam
453 1211 701 1243 caementariorum,
720 1217 802 1245 quam
814 1208 1004 1243 lignariorum,

221 1263 406 1298 opiﬁcumque
427 1256 658 1286 mercenarioru'm
683 1254 715 1282 ad
732 1253 872 1289 celogiuta
896 1252 1005 1298 millia»:

221 1296 321 1342 quibus
335 1306 362 1333 id
379 1306 472 1331 datum
491 1302 606 1337 negotii,
621 1304 651 1328 ut
665 1305 780 1333 accepta
795 1296 932 1327 mercede.
949 1296 1006 1323 col-

223 1355 298 1388 lapsa
329 1351 407 1379 urbis
432 1348 546 1377 aediitoia
572 1347 713 1374 reﬁcerent
734 1352 766 1372 ac
809 1344 1005 1370 instaurarent.

225 1399 375 1428 meectus
391 1395 540 1430 aBaJazite
566 1393 618 1420 fuit
632 1391 766 1429 operariis
791 1390 867 1417 hisce
889 1388 1008 1416 Jonuses

224 1453 285 1481 aga,
313 1443 501 1479 genizarorum
528 1439 677 1467 tribunus:
696 1438 742 1471 qui
763 1440 789 1464 et
809 1436 957 1470 inspector,
981 1437 1008 1460 et

223 1495 334 1519 exactor
350 1494 505 1524 operarum.
518 1492 623 1514 summa
632 1492 693 1512 cum
721 1487 863 1518 potestate,
875 1488 932 1509 SlllS
943 1488 1006 1508 cum

1053 251 1147 278 gosam
1162 242 1269 270 bassam
1302 243 1415 271 adortus
1428 248 1480 272 est.
1491 243 1616 271 Occurrit
1635 243 1738 270 homini
1757 241 1852 271 Cara?

1051 297 1116 325 gosa
1131 298 1193 317 cum
1202 290 1324 318 exercitu
1340 289 1483 322 Anatolite,
1496 291 1641 325 statimque
1653 290 1720 317 inito
1734 290 1842 324 praelia.

1052 337 1174 364 seditiosi
1186 336 1272 364 victos
1281 345 1309 364 se
1319 336 1459 368 simulare,
1473 344 1505 364 ac.
1515 336 1609 371 pedem
1618 336 1740 363 nonnihil
1753 336 1841 363 refer.

1052 390 1092 410 re.
1103 381 1170 410 Tum
1185 390 1249 409 vero
1259 381 1341 410 Turci
1354 383 1470 410 desertis
1482 382 1625 410 Ordinibus
1640 383 1708 414 suis,
1722 382 1841 408 hostium

1056 428 1251 462 impedimenta
1269 427 1386 462 diripere
1401 432 1541 462 cepcrunt.
1554 426 1709 454 Perduelles
1721 433 1797 455 vero.
1813 425 1840 452 in

1053 478 1175 508 tempore
1185 473 1327 501 conversis
1349 473 1475 506 habenis,
1491 473 1635 508 Caragoste
1652 473 1745 508 copias
1769 473 1840 500 ceci-

1053 519 1152 546 deruttt
1166 526 1173 544 :
1187 519 1330 554 ipsumque
1354 524 1459 554 raptum
1475 519 1507 546 ad
1520 518 1690 551 metropolim
1705 518 1840 545 Anatoliaa

1052 564 1183 599 Cutaigeu
1204 565 1386 597 adduxerunt,
1406 570 1433 592 et
1451 565 1581 600 oppidum
1594 565 1645 592 sibi
1657 563 1718 592 dedi
1740 567 1834 599 postu-

1052 610 1154 638 larunt.
1171 609 1196 638 Id
1207 617 1268 638 cum
1283 611 1318 638 ab
1329 611 1472 646 oppidanis
1488 611 1635 646 impetrare
1650 618 1702 637 non
1716 613 1838 645 possant,

1054 657 1080 684 in
1089 664 1183 684 eorum
1195 663 1343 692 conspectu
1357 656 1522 693 Caragosam
1539 657 1647 684 bassam
1663 657 1756 684 vivum
1774 657 1837 691 pa'o

1054 703 1227 730 transﬁxere.
1240 703 1395 731 Secundum
1412 704 1468 731 haec
1492 703 1630 738 proiectus
1645 702 1764 730 Manissa
1779 709 1842 729 cum

1055 749 1196 785 Sangiacis
1221 750 1386 784 quibusdam
1411 749 1539 777 sullanus
1566 750 1709 780 Corcutes,
1741 747 1841 776 sultanl

1054 793 1183 830 Bajazitis
1200 795 1282 828 ﬁlius,
1310 795 1402 830 copias
1415 795 1441 822 in
1469 795 1615 822 seditiosos
1644 794 1726 821 hosce
1752 794 1842 820 duxit.

1056 841 1155 867 Verum
1172 849 1260 869 caesus
1273 846 1300 869 et
1311 842 1366 876 ipse
1383 848 1443 868 cum
1461 841 1529 873 suis,
1546 840 1589 868 vix
1607 839 1669 873 fuga
1685 839 1764 867 saluti
1777 847 1843 866 (ιου-

1055 887 1150 914 suluit.
1164 887 1232 914 liinc
1243 887 1269 914 in
1285 887 1342 915 dies
1358 887 1446 914 auctis
1460 887 1575 920 viribus,
1593 887 1746 914 Anatoliam
1777 885 1843 913 Sca—

1054 933 1178 961 choeulis
1193 934 1348 962 universam
1376 941 1467 969 agere,
1501 933 1581 965 ferre,
1610 933 1747 967 multaque
1769 932 1841 959 trda

1055 979 1235 1007 committere.
1253 977 1317 1007 Post
1331 980 1412 1007 etiam
1433 986 1594 1015 progressus
1611 980 1738 1011 ulterius,
1763 978 1843 1005 Aidi—

1055 1033 1165 1053 nensem
1184 1025 1314 1053 ditionem
1341 1026 1449 1054 invasit.
1467 1025 1597 1053 Corcutes
1615 1024 1689 1058 fuga.
1707 1032 1756 1052 ceu
1783 1024 1842 1051 dir-

1055 1075 1110 1098 tum
1123 1073 1176 1104 est,
1188 1070 1310 1105 elapsus,
1334 1078 1442 1097 summa
1457 1069 1595 1098 celeritate
1607 1070 1677 1097 datis
1690 1069 1722 1096 ad
1733 1074 1837 1104 patrem

1055 1116 1162 1149 litteris,
1178 1123 1240 1143 eum
1253 1116 1286 1143 de
1304 1123 1334 1143 re
1342 1119 1396 1143 tota
1415 1117 1558 1143 certiorem
1568 1115 1840 1150 tociuBajatitesex-

1055 1163 1223 1191 candescens
1235 1162 1368 1190 adversus
1379 1162 1485 1190 vezires
1498 1169 1573 1193 suos.
1588 1169 1619 1188 ac
1630 1162 1779 1196 pra-serum
1791 1162 1844 1187 ad-

1057 1217 1153 1237 versus
1167 1209 1238 1235 Alim
1250 1200 1368 1240 bassam,
1388 1212 1415 1235 et
1431 1207 1508 1235 ducis
1534 1206 1630 1238 ﬁlium,
1643 1207 1714 1242 quod
1731 1205 1799 1234 nihil
1811 1207 1846 1234 de

1056 1255 1107 1283 hoc
1119 1259 1193 1281 motu
1204 1253 1255 1281 sibi
1268 1253 1468 1287 signiﬁcassent
1482 1261 1488 1280 :
1502 1261 1562 1280 mox
1577 1252 1646 1279 Alim
1659 1253 1767 1280 bassam
1779 1260 1843 1280 cum

1056 1301 1174 1328 exercitu
1187 1300 1213 1327 in
1229 1299 1379 1327 Anatoliam
1389 1299 1534 1334 proﬁcisci,
1554 1307 1586 1327 ac
1602 1300 1761 1327 seditionem
1773 1300 1845 1326 hanc

1057 1354 1240 1382 compescere.
1252 1346 1451 1381 perduellionis
1480 1347 1639 1375 auctoribus
1657 1347 1753 1381 capitis
1777 1354 1846 1382 eup-

1057 1393 1138 1427 plicio
1148 1391 1281 1424 multatis,
1298 1391 1380 1426 jussit
1396 1401 1403 1425 ;
1417 1391 1490 1427 quod
1504 1392 1556 1419 nisi
1574 1391 1694 1424 fecisset,
1723 1393 1843 1428 impera-

1057 1442 1149 1465 turum
1166 1445 1195 1465 se
1210 1438 1328 1465 minatus
1343 1442 1395 1469 est,
1411 1442 1440 1465 ut
1456 1438 1525 1467 cutis
1536 1438 1560 1465 ei
1584 1443 1638 1465 toto
1652 1446 1768 1473 corpore
1797 1442 1846 1466 de-

1058 1484 1221 1511 traheretur.
1240 1483 1410 1519 Quapropter
1425 1484 1490 1516 Alis,
1506 1483 1626 1512 adhibita
1642 1485 1758 1512 tttaxima
1776 1485 1840 1512 dili—

223 1527 651 1572 genizaris,esset.luterimipse,
662 1527 906 1564 quietiscapicnda:
914 1534 1006 1560 causa,
1023 1543 1045 1574 α
1061 1529 1159 1564 gentia,
1175 1529 1202 1556 in
1217 1529 1370 1556 Anatoliam
1387 1537 1416 1557 se
1430 1529 1566 1558 contulit:
1595 1538 1656 1558 cum
1674 1530 1806 1565 Bajazites
1819 1533 1844 1560 et

224 1586 312 1611 semet
325 1577 546 1613 Hadrianopolim
557 1575 681 1604 contulit.

258 1626 356 1654 Eratid
373 1623 502 1659 temporis
514 1623 540 1649 in
556 1620 696 1657 provincia
704 1616 832 1647 Tekiensi
847 1619 885 1645 vir
897 1618 1007 1653 quidam

223 1671 381 1708 primarius,
398 1670 442 1697 cui
459 1674 558 1696 nomen
575 1667 712 1695 Cltasanes
730 1666 859 1694 Chelifes.
875 1665 900 1692 is
924 1665 1007 1692 ﬁlium

225 1717 354 1750 habebat,
371 1715 416 1750 qui
442 1713 619 1741 Scaclioeulis
636 1712 790 1747 appellatus
814 1711 874 1743 fuit,
905 1715 931 1738 et
945 1712 1008 1739 totis

224 1769 269 1790 aes
279 1761 321 1789 vel
329 1765 429 1795 septem
440 1759 518 1786 annis
528 1758 562 1785 ita
573 1757 661 1790 latuit,
673 1762 702 1784 ut
711 1764 848 1791 nunquam
860 1757 1007 1791 prodierit:

224 1814 278 1842 qua
292 1805 400 1840 quidem
416 1805 450 1832 de
478 1810 559 1831 causa
577 1802 628 1830 fuit
644 1802 754 1830 habitus
768 1810 816 1836 pro
827 1803 885 1829 viro
901 1807 1007 1830 sancto.

224 1853 319 1880 Eidem
337 1851 470 1886 Bajaziles
482 1848 629 1884 quotannis
645 1853 747 1882 septem
766 1855 909 1883 asprorum
927 1848 1007 1875 millia

223 1905 300 1927 suam
311 1897 337 1925 in
348 1897 502 1931 speluncam
518 1895 623 1922 mittere
635 1894 749 1926 solebat,
770 1902 832 1921 cum
857 1893 1005 1929 ignoraret,

223 1951 284 1970 eum
297 1947 324 1970 et
336 1946 416 1970 sectte
430 1941 552 1972 alterius,
576 1945 602 1967 et
618 1939 734 1966 Kisclem
750 1939 857 1967 bassam
872 1948 942 1967 esse.
959 1939 1007 1967 llic

222 1996 298 2024 ergo,
317 1996 372 2023 quo
387 1993 507 2021 tempore
523 1985 756 2019 Constantinopoli
768 1990 877 2013 strenue
899 1986 1007 2012 labora-

222 2035 301 2062 batur
315 2035 340 2061 in
358 2034 424 2060 urbe
442 2031 600 2063 reﬁciunda,
626 2032 682 2059 suis
712 2031 766 2058 illis
796 2039 810 2059 e
840 2032 951 2059 latebris
980 2036 1007 2059 et

223 2081 347 2109 cavernis
375 2079 482 2106 tandem
520 2077 633 2113 prodiit,
659 2082 686 2104 ct
708 2077 818 2112 adjutus
835 2085 916 2112 opera
945 2086 1007 2105 suo-

223 2135 284 2154 rum
311 2125 491 2160 quorumdam
517 2124 689 2159 complicum,
717 2124 760 2150 die
790 2125 906 2158 quodam
943 2125 1007 2151 solis

224 2173 318 2200 urbem
336 2171 520 2198 Antaliensem
535 2170 675 2204 ingressus
686 2173 728 2196 est
743 2178 750 2196 :
768 2170 840 2204 quod
856 2177 888 2197 eo
900 2170 1006 2198 facilius

1061 1583 1114 1603 non
1132 1575 1255 1611 exiguam
1272 1580 1374 1609 partem
1394 1576 1475 1603 aulici
1485 1577 1526 1604 sui
1543 1577 1700 1610 comitatus.
1714 1582 1741 1606 et
1769 1579 1845 1613 geni-

1060 1630 1198 1655 urorum,
1211 1622 1396 1656 adjunxissnt:
1413 1623 1523 1658 ﬁlioque
1553 1628 1684 1658 prseterea
1701 1631 1762 1657 suo,
1790 1626 1846 1652 sul-

1059 1672 1124 1695 tano
1136 1667 1271 1700 Achmeti,
1285 1668 1362 1703 cujus
1380 1668 1494 1696 Amasite
1517 1669 1595 1697 sedes
1610 1674 1660 1702 rat,
1677 1670 1845 1704 mandasset,

1060 1719 1090 1740 ut
1104 1714 1160 1741 suis
1174 1721 1235 1740 cum
1249 1713 1339 1748 copiis
1352 1714 1394 1740 Ali
1411 1714 1499 1741 bassaa
1512 1715 1613 1742 auxilio
1628 1716 1742 1743 veniret.
1772 1717 1846 1745 Acb-

1060 1764 1146 1787 metes
1167 1759 1277 1787 Amasia
1291 1759 1440 1794 profectus,
1455 1761 1488 1787 ad
1503 1760 1573 1787 Alim
1587 1761 1693 1789 bassam
1706 1764 1822 1791 accessit
1837 1773 1846 1790 :

1059 1807 1105 1841 qui
1124 1814 1186 1833 mox
1205 1806 1276 1833 inter
1308 1814 1338 1834 se
1355 1808 1574 1841 congressi,dics
1587 1808 1847 1843 aliquotreﬁciundo

1060 1851 1138 1878 militi
1154 1851 1298 1884 dederunt,
1319 1851 1407 1886 deque
1421 1852 1490 1879 bello
1511 1853 1629 1887 gerendo
1642 1855 1846 1884 consultarunl.

1058 1895 1168 1924 interea
1201 1905 1264 1924 vero
1292 1905 1353 1924 cum
1380 1898 1466 1933 copiis
1493 1898 1520 1925 in
1549 1899 1737 1928 Caramaniam
1767 1901 1848 1929 irruit

1060 1941 1246 1974 Scachoculis,
1257 1942 1299 1969 cui
1315 1942 1485 1971 Caramanite
1506 1944 1597 1977 bassa,
1621 1953 1700 1980 quem
1729 1947 1846 1974 Chcidc-

1059 1996 1115 2016 rem
1133 1989 1239 2016 bassam
1255 1990 1396 2020 vocabant,
1410 1995 1435 2016 et
1449 1989 1597 2024 Sangiacus
1612 1992 1721 2026 quidam
1756 1994 1781 2019 in
1800 2001 1846 2021 ea-

1059 2033 1119 2060 dem
1136 2032 1287 2067 provincia,
1303 2033 1397 2061 Ziudis
1421 2033 1546 2063 Kemalcs
1567 2035 1662 2071 begus,
1675 2037 1781 2064 obviam
1801 2046 1847 2065 ve-

1060 2083 1182 2104 nerunt:
1211 2079 1364 2114 praelioque
1387 2079 1474 2106 (Iuliut
1504 2080 1603 2113 adorti,
1626 2089 1678 2108 non
1701 2082 1846 2111 inferiores

1061 2123 1141 2150 modo
1159 2123 1311 2151 discessere
1327 2132 1334 2152 :
1350 2132 1444 2152 verum
1471 2126 1551 2152 etiam
1566 2126 1683 2161 utrique,
1701 2136 1749 2162 pro
1759 2137 1846 2160 more,

1057 2175 1163 2196 resecta
1182 2168 1259 2197 fuere
1287 2170 1387 2205 capita.
1402 2171 1530 2198 Seditiosi
1562 2171 1662 2200 deinde
1684 2173 1847 2202 Caramania

223 2221 280 2244 tum
292 2217 350 2243 ﬁeri
366 2216 461 2250 potuit,
482 2216 545 2250 quia
559 2215 732 2242 commodum
750 2216 775 2241 id
797 2215 926 2249 temporis
951 2215 1004 2242 illic
1022 2210 1042 2237 Ι)
1060 2215 1162 2246 relicta.
1188 2223 1285 2243 versus
1305 2216 1445 2250 planitiem
1465 2217 1619 2246 Zibucciam
1633 2220 1824 2254 proiectisnnt
1841 2231 1846 2248 :

223 2262 418 2291 anniversaria:
440 2262 568 2289 nundinas
589 2261 809 2289 celebrabantur.
839 2260 933 2296 itaque.
960 2269 1006 2288 ea-

224 2315 298 2343 ptam
315 2308 454 2336 civitatem
471 2308 594 2342 diripuit,
610 2313 636 2334 ct
652 2308 763 2334 Gadium
778 2308 838 2342 ejus
853 2308 879 2335 in
890 2313 1007 2343 quatuor

225 2354 311 2380 frusta
346 2351 487 2384 dissecari,
521 2359 553 2379 ac
579 2351 635 2386 ipsa
665 2351 749 2378 frusta
783 2351 918 2378 distinctis
943 2351 1007 2378 locis

224 2398 352 2433 suspendi
370 2398 463 2432 jussit.
495 2396 560 2424 [nde
576 2396 665 2423 missis
679 2397 705 2423 in
736 2397 892 2430 provincias
918 2398 1008 2431 proxi-

225 2452 282 2471 tnas
296 2444 458 2476 quibusdam
475 2451 531 2470 suae.
541 2446 631 2473 sectm,
642 2449 805 2476 suarumque
818 2443 935 2477 partium
962 2443 1010 2469 ho-

225 2491 354 2521 minibus,
371 2490 530 2524 proclamari
546 2490 675 2524 pra-copit
705 2489 848 2516 advenisse
870 2489 926 2523 jam
942 2493 1009 2516 tem-

225 2544 286 2571 pus,
299 2536 365 2570 ipsis
376 2540 571 2570 opportunum,
583 2537 678 2562 saltem
689 2535 821 2569 correptis
829 2536 924 2566 armis,
935 2535 967 2562 ad
981 2543 1010 2562 sc

226 2585 411 2616 properarent.
433 2580 570 2615 Quotquot
586 2581 668 2614 igitur
685 2581 755 2605 illam
769 2584 870 2606 sectam
883 2580 1006 2614 amplec-

225 2627 362 2658 tebantur,
375 2630 401 2652 et
420 2626 534 2652 ante-hat:
547 2633 605 2651 eam
619 2630 724 2652 secreto
742 2626 873 2651 duntaxat
887 2624 1007 2659 proﬁteri

225 2674 401 2706 cogebantur,
412 2673 443 2698 ad
454 2672 524 2697 hunc
533 2679 564 2697 eo
574 2679 686 2698 numero
697 2670 899 2702 conﬁnxerunt,
911 2675 939 2697 nt
950 2678 1010 2702 per—

224 2718 299 2745 brevi
319 2718 407 2751 spatio
421 2717 564 2751 temporis,
589 2717 730 2743 hominum
751 2720 783 2742 ad
805 2716 899 2742 decem
927 2716 1009 2742 millia

224 2771 316 2791 sccum
331 2763 356 2789 in
371 2763 452 2798 336
467 2765 562 2790 castris
575 2763 695 2795 haberet.
712 2762 845 2789 Pra'tcrca
862 2762 1016 2796 complures

224 2808 369 2837 eTekiensi
385 2810 521 2843 provincia
531 2817 591 2836 cum
601 2809 658 2842 ipso
666 2817 694 2835 se
704 2809 913 2843 conjunxcrunt.
925 2809 1016 2843 Itaque

227 2853 294 2881 tales
310 2860 339 2880 ac
353 2858 441 2881 tantas
451 2854 504 2889 jam
523 2858 684 2881 consecutus
697 2854 797 2888 copias,
808 2854 896 2880 Aulali
914 2854 1015 2886 relicta,

1062 2262 1135 2295 quod
1151 2270 1211 2288 cum
1229 2257 1283 2288 Ali'
1299 2263 1386 2290 bassae
1413 2264 1594 2299 signiﬁcatum
1613 2265 1719 2299 fuisset,
1735 2274 1851 2301 magno-

1062 2315 1126 2341 pcre
1141 2308 1313 2342 perturbatus
1327 2309 1419 2335 animo
1447 2318 1453 2335 :
1467 2310 1608 2345 Quisquis,
1625 2312 1673 2343 ait,
1698 2319 1739 2339 me
1762 2319 1847 2343 amat.

1063 2353 1164 2387 absque
1178 2361 1253 2380 mora
1268 2355 1433 2382 conscendat
1448 2363 1560 2390 equum,
1576 2357 1734 2392 primusque
1744 2361 1851 2386 caeteris

1063 2397 1186 2429 exemplo
1206 2398 1329 2431 praebito.
1345 2399 1504 2426 cothcendit
1532 2407 1631 2433 equum
1650 2408 1657 2427 :
1675 2405 1702 2427 et
1731 2402 1849 2428 vercd-r-

1064 2441 1165 2467 riorutn
1183 2441 1211 2467 in
1228 2449 1329 2467 morem
1341 2441 1470 2469 festinato
1497 2442 1604 2472 itinere.
1632 2443 1787 2476 perduelles
1818 2444 1847 2470 in

1063 2493 1158 2521 can-po
1195 2485 1326 2514 Zibuccio
1347 2488 1456 2514 tandem
1486 2493 1628 2515 assecutus
1649 2493 1700 2515 est.
1728 2489 1852 2516 Stacha—

1064 2533 1133 2559 culis
1150 2537 1251 2565 autem,
1262 2533 1470 2560 Osmanicorum
1485 2534 1601 2561 adventu
1611 2535 1731 2569 cognito.
1747 2535 1820 2562 ibidc
1834 2547 1848 2560 ,ι

1064 2578 1089 2604 in
1109 2578 1219 2612 planitie
1243 2583 1330 2605 castra
1349 2579 1421 2606 vallo
1437 2580 1626 2613 communivit,
1641 2580 1754 2608 camelis
1768 2583 1850 2608 etiam

1063 2623 1089 2650 in
1105 2624 1220 2650 circuitu
1233 2623 1375 2658 dispositis
1395 2633 1401 2652 :
1419 2629 1444 2651 et
1457 2630 1518 2652 cunt
1533 2626 1625 2652 animo
1639 2634 1689 2653 suo
1706 2629 1851 2653 constituit

1066 2670 1117 2696 hoc
1131 2670 1190 2696 loco
1205 2669 1298 2697 Martis
1312 2671 1399 2697 aleam
1433 2672 1562 2706 experiri.
1590 2672 1724 2700 Prteterca
1739 2673 1853 2708 quibus-

1067 2716 1128 2742 dam
1146 2720 1301 2742 castrorum
1317 2716 1344 2742 in
1360 2716 1437 2748 locis,
1454 2717 1505 2744 hoc
1518 2718 1598 2744 modo
1613 2718 1736 2749 munitis,
1758 2723 1850 2745 turres

1068 2761 1197 2788 excitavit
1212 2768 1219 2786 :
1233 2761 1266 2788 de
1277 2761 1378 2795 quibus
1386 2761 1500 2794 suijsese
1514 2761 1854 2795 defenderent,ethostem

1070 2808 1103 2834 ab
1119 2808 1323 2842 oppugnatione
1337 2812 1490 2834 castrorum
1506 2814 1640 2837 arcerent.
1660 2808 1743 2836 Erant
1771 2809 1854 2844 igitur

1070 2853 1212 2889 hiegrcgie
1225 2853 1256 2879 ad
1268 2853 1388 2889 pra-lium
1401 2853 1548 2880 ineundum
1570 2855 1666 2889 parati.
1679 2854 1714 2883 Ex
1727 2855 1853 2886 adverso,
