1962 3071
109 141 170 178 (Ξῖ

738 146 912 176 ANNALES
932 147 1097 180 TURCICI.

1674 149 1727 180 826

108 197 169 223 licet
183 197 238 223 Alis
252 197 330 225 hassa
351 186 444 225 socrum
463 204 489 226 et
503 199 560 234 ipse
577 201 661 227 nmlta
679 200 763 227 millia
775 201 892 228 militum
910 203 932 231 Α
947 202 973 228 in
1001 201 1160 230 Romaniam
1174 204 1308 231 abiturus.
1322 205 1413 239 Itaque
1422 203 1651 234 Cofediscedens.
1662 203 1727 229 Chi-

108 244 285 275 adduxisset,
312 248 403 271 tamen
428 245 491 279 quin
509 250 579 273 totos
603 246 661 273 dies
683 247 889 281 quatuordccim

107 289 153 315 iilo
182 290 278 317 itinere
315 291 465 318 veredariis
481 300 564 327 prope
589 293 664 326 paria
683 293 798 323 fecerat,
836 299 890 319 non

107 335 180 361 viros
195 335 339 366 duntaxat.
356 337 411 363 sed
424 345 511 372 equos
523 338 603 364 ctiam
627 338 767 365 laboribus
781 338 884 364 exhau-

109 387 165 407 sto:
187 381 315 408 habebat.
329 382 513 411 Nihilominus
531 384 608 411 hoste
624 389 772 418 conspecto
790 393 796 411 :
821 384 892 410 Ten-

109 427 206 452 damus
222 427 248 453 in
265 435 323 460 eos,
336 429 434 462 inqttit.
451 429 503 456 Sed
521 435 580 456 erat
598 430 624 456 in
642 430 762 456 exercitu
779 430 890 463 quidam

107 471 281 502 Caramuses.
297 474 537 507 stipendiariorum
554 475 714 510 prafectus,
742 483 812 510 quos
827 475 892 502 Ulo-

110 516 179 543 fezio
198 518 305 550 dicunt.
324 520 366 546 vir
380 521 418 547 rei
446 521 572 548 militaris
607 522 752 556 insigniter
776 522 889 556 peritus.

110 564 134 590 Is
149 564 190 591 Ali
208 565 295 593 bassae
325 567 653 603 respondens:Exspecta
670 569 806 601 nonnihil,
819 570 892 601 ait,o

111 611 294 641 bassa,donec
307 614 444 640 exercitus
457 614 501 640 alii
515 622 544 640 se
555 615 696 641 nobiscum
707 614 887 649 coniungant.

109 656 179 682 Fieri
221 659 325 692 ιιι-ιιυίι,
365 664 394 686 ιιι
436 660 524 687 hostis
568 667 583 687 e
628 661 755 687 manibus
790 663 891 689 nostris

108 703 241 730 clabatur.
272 705 310 730 Ad
327 712 411 731 unum
453 705 597 738 duntaxat,
626 707 778 733 alterumve
808 707 890 740 diem,

110 749 233 781 praelium
248 749 339 777 ditfer.
358 750 446 777 Etiam
462 752 627 780 Ramasams
643 752 724 785 ﬁlius,
735 753 891 780 Arianorum

110 794 204 827 negas.
227 796 304 823 nobis
320 797 444 824 subsidio
460 798 542 826 venit.
557 798 634 831 Sine,
652 807 756 834 quasso.
783 805 892 829 nostras

109 839 145 864 uti
159 840 255 874 copias
275 841 391 868 aliorum
408 844 566 871 accessione
585 844 703 879 majores
718 850 746 873 et
758 845 893 874 ﬁrmiores

108 885 267 913 efﬁciamus.
284 887 340 915 Alis
350 893 441 915 autem
453 889 532 916 bassa
544 890 682 918 vicissim:
699 891 777 924 Quis,
793 891 892 925 inquit,

108 937 147 958 rst
165 932 222 959 Alis
239 932 328 965 basta,
344 934 440 966 quisve
472 935 580 961 tandem
601 936 670 962 alter
695 936 750 969 ille,
766 937 846 964 nobis
865 943 894 964 ut

107 978 165 1010 eius
183 978 219 1004 sit
233 980 434 1013 exspectandus
451 978 582 1007 adventus
603 980 614 1007 τ
638 981 771 1008 Nimirum
796 982 852 1009 Alis
879 991 895 1009 e

109 1027 244 1052 potestate
259 1028 333 1050 totus
347 1025 462 1052 exierat.
479 1025 597 1060 Ideoque
613 1026 688 1054 rabie
706 1027 824 1061 quadam
848 1035 894 1054 ac-

110 1073 155 1096 tus
173 1068 279 1096 hostem
296 1070 410 1097 invasit:
427 1078 483 1103 quo
510 1071 625 1104 factum,
638 1076 742 1100 utacre
769 1074 893 1108 prmlium

108 1114 340 1143 committeretur.
363 1115 400 1142 Eo
415 1117 507 1149 pra-lio
520 1118 662 1146 Chasanes
678 1119 812 1154 Chelifos,
830 1122 895 1148 Sca-

108 1171 114 1183 ι
124 1161 231 1188 hoculis
242 1166 326 1196 pater,
338 1163 437 1197 sagitta
451 1164 618 1198 vulneratus,
629 1170 657 1193 et
678 1167 760 1201 paulo
770 1173 830 1200 post
845 1176 894 1196 ex-

108 1207 228 1234 stinctus
237 1206 288 1233 fuit
305 1215 312 1233 ε
325 1216 381 1243 quo
393 1211 658 1242 mortuo,tumultus
667 1216 749 1246 atque
765 1214 896 1247 strepitus

109 1253 205 1287 ingens
222 1254 310 1281 audiri
320 1255 392 1288 cepit
408 1255 433 1281 itt
447 1256 545 1284 castris
556 1257 759 1291 seditiosorum.
771 1259 893 1294 Quapro~

109 1303 169 1333 pter
182 1299 241 1328 Alis
272 1300 362 1332 bassa,
374 1302 512 1329 concitato
530 1304 683 1331 calcaribus
700 1312 781 1339 equo,
792 1307 896 1334 medios

109 1346 135 1372 in
148 1346 242 1374 hostes
252 1347 358 1375 delatus
371 1353 396 1375 et
411 1349 444 1375 ab
456 1349 495 1376 eis
508 1350 617 1377 occisus
628 1357 680 1377 est.
692 1350 769 1383 Quod
784 1354 894 1386 quidem

110 1390 198 1423 ipsius
208 1392 358 1426 conspicati
373 1393 485 1426 milites,
500 1399 577 1429 terga
586 1395 695 1423 dedere.
715 1396 895 1425 Scaehoculis

109 1437 161 1464 hac
176 1438 281 1471 potitus
311 1439 435 1471 victoria,
457 1447 554 1468 versus
581 1440 725 1470 Parthicos
743 1443 811 1471 ﬁnes
844 1445 897 1471 iter

108 1485 220 1515 direxit,
252 1483 407 1512 Tebrisium
430 1487 625 1520 profecturus;
642 1496 704 1515 cum
735 1497 819 1524 prope
837 1490 894 1525 jam

943 247 988 273 lim
1004 248 1157 282 navigavit:
1176 249 1434 283 Chili,Beligradum
1450 249 1533 275 venit.
1550 249 1613 283 Ejus
1633 249 1670 275 rei
1687 248 1726 274 fa.

941 299 984 319 ma
995 292 1254 328 Constantinopolim
1267 295 1298 321 ad
1307 295 1444 321 Iullanum
1457 294 1604 328 Bajazitem
1614 294 1726 327 perlata,

942 338 1055 364 Cadium
1075 339 1150 365 urbis
1169 339 1350 373 Sarigresem,
1365 344 1392 367 et
1422 340 1574 372 Seguancm
1607 339 1725 369 bassam,

942 383 1045 418 legatos
1056 384 1087 410 ad
1103 384 1186 411 ﬁlium
1200 385 1284 416 misit.
1300 393 1416 419 quorum
1431 385 1590 412 etconsiliis
1606 389 1728 411 uteretur

942 429 1065 461 Selimes,
1079 435 1106 456 et
1122 431 1233 457 monitis
1250 431 1440 458 instrueretur.
1473 430 1506 457 Hi
1524 429 1633 457 cumrad
1660 429 1728 456 Scli-

943 482 1013 502 mem
1028 476 1224 510 pervenissent,
1241 482 1366 503 aucmres
1376 477 1398 503 ei
1413 476 1530 507 fuerunt,
1551 476 1589 503 uti
1606 483 1682 503 suam
1700 476 1727 501 in

942 521 1070 549 ditionem
1085 522 1184 549 rediret
1198 531 1205 549 :
1224 530 1257 549 ne
1273 522 1340 549 forte
1353 522 1482 550 fratribus
1495 523 1576 550 etiam
1612 523 1670 549 suis
1683 529 1728 548 oc—

943 568 1080 594 casionem
1099 568 1242 601 praeberet,
1261 569 1416 595 consimilia
1442 569 1565 602 quaedam
1594 567 1726 594 tentandi.

943 612 982 639 Ad
998 621 1029 640 ea
1047 614 1213 648 rcrpondeus
1227 614 1342 642 Selimes
1357 624 1364 642 τ
1391 616 1488 642 Annon
1516 615 1672 642 mandatum
1687 613 1727 640 di-

944 660 1045 686 vinitus
1062 665 1112 692 est,
1129 660 1227 694 inquit,
1251 661 1288 687 uti
1305 669 1369 688 suos
1382 662 1499 695 quisque
1511 665 1635 695 purcntcs
1649 660 1728 686 tertio

942 705 983 732 vel
995 711 1091 740 quarto
1100 713 1207 740 quoque
1217 715 1288 733 anno
1305 707 1421 734 invisat?
1439 708 1493 733 Huc
1510 707 1633 740 equidem
1645 714 1726 733 causa

943 759 1042 783 motus,
1055 752 1108 778 iter
1127 752 1177 778 hoc
1194 752 1332 787 perﬁciam
1349 761 1355 784 ;
1372 758 1397 779 ct
1407 758 1482 786 patre
1500 753 1621 784 visilnlo,
1640 760 1727 778 monui

944 799 970 824 in
984 798 1112 824 ditionem
1130 804 1262 827 revertar.
1279 800 1316 825 Ad
1335 807 1480 826 summam.
1499 799 1730 825 abbot-instituto

944 844 1022 879 legati
1045 843 1171 872 Sclimem
1195 845 1270 872 nullo
1295 845 1434 871 dimovere
1460 845 1542 872 modo
1571 849 1727 878 potuerunt.

945 891 1062 924 ideoque
1081 891 1226 918 redeuntes
1245 891 1275 917 ad
1293 891 1438 925 Bajazitem
1465 891 1512 917 ﬁlii
1544 897 1660 917 mrntrm
1698 897 1730 916 ac

945 938 1106 964 sonti-titiam
1123 937 1191 970 patri
1220 937 1420 964 renuntiarunt.
1451 936 1475 963 Is
1505 937 1593 963 dinuo
1628 937 1730 970 legatos

945 983 1012 1009 alios
1026 981 1060 1009 ad
1072 982 1199 1009 Selimem
1220 983 1303 1015 misit,
1320 991 1351 1009 ac
1372 983 1425 1009 diri
1439 983 1493 1008 ﬁlio
1510 983 1599 1015 jussit,
1615 982 1653 1008 uti
1682 981 1731 1007 Sc-

946 1028 1094 1054 mrndriam
1110 1036 1139 1055 se
1155 1029 1289 1063 reciperet
1309 1038 1314 1054 :
1331 1036 1411 1063 quem
1426 1028 1482 1062 ipse
1491 1028 1675 1061 sangiaratum
1693 1027 1731 1053 illi

945 1074 1123 1101 attribuisset.
1145 1074 1259 1109 Negavit
1276 1074 1302 1101 id
1323 1082 1353 1101 se
1379 1074 1516 1101 facturum
1532 1074 1614 1107 ﬁlius,
1643 1074 1731 1100 omni-

946 1128 1036 1156 noque
1048 1128 1077 1147 se
1087 1125 1191 1154 patrem
1204 1121 1280 1156 prius
1299 1121 1437 1148 aditurum
1454 1120 1605 1155 respondit.
1615 1120 1731 1154 ejusque

946 1174 1044 1194 manus
1059 1167 1258 1200 osculaturum,
1276 1172 1358 1202 atque
1372 1166 1410 1193 ita
1422 1166 1519 1193 deinde
1533 1166 1729 1193 discessurum.

947 1212 1100 1240 Evenerunt
1111 1214 1167 1240 hinc
1185 1220 1256 1240 anno
1265 1213 1329 1240 917.

983 1258 1138 1286 Secundum
1160 1259 1204 1286 illa
1223 1259 1342 1293 perrexit
1358 1259 1385 1286 in
1413 1259 1511 1286 itinere
1534 1265 1584 1286 suo
1609 1257 1732 1286 sultanns

947 1305 1075 1337 Selimes,
1091 1310 1117 1332 et
1135 1305 1359 1340 Hadrianopolim
1385 1305 1472 1340 petiit.
1503 1305 1570 1332 Inde
1593 1312 1655 1332 cum
1678 1311 1735 1330 non-

947 1350 1040 1384 procul
1053 1351 1174 1382 abesscl,
1188 1350 1284 1378 relicta
1298 1351 1433 1385 Bajazites
1452 1349 1657 1384 Hadrianopoli,
1674 1356 1733 1375 ver-

947 1403 993 1422 sus
1007 1394 1274 1429 Constantinopolim
1292 1397 1369 1423 abiit.
1392 1395 1514 1423 Habebat
1528 1399 1618 1421 autem
1639 1401 1732 1421 serum

947 1449 1042 1469 omnes
1058 1441 1167 1469 Vezires
1184 1450 1260 1476 suos,
1275 1449 1302 1470 et
1318 1443 1400 1477 begos
1418 1442 1570 1475 sangiacos.
1581 1446 1605 1468 et
1622 1441 1733 1468 milites.

948 1487 1053 1521 Quippe
1066 1489 1201 1515 mandatis
1218 1488 1364 1521 publicatis
1379 1488 1511 1520 edixerat,
1531 1487 1571 1513 uti
1596 1494 1687 1513 serum
1703 1494 1736 1512 eo

109 1528 245 1556 Parthicis
256 1536 270 1555 θ
285 1530 386 1559 ﬁnibus
401 1531 538 1563 abeSSent.
572 1533 681 1560 obviam
706 1535 747 1562 eis
762 1542 896 1563 caravana
909 1541 932 1573 ρ
950 1534 1196 1568 proficiscerentur.
1214 1534 1273 1566 Qua
1290 1535 1324 1561 de
1343 1542 1425 1561 causa
1440 1538 1595 1561 commotus
1609 1533 1735 1564 Selimrs.

110 1577 238 1609 quaedam
250 1576 332 1608 venit,
342 1585 435 1604 secum
450 1585 465 1604 e
474 1577 582 1605 Parthia
595 1579 695 1606 sericas
707 1585 732 1606 et
744 1580 810 1608 alias
823 1590 895 1609 Incr-

109 1630 156 1650 σοι
167 1623 279 1650 vehens.
293 1623 356 1651 Eam
368 1631 530 1652 caravanam
540 1625 719 1654 Scachoculis
732 1627 857 1661 diripuit,
870 1633 897 1655 ct

107 1674 247 1704 quotquot
258 1670 329 1698 hanc
342 1671 545 1698 comitabantur
561 1672 697 1703 homines.
710 1672 825 1700 interﬁci
836 1674 896 1708 jus-

110 1716 149 1742 sit
162 1724 170 1742 :
187 1723 250 1742 cum
265 1716 414 1749 ignoraret,
431 1723 491 1744 esse
505 1716 774 1751 opesillztslsmaelis
785 1718 896 1751 Scacbi,

110 1763 162 1789 hoc
176 1767 220 1790 est
232 1762 304 1796 regis
321 1761 497 1790 Parthorum.
512 1762 562 1790 Ubi
577 1762 730 1791 'l'ehrisinm
747 1766 896 1796 venissent,

108 1808 216 1835 tribuni
232 1808 362 1841 militum,
383 1808 531 1843 caterique
545 1809 676 1844 praefecti,
702 1809 838 1838 Scachum
861 1810 899 1838 ls-

111 1854 222 1881 mailem
251 1853 382 1881 adierunt
399 1858 448 1881 :et
476 1854 509 1881 ad
531 1856 613 1889 pedes
638 1855 724 1890 Ipsius
750 1857 897 1891 provoluti,

111 1902 245 1927 honorem
259 1900 285 1927 ei
315 1908 364 1935 pre
375 1900 452 1928 more
469 1901 590 1935 gentium
604 1901 725 1936 illarum,
737 1903 897 1932 exhibuere.

111 1946 183 1973 Tum
200 1954 266 1973 vero
285 1945 408 1974 St-achus
421 1947 513 1974 lsmail
528 1956 534 1974 :
547 1947 615 1980 Quis
627 1953 722 1975 auctor
736 1949 812 1976 vobis
835 1949 898 1983 fuit,

113 1993 214 2027 inquit,
233 1997 262 2019 ut
276 1993 407 2027 adoptivo
421 1993 492 2028 patri
506 2000 568 2020 meo
585 1994 680 2022 bassas
695 1999 722 2022 et
735 1994 818 2030 begos
833 2003 900 2023 suos

111 2039 288 2071 occideretis,
300 2039 416 2074 ejusque
445 2043 576 2074 praeterea
606 2040 731 2067 subditos
755 2042 838 2069 rebus
867 2050 899 2070 ac

111 2086 291 2113 tacultatibus
309 2086 367 2113 suis
382 2086 536 2120 spoliaretis
547 2085 558 2112 2
570 2086 625 2114 Illis
655 2086 899 2122 respondentibus,

110 2133 138 2158 id
149 2133 242 2160 absse
272 2132 385 2165 factum.
401 2138 432 2160 ut
457 2132 568 2168 ipsimet
592 2133 695 2161 lsmaili
722 2133 829 2161 Scacho
843 2142 900 2161 rem

111 2183 216 2211 gratum
231 2178 364 2211 facerent,
385 2184 412 2206 et
434 2178 563 2206 homines
579 2185 593 2205 a
609 2184 683 2207 recta
706 2180 758 2207 ﬁde
784 2180 899 2214 alienos,

111 2226 257 2256 barbaros,
272 2219 453 2256 facinorosos.
475 2224 509 2251 de
538 2224 628 2255 medio
640 2225 768 2252 tollerent
782 2247 789 2259 ,
805 2233 903 2253 rursus

111 2279 162 2299 cos
173 2272 347 2307 compellans
364 2270 487 2299 Scachus
498 2271 579 2309 337
592 2271 735 2301 Parthicus
752 2281 758 2298 :
778 2273 808 2300 Et
837 2273 903 2307 quid

112 2319 237 2350 Iaudem,
266 2317 393 2352 subjecit,
409 2308 546 2345 earavana
554 2308 784 2352 culpaecommisit
798 2318 826 2345 in
842 2325 902 2350 vos.

113 2372 169 2399 qua
186 2363 298 2395 irritati,
315 2367 343 2391 et
360 2364 485 2391 homines
503 2364 654 2396 Occidistis,
689 2370 716 2391 et
735 2372 800 2398 opes
830 2364 904 2399 ipsas

114 2409 294 2445 diripuistis?
310 2410 349 2437 Ad
362 2418 422 2444 qua
439 2410 475 2437 illi
491 2418 554 2437 cum
572 2410 640 2437 nihil
655 2411 798 2442 haberent,
828 2411 901 2445 quod

115 2457 158 2482 sui
173 2456 307 2490 purgandi
325 2462 409 2483 causa
432 2456 459 2482 in
477 2455 597 2483 medium
624 2455 755 2482 aﬁerrent
771 2463 779 2482 :
794 2463 903 2482 omnem

117 2503 191 2529 illam
212 2501 359 2529 colluviem
376 2503 518 2529 hominum
534 2503 569 2529 ita
586 2502 712 2528 distribui
728 2502 851 2529 Scachus
869 2501 906 2528 ls-

119 2548 290 2583 mailjussit.
306 2553 338 2576 ut
361 2548 462 2583 singuli
497 2549 661 2575 PartImrnm
694 2555 822 2583 proceres
845 2549 905 2584 ejus

120 2594 249 2621 mandato
263 2594 357 2630 viginti
370 2594 403 2622 ad
429 2602 459 2622 se
496 2595 648 2628 reciperent
664 2606 673 2622 .-
697 2599 811 2622 caeteros
842 2601 906 2621 vero

120 2639 273 2673 praefectos,
308 2645 390 2674 atque
409 2641 535 2670 tribunos
565 2641 700 2675 ipsorum,
727 2641 906 2668 trucidandos

120 2686 241 2713 Carinis
252 2686 311 2713 suis
325 2686 436 2720 objecit.
449 2686 527 2719 Quod
540 2694 606 2714 sane
622 2694 684 2713 cum
711 2687 816 2718 absque
830 2694 906 2713 mora

123 2732 209 2763 ﬁeret.
245 2732 352 2767 dignam
383 2733 549 2760 facinoribus
586 2731 715 2759 admissis
754 2732 906 2759 mercedem

124 2779 218 2805 tulere.

162 2824 227 2850 Dum
244 2823 301 2851 lucc
318 2824 344 2850 in
362 2823 424 2850 Asia
435 2828 606 2859 gererentur.
626 2823 801 2851 Tarabosane
817 2823 908 2858 profe-

127 2874 184 2896 ctus
195 2871 319 2897 sultanus
338 2870 464 2902 Sclimcs,
475 2870 585 2902 nmigio
596 2870 680 2897 Cofcn
697 2871 800 2901 appulit
814 2878 821 2902 ;
834 2871 907 2898 illinc

947 1585 974 1606 et
990 1580 1164 1607 consiliarios
1198 1588 1263 1608 suos
1290 1581 1449 1615 appellans:
1475 1580 1603 1612 Nullum.
1634 1580 1734 1613 inquit.

947 1626 1053 1653 hostem
1068 1626 1201 1654 habemus
1215 1626 1286 1653 inter
1303 1626 1525 1661 Hadrianopolim
1552 1631 1579 1653 et
1600 1625 1736 1653 Constan~

949 1672 1100 1707 tinopolim.
1113 1672 1168 1699 Cur
1180 1681 1245 1708 ergo
1253 1677 1291 1700 tot
1305 1680 1442 1706 proceres,
1452 1676 1478 1700 et
1492 1672 1572 1699 talem
1585 1679 1616 1699 ac
1627 1677 1733 1699 tantum

948 1716 1097 1743 exercitum
1109 1721 1183 1751 pater
1197 1724 1287 1744 secum
1300 1716 1388 1744 ducit?
1401 1716 1476 1744 Haud
1485 1716 1567 1744 dubie
1579 1717 1644 1744 nihil
1660 1717 1733 1744 aliud

949 1763 1006 1788 haec
1021 1763 1198 1796 portendunt,
1215 1769 1295 1796 quam
1310 1763 1383 1797 quod
1398 1762 1510 1789 fratrem
1525 1769 1630 1794 meum,
1646 1762 1735 1789 sulta-

949 1816 1014 1835 unm
1029 1808 1197 1840 Achmetetn,
1212 1815 1304 1835 rerum
1335 1808 1568 1836 administrationi
1598 1808 1736 1843 praeﬁcere

949 1853 1061 1887 cogitat.
1077 1853 1195 1887 Ideoque
1205 1860 1312 1880 summa
1329 1860 1395 1880 usus
1414 1853 1564 1886 celeritate,
1590 1861 1643 1880 non
1674 1860 1735 1887 pro-

950 1899 993 1926 cul
1009 1906 1023 1926 a
1040 1898 1120 1926 Zorlo
1134 1903 1237 1933 patrem
1255 1903 1399 1927 assecutus
1412 1903 1463 1927 est.
1493 1899 1531 1926 lbi
1559 1903 1617 1926 tum
1648 1899 1737 1933 copiis

951 1945 1079 1979 utrinque
1092 1945 1331 1976 concurrentibus,
1348 1945 1382 1972 ad
1407 1944 1608 1972 dimicationem
1626 1949 1736 1971 ventum

951 1991 1016 2019 fuit.
1031 1991 1094 2019 Erat
1110 1992 1135 2019 id
1153 1992 1286 2026 temporis
1304 1991 1440 2019 imbecilla
1468 1990 1603 2025 Bajatites
1634 1991 1739 2017 valetu-

951 2037 1026 2069 dine,
1044 2045 1106 2064 cutn
1118 2044 1168 2064 nec
1183 2037 1297 2072 pedibus
1323 2037 1362 2064 uti
1388 2044 1438 2064 nec
1462 2037 1586 2071 equitare
1622 2040 1738 2071 posset:

951 2091 1038 2118 eaque
1052 2085 1086 2110 de
1099 2091 1181 2111 causa
1197 2090 1281 2110 curru
1296 2083 1458 2115 vehebatur,
1472 2082 1516 2110 cui
1543 2083 1634 2109 velum
1650 2082 1738 2108 obdu-

951 2135 1040 2162 xcrat.
1059 2130 1179 2158 numinis
1202 2129 1322 2160 interim.
1333 2129 1547 2164 Mahumetisqne
1556 2128 1598 2155 sui
1608 2127 1739 2155 auxilium

954 2176 1115 2211 implorans.
1128 2176 1197 2203 Cum
1210 2176 1360 2210 perexiguo
1378 2175 1510 2210 temporis
1528 2173 1671 2201 intervallo
1688 2181 1739 2208 pu-

918 2217 941 2246 b
956 2228 1068 2257 gnatum
1086 2227 1160 2251 esset
1185 2223 1273 2250 victus
1303 2220 1431 2253 Selimes,
1444 2220 1519 2249 omni
1550 2220 1679 2247 thesauro
1691 2227 1740 2247 suo

956 2270 1060 2303 relicto,
1073 2269 1142 2304 fugae
1155 2276 1186 2296 se
1203 2269 1279 2296 dedit
1293 2277 1300 2295 :
1318 2275 1350 2295 ac
1365 2268 1473 2294 tandem
1498 2267 1621 2301 pervenit
1646 2267 1673 2293 in
1701 2266 1740 2292 vi-

955 2323 1018 2343 cum
1034 2316 1191 2349 quemdam,
1203 2315 1287 2342 situm
1308 2314 1341 2341 ad
1357 2321 1444 2346 mare,
1461 2313 1535 2347 quod
1551 2311 1664 2347 Nigrum
1690 2320 1740 2338 vo~

956 2367 1029 2390 rant.
1044 2361 1073 2388 Ei
1092 2362 1151 2388 vico
1164 2369 1262 2388 nomen
1277 2365 1317 2387 est
1333 2360 1430 2394 llidge.
1447 2358 1499 2386 ilic
1514 2366 1609 2395 navem
1634 2358 1740 2393 ingrcs-

957 2416 1014 2438 sus.
1030 2408 1176 2435 tranmisso
1193 2408 1273 2438 mari.
1287 2407 1371 2434 Cot‘en
1389 2414 1418 2433 se
1435 2405 1562 2432 contulit.
1579 2404 1632 2431 Sed
1645 2404 1740 2431 eadem

959 2454 1048 2481 hieme
1063 2452 1157 2481 ru:sns
1173 2454 1199 2480 in
1210 2453 1370 2480 Romaniam
1382 2451 1528 2486 navigavit.
1539 2451 1656 2483 Quidam
1668 2451 1740 2477 enim

956 2508 1085 2535 proceres
1098 2499 1180 2526 aulici
1195 2503 1287 2533 partes
1300 2498 1402 2525 sultani
1435 2497 1576 2524 Achmctis
1602 2497 1742 2528 fovebant,

958 2548 1085 2574 nimirum
1096 2546 1155 2580 ipse
1166 2545 1387 2576 Cadileschcrus,
1405 2549 1432 2570 ct
1456 2542 1618 2571 Niscbanzis
1649 2543 1742 2574 bassa.

957 2599 981 2621 et
990 2592 1106 2621 Jonuzes
1122 2593 1211 2625 bassa,
1223 2591 1268 2625 qui
1282 2590 1440 2618 muneribus
1451 2589 1532 2617 etiam
1542 2589 1569 2616 in
1581 2589 1653 2615 hunc
1662 2588 1742 2615 ﬁnem

959 2639 1071 2672 paratis,
1089 2638 1189 2673 populo
1208 2641 1401 2672 persuaserant
1416 2635 1554 2663 sultanutn
1583 2634 1742 2661 Acbmetcm

960 2685 1034 2711 brevi
1048 2684 1219 2716 adfuturum,
1233 2687 1260 2709 et
1272 2684 1332 2710 loco
1342 2683 1437 2716 ,patris
1449 2682 1663 2715 imperaturum.
1695 2679 1744 2706 Hic

959 2735 1048 2758 autem
1067 2735 1181 2757 cenatus
1201 2737 1296 2756 corum
1323 2731 1388 2755 'cum
1413 2727 1548 2762 genilaris
1568 2725 1743 2757 innotuisset,

961 2782 1039 2804 nocte
1048 2777 1166 2812 quadam
1184 2776 1211 2803 in
1223 2776 1297 2804 :cdes
1311 2776 1432 2810 ipsorutn
1447 2774 1595 2804 irruentes.
1610 2771 1743 2803 Quidquid

960 2825 986 2851 in
1003 2823 1044 2851 eis
1061 2828 1198 2857 rcperluut
1211 2827 1294 2855 esset,
1327 2822 1507 2856 diripuerunt.
1537 2820 1630 2846 Itidem
1663 2825 1744 2843 noun

961 2869 1096 2897 (Iliasan‘ts
1113 2869 1201 2896 bassm
1218 2869 1327 2895 domum
1342 2868 1472 2896 καταδεῖ.
1487 2865 1556 2893 foede
1568 2863 1719 2894 spoliarunt
1736 2869 1742 2888 ;
