1962 3071
113 166 164 207 6'29

743 181 919 212 ANNALES
935 183 1106 214 TURClCl.

1683 190 1736 220 60

113 231 226 259 Selimes
248 236 323 261 extra
353 239 458 268 portam
484 234 787 272 Hadrianopolitanam.
816 238 1043 271 ollieiiATantts
1058 227 1119 269 cum
1136 242 1224 277 copiis
1249 243 1275 270 in
1294 241 1431 271 Parthiam
1447 244 1598 279 profectus,
1624 252 1735 273 manum

111 285 204 310 (ausa,
219 286 280 306 eum
297 279 454 309 deduceret.
471 281 606 318 Bajazites
623 291 639 311 c
666 291 749 312 curru
765 292 828 312 cum
840 284 896 312 lilio

112 323 280 359 colloquens,
297 325 330 353 de
342 327 434 355 multis
450 336 511 356 enm
538 331 620 357 rebus
649 330 805 359 admonuit.
833 331 897 359 Inde

113 376 205 397 mutuo
222 371 274 398 sibi
290 377 365 405 pater
381 378 463 408 alque
480 375 552 402 filius
563 375 726 403 valcdixere.
744 376 797 405 Sed
820 375 899 412 Bajaa

111 415 176 442 zites
191 416 242 443 hoc
257 417 353 445 itinere
368 419 474 447 delatus
489 421 514 448 in
547 422 637 448 vicum
667 423 825 457 quemdam,
853 423 896 451 cui

113 468 210 489 nomen
230 462 348 498 Chapse.
361 465 444 492 vitam
460 473 521 493 cum
539 471 627 495 tnorte
640 468 831 497 commutavit.
846 468 899 496 Re-

112 511 204 535 vectns
219 513 310 536 autem
327 518 341 536 a
358 511 416 538 suis
432 511 715 548 Constantinopolim,
743 515 771 542 in
785 516 897 550 templo,

110 554 180 588 quod
198 555 256 588 ipse
267 561 474 588 construxerat.
494 559 623 587 cuntLitns
641 559 703 587 fuit.

146 598 304 628 Secundum
318 601 375 629 haec
399 603 538 638 profectus
564 609 604 632 est
630 606 755 634 sultauus
784 606 899 635 Selimes

112 646 245 674 universis
260 655 322 674 cum
337 649 424 683 copiis
441 651 468 676 in
495 651 666 682 Anatotiam.
697 660 816 687 cumque
841 654 897 689 jatn

111 693 280 726 pervenisset
291 693 434 729 Engnrtm,
452 695 550 723 fratrer
566 697 635 730 ejus.
649 698 774 726 sultanns
784 699 900 727 Aehme-

112 744 161 771 tes,
180 738 214 766 ad
231 740 297 767 lines
310 741 444 769 Arabicos
465 743 597 778 profugit.
612 743 689 777 Quod
725 746 771 774 ubi
785 746 900 775 Selitnes

111 786 269 819 accepisset,
285 787 383 816 itinere
398 793 515 823 mutato,
535 790 651 819 Prnsam
669 792 752 820 rediit
771 783 781 820 .-'
806 793 900 828 ibique

111 832 281 867 Mnstapham
300 834 421 868 bassam,
437 844 499 863 cum
514 836 620 871 aliquot
651 837 767 866 fratrum
784 846 899 867 suorum

112 878 185 910 rdiis.
205 881 372 915 strangulari
384 882 503 910 curavit.
534 883 598 911 lude
625 883 770 912 Mauissatn
803 889 900 913 contra

948 293 1010 314 cum
1025 287 1133 314 lsmaibe
1147 289 1247 317 scacho
1262 296 1408 318 conserere
1428 291 1556 318 decrevit.
1568 290 1662 320 lsmail.
1671 299 1736 318 vero

948 333 1049 361 sultaui
1083 333 1191 363 Selimis
1225 336 1354 364 instituto
1381 337 1501 371 cognito.
1533 344 1603 365 cum.
1628 337 1737 365 Parthis

949 378 1006 405 suis
1033 384 1060 406 et
1086 380 1142 414 ipse
1173 381 1243 408 ltosti
1272 382 1380 409 obviam
1411 383 1508 417 prodiit
1531 391 1539 414 ;
1563 390 1595 410 ac
1628 383 1736 410 tandem

949 426 1103 460 congressis
1135 427 1160 453 in
1193 428 1306 461 planitie
1336 429 1463 463 quadam,
1497 437 1559 464 quas
1586 428 1738 457 Zalderana

950 470 1061 503 dicitur,
1094 473 1236 508 utriusque
1262 475 1346 509 partis
1375 475 1554 506 erercitibus,
1577 483 1593 503 a
1618 475 1739 502 diluculo

950 517 984 543 ad
999 519 1244 550 postmeridianum
1262 528 1349 555 usque
1365 526 1472 556 tempus
1486 522 1642 549 dimicatum
1667 522 1740 549 inter

950 570 998 591 eos
1011 563 1071 592 fuit.
1091 564 1208 591 lsmailis
1223 567 1315 593 scaehi
1328 574 1472 602 supremus
1486 567 1547 595 belli
1563 567 1631 600 dux,
1659 567 1740 595 Ustav

953 609 1037 637 zelvis
1067 611 1138 639 lilius
1156 633 1164 645 ,
1196 614 1338 647 Anatolieo
1378 615 1457 642 militi
1488 615 1633 650 oppositus
1662 619 1740 646 erat;

952 653 1092 684 Romaniae
1105 657 1199 692 copias
1222 658 1339 692 ipsemet
1353 660 1469 688 scachns
1498 660 1590 688 Ismail
1618 660 1670 688 sibi
1694 661 1742 688 tle-

952 701 1094 730 bellandas
1124 708 1287 738 sumpserat.
1316 704 1368 732 Sed
1398 706 1532 734 Anatolio:
1563 706 1742 741 beglerbegus

951 748 1020 775 adeo
1036 748 1143 776 fortiter
1155 749 1227 777 hosti
1250 751 1361 785 restitit,
1387 757 1417 779 ut
1451 752 1558 780 tandem
1585 752 1742 780 Ustazelves

951 794 1132 822 occideretur.
1153 796 1192 824 Ab
1212 797 1297 825 altero
1312 805 1421 833 quoque
1448 799 1515 826 aciei
1540 798 1624 826 latere
1637 807 1742 834 pugna-

952 843 1009 867 tum
1039 841 1168 877 utrinque
1191 847 1312 877 strenue,
1331 844 1418 871 donec
1435 845 1468 872 ad
1492 849 1647 873 extremum
1671 846 1742 872 Cha-

953 893 1035 914 sanes
1050 887 1142 920 bassa.
1170 888 1311 917 Romaniae
1336 890 1524 925 beglerbegns,
1548 891 1741 919 occumberet:

112 926 383 971 fratrem,snltanunt
397 929 558 964 Corcutem,
577 931 660 959 movit
682 940 690 960 :
721 931 770 960 sed
795 933 819 962 is
849 933 900 961 Te-
916 917 938 947 Î’
953 917 1140 962 Nihilominus
1160 933 1267 963 Thures
1292 935 1348 965 Alia
1370 917 1485 971 ubegusu,
1511 917 1634 964 llhleozii
1660 917 1742 969 titius.

111 970 229 999 ltiensem
250 973 278 1000 in
296 975 465 1009 provinciam
481 976 548 1004 abiit
568 985 576 1005 :
605 985 660 1013 quo
689 980 811 1014 cognito.
845 980 901 1015 pri~

112 1019 389 1054 tnumejanitoribus
407 1022 476 1053 suis.
505 1031 588 1058 quem
615 1024 736 1052 Azemim
763 1025 899 1054 Casanam

110 1067 194 1098 Agam
208 1068 351 1100 vocabant,
369 1067 481 1106 fratrem
494 1076 509 1096 a
526 1074 603 1105 tergo
616 1072 742 1106 persequi
756 1071 852 1106 jussit.
876 1072 901 1100 Is

110 1111 233 1140 adhibita
247 1113 390 1149 diligentia
406 1116 535 1149 maxima,
559 1117 667 1144 tandem
681 1117 755 1145 illuni
774 1118 800 1145 in
816 1126 901 1154 specu

110 1161 229 1193 quodam
244 1160 435 1200 deprehendit,
451 1167 478 1189 et
489 1163 561 1197 cepit
578 1163 710 1198 :jamque
744 1169 853 1199 captum
868 1165 901 1192 ad

111 1205 207 1233 herum
218 1214 298 1234 suum
309 1207 437 1235 Selimem
455 1209 710 1242 addueens,obvios
726 1210 820 1238 habuit
834 1219 902 1238 nun-

111 1253 258 1287 tios.apud
284 1253 413 1288 oppidum
439 1254 523 1290 339
542 1254 680 1290 Egrigos:
713 1255 758 1282 ubi
784 1264 844 1282 mox
869 1257 903 1284 de

112 1298 240 1324 mandato
256 1297 367 1326 Selitnis
380 1298 515 1327 Corcnles
526 1300 727 1335 strangulatus,
743 1306 770 1328 et
785 1301 904 1328 cadaver

110 1346 167 1380 ejus
183 1346 298 1375 Prusam
318 1351 438 1381 vectum,
455 1347 554 1376 ibidem
586 1354 764 1378 monumento
779 1348 830 1376 fuit
846 1349 904 1376 illa-

111 1398 178 1421 tum.

145 1440 215 1468 Cum
246 1444 336 1468 autem
369 1441 494 1470 sultauns
527 1441 643 1470 Selimes
673 1442 755 1470 etiam
788 1442 903 1470 alterum

111 1485 224 1513 fratrem
249 1494 340 1519 suum,
373 1487 511 1515 sultanum
536 1487 705 1520 Achtnetem,
740 1495 907 1522 magnopere

110 1537 222 1568 cuperet
235 1533 262 1560 in
288 1537 450 1568 potestatem
479 1533 631 1567 redactum,
660 1538 719 1562 astu
738 1534 904 1569 excogitato,

110 1580 253 1606 bassarum
269 1583 295 1606 et
321 1579 510 1613 genizarorum
531 1579 642 1607 nomine
669 1580 773 1607 litteras
796 1580 829 1607 ad
843 1588 904 1607 eum
918 1595 942 1626 Î¿

111 1625 242 1659 perscribi
255 1625 349 1659 jussit,
367 1633 484 1658 quarum
499 1625 651 1654 litterarum
665 1626 723 1654 haec
751 1631 809 1654 erat
827 1634 902 1654 sum-

111 1681 154 1700 ma
168 1674 336 1704 -.Sultanum
359 1673 487 1701 Selimem
507 1674 654 1701 crudeliter
672 1673 699 1701 in
716 1674 837 1701 omnium
851 1680 901 1701 saa-

110 1721 168 1748 vire
188 1720 282 1747 vitam.
297 1720 335 1747 Ea
349 1720 382 1747 de
409 1727 493 1747 causa
510 1727 540 1748 se
551 1719 608 1755 jam
627 1724 758 1754 pertaesos
775 1727 836 1747 esse
852 1729 903 1755 pn-

110 1767 233 1793 lttlllOlllS
262 1766 352 1794 istius.
385 1765 510 1794 Prodiret
529 1767 609 1794 modo
634 1765 792 1797 Achmetes,
826 1775 858 1795 ac
875 1775 903 1795 se

110 1813 335 1848 conspiciendum
353 1813 495 1848 prteberet,
515 1820 576 1840 mox
595 1813 618 1840 ei
646 1817 754 1848 captum
773 1813 909 1842 Selimem.

110 1860 272 1888 tradituros.
309 1859 375 1886 Data
409 1867 475 1886 vero
506 1858 556 1886 fuit
582 1867 677 1894 opera,
712 1864 742 1887 ut
768 1859 908 1895 ejusmodi

111 1909 267 1934 litterarum
283 1905 406 1940 exempla
421 1904 456 1934 50
471 1905 511 1932 vel
527 1904 561 1932 60
576 1905 685 1935 sultano
699 1905 823 1936 Acltmeti
842 1905 903 1933 red-

110 1950 258 1980 uterentur.
286 1944 379 1985 Itaque
411 1958 525 1978 numero
565 1951 717 1978 litterarutn
750 1952 902 1986 deceptus,

111 2000 190 2025 iidem
206 1997 247 2024 cis
274 1996 380 2028 habuit,
405 2001 510 2025 etcum
546 1997 632 2025 milite
663 1997 817 2027 Caramano
845 1998 903 2025 suis

108 2053 123 2070 Îµ
137 2043 249 2070 latebris
263 2042 289 2069 in
304 2047 427 2078 apertum
446 2043 556 2077 prodiit,
576 2043 717 2079 Quotquot
734 2049 813 2072 erant
841 2052 903 2073 cum

108 2098 142 2114 ÏÎ¿
162 2096 298 2123 proceres,
324 2089 395 2116 hanc
415 2087 609 2124 profeCtionem
642 2090 856 2125 dissuadebam,
877 2094 914 2118 et.

110 2135 233 2161 futurum
265 2134 374 2163 aiebant
403 2139 431 2162 ut
464 2135 717 2165 circumveniretur.
748 2137 801 2166 Sed
833 2138 903 2173 ipse,

109 2181 210 2208 litteris
224 2181 278 2208 illis
289 2181 415 2223 exhibitis
425 2189 458 2211 ac
470 2183 613 2216 perlectis:
627 2183 738 2215 Demus.
750 2183 798 2215 ait.
814 2192 906 2211 exem-

109 2227 153 2260 pla
168 2225 263 2261 viginti
276 2226 371 2253 harum
387 2227 540 2254 litterarum
565 2234 627 2255 esse
644 2227 711 2255 falsa
724 2233 904 2258 etconnnen-

953 985 1008 1005 una
1020 985 1082 1005 cum
1095 978 1178 1007 fratre
1193 987 1255 1013 suo,
1269 985 1323 1008 tam
1337 982 1435 1009 acriter
1451 983 1509 1010 hnc-
1521 982 1614 1016 praelia
1628 990 1657 1010 se
1680 990 1744 1017 ges-

954 1023 1002 1055 sit.
1027 1029 1058 1052 ut
1080 1025 1206 1054 hostibus
1237 1027 1370 1062 disjectis,
1394 1029 1427 1056 ad
1452 1028 1566 1056 lstnailis
1591 1029 1743 1056 scachive-

953 1069 1049 1097 xillum
1061 1070 1219 1104 primarium
1248 1077 1418 1107 penetraret,
1437 1074 1543 1108 ipsique
1570 1074 1670 1101 scaeho
1687 1074 1748 1100 vute

954 1123 1006 1144 nus
1024 1114 1168 1152 infligeret.
1184 1118 1282 1145 Verum
1297 1126 1311 1146 a
1325 1120 1418 1146 scachi
1443 1120 1606 1148 satellitibus
1629 1125 1742 1155 Î¹Î¹Î¹-Ï„á½·Î¼Î¹Î±

954 1167 1090 1192 mactatus
1103 1165 1212 1192 cecidit.
1227 1164 1283 1192 Sub
1301 1166 1403 1193 exitum
1432 1166 1483 1192 diei
1499 1165 1588 1193 fessus
1607 1166 1663 1201 jam
1681 1173 1747 1192 cunt

955 1210 1013 1236 suis
1024 1210 1173 1244 praeliando
1189 1211 1316 1243 scachus,
1332 1211 1404 1238 hosti
1420 1212 1515 1244 cessit,
1528 1217 1554 1239 et
1566 1212 1656 1247 fugam
1674 1212 1744 1238 arri-

955 1255 1166 1289 puitzordaqne
1181 1264 1242 1288 sua,
1259 1264 1321 1284 cum
1353 1257 1483 1285 omnibus
1506 1257 1587 1285 rebus
1615 1265 1674 1291 qua:
1700 1257 1744 1285 Illa

955 1301 1279 1334 eutttinebantur,bostis
1304 1302 1419 1330 arbitrio
1445 1303 1550 1334 relicta.
1589 1303 1744 1331 'l'ebtisium

957 1355 986 1376 se
999 1347 1112 1381 recepit.
1128 1346 1222 1382 Itaque
1235 1347 1332 1376 Turcis
1350 1349 1416 1376 orda
1428 1349 1540 1376 schachi
1555 1349 1652 1384 praeda:
1682 1348 1744 1380 fuit.

957 1393 1003 1427 qui
1017 1394 1098 1421 etiant
1115 1394 1141 1420 in
1157 1401 1188 1420 ea
1225 1400 1356 1429 ceperunt
1382 1402 1464 1422 unam
1481 1395 1514 1422 de
1543 1394 1634 1422 scaclti
1653 1394 1745 1422 uteri-

959 1439 1021 1472 bus,
1036 1446 1099 1465 cutn
1129 1444 1235 1466 exteras
1265 1439 1407 1472 mulieres,
1438 1447 1499 1474 quas
1534 1440 1587 1467 illis
1602 1440 1628 1466 itt
1649 1440 1750 1467 castris.

958 1484 1076 1516 fuerant,
1092 1485 1195 1520 pedites
1218 1493 1282 1512 ctnn
1311 1485 1418 1520 reliquo
1440 1486 1601 1514 Parthorum
1625 1486 1746 1515 exercitu

959 1530 1112 1558 Tebrisinm
1127 1531 1267 1559 abiissent.
1284 1531 1407 1559 Scacltus
1419 1536 1522 1563 autem.
1541 1532 1635 1559 relicto
1649 1531 1746 1563 Tybriâ€”

959 1576 1011 1609 sio,
1025 1584 1086 1603 cum
1108 1584 1163 1604 non
1188 1584 1283 1611 magna
1311 1584 1424 1607 suorum
1442 1585 1527 1605 manu
1551 1577 1700 1606 Sn'taniant
1717 1585 1746 1604 se

957 1622 1081 1650 contulit.
1112 1622 1214 1650 Interea
1242 1623 1397 1651 Tebrisium
1422 1631 1584 1658 progressus
1616 1623 1744 1655 Selimes,

954 1677 1051 1696 omnes
1075 1669 1150 1696 urbis
1176 1670 1305 1701 artillees,
1318 1677 1412 1700 omnes
1423 1670 1539 1698 eximios
1554 1670 1667 1704 opiï¬ces
1692 1672 1747 1697 eol-

955 1716 1053 1747 lectos.
1080 1715 1346 1750 Constantinopolim
1374 1717 1456 1745 misit.
1479 1716 1605 1751 Cumque
1620 1716 1666 1743 illa
1686 1715 1746 1743 hie-

956 1769 1000 1790 me
1015 1761 1147 1797 cogitaret
1162 1762 1188 1790 in
1203 1762 1325 1791 hibernis
1350 1762 1383 1789 ad
1409 1762 1580 1797 Carabagum
1612 1763 1741 1790 subsiste-

956 1817 997 1840 re,
1014 1817 1069 1836 non
1083 1808 1135 1835 hoc
1149 1816 1211 1836 eutn
1238 1808 1437 1836 tumultuantrs
1464 1808 1555 1836 facere
1572 1809 1643 1842 passi
1671 1808 1747 1836 luere

956 1855 1087 1890 genizari.
1104 1855 1273 1890 Quapropter
1302 1854 1444 1884 Amasiam
1474 1854 1587 1882 redttcto
1615 1855 1745 1886 exon-itu,

956 1901 1056 1928 ibidem
1074 1900 1236 1933 hibernavit,
1259 1903 1311 1928 sub
1329 1900 1435 1931 initium
1450 1900 1552 1927 a'statis
1580 1900 1745 1927 Camaeltum

956 1949 1106 1983 profectus,
1117 1957 1176 1978 eam
1190 1949 1329 1976 civitatem
1356 1948 1509 1983 occupavit.
1526 1947 1637 1975 [nterim
1667 1948 1744 1974 Sitta-

957 2002 1019 2022 netn
1034 1995 1141 2022 basszttn
1160 1994 1317 2022 eunuchum
1333 1994 1359 2021 in
1381 1993 1607 2029 Dulgadirensetn
1637 1995 1745 2027 provin-

957 2041 1027 2068 ciant
1040 2041 1186 2075 ablegavit,
1203 2041 1249 2075 qui
1274 2041 1370 2067 ducem
1397 2040 1457 2075 ejus
1484 2040 1603 2075 regionis
1629 2039 1746 2067 Aladeu-

957 2088 1009 2115 lem
1026 2087 1096 2115 bello
1112 2087 1261 2115 invaderet.
1277 2087 1301 2114 ls
1314 2086 1486 2120 Dulgadirem
1503 2087 1652 2120 ingressus.
1679 2085 1745 2113 Ala-

956 2135 1064 2163 deuletu
1078 2135 1190 2162 ntinitne
1206 2136 1378 2162 resistentem
1391 2135 1462 2168 cepit
1480 2139 1507 2161 et
1520 2134 1608 2168 capite
1634 2138 1744 2161 trunca-

957 2183 1005 2214 vit,
1033 2190 1189 2217 quanquam
1225 2182 1270 2210 alii
1303 2182 1411 2211 tradant
1436 2181 1585 2216 suspendio
1616 2187 1742 2209 necatum

959 2229 1053 2256 fttisse.
1069 2228 1203 2257 Ultionem
1229 2236 1293 2255 vero
1325 2229 1450 2256 sultauus
1474 2228 1588 2256 Selintes
1612 2228 1654 2255 Ali
1680 2228 1748 2263 Î¹Î¹Î¹Î‡ÎµÎ¿

109 2273 190 2302 titia;
219 2280 282 2299 mnu
303 2272 373 2300 idem
400 2273 433 2300 de
457 2273 563 2301 caeteris
591 2281 699 2308 quoque
729 2275 899 2309 pronuntiari
918 2281 940 2308 Ï…
954 2275 1100 2307 concessit,
1116 2275 1163 2309 qui
1178 2283 1209 2302 rx
1226 2274 1364 2302 Aladeulis
1381 2274 1463 2303 fratre
1476 2280 1554 2302 natus
1569 2279 1638 2302 erat.

107 2319 236 2353 oportet?
253 2317 347 2353 itaque
375 2326 453 2348 suam
476 2323 592 2347 secutus
620 2320 789 2354 opinionem,
811 2321 903 2355 copias

109 2366 137 2391 in
157 2364 271 2391 fratrem
282 2364 372 2391 duxit.
385 2364 454 2392 Cum
471 2365 497 2392 itt
513 2365 656 2400 planitiem
675 2359 850 2400 pervenisset
868 2367 902 2393 ad

109 2410 251 2444 Neapolim
267 2410 446 2443 Caramaniae,
475 2411 509 2438 ab
523 2412 645 2438 exercitu
662 2411 763 2439 sultani
792 2412 903 2440 Selimis

110 2459 238 2489 obrutus,
257 2465 353 2492 parum
372 2465 435 2485 cutn
463 2458 520 2485 suis
534 2462 646 2486 strenue
665 2465 721 2485 rem
747 2458 846 2493 gessit:
872 2466 904 2485 ac

110 2505 212 2535 \ictus,
235 2503 304 2538 fugae
321 2511 350 2531 se
377 2504 468 2533 dedit:
491 2505 516 2531 in
532 2512 585 2538 qua
599 2505 660 2539 fuga
677 2508 774 2538 captus
789 2504 904 2531 Aehute-

110 2556 164 2581 tes,
180 2555 208 2577 et
228 2549 415 2585 strangulatus
430 2549 491 2578 fuit.
509 2550 642 2579 Esstincti
657 2551 774 2578 Cadaver
790 2550 902 2579 lâ€˜rusatu

111 2597 300 2630 tit-portatum,
311 2602 339 2624 et
351 2597 449 2624 ibidetn
461 2597 486 2623 in
501 2598 738 2625 monumentoluit
750 2597 903 2626 conditum.

113 2642 175 2668 ll.uc
187 2648 277 2669 autem
300 2643 457 2671 acciderunt
470 2651 541 2670 anno
560 2643 612 2671 920
625 2643 700 2678 (Chr.
716 2644 806 2679 1515).

150 2688 282 2715 Sultauns
293 2697 357 2723 ergo
375 2690 490 2716 Selitues
515 2691 570 2724 jatn
590 2690 665 2717 solus
683 2690 798 2724 imperio
829 2695 904 2718 tran-

113 2734 199 2768 quillo
212 2735 321 2768 petitus.
334 2735 365 2762 ad
383 2734 482 2762 bellum
498 2735 645 2769 gerendum
672 2735 802 2762 adversus
820 2735 904 2763 Isma-

115 2781 190 2810 á½·Î¹Î¹-Î¹Î·.
203 2780 332 2807 sehacutu
346 2779 522 2813 Parthorum,
535 2788 564 2808 se
578 2781 764 2816 comparavit:
790 2786 817 2809 ct
840 2789 906 2809 cur-

115 2827 190 2853 ribus
212 2827 245 2853 ad
261 2827 381 2854 vehenda
402 2831 546 2858 tormenta.
577 2827 736 2862 caeterisque
762 2828 844 2855 rebus
859 2835 906 2856 ne-

115 2872 236 2898 cessaris
256 2871 417 2904 instructus,
428 2879 523 2900 omnes
537 2880 604 2900 suos
627 2873 763 2901 exercitus
786 2873 905 2908 collegit,

116 2917 145 2945 in
161 2917 264 2954 quibus
277 2923 355 2946 erant
371 2918 512 2947 hominum
544 2910 579 2947 ad
593 2918 791 2956 quadringenta
807 2919 903 2949 millia.

993 2321 1051 2348 Hoc
1071 2325 1196 2355 tempore
1221 2320 1347 2351 Genizari
1374 2327 1486 2355 magnas
1506 2320 1623 2346 Amasia:
1652 2319 1747 2346 turbas

955 2368 1119 2397 excitavere,
1135 2374 1196 2393 cum
1211 2366 1236 2392 in
1264 2366 1334 2393 Piris
1360 2365 1447 2392 bassae
1462 2370 1555 2394 castra
1575 2374 1621 2399 per
1636 2365 1748 2392 seditio-

956 2421 1016 2442 netu
1033 2414 1178 2442 irruerent,
1201 2413 1263 2439 Erat
1284 2417 1340 2443 ttun
1359 2411 1457 2439 snltani
1482 2411 1591 2438 Selintis
1608 2412 1744 2439 veziraze-

956 2467 1026 2490 lues,
1040 2460 1184 2486 Acitntctes
1206 2459 1254 2485 has
1269 2466 1296 2490 a,
1317 2458 1449 2493 Ducagini
1464 2459 1550 2484 films:
1569 2466 1648 2492 quctn
1676 2458 1746 2485 Seli-

957 2513 1012 2532 mes
1033 2504 1147 2532 interfici
1178 2504 1271 2538 jussit,
1299 2505 1396 2534 collata
1419 2504 1445 2530 itt
1462 2511 1524 2531 eum
1553 2505 1643 2538 culpa,
1675 2505 1746 2539 quod

957 2549 1071 2584 hujusce
1087 2550 1276 2584 genizurorum
1292 2550 1435 2577 seditionis
1451 2555 1483 2577 et,
1505 2551 1633 2578 conscius
1649 2553 1676 2577 et.
1701 2558 1749 2577 au-

957 2602 1017 2624 ctor
1033 2597 1193 2624 exstitisset.
1221 2596 1289 2627 llinc
1317 2597 1426 2623 Antasia
1451 2596 1597 2624 discedens
1622 2595 1747 2627 Selitnes.

956 2642 1222 2678 Constantinopolim
1239 2643 1322 2670 abiit:
1336 2643 1380 2669 ubi
1390 2651 1519 2677 generum
1533 2651 1623 2674 suum,
1639 2643 1748 2670 lscltcu-

956 2688 1049 2718 derem
1077 2689 1275 2722 bassam,una.
1292 2697 1354 2716 cntu
1383 2688 1517 2717 Talisade
1544 2688 1746 2721 Cadileseltero,

956 2740 984 2762 et
1014 2735 1072 2762 Bali
1101 2734 1185 2762 Geme
1214 2735 1338 2770 Segnane
1366 2735 1458 2767 bassa,
1485 2735 1620 2770 supplicio
1651 2735 1748 2770 capitis

956 2780 1064 2812 alfecit;
1094 2780 1167 2815 quod
1190 2781 1265 2816 ipsos
1281 2782 1363 2809 etiam
1382 2782 1485 2809 diceret
1510 2781 1648 2808 Amasiani
1673 2782 1749 2815 gt'ni-

957 2834 1084 2854 zarornm
1114 2827 1246 2855 tumultus
1274 2832 1400 2855 auctores
1438 2828 1532 2856 fuisse.
1566 2827 1747 2862 Contigerutzt

957 2874 1014 2901 lucc
1027 2882 1100 2901 anno
1113 2874 1163 2902 921
1181 2875 1255 2904 (Chr.
1270 2875 1362 2910 l5â€œ).

994 2921 1149 2948 Secundum
1164 2921 1220 2950 haec
1233 2921 1355 2950 collectis
1380 2920 1497 2949 Selimes
1510 2919 1638 2948 omnibus
1661 2919 1746 2954 copiis
