1962 3071
198 171 250 198 607

826 171 1000 202 ANNALES
1019 173 1122 203 TUHC
1134 173 1195 202 ιρι.

1761 175 1814 206 [σε

196 225 271 253 aliud
293 225 343 252 iter
355 225 486 260 arripuit,
504 224 606 252 Novam
619 225 767 253 adeundo:
787 234 868 261 quant
889 235 978 254 arcem
994 229 1016 259 Α
1030 231 1085 254 tum
1106 228 1234 260 restituit,
1256 233 1281 254 et
1303 235 1334 255 ex
1349 228 1395 255 illo
1426 233 1546 263 tempore
1563 229 1649 256 solida
1675 229 1724 256 fuit
1740 232 1811 259 ami.

199 279 260 298 cum
277 271 351 298 omni
370 279 434 306 agro
465 271 579 298 ﬁnitimo
605 279 661 299 sua:
676 272 787 300 ditionis
806 272 878 300 fecit.
909 273 980 299 Ulte-

199 319 258 345 rius
274 318 353 344 etiam
368 319 516 352 progressi.
534 317 673 345 Romanis;
702 319 977 354 beglerl‘cguseunn-

198 363 278 393 chus,
295 362 337 389 cui
352 370 448 389 nomen
466 362 588 390 Scachus
604 363 740 390 Abedi'nes
754 364 842 394 bassa.
854 368 879 390 et
895 363 980 390 Edzes

201 410 294 442 bong,
313 412 338 435 et
350 408 441 435 isacus
470 408 554 441 begus
568 416 676 435 omnem
707 408 780 435 illam
810 409 978 443 provinciam

199 454 301 487 rapinis
316 454 478 481 exhaustam
498 454 610 482 Muralis
642 456 756 490 imperio
786 455 978 486 subdiderunt,

198 509 270 526 anno
290 500 341 527 845
361 500 463 535 (1439).

235 555 366 582 Sullanus
400 561 489 582 autent
523 556 651 588 liurates,
684 557 787 584 relictis
805 556 977 588 bisceloeis,

197 601 420 636 Hadrianopolim
451 610 575 629 reversus
610 603 736 630 est:ubi
761 611 821 629 cum
854 603 980 638 aliquan-

197 649 282 682 tisper
295 647 466 680 subsisteret,
480 647 566 675 Mcsiti
584 649 656 683 bego
673 649 697 675 id
712 649 812 683 negotii
840 648 924 680 dedit,
951 652 979 675 ut

199 703 247 729 per
259 695 414 723 Vaiachiam
429 695 455 721 in
476 695 621 730 Ungariam
638 700 801 730 penetraret,
816 702 979 729 omnemque

201 742 336 775 regionem
374 742 447 779 illam
478 740 610 775 direptam
636 746 771 768 vastaret.
807 741 860 768 Sed
890 740 978 768 Mesiti

199 786 346 821 lingariam
361 787 496 821 ingresso,
513 794 565 814 non
592 794 625 814 ex
646 787 730 813 animi
758 787 892 814 sententia
914 794 980 815 suc-

196 835 281 861 cessit
296 835 445 869 expeditio.
459 835 563 870 Quippe
584 842 646 861 cum
659 835 792 862 universis
811 835 896 870 copiis
921 835 979 862 suis

195 886 284 905 c:csus
294 883 321 905 et
339 879 516 914 interemptus
542 879 603 912 fuit,
624 886 695 906 anno
715 880 767 907 8.15
783 879 858 914 (Chr.
887 880 978 914 N40).
993 901 1018 930 Β

235 935 301 969 Ejus
316 935 403 964 cladis
434 940 546 971 accepto
571 936 678 967 nuntio,
706 936 833 970 Sophiam
859 935 980 963 Mnrates

199 981 323 1009 suit-anus
337 990 367 1009 se
382 982 509 1016 contulit,
521 983 612 1017 ibique
636 987 856 1013 castrametatns.
876 982 981 1016 bcgler-

199 1026 296 1061 llegtttn
329 1027 486 1060 Romaniae,
510 1028 638 1055 scbacum
668 1027 814 1054 Abedinem
856 1027 979 1057 bassam,

199 1082 261 1100 cunt
293 1073 429 1100 universis
456 1073 595 1100 Romaniut
620 1073 716 1107 copiis,
743 1077 770 1099 et
796 1073 932 1104 Acanziis,
955 1075 982 1099 et

199 1119 350 1151 chizaris,
374 1119 523 1153 expedivit,
553 1123 594 1151 ut,
612 1123 752 1153 peragrata
768 1118 903 1148 Valacliia.
928 1117 983 1144 Utt-

200 1166 301 1197 cariam
316 1165 519 1200 popularentur.
536 1166 587 1193 Eos
599 1166 625 1192 iu
644 1164 812 1200 Ungarorum
842 1166 910 1192 lines
934 1164 982 1191 de-

198 1210 268 1238 latos
300 1212 479 1246 impressione
506 1212 596 1239 subita
618 1211 718 1239 Jancus
743 1212 852 1242 invasit,
875 1210 982 1244 cecidit,

203 1257 340 1284 interemit
354 1266 360 1283 :
379 1258 438 1292 ipso
450 1258 532 1285 etiam
546 1258 708 1293 beglerbego
738 1263 848 1288 necato,
865 1262 892 1284 et
909 1265 984 1283 eam-

201 1303 263 1330 dent
279 1310 341 1330 cum
354 1303 448 1331 Mesite
464 1304 527 1330 belli
557 1304 696 1331 fortunam
739 1309 862 1339 experto.
891 1303 984 1330 Conti-

201 1353 300 1383 gerunt
318 1349 375 1377 hac
393 1356 466 1377 anno
477 1349 529 1377 846
545 1350 621 1382 (Chr.
641 1349 732 1384 lui).

233 1407 406 1435 Caramauiaa
420 1409 514 1442 begns,
534 1407 568 1435 de
582 1408 658 1435 hisce
676 1407 828 1435 Turcorttm
862 1406 986 1434 cladibus

199 1453 301 1481 certior
327 1453 427 1486 factus,
452 1454 604 1480 Anatoliatn
637 1461 699 1481 cum
725 1454 811 1488 copiis
834 1453 985 1489 ingressus,

200 1499 310 1527 Belnlen
325 1499 455 1534 oppidum
469 1500 592 1528 tentavit.
605 1499 634 1527 id
651 1500 697 1527 ubi
720 1500 902 1534 signiﬁcatum
930 1499 985 1526 sul-

198 1545 264 1572 lano
280 1544 499 1577 Muratituisset,
528 1545 701 1580 expeditione
735 1552 832 1580 magna
848 1544 984 1572 celeritate

197 1596 337 1626 suscepta,
354 1591 480 1618 Ibrabimi
492 1590 574 1627 327
588 1591 740 1618 Caramano
766 1591 867 1618 bellum
879 1590 982 1617 intulit:

196 1637 288 1672 quoin
303 1641 444 1665 montuosa
459 1637 528 1669 loca,
545 1644 655 1672 przeque
672 1637 745 1664 saxis
757 1637 841 1668 invia,
862 1636 982 1671 dilapso:

199 1688 367 1710 transactum
384 1683 503 1717 denique
519 1683 657 1718 negotium
672 1682 734 1716 fuit,
747 1686 775 1711 et
785 1684 909 1711 suitanus
928 1683 986 1711 Mu-

198 1735 272 1757 rates
292 1728 511 1764 Hadrianopolim
528 1729 620 1756 rediit.

236 1787 346 1822 Accepit
377 1791 466 1814 autem
495 1786 520 1814 id
537 1787 669 1823 temporis
686 1786 813 1815 nuntium
836 1787 869 1814 de
898 1791 985 1814 morte

199 1831 247 1858 lilii
266 1831 320 1863 sui,
334 1831 433 1859 sultani
460 1832 600 1864 Aladinis‘,
616 1833 662 1868 qui
692 1833 809 1860 Amasis:
829 1833 911 1860 rebus
935 1833 984 1860 ltu—

201 1878 289 1905 mauis
318 1882 485 1905 excesserat.
532 1878 601 1906 Dum
633 1883 743 1915 propter
777 1880 849 1908 illius
879 1878 983 1907 obitum

200 1924 508 1956 adhucinluctncsset.
525 1933 572 1953 rex
598 1924 782 1961 ngarorum,
809 1934 871 1954 cum
904 1926 984 1954 Ianco

201 1975 228 1998 et
240 1971 336 1999 Laznri
355 1971 419 2004 lilio,
447 1978 508 1998 sese
537 1973 631 2006 movit,
662 1977 770 2000 etcum
801 1973 923 2000 exercitu
951 1973 984 1999 ad

200 2018 316 2047 ciisuras
330 2017 464 2046 Isiadinas
477 2019 603 2046 accessit.
616 2019 756 2047 Adversus
771 2019 822 2046 hos
846 2018 985 2054 profectus

201 2063 341 2092 Romaniae
367 2064 545 2100 begierbegus
571 2065 690 2093 Casanes
720 2065 810 2096 bassa,
829 2072 891 2092 cum
917 2064 986 2092 Tur-

199 2111 288 2138 chane
298 2111 375 2146 δεδι),
391 2115 418 2138 et
437 2111 574 2138 universis
586 2111 728 2139 Romanis:
754 2111 850 2146 copiis.
865 2116 892 2139 et
922 2119 984 2139 cum

200 2155 337 2186 Acanziis,
353 2155 447 2190 prmiio
472 2164 534 2183 cum
548 2156 588 2184 eis
600 2163 763 2191 congressus
779 2160 830 2183 est.
852 2155 904 2183 Sed
922 2164 984 2183 cum

200 2201 359 2230 Torcitaucs
374 2202 469 2238 begus,
496 2202 598 2230 amisso
629 2203 722 2237 vigore
739 2203 834 2234 animi,
854 2211 909 2237 pro:
928 2202 985 2230 for-

1030 274 1227 308 citiajuuctus.

1066 319 1168 347 Interea
1185 320 1352 348 Caralitanus
1368 320 1519 348 ibrahimes
1542 320 1626 355 begus
1649 321 1824 353 Anatoliam.~

1031 370 1104 392 moto
1120 366 1202 397 bello.
1222 367 1341 393 turbavit
1354 375 1362 393 :
1377 366 1449 401 quod
1468 366 1512 393 ubi
1524 367 1678 394 nuntiatum
1701 369 1812 395 sultano

1031 409 1137 443 fuisset,
1153 411 1179 437 in
1195 411 1347 438 Anatolium
1361 411 1480 439 transiit:
1497 417 1522 439 et
1536 419 1598 439 cum
1616 413 1811 443 Genizaromnt

1030 457 1112 484 aulici
1126 458 1282 490 comitatus,
1299 457 1484 492 Anatoliaeque
1501 458 1598 492 copiis,
1628 460 1812 487 Caralitanum

1030 499 1147 528 invasit.-
1164 501 1209 535 qui
1224 509 1286 528 mox
1304 502 1365 536 fuga
1391 503 1471 530 rebus
1490 503 1547 530 suis
1574 504 1721 531 consuluit.
1746 505 1813 532 Erat

1029 547 1099 581 apud
1112 548 1184 574 hunc
1199 548 1225 575 in
1242 549 1402 575 auctoritate
1415 549 1533 576 maxima
1562 549 1690 577 Sarumes
1703 550 1811 584 quidam

1029 591 1154 626 Jacupes,
1168 601 1217 627 pro
1233 594 1291 621 viro
1312 599 1408 621 sancto
1434 595 1551 622 habitus.
1569 595 1594 623 Is
1618 596 1651 622 ad
1673 596 1812 624 sultanum

1030 636 1161 664 Muratent
1173 639 1323 674 ablegatus.
1340 640 1456 667 invicem
1475 646 1620 675 utrumque
1639 641 1691 668 sibi
1719 649 1814 669 recou-

1030 683 1140 710 ciiiavit.
1158 684 1215 716 Qua
1233 692 1298 718 pace
1318 685 1450 718 confecta,
1481 686 1602 714 Murates
1627 687 1748 714 exercitu
1770 688 1814 715 di-

1031 729 1125 762 misso,
1143 729 1288 757 Mauissam
1310 731 1447 765 protectus
1472 736 1535 759 est:
1556 732 1601 759 ubi
1626 740 1688 759 cum
1716 738 1814 767 sponte

1030 782 1059 802 se
1075 775 1188 808 imperio
1198 775 1363 808 abdicasset,
1382 777 1463 804 tilium
1478 778 1530 805 sibi
1551 778 1690 806 sultanum
1705 780 1814 808 hiut-be-

1029 826 1128 847 metcm
1146 821 1298 855 substituit,
1317 823 1397 857 eique
1423 823 1552 851 Chelilem
1569 825 1678 852 Itassam
1696 826 1813 854 vezirem

1031 866 1163 900 adiunxit,
1178 875 1239 895 cum
1255 868 1378 896 Meuiana
1405 862 1559 904 Chuerue,
1583 871 1630 906 qui
1658 871 1746 900 oliicio
1769 880 1815 899 ca-

1033 913 1174 940 dilescberi
1202 915 1381 949 fungeretur:
1402 917 1544 944 amborum
1581 917 1673 945 virtuti
1695 925 1728 945 ac
1753 917 1814 945 ﬁdei

1033 963 1087 985 tam
1104 959 1170 991 tilio,
1185 968 1266 995 quam
1296 962 1445 995 provinciis
1460 963 1576 996 imperii,
1607 963 1814 992 commendatis.

1031 1003 1058 1030 ld
1077 1005 1175 1032 factum
1192 1014 1264 1033 anno
1281 1007 1472 1036 Mahumetano
1489 1009 1540 1035 847
1560 1009 1636 1044 (Chr.
1654 1009 1744 1043 me).

1071 1050 1126 1078 Rex
1146 1056 1235 1079 autent
1253 1051 1377 1088 Ungarim
1400 1053 1557 1081 cumJanco
1572 1063 1647 1082 nova:
1659 1061 1744 1082 semet
1770 1063 1815 1082 ex-

1031 1097 1160 1131 peditioni
1175 1099 1305 1130 accinxit,
1320 1099 1409 1126 ductis
1421 1107 1518 1127 secum
1541 1101 1670 1134 Ungaris,
1700 1101 1816 1129 Germa-

1033 1142 1085 1173 nis,
1102 1143 1239 1176 Bohemis,
1257 1144 1376 1176 Polouis,
1398 1144 1484 1178 Italis,
1515 1150 1544 1172 et
1574 1145 1721 1173 Valacltis:
1747 1155 1816 1181 quo-

1033 1195 1092 1214 rum
1105 1189 1227 1216 omnium
1243 1190 1342 1225 ingens
1351 1196 1410 1218 erat
1436 1191 1591 1223 multitudo,
1608 1192 1732 1220 videlicet
1761 1193 1816 1220 lto-

1033 1235 1136 1262 tninum
1170 1236 1202 1263 ad
1238 1236 1374 1271 octoginta
1405 1237 1500 1264 millia.
1538 1238 1683 1266 Tormenta
1710 1247 1817 1274 quoque

1033 1280 1128 1308 bellica
1157 1283 1225 1309 rotis
1249 1282 1375 1317 imposita
1400 1283 1578 1315 vehebantur,
1607 1292 1721 1313 numero
1749 1293 1817 1320 qua.

1034 1325 1187 1360 driugenta.
1200 1326 1298 1355 Milites
1311 1327 1362 1362 ipsi
1377 1327 1451 1356 ferro
1472 1336 1585 1364 prorsus
1613 1331 1710 1358 armati
1741 1332 1816 1358 tecti—

1035 1380 1088 1407 que
1122 1373 1371 1407 conspiciebantur.
1412 1374 1536 1410 Cumque
1580 1377 1742 1404 trausmisso
1783 1378 1815 1404 ad

1036 1418 1131 1444 Albam
1158 1416 1278 1445 Graécam
1307 1418 1448 1453 Danubio,
1479 1420 1547 1448 lines
1576 1421 1682 1456 imperii
1711 1423 1816 1451 'l'urcici

1036 1465 1199 1499 transgressi
1214 1464 1348 1492 fuissent:
1367 1465 1496 1494 Malorum
1519 1471 1546 1494 et
1565 1466 1706 1495 Schulium
1719 1470 1817 1504 oppida

1036 1515 1187 1538 vastarunt.
1208 1511 1271 1540 Inde
1283 1514 1415 1547 promotis
1429 1514 1462 1541 ad
1474 1514 1624 1550 Nicopolim
1653 1517 1760 1550 castris,
1789 1518 1816 1545 in

1037 1565 1144 1585 omnem
1160 1558 1235 1586 illum
1249 1567 1343 1593 agrum
1360 1559 1432 1587 l'erro
1446 1565 1473 1588 et
1500 1561 1555 1595 igni
1582 1563 1739 1591 saevierunt.
1767 1565 1817 1590 Ar-

1037 1611 1215 1639 cemquoque
1241 1605 1411 1633 Burnvadam
1433 1614 1614 1642 occuparunt,
1645 1614 1672 1636 et
1692 1610 1818 1644 imposito

1037 1650 1162 1682 prmsidio
1176 1651 1344 1678 munierunt.
1360 1651 1426 1679 Cum
1441 1661 1454 1679 a
1472 1652 1594 1688 Nicopoli
1610 1655 1705 1688 copias
1732 1655 1818 1682 abdu-

1037 1700 1140 1729 cerent,
1155 1701 1267 1724 secutus
1279 1704 1327 1724 eos
1341 1705 1404 1724 cum
1431 1698 1490 1725 suis
1513 1706 1528 1726 ll
1544 1704 1621 1735 tergo
1640 1699 1818 1728 Mechemetes

1035 1741 1173 1776 Nicopolis
1199 1743 1292 1777 begus,
1304 1743 1415 1779 Syrusis
1435 1744 1494 1779 begi
1512 1745 1594 1775 illius.
1614 1751 1640 1773 et
1661 1754 1756 1781 agmen
1773 1755 1819 1774 ει·
1835 1775 1837 1778 ,

1037 1793 1153 1816 tremum
1167 1789 1289 1822 adortus,
1303 1791 1459 1824 complures
1488 1791 1589 1819 occidit
1601 1812 1608 1825 ,
1629 1793 1819 1827 cataphractos

1036 1834 1168 1868 quosdam
1198 1833 1363 1868 interceptos
1379 1834 1412 1861 ad
1438 1835 1547 1862 Portam
1577 1837 1661 1864 misit.
1681 1835 1716 1862 Dc
1745 1836 1820 1863 hisce

1036 1881 1157 1907 motibus
1172 1880 1309 1907 sultanum
1328 1880 1458 1908 Moralem
1473 1889 1535 1909 mox
1550 1881 1661 1909 chires
1678 1883 1819 1910 certiorem

1039 1925 1229 1953 reddiderunt.
1261 1925 1286 1953 Is
1316 1925 1442 1953 Manissai
1470 1933 1525 1953 tum
1553 1927 1679 1960 degebat,
1708 1935 1763 1961 quo
1792 1935 1820 1954 se.

1036 1972 1136 2006 quieta:
1162 1971 1223 1998 vita:
1251 1972 1342 1998 studio
1372 1979 1427 1999 non
1460 1972 1495 1999 ita
1526 1973 1630 2006 pridem
1657 1973 1819 2000 contuierat.

1037 2017 1197 2052 Quanquam
1217 2024 1279 2044 vero
1297 2018 1497 2045 serinsbarum
1512 2026 1600 2045 rerum
1621 2020 1745 2046 ntmtium
1775 2027 1822 2046 ac-

1036 2063 1150 2098 ciperet,
1170 2067 1260 2090 tamen
1273 2063 1306 2090 ad
1325 2064 1376 2090 iter
1391 2068 1497 2090 mature
1517 2072 1545 2091 se
1559 2072 1731 2099 comparans.
1759 2065 1822 2092 Gal-

1035 2108 1139 2143 lipolim
1156 2107 1292 2136 advolavit
1307 2114 1314 2136 :
1330 2109 1454 2144 quoiam
1471 2109 1530 2135 Itali
1550 2115 1646 2144 magna
1660 2117 1720 2136 cum
1733 2111 1823 2137 classe

1036 2155 1207 2190 appulerant,
1223 2159 1251 2182 et
1265 2155 1413 2188 quominus
1428 2155 1455 2181 in
1476 2155 1612 2190 Europam
1639 2157 1822 2184 transmittere

1036 2205 1137 2236 posset,
1153 2201 1346 2235 impediebant.
1363 2201 1545 2234 Quamobrem
1568 2210 1661 2229 versus
1688 2202 1822 2229 Constan-

199 2248 303 2276 midine
315 2256 346 2275 ac
357 2248 546 2285 desperatione
562 2256 590 2275 se
603 2248 673 2283 fugae
688 2249 807 2275 dedisset
821 2257 828 2275 :
860 2249 982 2276 Casanes
996 2241 1023 2272 D
1037 2247 1178 2281 tiuopoiim
1200 2255 1261 2274 cum
1280 2247 1400 2274 exercitu
1414 2247 1558 2280 profectus
1572 2253 1623 2280 est,
1642 2252 1667 2274 et
1682 2255 1697 2274 e
1712 2248 1823 2282 regione

202 2297 281 2323 bassa
298 2303 359 2323 cum
370 2296 482 2331 reliquis
513 2295 666 2328 militibus,
692 2300 826 2330 quotquot
851 2295 981 2322 adversus

201 2341 307 2370 hostem
321 2350 383 2370 cum
398 2350 432 2370 eo
449 2342 637 2372 substiterant,
664 2349 749 2369 caesus
772 2341 832 2368 fuit.
854 2341 982 2368 Sultanus

201 2394 291 2416 autem
316 2389 445 2420 Murates,
475 2389 578 2424 perlata
605 2388 638 2415 ad
659 2396 688 2416 sc
704 2389 740 2415 rei
754 2393 808 2415 tam
838 2388 984 2416 infeliciter

200 2439 282 2467 gestae
297 2433 380 2466 fama,
393 2441 455 2460 cum
471 2434 598 2460 omnibus
612 2433 763 2464 Geuizaris,
784 2437 810 2460 et
837 2433 905 2460 aula:
936 2441 984 2460 co-

202 2479 309 2512 mitatu,
328 2479 521 2514 Iladrianopoli
536 2479 681 2507 discessit:
696 2483 723 2507 et
736 2480 855 2506 evocati:
866 2479 984 2513 undique

200 2523 328 2551 omnibus
341 2524 374 2551 ad
392 2525 461 2552 hanc
477 2525 669 2561 miiitiam,qui
688 2533 762 2552 arma
774 2525 845 2552 ferre
862 2530 985 2560 possent,

201 2571 284 2596 etiam
316 2570 419 2604 pedites
461 2570 608 2606 Europa-os
645 2580 743 2607 magno
770 2579 883 2598 numero
921 2579 986 2598 con-

202 2616 320 2650 scripsit.
334 2615 505 2644 Gerebantur
521 2623 610 2645 autem
628 2617 686 2645 haec
719 2618 835 2645 hiberno
854 2622 986 2652 tempore,

202 2669 263 2688 cum
287 2661 381 2695 ingens
403 2661 490 2695 frigus
512 2667 593 2689 eSSet.
628 2661 677 2689 Ubi
710 2663 744 2689 ad
771 2662 987 2689 Christianorum

202 2712 290 2734 castra
308 2713 467 2741 pervontum
483 2707 600 2740 luisset,
628 2709 720 2736 multis
751 2709 880 2742 utrinque
910 2708 990 2735 dimi-

201 2758 292 2781 calum
309 2752 456 2781 levioribus
469 2755 579 2789 praeliis.
609 2754 732 2782 Tandem
760 2763 826 2783 vero
852 2755 989 2783 Christia-

203 2800 246 2828 nis
261 2801 410 2828 exercitum
428 2800 635 2834 abduccntibus,
653 2803 733 2829 etiam
749 2801 868 2829 Murates
894 2802 991 2828 itinere

202 2853 337 2874 converso
368 2846 594 2882 Hadrianopolim
624 2856 653 2876 se
682 2849 803 2880 recepit:
820 2855 886 2883 pace
915 2848 991 2882 prius

203 2892 274 2920 inter
306 2900 336 2920 sc
352 2892 502 2928 Lazariquc
528 2895 612 2922 lilium
653 2894 826 2927 saucita,cui
855 2894 992 2928 principa~

1035 2293 1110 2321 illius
1122 2294 1185 2325 loci,
1198 2301 1251 2326 quo
1267 2293 1327 2321 loco
1342 2300 1415 2320 nunc
1426 2293 1496 2320 arcis
1511 2301 1587 2320 nova:
1617 2298 1754 2320 structura
1768 2302 1814 2319 cer

1036 2341 1121 2371 nitur,
1146 2344 1327 2367 mercatorum
1357 2339 1472 2373 navigiis
1507 2347 1584 2370 usus,
1610 2339 1636 2365 in
1663 2339 1822 2365 Romaniam

1037 2386 1189 2420 trausjecit.
1203 2385 1271 2412 Cum
1300 2385 1524 2419 Hadrianopolim
1541 2385 1718 2419 pervenisset,
1745 2392 1824 2411 tu0n-

1039 2434 1119 2461 strati
1133 2438 1196 2461 sunt
1210 2433 1234 2459 ei
1251 2432 1401 2460 Christiani
1429 2432 1606 2466 cataphracti,
1623 2439 1692 2466 quos
1719 2431 1824 2458 illechc-

1039 2485 1123 2506 tneles
1140 2479 1224 2513 begus
1238 2483 1357 2512 ceperat,
1379 2482 1406 2505 ct
1431 2477 1494 2504 illuc
1523 2478 1646 2504 miserat.
1676 2477 1724 2504 llis
1747 2478 1823 2508 visis,

1039 2526 1142 2552 vultum
1156 2526 1281 2559 erigens:
1297 2524 1369 2551 Bene
1384 2524 1463 2551 nobis
1476 2531 1520 2551 res
1539 2528 1640 2550 nostra}
1665 2524 1823 2554 succedent,

1040 2571 1088 2604 ait,
1102 2571 1218 2605 propitio
1232 2570 1296 2598 Deo.
1314 2570 1467 2604 Statimque
1482 2577 1544 2596 cum
1566 2569 1736 2604 ρι-ιιιροιυηιί,
1769 2574 1822 2595 tam

1040 2626 1072 2644 ex
1091 2616 1225 2648 Anatolia,
1239 2623 1320 2651 quam
1332 2615 1465 2642 llomania
1477 2615 1591 2642 collecto
1609 2616 1740 2645 exercitu,
1766 2622 1825 2641 ma-

1041 2671 1147 2698 gnaque
1164 2663 1283 2697 peditum
1297 2670 1376 2688 manu
1393 2669 1487 2689 recens
1511 2660 1677 2695 conscripta,
1711 2660 1825 2687 ilatiria-

1042 2708 1297 2743 nopolidiscedens.
1313 2707 1339 2733 iu
1359 2707 1463 2733 hostem
1497 2710 1570 2732 recta
1597 2705 1685 2731 duxit.
1705 2704 1821 2731 Concur-

1043 2758 1139 2782 rcrunt
1151 2753 1287 2780 exercitus
1298 2753 1331 2779 ad
1343 2756 1467 2786 stagnum
1479 2751 1537 2778 sive
1560 2751 1685 2786 paludem
1704 2749 1826 2777 ναι-ινξιπ-

1044 2808 1112 2832 sem,
1127 2799 1170 2826 ubi
1184 2799 1344 2826 dimicatum
1360 2799 1430 2824 inter
1445 2804 1492 2824 eos
1503 2796 1646 2827 acerrime,
1664 2796 1746 2822 multa
1764 2803 1828 2823 cum

1045 2846 1176 2875 ell‘usionc
1189 2844 1411 2880 sanguinisltex
1440 2843 1567 2878 Ungarus
1598 2843 1632 2869 ab
1661 2849 1715 2870 uno
1742 2842 1828 2870 latere

1049 2893 1195 2927 pugnabat,
1218 2892 1251 2919 ab
1266 2891 1353 2918 altero
1364 2889 1478 2918 Michael
1494 2889 1550 2922 illc,
1572 2894 1752 2924 cognomento
1779 2888 1828 2915 Ni-
