1962 3071
159 118 217 148 609

793 112 968 145 ANNALES
984 112 1151 144 TURClCl.

1724 115 1779 148 6ῐο

162 180 227 208 ger:
242 178 267 200 et
282 177 356 200 tanto
370 173 479 208 quidem
496 180 558 201 eum
576 174 678 208 impetu
693 172 806 200 Muratis
822 171 945 199 invasere
960 172 980 198 Δ
997 169 1137 203 ingressus
1164 174 1204 197 est
1219 178 1225 196 :
1243 169 1287 198 ubi
1315 178 1377 198 cum
1406 170 1542 198 civitatem
1573 171 1705 200 Geremcn
1732 182 1779 201 ex-

159 219 265 254 copias,
284 224 313 246 ut
327 220 444 246 hostium
460 225 606 254 utrntnque
618 227 703 247 cornu
719 219 746 246 in
768 219 857 252 fugam
883 225 946 252 pro-

161 266 310 301 pellerent;
327 269 409 300 atque
419 266 469 293 hoc
483 267 509 293 in
520 265 646 293 conflictu
664 264 842 300 beglerbegus
874 264 946 290 Ana-

161 312 233 339 toliaa
244 319 331 339 cazsus
347 311 409 339 fuit.
423 312 503 339 Solus
515 312 603 338 adhuc
630 310 748 337 Murates
763 318 823 337 eum
839 310 946 344 agmine

159 365 211 384 suo
226 357 313 384 stabat
323 358 462 388 immotus,
477 357 582 384 caeteris
596 357 632 384 ab
642 361 755 391 utroque
781 357 865 383 latere
884 363 944 389 pro-

161 404 269 435 stratis,
287 408 334 430 aut
352 402 415 437 fuga
436 403 558 438 dilapsis.
577 403 613 430 ibi
630 408 684 431 tum
703 403 820 430 illurates
847 403 945 430 erectis

159 449 193 475 ad
209 449 308 476 omium
326 449 423 481 oculis,
442 457 520 484 opem
539 449 582 477 sui
599 449 719 477 numinis
733 452 761 476 et
784 448 944 475 Mahumetis

162 494 308 529 implorare
323 495 493 530 solliciteque
507 495 624 530 precari,
642 503 674 522 ne
690 503 718 522 se
731 499 784 521 tam
817 494 943 529 praesenti

160 541 281 575 periculo
312 549 403 568 rerum
429 541 596 569 deserenent.
628 541 733 574 Quibus
761 541 888 576 precibus
908 541 943 567 ita

160 585 315 620 conceptis,
341 593 404 613 mox
433 586 518 613 aleam
544 586 631 621 prmiii
658 590 789 613 mntatam
817 585 942 612 vidisses.

160 631 266 666 Quippe
281 640 337 664 rex,
352 632 495 660 immodica
520 632 675 660 ferocientis
687 632 769 659 animi
792 631 944 659 temeritate

159 677 305 711 impulsus,
340 677 366 704 in
394 678 501 706 medios
531 679 635 706 Turcos
660 686 760 713 equum
795 678 894 712 adegit,
918 681 944 703 et

159 731 268 751 Summo
281 731 342 750 eum
355 724 416 752 nisu
430 724 542 752 Muralis
560 725 648 759 ipsius
668 730 750 758 caput
770 724 857 759 petiit.
873 724 941 750 Dum

160 768 186 794 in
203 768 274 795 hunc
288 768 397 795 modum
411 768 576 797 furibundus
591 769 774 804 progreditur,
785 775 851 795 casu
875 775 943 802 quo-

160 814 222 840 dam
238 814 348 846 accidit,
365 818 393 841 ut
405 822 493 849 equus
511 815 600 850 regius
616 814 648 841 ad
665 818 763 841 terram
786 813 950 849 prolabere“

161 863 214 886 tur.
229 859 296 886 Tum
309 859 420 894 quidam
436 868 451 887 e
481 860 600 894 peditum
617 867 743 893 numero,
771 864 799 886 et
814 859 883 886 alius
911 867 944 886 ex

161 905 256 932 ordine
279 905 488 939 Genizarorum,
517 911 709 938 accurrentes,
735 906 797 941 equi
824 906 945 933 tendines

161 951 326 978 inciderunt.
341 951 434 987 itaque
453 959 515 986 rege
539 952 613 980 humi
628 957 774 987 prostrato,
805 960 866 979 mox
881 959 945 986 pro-

162 1001 246 1024 vectae
256 997 297 1024 vir
309 997 408 1030 anatis,
425 997 527 1025 Cheser
540 998 635 1034 begus,
659 998 705 1033 qui
733 1004 797 1025 tunc
810 997 898 1024 adhuc
912 1006 944 1024 ex

162 1041 237 1077 Eipia
247 1043 348 1070 familia
363 1049 499 1078 superstes
517 1048 585 1076 erat,
614 1051 646 1071 ex
670 1051 741 1078 equo
765 1044 943 1076 descendens,

162 1089 218 1123 regi
240 1093 320 1124 caput
334 1093 465 1124 amputat,
479 1088 561 1125 328
573 1093 599 1116 et
622 1089 730 1116 suilano
743 1088 838 1116 Murali
855 1088 944 1116 oﬂ‘ert.

163 1133 197 1166 Is,
214 1134 265 1161 hoc
283 1135 439 1169 spectaculo
453 1135 541 1167 laetus,
555 1134 696 1162 confestim
727 1135 831 1170 regium
863 1139 945 1170 caput

163 1181 246 1208 hasta:
255 1181 332 1216 jubet
349 1181 428 1216 affigi.
448 1181 525 1215 Quod
541 1182 587 1209 ubi
617 1182 717 1210 factum
732 1182 838 1214 fuisset.
866 1184 943 1210 hasta

162 1227 189 1253 in
203 1226 285 1254 altum
299 1227 404 1254 sublata
417 1227 528 1255 clamari
556 1233 687 1263 emptum,
705 1228 775 1264 regis
791 1229 841 1256 hoc
863 1234 945 1264 caput

161 1279 230 1298 esse.
244 1271 312 1299 Tum
328 1280 391 1300 vero
407 1272 499 1305 Turci,
516 1272 562 1304 qui
581 1273 656 1307 prius
671 1272 738 1308 fugae
754 1282 783 1301 se
797 1274 943 1308 dederant,

163 1318 214 1343 hoc
228 1317 320 1344 audito
331 1318 460 1349 clamore.
474 1318 582 1345 reﬂexis
594 1318 682 1354 equis,
713 1327 809 1347 rursus
826 1319 859 1346 ad
886 1320 945 1347 Mu-

162 1367 246 1390 ratem
260 1362 458 1391 conﬂuxerunt.
472 1364 528 1397 Qua
541 1372 569 1391 re
588 1372 604 1392 a
629 1365 792 1393 Christianis
822 1367 944 1394 animad-

162 1417 250 1442 versa,
265 1417 326 1437 cum
343 1411 456 1446 reliquis
471 1419 565 1439 eorum
582 1412 668 1447 copiis
679 1412 780 1441 Jaucus
801 1414 827 1441 in
852 1413 942 1449 fugant

162 1463 192 1483 se
208 1455 333 1491 conjecit.
348 1455 403 1483 Hoc
429 1457 508 1484 modo
527 1457 605 1485 victis
634 1457 809 1491 Christianis,
840 1467 871 1486 ac
900 1459 943 1486 fu-

997 220 1142 249 pugnatam
1158 215 1277 243 dedisset
1303 216 1418 248 excidio.
1444 222 1470 244 et
1486 218 1537 244 alia
1554 211 1676 253 quardam
1705 222 1780 255 oppi—

996 260 1056 286 dnla
1072 261 1210 295 cepisset,
1227 262 1350 290 abductis
1363 263 1467 298 copiis,
1486 264 1706 298 Hadrianopolim
1739 275 1781 294 re-

997 305 1055 337 diit.
1074 313 1147 333 anno
1163 306 1214 334 850
1224 307 1299 341 (Chr.
1317 307 1409 344 1465).

1031 351 1134 380 Castris
1147 353 1336 389 Hadrianopoli
1353 355 1444 388 motis,
1462 356 1487 382 in
1517 356 1658 384 Albaninm
1686 357 1776 389 duxit,

995 402 1022 424 et
1038 405 1128 425 arcem
1144 398 1300 426 Cotziacum
1318 400 1344 426 in
1359 400 1462 428 ditione
1485 400 1598 429 Joannis
1623 404 1778 437 occupavit,

997 450 1028 468 ac
1043 443 1198 477 universam
1214 445 1351 477 regionem
1375 446 1478 480 rapinis
1496 448 1631 475 exhausit.
1661 449 1779 476 Albano-

996 496 1055 514 rum
1073 489 1201 524 princeps
1216 489 1348 518 lseodara:
1357 492 1565 524 dominus,cutn
1599 495 1654 521 suis
1678 496 1778 522 cedens

995 533 1111 569 aufugit.
1142 536 1234 570 itaqtte
1270 536 1387 564 Murales
1416 547 1538 573 magnam
1565 541 1682 576 regionis
1705 542 1779 569 illius

995 585 1100 614 partem
1113 581 1236 616 adjunxit
1250 583 1362 617 imperio
1391 592 1457 618 suo;
1474 593 1590 620 cumque
1613 587 1779 616 Christiano~

996 633 1054 652 rum
1073 627 1171 660 templa
1185 627 1324 660 diruisset,
1337 637 1369 657 ac
1388 630 1413 656 in
1425 632 1551 659 messitas
1566 638 1777 667 commutasset,

994 671 1144 699 Tureorttm
1156 674 1277 701 colonias
1291 676 1315 701 in
1333 675 1375 702 illa
1389 675 1446 703 ioca
1463 678 1585 705 deduxit.
1806 668 1807 671 Ἰ

1029 716 1076 745 I-iis
1101 717 1205 746 Muratc
1217 720 1299 747 rebus
1329 729 1472 756 occupato,
1505 724 1594 750 nuntii
1621 724 1777 756 advenere.

993 763 1040 797 qui
1065 763 1261 798 significarent,
1291 765 1426 801 Ungaros,
1468 767 1600 801 Saxones,
1644 769 1778 804 Boeinos;

996 807 1158 841 Germanos,
1174 815 1200 836 et
1225 809 1370 844 Yalaehos,
1406 813 1532 840 maximis
1555 815 1658 842 coactis
1681 816 1777 851 copiis,

995 854 1049 887 jam
1066 855 1099 881 ad
1114 853 1209 882 Albam
1224 864 1310 892 usque
1332 857 1454 885 Grmeam
1480 859 1627 894 appulisse.
1653 869 1779 896 progres-

996 907 1074 927 suros
1090 901 1124 927 ad
1138 900 1212 935 ipsos
1225 902 1338 930 Cosovae
1355 911 1475 938 eatnpos.
1491 905 1555 940 Ejus
1572 907 1608 934 rei
1625 907 1694 935 fama
1721 909 1778 935 sul-

996 949 1075 972 tanus
1095 946 1214 974 Murates
1227 948 1370 982 impulsus,
1386 950 1502 978 Albania
1516 953 1619 984 relicta,
1647 953 1779 989 Sophiam

996 999 1102 1019 summa
1118 992 1293 1021 festinatione
1320 996 1445 1028 accessit,
1475 996 1566 1032 ibique
1594 999 1723 1030 substint.
1751 1000 1777 1026 in

996 1044 1102 1064 omnem
1118 1040 1361 1074 partemintentns,
1374 1049 1428 1076 quo
1447 1043 1554 1070 scilicet
1576 1049 1722 1079 erupturus
1735 1046 1779 1073 hic

996 1087 1085 1110 motus
1098 1088 1181 1112 esset.
1199 1085 1284 1113 Simul
1310 1087 1442 1121 expeditis
1458 1089 1484 1116 lli
1500 1096 1596 1118 omnes
1622 1093 1778 1125 provincias

994 1127 1104 1160 litteris,
1123 1129 1222 1158 milites
1238 1131 1382 1160 universos
1403 1141 1477 1161 arma
1498 1142 1606 1170 capere,
1633 1141 1660 1163 ct
1675 1138 1781 1172 absque

996 1182 1071 1202 mora
1100 1175 1126 1201 in
1152 1181 1240 1204 castra
1270 1179 1418 1207 convolare
1434 1180 1528 1215 jussit.
1551 1180 1637 1210 Fuere
1659 1183 1777 1218 denique

996 1220 1107 1248 collecta
1123 1222 1217 1248 decem
1233 1224 1318 1250 millia
1335 1224 1531 1254 Genizarorum
1544 1247 1552 1260 ,
1569 1233 1595 1255 et
1614 1228 1666 1255 alia
1682 1229 1777 1256 decent

995 1265 1079 1293 millia
1099 1268 1232 1301 peditum,
1259 1271 1305 1304 qui
1333 1270 1431 1298 Turcis
1454 1272 1537 1307 Azapi
1554 1273 1692 1301 dicutttur.
1706 1274 1778 1303 Prie-

996 1316 1070 1339 terea
1099 1322 1214 1349 magnus
1244 1315 1384 1344 hominum
1410 1326 1541 1347 numerus
1566 1320 1599 1346 ad
1628 1329 1691 1348 eum
1709 1331 1776 1349 con-

995 1359 1073 1386 t‘mxit
1088 1368 1119 1387 ex
1136 1361 1168 1387 iis
1185 1362 1231 1394 qni
1250 1370 1265 1389 a
1286 1363 1382 1391 militia
1405 1366 1572 1400 caeteroquin
1585 1372 1664 1394 erant
1679 1368 1777 1395 immn-

995 1412 1053 1432 nes.
1085 1404 1225 1433 liabebant
1250 1408 1322 1435 enim
1348 1409 1479 1437 Muratem
1511 1419 1561 1446 pro
1589 1412 1647 1440 viro
1671 1420 1779 1442 saneto.

995 1449 1093 1484 Copias
1109 1451 1141 1478 ad
1153 1459 1288 1481 summam
1302 1453 1513 1483 innumerabiles
1525 1456 1643 1492 collegit.
1661 1459 1697 1485 ab
1717 1459 1781 1486 aliis

159 1502 307 1536 gientihus,
322 1503 402 1531 'l‘nrci
417 1511 463 1530 eos
477 1504 512 1531 ab
531 1505 607 1531 omni
636 1509 713 1538 parte
743 1506 883 1540 persequi,
911 1496 1076 1544 accf‘uam
1102 1498 1194 1531 "ibus-
1211 1498 1281 1526 bello
1315 1501 1432 1535 ερτειιάο
1461 1503 1639 1535 ¹¹⁰οθ⁵⁵³⁴¹ίί⁵ι
1671 1506 1780 1540 σει-θεία

161 1549 291 1583 plurimos
302 1550 434 1578 oecidere.
450 1550 554 1578 Interea
573 1559 638 1578 vero
653 1551 789 1582 Genizari.
819 1559 851 1579 ac
868 1553 948 1586 pedi-‘

160 1600 201 1623 tes
213 1595 335 1628 Turcici,
347 1603 447 1624 currus
471 1601 496 1624 et
512 1596 703 1631 impedimenta
725 1597 944 1626 Christianorum

162 1641 440 1674 adortidiripuerunt,
457 1647 484 1670 et
506 1643 607 1678 ingenti
638 1643 715 1678 potiti
743 1648 807 1670 sunt
832 1644 941 1679 praeda:

160 1694 214 1721 qua
228 1688 335 1722 quidem
355 1689 389 1716 ad
402 1689 540 1716 suitanum
563 1689 696 1716 Muratem
728 1690 819 1723 allata,
849 1695 943 1718 mutuo

159 1733 211 1760 sibi
225 1727 350 1768 gratniati
367 1740 441 1767 sunt,
459 1740 486 1762 et
499 1735 574 1762 iilutn
591 1736 662 1763 diem
678 1736 703 1762 in
732 1736 817 1764 fastos
849 1737 942 1764 referri

157 1778 309 1813 jusserunt.
321 1779 508 1816 Exaetumque
529 1781 579 1808 fuit
602 1782 635 1809 ab
649 1781 689 1808 eis
710 1784 795 1809 totum
820 1782 871 1810 hoc
895 1783 942 1810 tri-

159 1825 243 1852 duum
258 1826 331 1853 onmi
355 1834 454 1861 genere
483 1827 638 1855 hilaritatis.
666 1827 714 1855 llis
741 1828 822 1856 rebus
848 1830 944 1863 gestis,

160 1871 302 1906 imperium
313 1872 439 1900 suitanus
455 1872 571 1901 Murates
589 1874 688 1901 iterum
714 1875 822 1902 suilano
834 1875 944 1902 Muche-

160 1919 223 1945 meti
238 1918 292 1945 filio
305 1919 433 1950 restituit,
452 1923 479 1946 et
495 1919 553 1953 ipse
567 1919 713 1946 Manissam
743 1927 867 1948 reversus
889 1927 939 1947 est.

158 1964 343 1992 Muchemetes
363 1972 447 1999 regno
463 1972 556 1992 rursus
569 1965 647 1997 inito,
663 1973 724 1993 mox
742 1974 838 2001 aspros
858 1974 941 1994 novos

158 2011 261 2045 signari
280 2011 391 2039 nomine
400 2019 450 2039 suo
465 2011 554 2045 iussit,
570 2020 642 2039 anno
654 2012 706 2039 849
717 2013 793 2048 (Chr.
814 2014 905 2048 MM).

193 2057 222 2084 in
237 2057 302 2092 ipsis
316 2063 406 2084 autem
424 2057 610 2085 Muchemetiei
639 2059 714 2092 regni
744 2059 820 2086 novis
848 2060 942 2095 auspi-

157 2103 219 2134 ciis.
235 2104 299 2131 urbs
320 2103 580 2138 lladrianopolitana
598 2109 654 2131 tota
682 2105 798 2132 flammis
826 2113 940 2134 aceensa

156 2150 351 2184 conﬂagravit:
368 2154 395 2177 et
415 2149 539 2176 Gcnizari
556 2150 688 2176 seditione
699 2154 846 2181 commota,
857 2152 940 2185 majo-

156 2203 201 2223 res
229 2203 351 2223 annonas
384 2196 575 2231 postuiarunt:
612 2204 668 2223 non
698 2196 768 2231 plebi
809 2197 940 2224 duntaxat

157 2243 254 2276 injecta
290 2243 481 2277 trepidatione,
525 2250 618 2269 verum
651 2243 732 2270 etiam
778 2243 939 2277 begierbego

155 2288 291 2315 Chadmui
321 2288 408 2315 bassae
439 2287 534 2315 mortis
565 2287 696 2315 intentato
725 2288 865 2323 periculo:
893 2289 940 2324 qui

156 2334 200 2360 vix
216 2334 242 2360 in
259 2341 347 2360 arcem
373 2334 405 2360 ari
435 2333 571 2360 suitanum
603 2333 797 2360 Muchemetem
821 2333 939 2368 elapsus,

156 2380 238 2407 saluti
252 2387 309 2407 sum
321 2379 467 2407 consuluit.
484 2374 594 2406 interim
621 2377 748 2406 Genizari
773 2387 820 2412 per
847 2379 938 2406 urbem

156 2426 228 2454 foede
244 2425 372 2460 grassari,
385 2430 413 2452 et
426 2425 517 2453 omnia
530 2432 576 2459 per
603 2432 738 2452 summam
767 2424 938 2451 insolentiam

156 2472 295 2507 diripere:
309 2472 395 2499 donec
416 2471 523 2498 tandem
535 2471 574 2498 eis
588 2478 695 2497 annona
719 2470 834 2497 semisse
858 2470 940 2497 unius

155 2520 396 2554 aspriaugeretur,
426 2522 508 2554 atque
535 2518 571 2544 ita
601 2516 824 2544 tumultuantium
856 2517 939 2544 animi

156 2565 327 2593 sedarentur.

192 2610 356 2645 Compositis
368 2611 442 2638 hisce
455 2610 552 2643 turbis.
578 2610 664 2638 Chelii
685 2610 763 2637 bassa
791 2609 881 2643 Vezir,
912 2615 939 2637 et

157 2657 354 2684 abiltomaniaa
379 2664 521 2691 proceres,
553 2657 673 2683 unanimi
690 2657 804 2683 consilio
818 2661 846 2683 et
873 2664 938 2683 con.

157 2711 239 2730 sensu
257 2703 373 2730 Manissa
389 2701 667 2730 sultanumMuratem
688 2702 784 2728 iterum
804 2702 836 2728 ad
863 2710 939 2728 sum-

157 2756 229 2775 mam
240 2755 331 2775 rerum
347 2748 546 2775 areessiverunt
564 2755 571 2774 :
587 2746 633 2781 qui
650 2747 700 2774 hoc
716 2753 828 2780 accepto
842 2749 938 2772 nuntio

158 2804 221 2823 mox
236 2796 270 2822 ad
281 2795 418 2823 suilanum
433 2795 627 2822 Muchemetem
643 2801 672 2821 se
695 2794 809 2821 contulit
824 2793 938 2822 [latitia-

159 2843 290 2878 nopolim,
303 2848 330 2870 et
347 2842 436 2870 hieme
450 2841 572 2876 sequenti
586 2849 646 2868 cum
672 2841 790 2868 exercitu
822 2841 938 2869 Elim-cam

996 1542 1166 1571 instructus:
1183 1553 1196 1570 a
1213 1547 1355 1574 tormentis
1370 1547 1530 1582 majoribus,
1550 1549 1670 1584 inquam,
1700 1552 1777 1578 boui-

995 1586 1098 1620 bardis,
1113 1588 1208 1622 hastis,
1225 1591 1355 1619 arcubus.
1384 1593 1533 1621 Arcessivit
1549 1595 1630 1622 etiam
1656 1597 1688 1623 ad
1707 1599 1778 1624 hanc

994 1634 1192 1668 expeditionem
1204 1635 1343 1663 suitanum
1357 1636 1554 1666 Muchemetem
1575 1641 1669 1674 lilium,
1692 1648 1721 1669 ut
1742 1644 1778 1670 'itr

993 1688 1023 1708 ea
1041 1680 1108 1715 patri
1123 1688 1215 1709 comes
1228 1683 1346 1710 adesset.
1364 1684 1468 1712 interea
1487 1694 1570 1718 vero,
1583 1687 1646 1715 dum
1674 1689 1700 1716 in
1728 1690 1777 1718 lto-

993 1732 1062 1754 atem
1097 1727 1155 1762 ipse
1174 1729 1368 1764 proficiscitur,
1383 1731 1491 1760 Valachi
1518 1733 1668 1762 Danubium
1701 1739 1777 1764 navi-

994 1774 1240 1809 giistransji'ciunt,
1255 1780 1283 1803 ut
1298 1784 1405 1805 onmem
1435 1786 1529 1814 agrum
1558 1780 1774 1816 Nieopolitanum

993 1820 1066 1848 ferro
1080 1829 1112 1848 ac
1143 1822 1261 1850 ﬂammis
1288 1829 1428 1852 vastarent
1447 1833 1454 1852 :
1471 1826 1517 1853 sed
1541 1826 1568 1854 is-
1594 1834 1711 1856 conatus
1742 1837 1775 1858 ex

994 1867 1114 1901 ipsorum
1142 1869 1225 1895 animi
1259 1870 1392 1897 sententia
1419 1879 1472 1898 non
1499 1873 1643 1901 successit.
1671 1874 1776 1910 Quippe

994 1913 1124 1941 iimitanei
1138 1922 1264 1948 proceres
1276 1916 1301 1942 in
1315 1916 1348 1944 iis
1362 1916 1440 1948 locis,
1472 1917 1652 1947 Mechemetes
1682 1923 1774 1955 begus,

993 1964 1018 1986 ct
1034 1960 1075 1986 lsa
1096 1960 1190 1994 begun,
1204 1965 1230 1987 et
1257 1961 1372 1996 Usguris
1399 1962 1480 1996 filius,
1505 1971 1566 1991 cum
1594 1966 1773 1994 Acanziorum

994 2007 1079 2041 copiis
1092 2005 1228 2035 Vaiachos
1242 2008 1340 2040 adorti,
1354 2009 1453 2037 multos
1465 2018 1497 2037 ex
1511 2010 1551 2038 eis
1569 2011 1773 2040 interfecerunt.

993 2053 1075 2084 Quod
1107 2054 1150 2080 ubi
1178 2053 1280 2080 factum
1311 2054 1430 2083 Murates
1458 2056 1573 2091 accepit.
1598 2065 1650 2083 non
1679 2066 1772 2093 parum

993 2099 1171 2132 exhilaratus,
1186 2100 1270 2127 alacri
1282 2108 1344 2128 mox
1360 2102 1452 2129 animo
1465 2110 1558 2131 versus
1578 2103 1688 2132 Cosovau
1717 2107 1773 2141 pla-

994 2148 1089 2175 nitietn
1107 2156 1167 2175 cum
1178 2150 1298 2176 exercitu
1316 2150 1454 2184 profectus
1478 2155 1529 2178 est.
1560 2150 1678 2178 Ducebat
1702 2160 1772 2179 enim

956 2183 1133 2221 “hominum
1149 2195 1181 2222 ad
1198 2183 1333 2229 octnginta
1358 2196 1440 2222 millia
1454 2216 1460 2227 ,
1475 2201 1528 2223 tam
1542 2197 1676 2232 equitum.
1692 2206 1772 2232 quam

992 2241 1125 2275 peditum.
1143 2241 1183 2268 Ad
1195 2242 1307 2269 Cosovat
1323 2250 1434 2277 campos
1448 2250 1511 2270 cum
1529 2244 1708 2276 pervenisset,
1723 2245 1773 2271 ob~

992 2289 1063 2314 vium
1093 2287 1188 2314 habuit
1211 2287 1336 2315 Janeum.
1359 2288 1527 2323 Quapropter
1562 2289 1689 2324 utrinque
1721 2298 1772 2324 pu<

992 2333 1090 2367 gnandi
1108 2334 1179 2360 facto
1208 2333 1297 2365 initio.
1323 2334 1442 2368 displosa
1472 2333 1547 2360 fuere
1566 2337 1695 2361 continuo
1718 2336 1771 2362 diei

992 2379 1135 2413 noctisque
1148 2380 1236 2412 spatio
1253 2384 1389 2407 tormenta
1405 2379 1513 2407 bellica.
1532 2379 1652 2408 Tandem
1669 2382 1771 2409 Janeus

991 2424 1018 2451 in
1030 2425 1134 2451 hostem
1154 2425 1214 2451 acie
1226 2425 1355 2458 producta
1369 2424 1482 2459 duplici,
1503 2425 1607 2453 Turcos
1631 2426 1666 2453 ab
1695 2435 1772 2454 utro-

990 2478 1043 2505 que
1060 2478 1145 2498 cornu
1160 2470 1236 2497 fusos
1257 2474 1329 2504 terga
1345 2469 1409 2497 dare
1425 2471 1524 2506 coegit.
1553 2471 1669 2507 Jamque
1696 2475 1772 2500 solus

991 2517 1059 2544 adeo
1075 2517 1221 2544 comitatus
1236 2517 1350 2548 aulicus.
1368 2517 1477 2544 Suitano
1504 2517 1608 2545 Murate
1639 2527 1693 2546 non
1722 2520 1770 2547 de-

990 2568 1074 2595 serto,
1091 2563 1178 2590 locum
1193 2571 1271 2590 suum
1295 2563 1322 2590 in
1343 2564 1400 2590 acie
1430 2564 1564 2591 tuebatur.
1593 2564 1771 2600 Objectabant

991 2608 1155 2636 Christianis
1172 2614 1248 2636 scuta
1266 2616 1313 2636 sua
1343 2609 1480 2640 Genizari.
1512 2615 1647 2638 tormenta
1674 2611 1770 2638 bellica

991 2654 1017 2680 in
1034 2662 1080 2681 cos
1095 2655 1256 2690 dirigebant,
1274 2655 1407 2688 sclopetos
1436 2655 1613 2682 obvertcbant
1637 2656 1768 2691 undique.

991 2701 1078 2728 Simul
1104 2708 1120 2728 ιι
1149 2705 1224 2735 tergo
1252 2701 1375 2733 camelis,
1402 2701 1493 2734 mulis,
1520 2706 1546 2728 et
1559 2702 1685 2730 curribus
1710 2710 1770 2730 sese

991 2748 1157 2779 munientes,
1174 2752 1227 2774 tam
1254 2747 1361 2774 fortiter
1377 2747 1464 2775 hostis
1495 2747 1625 2782 impetum
1652 2747 1769 2775 sustine-

990 2793 1068 2820 bant.
1097 2797 1126 2819 ut
1146 2791 1276 2820 Muratem
1305 2800 1366 2820 cum
1387 2792 1461 2820 hisee
1481 2792 1566 2827 copiis
1593 2792 1658 2825 suis,
1690 2793 1769 2820 Chri-

990 2840 1070 2869 stiani
1082 2839 1140 2868 loco
1157 2839 1318 2867 submovere
1335 2839 1408 2867 nulla
1431 2839 1456 2866 vi
1476 2843 1596 2875 possrut,
1613 2847 1662 2867 nec
1677 2839 1766 2875 aliqua
