1962 3071
169 123 219 154 6.11

798 122 972 152 ANNALES
986 120 1152 152 TURCle.

1728 118 1782 152 612

170 182 247 208 clade
263 179 378 207 afficere.
394 180 460 207 Cum
487 184 576 207 autem
593 178 725 214 profligati
752 180 826 213 prius
852 180 954 206 aChri-
971 180 1044 210 Aris
1063 181 1089 206 in
1116 187 1210 206 omnes
1237 179 1391 214 provincias
1424 185 1486 205 snas
1517 176 1663 212 expeditit,
1685 176 1785 211 quibus

170 229 267 256 stianis
282 229 307 254 in
325 232 440 262 utroque
453 235 537 254 cornu
555 227 649 259 Turci,
666 227 834 254 Clitistianos
862 236 952 253 armo-

171 283 231 302 rum
256 282 338 301 onere
366 273 447 300 nimio
478 280 604 307 gravatos
634 274 890 304 animadverterent,
919 274 952 300 de

171 320 304 347 industria
319 319 409 353 fugam
436 318 615 352 arripientes,
635 319 794 353 insequendi
819 320 888 345 viam
914 319 953 345 eis

171 371 345 399 aperuerunt.
361 364 466 398 Quippe
480 363 626 391 Christiani
654 372 682 391 se
705 372 778 396 mox,
807 363 891 390 instar
913 363 953 388 di—

172 411 398 445 luviicnjnslant,
425 411 567 437 concitatis
593 410 681 444 cquis,
725 409 866 436 diffudere.
900 409 950 434 Sed

172 456 263 487 anei,
280 456 324 490 qui
338 457 426 489 fugam
445 456 572 487 inierant,
589 463 719 490 equorum
735 462 817 481 cursu
835 454 868 480 ad
882 455 951 480 latus

171 502 278 531 inlL-xo.
306 502 446 534 expeditos
473 506 499 528 ct
523 502 640 528 inermes
667 500 882 528 Christianorum
901 499 951 526 mi-

171 550 230 575 lites
244 548 324 582 329
338 549 506 580 invaserunt,
524 555 593 582 quos
608 548 697 575 nudos
711 555 771 574 esse
788 551 898 577 norant.
926 551 952 573 et

171 596 197 621 in
214 603 259 621 eos
275 594 400 621 alatritcr
417 594 541 620 acinaces
570 601 634 620 suos
658 593 837 620 strinxerunt.
857 592 884 618 ld
914 591 952 618 illi

171 650 232 666 cum
255 640 310 667 ίῑιϊἰ
329 645 483 672 cernerent,
502 639 644 667 celerrime
668 639 857 672 cataphractos
873 639 950 672 eqni~

172 691 212 713 tcs
228 694 291 713 suos
308 687 392 712 secuti
406 690 492 711 sunt:
514 685 613 719 quibus
644 685 689 711 ubi
716 685 769 718 jam
799 692 854 711 non
881 688 952 710 esset

171 733 318 766 integrum,
358 731 384 757 in
409 730 512 758 Turcos
541 731 626 757 aciem
658 730 746 757 denuo
774 734 951 756 convertere:

173 776 278 801 ta..detn
302 775 401 801 mutuis
419 782 448 801 se
466 774 626 801 vulneribus
651 775 784 801 conficere
797 779 950 810 cmpcrunt,

173 827 253 855 atque
265 821 299 846 ita
318 820 414 847 solutis
430 825 456 846 et
471 821 609 854 dissipatis
635 819 789 853 ordinibus,
817 820 953 846 exercitus

172 867 301 893 omnisin
316 866 414 892 foedam
436 873 496 892 sese
524 866 614 900 fugam
648 866 775 900 coniecit.
797 865 864 892 Tum
891 872 954 893 vero

173 911 345 946 Turci,qnm
357 916 436 938 antra
454 911 556 945 fugisse
567 911 696 944 diximus,
714 911 776 938 hinc
800 911 861 938 inde
885 918 952 938 con-

173 957 285 991 globati,
301 956 490 983 Christianisa
502 962 577 991 tergo
594 957 627 983 ad
644 956 730 991 ipsam
761 964 847 991 usque
863 955 954 983 muni-

173 1003 274 1029 tionem
299 1007 450 1029 castrorutn
479 1001 667 1029 inhaescrunt:
698 1002 802 1037 fuitque
830 1001 955 1036 deinceps

172 1051 319 1081 pugnatum
343 1048 473 1081 utrinque
489 1052 545 1074 toto
560 1047 605 1073 illo
618 1047 671 1077 die,
691 1054 776 1081 usque
805 1046 840 1073 ad
863 1054 955 1081 vespe-

174 1102 241 1125 ram,
256 1099 282 1120 et
295 1101 309 1120 a
321 1101 436 1128 vespera
453 1101 548 1120 rursus
562 1093 594 1119 ad
609 1093 759 1119 diluculum
772 1100 866 1127 usque.
889 1092 955 1119 lan-

173 1145 334 1173 cnsautem,
350 1147 411 1166 cum
429 1139 464 1165 ita
480 1146 537 1165 rem
555 1139 610 1173 geri
641 1139 760 1170 videret,
780 1144 840 1166 astu
867 1146 896 1166 se
922 1139 956 1166 ab

173 1186 311 1212 exercitus
321 1185 466 1212 Christiani
482 1184 630 1219 reliquiise
655 1185 752 1212 castris
772 1185 902 1212 subduxit
928 1190 956 1212 et

175 1229 302 1264 profugit.
332 1229 494 1256 Christianis
522 1229 555 1256 ad
588 1236 740 1256 extremum
764 1230 853 1262 victis,
878 1229 955 1258 Janci

175 1275 255 1302 rebus
265 1275 402 1306 omnibus,
420 1282 482 1302 cum
496 1275 654 1307 tormentis,
679 1279 706 1302 et
726 1275 852 1302 universo
875 1283 957 1310 appa-

175 1324 235 1346 ratu
253 1320 350 1346 bellico
365 1320 441 1354 p0titi
458 1320 535 1347 fuere
550 1320 651 1347 Turci:
677 1320 776 1355 quibus
810 1322 843 1347 ad
871 1322 956 1348 sulta-

174 1373 239 1392 num
256 1364 384 1392 Moralem
401 1365 536 1398 adductis,
550 1373 619 1393 unus
633 1366 708 1393 alteri
729 1371 852 1401 porrecta
862 1375 955 1401 manu,

175 1416 269 1438 mutuo
280 1416 365 1437 semet
377 1419 509 1445 excepere
523 1412 723 1446 gratulabundi,
740 1417 880 1447 totumque
906 1414 956 1440 tri-

174 1458 258 1483 duum
288 1464 321 1484 eo
345 1457 406 1484 loco
438 1457 632 1491 quiescentes,
657 1458 748 1489 veluti,
779 1458 954 1487 festivitatem

174 1503 329 1538 quamdam,
359 1503 488 1537 singulari
517 1511 578 1530 cum
608 1503 746 1532 hilaritate
773 1505 989 1552 celebrarunt.c

175 1548 238 1574 lndc
249 1548 371 1575 sultanus
389 1547 573 1575 Muchemetes
589 1553 652 1575 ante
672 1554 777 1584 patrem
803 1549 955 1578 Hadriano-

173 1593 255 1627 polim
270 1593 407 1628 profectus
417 1598 466 1620 est.
484 1592 571 1621 Gestat
591 1601 654 1620 vero
679 1594 789 1621 fuerunt
801 1595 842 1623 Ine
859 1603 901 1624 res
928 1598 953 1624 in

183 1640 326 1667 Cmovana
355 1641 464 1675 planitie
477 1648 548 1668 anno
561 1641 613 1669 855
629 1641 704 1677 (Chr.
720 1642 810 1678 1448).

209 1680 328 1713 Μιιιήιεε
345 1688 424 1714 etiam
446 1687 639 1714 Muchemetem
658 1688 741 1715 filitttn
769 1695 881 1716 secutus
912 1695 956 1717 est

174 1732 407 1767 Hadrianopolim,
440 1733 533 1768 ibique
558 1738 664 1767 tempus
676 1734 709 1762 ad
728 1735 838 1770 aliquod
857 1736 883 1762 iu
900 1737 955 1763 otio

174 1779 251 1810 vixit,
266 1780 300 1804 ita
320 1782 418 1809 tamen,
437 1783 467 1804 ιιι
490 1778 628 1805 Romaniut
643 1779 899 1815 beglerbegumcum
911 1789 957 1808 co—

173 1824 225 1858 piis
238 1824 383 1855 ablcgaret,
400 1824 431 1850 ad
448 1825 644 1851 exstruendum
661 1833 752 1852 arcem
781 1826 926 1861 Gergouim
946 1836 953 1854 :

172 1877 226 1904 qua
241 1868 372 1903 perfe-ta,
394 1868 515 1896 Murates
542 1870 567 1895 in
593 1871 725 1898 Anatolia:
755 1877 893 1904 montana,
911 1881 956 1900 ca-

174 1915 282 1948 ptanda
305 1914 453 1949 frigidioris
470 1922 542 1942 aura:
554 1922 646 1948 causa,
675 1923 704 1943 se
728 1917 854 1950 contulit,
884 1925 955 1946 anno

173 1958 422 1994 855(cnr.iitsy

209 2017 227 2042 E
243 2017 378 2043 montanis
391 2025 529 2050 reversus,
545 2018 745 2051 expeditionem
770 2019 796 2046 in
812 2019 953 2047 Albaniam

173 2064 302 2097 suscepit,
315 2067 343 2089 ut
356 2071 444 2089 arcem
461 2063 673 2097 Beligradcnsem
689 2071 842 2099 occuparet.
854 2066 907 2093 Sed
920 2067 956 2093 ir-

173 2107 240 2134 ritus
250 2107 292 2133 ille
302 2112 413 2133 conatus
428 2107 487 2139 fuit,
498 2107 612 2141 ideoque
632 2107 711 2134 rediit
722 2106 954 2144 Hadrianopolim,

173 2159 223 2179 nec
238 2152 355 2186 amplius
369 2152 460 2177 abillo
484 2155 607 2186 tempore
637 2153 683 2179 ulli
711 2154 752 2180 vel
777 2155 954 2188 expeditioni,

1003 233 1098 251 onincs
1115 229 1168 251 tam
1186 224 1319 251 Auatolize
1355 232 1436 258 quam
1454 223 1590 250 ltomanite
1604 222 1691 255 coegit
1706 229 1787 248 exer-

1003 271 1084 303 citus,
1103 271 1245 298 conductis
1261 271 1342 298 etiam
1355 271 1441 297 vicies
1460 269 1532 296 mille
1544 268 1690 303 peditibus.
1705 265 1787 294 Geni-

1005 325 1130 343 zarorum
1143 322 1219 343 erant
1233 318 1265 343 ad
1284 317 1376 343 decem
1396 316 1489 342 millia.
1506 314 1690 342 Couvolarunt
1700 318 1726 340 et
1741 313 1785 339 alii

1004 363 1159 396 complures
1176 363 1209 389 ad
1227 370 1300 393 cum,
1314 363 1411 396 quibus
1428 362 1527 395 al50qui
1546 361 1677 387 militandi
1689 367 1785 386 ncces-

1003 408 1069 434 sitas
1087 416 1138 434 non
1171 408 1352 434 int-umbeha.
1381 407 1480 433 Bellica
1513 413 1624 440 quoque
1652 409 1785 431 tormenta

1005 452 1078 478 fundi
1095 451 1184 486 jussit,
1201 452 1288 479 instar
1302 453 1459 478 draconum.
1477 450 1515 478 Ita
1532 458 1594 476 eum
1628 451 1700 476 omni
1731 455 1787 475 tor-

1005 501 1158 523 mentorum
1175 502 1317 531 apparatu,
1335 498 1470 532 tantisque
1495 505 1555 524 cum
1573 496 1659 530 copiis
1673 495 1787 522 Hadria-

1004 543 1093 577 nopoli
1111 542 1260 577 profectus.
1275 549 1364 570 castra
1392 543 1629 576 Constantinopoli
1645 542 1764 568 admovit
1779 550 1786 570 :

1003 588 1186 623 displosisqnc
1202 590 1360 619 tormentis.
1378 598 1483 620 muros,
1518 594 1545 616 et
1567 590 1665 623 pinnas
1680 596 1786 618 eorum,

1003 633 1118 668 disiecit.
1135 635 1293 667 Christiani,
1307 641 1439 669 quotquot
1452 635 1511 662 urbi
1544 635 1670 669 prmsidio
1698 638 1786 664 erant,

1003 679 1109 707 fortiter
1122 680 1159 706 illi
1169 681 1278 714 quidem
1294 689 1323 708 se
1340 681 1520 708 defendebant
1533 689 1540 706 :
1551 681 1598 707 sed
1611 681 1705 707 ttrbctn
1716 679 1786 706 tueri

1004 731 1099 752 contra
1115 727 1167 752 vim
1186 726 1364 753 Muchemetis
1387 727 1457 753 haud
1483 731 1620 760 poterant.
1650 725 1679 752 ls
1704 726 1788 757 enim,

1003 779 1132 799 concessa
1147 772 1224 799 militi
1242 772 1361 804 licentia,
1377 772 1520 806 diripientli
1550 771 1787 804 Constantinopo-

1005 817 1062 847 lim,
1076 817 1156 843 modo
1165 825 1222 844 eam
1238 821 1429 852 occupassent,
1454 824 1539 850 usque
1554 817 1622 842 adeo
1636 815 1787 842 Turcorutu

968 855 993 884 Β
1007 863 1111 888 animos
1129 862 1274 892 accendit,
1292 867 1320 888 ut
1333 870 1432 896 magno
1449 861 1522 888 illam
1537 868 1597 888 cum
1629 861 1730 894 impetu
1745 859 1788 885 in-

1004 909 1144 939 vaderent,
1161 913 1360 943 oppugnarent.
1378 915 1425 943 per
1441 908 1494 934 vim
1509 907 1627 941 denique
1643 909 1786 940 caperent.

1004 955 1083 982 Potiti
1101 962 1166 981 vero
1181 959 1244 981 sunt
1258 955 1325 981 urbe
1340 954 1436 987 Turci,
1465 954 1509 981 die
1525 953 1655 981 vicesimo
1685 952 1787 979 mensis

1004 994 1163 1027 Rebuilnltie.
1181 1000 1309 1027 Sullanus
1342 999 1542 1031 Muchemetes,
1558 998 1651 1025 urbem
1679 1004 1785 1032 captam

1005 1045 1154 1080 ingressus,
1166 1046 1302 1072 hincinde
1335 1054 1383 1080 per
1407 1053 1466 1072 eam
1490 1044 1668 1078 obequitavit,
1693 1044 1787 1070 obstu-

1004 1097 1118 1125 pesecns
1134 1090 1167 1117 ad
1189 1091 1331 1117 inusitatas
1346 1090 1520 1127 aedificiorum
1535 1090 1647 1118 formas.
1676 1089 1742 1116 Cum
1760 1089 1786 1115 in

1004 1137 1194 1163 Atuiindanem
1210 1137 1392 1171 pervenisset,
1408 1137 1564 1164 columnam
1583 1136 1619 1162 ibi
1654 1135 1787 1169 lapideam

1005 1183 1081 1214 vidit,
1096 1183 1138 1210 cui
1156 1183 1253 1217 triplex
1281 1188 1341 1210 erat
1364 1183 1508 1217 impositus
1519 1190 1631 1218 serpens
1667 1182 1789 1210 abencns

1005 1228 1131 1263 idemque
1151 1229 1260 1264 triceps.
1281 1229 1359 1256 Illum
1384 1232 1569 1264 conspicatus,
1583 1229 1708 1263 quidnam
1738 1229 1790 1256 hoc

1005 1279 1077 1302 esset
1093 1275 1167 1308 idoli,
1182 1276 1313 1309 quaesivit.
1332 1276 1419 1302 Simul
1438 1275 1463 1302 in
1477 1282 1537 1302 eum
1548 1279 1675 1302 conterta
1691 1283 1788 1308 magna

1006 1320 1031 1346 vi
1051 1321 1124 1347 clava
1142 1321 1240 1353 ferrea,
1260 1329 1341 1355 quam
1360 1322 1540 1356 pusdiganum
1570 1320 1652 1348 Turci
1679 1327 1788 1355 vocant,

1006 1366 1052 1393 uni
1072 1367 1105 1393 de
1119 1367 1205 1394 tribus
1219 1367 1272 1394 illis
1287 1368 1426 1401 capitibus
1435 1367 1599 1402 serpentinis
1617 1367 1723 1394 labrum
1743 1368 1786 1393 in-

1006 1412 1090 1440 ferius
1111 1413 1279 1441 comminuit.
1302 1415 1361 1446 Quo
1374 1414 1457 1446 facto,
1491 1421 1552 1441 mox
1588 1421 1728 1450 serpentes
1759 1415 1786 1441 in

1007 1459 1074 1486 urbe
1089 1467 1186 1493 magno
1200 1459 1320 1494 conspici
1346 1466 1453 1494 ccepere
1479 1467 1603 1487 numero.
1616 1460 1788 1495 Quapropter

1006 1511 1132 1533 auctores
1145 1505 1168 1532 ei
1190 1506 1265 1532 fuere
1279 1506 1399 1540 quidam,
1427 1512 1457 1534 ut
1476 1507 1589 1534 missum
1617 1507 1744 1543 deinceps
1759 1508 1789 1534 il-

1007 1553 1061 1579 litin
1070 1557 1221 1587 serpentem
1232 1551 1334 1579 faceret
1352 1561 1359 1582 :
1374 1553 1485 1587 quando
1503 1561 1550 1587 per
1570 1554 1594 1580 id
1609 1554 1787 1581 simulacrum

1005 1599 1135 1626 effectum
1153 1598 1247 1631 fuerit,
1267 1599 1305 1626 uti
1318 1606 1429 1633 serpens
1447 1599 1475 1626 in
1502 1601 1569 1626 urbe
1600 1600 1691 1627 nullus
1706 1605 1788 1627 esset.

1006 1645 1075 1673 Hinc
1085 1653 1114 1672 ea
1130 1646 1255 1673 columna
1269 1646 1296 1673 in
1323 1646 1485 1673 hodiernum
1516 1646 1604 1674 adhuc
1617 1646 1687 1674 diem
1697 1647 1788 1675 durat.

1006 1691 1040 1718 Et
1054 1699 1209 1728 quanquam
1224 1692 1305 1718 unius
1315 1692 1410 1719 ahenei
1421 1693 1557 1727 serpentis
1573 1692 1700 1720 inferiore
1713 1694 1789 1720 labro

1006 1738 1120 1773 dejecto,
1138 1742 1277 1773 serpentes
1294 1737 1322 1764 in
1337 1739 1431 1765 urbem
1453 1738 1589 1769 verterint,
1619 1746 1716 1766 nocere
1744 1745 1786 1766 ta-

1006 1792 1067 1811 men
1086 1784 1188 1814 nemini
1208 1788 1329 1819 possunt.
1361 1783 1428 1810 Erat
1458 1784 1539 1812 etiam
1569 1791 1677 1812 erectus
1702 1793 1790 1820 equus

1006 1831 1136 1862 aheneus,
1158 1830 1201 1856 cui
1225 1834 1314 1857 statua
1335 1830 1457 1864 quaedam
1485 1833 1620 1866 equestris
1637 1832 1783 1859 insidebat.

1006 1875 1156 1911 Utrumque
1169 1876 1356 1904 Muchcmetcs
1366 1877 1511 1904 demolitus
1520 1882 1572 1904 est.
1589 1877 1648 1904 Feri
1657 1887 1688 1904 nr
1696 1884 1786 1905 autem

1006 1925 1056 1950 hac
1073 1928 1163 1949 statua
1178 1924 1247 1956 pesti
1262 1923 1413 1957 praeclusus
1429 1923 1513 1950 fuisse
1540 1923 1641 1952 aditus.
1670 1932 1723 1959 quo
1740 1924 1790 1950 mi-

1006 1977 1057 1996 nus
1084 1970 1110 1995 in
1140 1969 1232 1995 urbem
1260 1974 1413 2003 penetraret
1427 1976 1460 1995 ac
1488 1969 1514 1995 in
1549 1976 1578 1996 ea
1608 1973 1790 2003 grassaretur.

1040 2014 1178 2050 Occupata
1204 2014 1448 2048 Constantinopoli,
1479 2014 1609 2041 Anatolii:
1651 2020 1790 2048 montana,

1007 2061 1146 2088 recreandi
1159 2060 1201 2087 sui
1229 2068 1322 2093 causa,
1347 2060 1533 2087 Muchemctes
1561 2061 1638 2095 petiit
1656 2068 1663 2088 :
1683 2066 1710 2087 et
1728 2061 1791 2087 inde

1006 2115 1132 2135 reversus
1149 2108 1174 2133 in
1188 2107 1330 2133 Albaniam
1342 2107 1437 2140 copias
1464 2106 1542 2133 duxit
1558 2115 1565 2132 :
1593 2107 1637 2132 ubi
1665 2106 1790 2141 Siutiéeu

1008 2155 1033 2181 in
1048 2158 1209 2188 potestatem
1225 2153 1338 2186 redegit,
1351 2160 1424 2178 anno
1440 2152 1492 2178 858
1519 2152 1594 2186 (Chr.
1610 2152 1701 2186 1455).

172 2199 213 2224 vel
228 2198 298 2224 bello
316 2196 440 2223 interfuit
454 2205 461 2223 :
476 2197 632 2224 exstinctus
641 2198 683 2225 die
698 2199 814 2233 quodam
827 2199 951 2228 Mercurii
968 2198 992 2227 υ
1041 2202 1120 2227 Anno
1135 2201 1271 2233 sequenti,
1300 2198 1402 2226 Novam
1430 2206 1490 2225 cum
1524 2198 1608 2232 copiis
1632 2206 1787 2234 aggressus,

173 2247 218 2278 qni
235 2245 357 2271 decimus
372 2249 430 2270 erat
463 2245 564 2271 mensis
588 2245 769 2277 illuchercnis.
801 2255 872 2274 anno
899 2249 951 2277 855

174 2291 249 2324 (Chr.
267 2290 359 2323 1450),
379 2297 440 2316 cum
458 2289 535 2316 annis
549 2290 654 2324 triginta
683 2299 765 2317 unutn
781 2292 951 2326 imperasset.

210 2336 347 2362 Succcs‘sit
359 2335 427 2369 patri
445 2335 569 2361 sulzanns
584 2336 765 2363 Murhemctcs
781 2338 886 2365 liliUsin
906 2341 952 2367 ad-

174 2382 372 2410 ministratione
389 2381 475 2415 regni,
503 2382 649 2416 statimque
676 2382 781 2410 decimo
807 2391 882 2411 sexto
908 2388 952 2415 die

172 2430 235 2455 dicti
251 2428 349 2455 mensis
366 2433 513 2454 exercitum
539 2428 564 2454 in
593 2427 780 2456 Caramauiam
809 2431 896 2464 duxit,
927 2439 953 2460 ct

173 2476 273 2502 lwllntn
287 2475 400 2510 principi
418 2474 581 2506 Caramauo,
612 2474 739 2501 lbrahimi
755 2477 831 2510 licgo,
852 2478 951 2506 intulit.

173 2522 223 2549 Sed
241 2529 274 2548 eo
289 2529 341 2548 non
370 2521 455 2547 multo
483 2526 543 2553 post
569 2521 729 2554 composito,
757 2529 883 2550 reversus
911 2531 953 2551 est

173 2566 405 2600 Hadrianopolim,
425 2570 506 2598 atque
519 2565 554 2590 ibi
570 2573 665 2591 novam
697 2574 786 2592 arcem
818 2569 951 2597 ωιίιῦροινρ

172 2614 264 2648 εωρίι,
278 2613 370 2639 eodem
388 2618 458 2646 anpo
470 2608 522 2636 853
537 2611 708 2646 (ΕΗΓΔ-450).

208 2663 284 2688 Anno
296 2659 418 2693 sequenti
429 2659 562 2692 proximo,
575 2659 698 2686 videlicet
707 2660 758 2687 856
768 2661 842 2696 (Chr.
860 2663 950 2698 1331),

174 2718 225 2734 non
248 2706 341 2741 procul
357 2714 370 2731 ει
387 2704 634 2738 Constantinopoli,
652 2705 833 2740 locoqnodatn
848 2717 862 2736 a
878 2715 952 2743 tergo

171 2755 272 2781 Gaium:
290 2751 378 2786 oppidi
394 2751 457 2782 sito,
489 2751 681 2778 munitisimam
705 2760 794 2780 arcem
818 2755 850 2781 ad
879 2764 952 2782 inare

172 2801 299 2829 condidit.

205 2845 423 2879 Absolntohujus
434 2844 504 2871 arcis
516 2843 638 2876 art-lilicio,
655 2846 781 2872 mandata
797 2854 857 2874 cum
877 2846 948 2872 litte-

1005 2247 1085 2281 ccpit.
1107 2247 1209 2280 Quippe
1225 2245 1371 2271 Christiani
1390 2252 1485 2271 rursus
1500 2243 1550 2270 hac
1577 2249 1654 2278 potiti
1672 2246 1791 2280 fuerunt.

1012 2295 1122 2321 Factum
1137 2294 1187 2320 hoc
1205 2301 1277 2319 anno
1295 2293 1345 2320 859
1359 2292 1436 2326 (Chr.
1451 2292 1540 2327 1454).

1041 2341 1194 2367 Secundum
1212 2341 1279 2372 haec,
1296 2340 1328 2366 ad
1360 2340 1454 2365 Albam
1484 2339 1605 2366 Graecam
1638 2340 1788 2365 exercitum

1006 2387 1117 2414 adduxit
1133 2395 1141 2413 :
1159 2387 1206 2413 scd
1224 2393 1285 2412 cum
1298 2393 1357 2412 eam
1370 2392 1528 2420 expugnare
1536 2393 1589 2412 non
1605 2389 1707 2419 posset,
1723 2385 1787 2412 abs-

1006 2433 1098 2459 cessit.
1117 2431 1199 2458 Periit
1219 2431 1253 2457 ibi
1271 2431 1333 2458 Dais
1348 2430 1475 2457 Caratzes
1489 2431 1577 2463 hassa,
1606 2431 1652 2465 qui
1681 2430 1789 2463 begler-

1006 2479 1065 2512 δαδὶ
1081 2485 1192 2505 munere
1227 2478 1400 2512 fungebatur.
1427 2476 1527 2504 Eodem
1554 2485 1624 2504 anno
1636 2477 1687 2504 860
1711 2477 1788 2507 (Chr.

1007 2526 1086 2555 Μὸϋ)
1111 2524 1249 2558 conspecti
1276 2529 1340 2551 sunt
1356 2525 1411 2550 dtto
1439 2528 1552 2550 cometae
1586 2529 1679 2550 versus
1697 2524 1789 2550 orien-

1008 2573 1059 2594 lcm
1077 2569 1161 2594 solem
1179 2575 1260 2599 unus,
1274 2568 1343 2594 alter
1357 2568 1391 2594 ad
1417 2575 1555 2594 occasum.

1041 2612 1304 2647 Constantinopolim
1317 2620 1456 2642 reverStts.
1467 2620 1591 2646 magnam
1602 2612 1787 2640 celebritatem

1006 2659 1326 2689 Mnchcmetcsinstituit,
1357 2659 1420 2685 dum
1435 2659 1516 2694 330
1543 2659 1688 2693 Bajazitcm
1705 2660 1790 2686 filium

1006 2705 1219 2737 circumcideret,
1237 2713 1308 2732 anno
1323 2705 1369 2731 861
1410 2706 1484 2740 (Chr.
1514 2706 1604 2740 “57).

1045 2750 1145 2777 Deinde
1160 2755 1254 2778 coacto
1263 2751 1395 2782 exercitu,
1413 2751 1439 2777 in
1456 2750 1575 2777 Moream
1603 2751 1680 2783 abiit,
1704 2755 1731 2777 et
1745 2756 1790 2777 ur«

1010 2797 1068 2822 bcm
1085 2796 1215 2828 Cordum,
1232 2804 1291 2823 eum
1306 2797 1440 2832 oppidnlis
1450 2797 1612 2832 quibusdam
1624 2798 1705 2832 cepit,
1719 2804 1790 2824 anno

1006 2843 1248 2878 soetcnr.tissi
