1962 3071
132 102 186 134 6ἶ3

776 97 948 129 ANNAIES
968 97 1136 131 TURClCi.

1722 102 1778 134 διε

170 156 268 184 Postea
287 156 454 184 Scmeudritc
467 157 562 192 copias
590 156 719 184 admovit.
750 156 805 183 Rex
838 159 933 183 autem
950 157 972 184 Δ
987 155 1322 191 instructa.Posleaquam
1338 156 1391 184 huc
1414 157 1586 192 appulissent
1599 159 1686 194 copim
1706 159 1778 188 Tur-

136 203 295 230 Bozinensis
309 209 407 238 sponte
424 211 473 230 sua
484 203 651 232 Semendrite
668 203 835 231 deditionem
851 202 926 233 fecit,

136 259 206 277 anno
223 250 275 277 865
304 251 379 286 (Chr.
398 250 489 285 1459).

172 308 242 336 Hinc
255 316 349 335 rursus
364 308 391 335 in
405 307 525 335 Mnream
542 307 690 342 profectus,
707 307 790 334 multa
816 306 928 333 castella

136 361 198 381 cum
217 354 357 389 oppidulis
374 354 529 388 occupavit.
545 353 573 380 ld
590 353 733 388 tetnporis,
756 353 800 380 die
810 352 929 386 quodam

139 399 262 433 Veneris,
280 401 368 434 primo
384 400 516 433 diluculo,
530 400 570 427 sol
585 400 653 427 adeo
665 400 752 426 lucem
767 406 846 425 suam
859 398 929 424 ami-

137 447 171 473 sit
189 467 197 478 ,
216 452 245 473 ut
260 447 352 474 omnia
386 446 507 474 tenebris
535 446 752 477 involverentur,
784 453 857 472 anno
877 444 930 471 864

138 494 214 529 (Chr.
228 493 324 528 MGO).

171 551 339 578 Transmisit
356 557 446 579 autem
462 552 621 579 secundum'
635 552 694 579 haec
710 551 849 578 universis
867 558 929 577 cum

138 598 223 631 copiis
238 598 264 624 in
286 598 454 631 Anatoliam,
473 597 645 632 ulteriuSque
674 604 851 632 progressus,
879 596 929 623 Ca:

139 649 304 676 statnonem,
319 644 450 680 Sinopen,
478 650 505 672 et
518 644 722 671 Tarabosanem
745 644 871 670 civitates
884 651 931 676 oc—

139 691 248 725 cupavit
263 700 270 720 :
284 691 398 726 imperio
413 699 464 718 suo
481 692 643 727 regionibus
660 691 715 718 illis
731 693 861 718 omnibus
881 691 930 717 ad-

137 737 253 771 junrtis.
268 736 346 765 Unde
359 738 487 773 deinceps
500 738 723 773 Hadrianopolim
754 738 847 769 rediit,
861 742 888 764 et
903 737 931 764 iu

140 784 195 810 otio
210 789 316 818 tempus
329 784 362 810 ad
374 783 483 818 aliquod
495 791 525 811 se
538 784 683 811 recreavit.
695 784 861 811 Acciderunt
875 783 932 810 haec

141 837 213 856 anno
226 829 277 856 865
291 829 368 864 (Chr.
396 830 487 865 NGI).

177 885 283 915 Rursus
298 888 474 922 expeditione
492 892 632 923 suscepta,
650 887 805 916 Valachiam
825 889 931 924 ingres-

142 941 188 960 sus
205 938 256 967 est,
272 939 298 960 ct
314 933 463 961 Vaivodam
478 933 627 968 Valachim,
640 935 685 974 cui
702 942 800 962 nomen
827 935 931 962 Draco-

144 982 193 1012 les,
203 988 302 1016 magno
316 988 377 1008 cum
392 981 512 1008 exercitu
524 981 633 1008 invasit.
648 980 703 1008 Hoc
718 981 790 1008 bello
817 982 931 1009 voivoda

143 1027 277 1055 Valachus
292 1028 438 1055 consilium
450 1028 522 1063 cepit
533 1028 705 1063 opprimendi
719 1032 809 1056 castra
822 1028 934 1056 Muchen

143 1075 222 1102 metis
239 1079 374 1102 nocturno
387 1080 520 1109 tempore,
535 1074 583 1102 sed
599 1081 694 1109 parum
714 1074 819 1102 edicere
833 1076 935 1110 potuit.

142 1120 259 1155 ideoque
271 1128 323 1147 non
337 1120 501 1148 succedente
522 1125 621 1147 conatu
638 1119 758 1154 profugit
790 1121 817 1148 in
845 1120 935 1156 Unga-

143 1167 211 1194 riam
228 1174 236 1193 :
254 1167 300 1193 ubi
316 1174 378 1193 cum
395 1167 421 1193 in
432 1174 528 1194 manus
538 1168 609 1201 regis
625 1165 728 1202 Ungari
755 1168 934 1203 pervenissm,

143 1213 246 1240 carceri
276 1212 448 1247 mancipatus
479 1211 542 1240 fuit.
556 1212 663 1240 Interea
687 1219 752 1239 vero
779 1211 936 1247 Valachiam

144 1260 194 1287 sibi
215 1259 341 1287 sultanus
358 1258 541 1286 Muchemetes
566 1259 700 1287 subdidit.

179 1306 251 1333 Misit
264 1311 291 1334 et
307 1307 424 1333 classem
441 1306 468 1332 in
487 1305 604 1333 insulam
636 1306 797 1343 Mitylenen,
822 1307 940 1342 ejusque

145 1351 206 1378 belli
222 1359 304 1379 causa
325 1352 406 1379 etiam
423 1351 480 1386 ipse
498 1352 594 1379 relicta
620 1351 750 1381 Valachia
783 1354 938 1381 Anatolium

145 1397 223 1424 adiit.
234 1396 370 1430 Occupata
384 1404 448 1424 vero
472 1397 524 1424 funt
539 1398 628 1425 insula
646 1398 772 1435 Mitylene
789 1407 861 1434 anno
888 1399 940 1427 866

144 1442 220 1477 (Chr.
240 1442 332 1478 “62).

179 1500 217 1528 Ex
233 1502 358 1529 Anatolia
375 1502 644 1537 Constantinopolim
674 1511 704 1531 se
733 1504 860 1535 contulit.
888 1505 933 1532 ubi
948 1506 970 1535 C

145 1548 268 1582 quaedam
284 1549 397 1576 acdillcia
415 1550 522 1577 curavit
549 1550 654 1578 exstrui
670 1559 678 1577 ;
705 1555 733 1577 et
753 1551 932 1578 Mechmetem

146 1595 265 1627 bassam,
283 1597 401 1623 vczlrem
415 1596 547 1627 suum,in
574 1595 695 1623 Moream
726 1596 871 1631 ablegavit.
909 1597 935 1625 ls

145 1642 251 1677 aliquot
265 1641 365 1669 ibidem
387 1642 514 1677 oppidula
564 1643 646 1677 cepit,
679 1650 752 1669 anno
768 1642 832 1670 -867
858 1642 934 1678 (Chr.

146 1689 239 1723 ηδε).

184 1736 342 1764 Secundum
368 1736 414 1763 illa
448 1735 591 1770 productis
622 1734 807 1764 Mucberneles
838 1737 936 1772 copiis,

147 1783 167 1809 Β
186 1784 273 1810 zinam
288 1783 400 1810 adortus
416 1787 466 1814 est,
482 1787 509 1809 et
536 1790 645 1809 omnem
668 1782 742 1810 illam
766 1783 936 1817 regioncmin

147 1833 308 1864 ptitCSLIlem
322 1829 438 1864 redegit,
456 1836 600 1863 regemque
620 1834 729 1863 captum
748 1829 858 1856 occidit.
873 1829 939 1856 Inde

148 1875 303 1910 subjngum
317 1875 351 1902 ab
363 1883 396 1903 eo
410 1875 494 1903 missa
518 1875 569 1902 fuit
583 1875 780 1911 Herzegovina,
796 1883 858 1904 cum
889 1876 940 1903 Co-

147 1922 231 1948 vadza
249 1929 256 1948 :
275 1921 376 1956 quibus
392 1922 474 1949 rebus
493 1922 589 1957 gestis,
605 1922 701 1949 itinere
716 1929 860 1955 converso,
869 1922 941 1949 Cou-

147 1966 352 2001 stantinopolim
367 1967 483 2001 repetiit,
497 1975 569 1994 anno
580 1967 632 1994 869
648 1967 724 2002 (Chr.
740 1967 833 2001 1464).

181 2014 276 2040 Annus
284 2004 375 2040 autem
384 2021 503 2048 sequens
518 2014 570 2040 870
581 2014 657 2050 (Chr.
669 2015 762 2049 “95),
775 2020 889 2043 exactus
905 2016 940 2043 ab

147 2066 179 2086 eo
191 2059 428 2094 Constantinopoli
444 2060 495 2086 fuit
510 2059 536 2086 in
554 2060 623 2088 otio.
658 2060 711 2087 Sed
736 2061 763 2087 in
795 2061 940 2088 Albaniam

147 2105 243 2132 deinde
256 2105 405 2139 prolectus,
421 2105 552 2133 ditionem
571 2106 649 2134 ducis
674 2105 791 2134 Joannis
812 2107 878 2134 istic
889 2107 942 2135 im-

148 2151 224 2184 pcrio
239 2158 290 2177 suo
304 2150 432 2185 subjecit.
448 2151 516 2178 Cum
532 2157 624 2178 autem
646 2152 671 2178 id
694 2153 829 2186 temporis
860 2161 940 2180 exer-

148 2197 232 2224 citum
254 2198 340 2230 ipsius
369 2198 427 2224 dira
453 2198 576 2232 qumdam
608 2199 667 2226 lues
694 2199 851 2232 invasisset,
880 2201 939 2235 ipse

147 2241 357 2278 Philippopolim
375 2244 453 2277 adiit,
466 2243 557 2279 ibique
573 2251 602 2272 se
632 2244 724 2279 quieti,
749 2246 835 2278 dedit,
865 2253 938 2274 anno

148 2290 196 2316 8H
215 2289 293 2324 (Chr.
311 2289 402 2325 1466).

183 2335 364 2371 Philippopoli
376 2337 531 2370 discedens,
553 2345 650 2366 rursus
664 2338 692 2366 in
718 2338 861 2366 Albaniam
876 2348 940 2374 per-

148 2383 228 2415 rexit,
242 2383 428 2418 majorcmque
441 2385 590 2419 provinciae
604 2391 708 2419 partem
725 2387 881 2421 oaenpavit,
892 2395 940 2414 an-

149 2437 184 2455 no
200 2430 254 2457 872
280 2430 357 2464 (Chr.
376 2431 470 2467 1667.)

184 2476 222 2503 Ex
235 2476 350 2504 Albania
364 2477 504 2512 protectus
522 2478 549 2505 in
574 2478 742 2510 Anatoliam,
770 2478 940 2506 Caramaniaa

149 2523 217 2551 ﬁnes
230 2525 372 2559 ingressus
381 2531 433 2556 est,
447 2529 473 2552 et
489 2532 578 2551 arcem
588 2524 785 2552 Giolchisarem
803 2532 941 2559 expugna-

148 2571 185 2598 vit
202 2572 294 2599 :undc
311 2576 403 2607 postea
423 2571 690 2607 Constantinopolim
717 2579 857 2604 reversus,
888 2572 940 2598 ali-

148 2620 270 2653 quandiu
287 2619 392 2647 bellicis
401 2627 416 2647 a
425 2619 543 2654 negotiis
561 2619 704 2650 abstinuit,
715 2626 787 2646 anno
797 2618 847 2645 875
878 2619 927 2653 (Ch

152 2666 242 2699 1469).

183 2712 242 2740 Non
259 2713 345 2740 multo
359 2719 430 2748 post,
449 2718 478 2740 ut
493 2714 541 2741 otii
568 2721 634 2741 sane
668 2712 850 2740 diuturnioris
881 2717 942 2739 erat

148 2759 304 2794 impatiens,
321 2760 435 2794 ipsemet
459 2760 555 2787 itinere
583 2760 704 2786 terrestri
729 2759 870 2794 profectus
900 2764 942 2785 est

148 2813 245 2834 versus
263 2806 383 2842 Egripon
403 2815 410 2833 :
426 2814 488 2834 cum
511 2806 693 2834 Machmutcm
711 2807 822 2834 bassam
843 2806 940 2834 eodem

149 2855 307 2889 ablegasset
320 2863 382 2882 cum
397 2855 493 2888 classe,
504 2855 650 2884 duodecim
667 2854 788 2882 millibus
799 2854 941 2882 hominum

981 203 1055 235 ciczr,
1066 203 1215 231 Christiani
1227 210 1311 237 seque
1324 203 1506 239 fortunasque
1518 212 1583 232 suas
1594 206 1700 241 egregie
1712 214 1778 241 pro-

982 249 1149 281 pugnabant.
1167 248 1220 276 Sed
1247 257 1309 276 cum
1333 250 1443 276 tandem
1471 251 1541 277 muri
1575 256 1777 279 tormentorum

982 289 1083 326 impetu
1101 293 1202 327 pulsati
1216 295 1397 326 corruissent,
1430 303 1484 321 non
1508 303 1571 323 arce
1605 301 1722 327 tantum,
1751 302 1780 323 (ιι

981 337 1100 369 civitate,
1119 346 1165 372 per
1182 340 1235 365 vim
1251 340 1328 374 potiti
1346 339 1424 367 fuere
1448 340 1534 368 anci
1554 350 1561 368 :
1577 349 1672 369 verum
1691 344 1776 369 etiam

981 390 1089 409 omnem
1107 383 1249 410 ﬁnitimam
1267 385 1405 419 regionem
1418 386 1601 413 Muchemetis
1627 389 1774 422 imperium

982 428 1104 462 accipere
1114 434 1272 463 coogerunt,
1286 437 1358 460 anno
1374 430 1426 458 874
1451 430 1530 466 (Chr.
1549 432 1641 467 1470).

1016 474 1117 509 Egripo
1133 475 1250 506 devicta.
1283 475 1550 511 Constantinopolim
1581 487 1610 505 se.
1629 479 1735 512 recepit.
1752 485 1779 507 ct

982 527 1079 554 aspros
1098 529 1184 547 novos
1199 521 1298 556 signari
1313 523 1407 557 jussit,
1424 531 1497 551 anno
1513 524 1566 551 875
1590 525 1667 560 (Chr.
1684 526 1777 561 M7l).

982 566 1051 593 Dum
1071 567 1311 601 Cousmntinopoli
1331 567 1654 604 Muehemetesquiesrit,
1672 569 1774 597 Usum-

983 613 1111 640 chasanis
1128 614 1291 641 Parthorum
1307 614 1379 650 regis
1397 615 1503 643 militiae
1516 618 1582 648 dux,
1603 618 1645 644 cui
1676 625 1776 644 nomen

982 659 1108 687 Jusul'zes
1123 661 1218 694 begus,
1234 668 1297 687 cum
1308 662 1431 688 exercitu
1448 670 1476 689 se
1487 663 1572 689 movit
1588 682 1596 695 ,
1610 668 1638 690 et
1653 672 1778 699 magnam

983 707 1056 734 illam
1076 706 1169 733 urbem
1185 707 1320 734 Armeniae
1334 707 1465 735 Tocatam
1478 709 1633 743 populatus,
1653 711 1679 737 in
1691 712 1777 738 Cara-

983 753 1102 780 maniam
1116 753 1199 780 venit.
1220 754 1287 780 Erat
1303 754 1327 781 id
1339 755 1470 788 temporis
1487 756 1613 784 sultanus
1621 756 1779 792 Musuiphas

983 800 1017 838 iis
1040 800 1108 827 locis
1135 809 1150 827 ει
1178 806 1253 835 patre
1286 801 1453 830 Muchemete
1473 803 1668 837 praefectust
1695 805 1778 832 colle-

984 851 1027 873 cto
1040 847 1173 880 exercitu,
1185 847 1293 874 Parthis
1305 848 1416 875 obvium
1430 856 1459 876 se
1471 849 1556 882 dedit,
1570 857 1672 886 eosque
1698 852 1780 884 fudit,

983 890 1096 920 Jusut‘ze
1107 893 1175 926 bogo
1185 900 1276 926 capto.
1285 898 1312 923 et
1322 894 1594 931 Constantinopolim
1605 897 1640 924 ad
1670 902 1776 932 patrem

958 952 962 957 -
985 937 1182 966 Muchemetem
1195 940 1278 967 misso
1295 940 1390 975 :quod
1399 941 1509 976 quidem
1524 943 1618 970 evenit
1631 950 1703 971 anno
1728 944 1781 970 877

985 983 1060 1019 (Chr.
1074 985 1165 1019 M75).

1022 1030 1090 1056 Tum
1103 1039 1167 1058 vero
1183 1031 1371 1060 Muchemetes
1385 1033 1419 1060 ad
1433 1041 1510 1060 artua
1527 1041 1557 1061 se
1581 1042 1682 1069 parans
1706 1037 1782 1063 Ana-

987 1076 1080 1103 toliam
1094 1077 1162 1103 adiit
1175 1086 1184 1106 ;
1200 1082 1227 1104 et
1243 1078 1381 1106 mandatis
1395 1079 1459 1106 hinc
1474 1080 1538 1107 inde
1558 1081 1664 1110 missis.
1679 1087 1708 1109 ut
1720 1090 1782 1109 om.

988 1130 1036 1149 nes
1051 1122 1153 1150 milites
1169 1123 1201 1154 ad
1219 1123 1309 1157 ipsum
1325 1123 1352 1150 in
1381 1125 1538 1152 Anatoliam
1555 1133 1585 1152 se
1614 1126 1781 1161 conferrent,

988 1169 1083 1197 edixit.
1094 1169 1221 1197 Peditum
1236 1172 1269 1197 ad
1291 1171 1387 1206 viginti
1402 1171 1487 1199 millia
1505 1173 1531 1199 in
1546 1173 1632 1201 armis
1651 1181 1712 1201 esse
1724 1175 1783 1209 jus-

989 1216 1035 1248 sit,
1048 1221 1074 1244 et
1087 1216 1284 1244 Ceniza’rornm
1301 1225 1432 1245 numeros
1441 1218 1474 1245 ad
1488 1219 1583 1246 decent
1594 1228 1680 1255 usque
1698 1222 1781 1249 millia

990 1264 1137 1299 suppleri:
1165 1272 1233 1292 cum,
1270 1265 1376 1292 aulicus
1412 1265 1494 1292 etiam
1557 1269 1704 1295 comitatus
1732 1269 1783 1295 de-

991 1320 1048 1339 cem
1063 1311 1204 1338 hominum
1222 1311 1306 1338 millia
1321 1311 1560 1346 complecteretur.
1574 1313 1614 1340 Ad
1632 1322 1782 1346 summam,

991 1363 1103 1386 coactus
1120 1359 1144 1385 ei
1157 1359 1210 1385 fuit
1228 1358 1378 1390 exercitus,
1391 1359 1436 1393 qui
1447 1367 1592 1387 numerum
1610 1363 1783 1397 septuaginta

992 1406 1033 1433 vel
1060 1405 1197 1440 octoginta
1223 1405 1338 1432 millium
1364 1406 1517 1434 excederet.
1547 1406 1614 1434 Cum
1645 1410 1696 1436 hoc
1720 1417 1783 1444 ergo

993 1453 1079 1480 milite
1088 1461 1183 1480 versus
1193 1452 1333 1480 Parthiant
1347 1452 1498 1487 profectus,
1513 1453 1712 1482 Usumchasani
1725 1456 1782 1490 regi

988 1500 1187 1528 bellumintulit
1199 1508 1205 1527 :
1218 1499 1336 1534 sumptis
1346 1500 1428 1526 etiam
1440 1507 1532 1527 secum
1541 1500 1567 1527 in
1579 1500 1648 1528 hanc
1673 1502 1784 1535 expedi—

987 1548 1087 1575 tionem
1096 1547 1170 1579 ﬁliis,
1190 1545 1436 1580 sultanoBajazite,
1456 1546 1563 1574 sultano
1584 1546 1735 1582 Mustapha.
1757 1553 1784 1575 et

986 1595 1093 1622 sultano
1103 1594 1195 1621 Zeme.
1207 1594 1370 1628 Progressus
1381 1598 1470 1621 autem
1481 1601 1542 1621 cum
1552 1595 1610 1621 suis
1626 1594 1653 1621 in
1679 1595 1784 1627 Asiam,

986 1641 1127 1675 nonplnra
1139 1641 1421 1675 duntaxatoccupavit
1445 1640 1562 1675 oppida,
1587 1648 1679 1668 verum
1701 1641 1783 1668 etiam

987 1688 1099 1715 sublimi
1114 1688 1194 1714 sitam
1217 1687 1288 1718 loco,
1305 1688 1492 1722 munitamque
1509 1688 1650 1722 insigniter
1681 1696 1785 1721 arcem,

988 1734 1196 1762 Carachisarem
1223 1734 1306 1769 cepit.
1327 1732 1548 1762 Usumchasanes
1557 1736 1663 1762 obviam
1676 1736 1785 1764 Muchc—

989 1781 1055 1808 meti
1071 1788 1126 1808 non
1152 1780 1264 1815 prodiit,
1280 1779 1328 1808 sed
1340 1784 1401 1807 astu
1417 1780 1534 1815 quodam
1550 1782 1715 1816 excogitato,
1733 1783 1784 1810 mi-

989 1827 1064 1854 litem
1080 1835 1161 1854 suum
1177 1826 1243 1854 hinc
1258 1826 1321 1854 inde
1336 1826 1464 1861 partitus,
1487 1827 1516 1854 in
1541 1827 1647 1855 insidiis
1671 1828 1782 1856 locavit.

990 1873 1024 1900 Et
1036 1873 1102 1908 quia
1127 1872 1244 1907 primam
1271 1872 1357 1900 aciem
1386 1873 1414 1899 in
1440 1873 1577 1900 excercitu
1607 1873 1786 1902 Mucltemotis

990 1919 1133 1946 Romaniae
1167 1918 1364 1954 bcglerbegus,
1394 1919 1467 1946 Chas
1493 1918 1625 1952 Murates,
1655 1920 1783 1952 ducebat,

992 1967 1064 1994 forte
1081 1966 1190 1999 accidit,
1206 1970 1236 1993 ut
1251 1965 1394 2000 inopinato
1414 1965 1555 2000 'quasdam
1584 1966 1611 1993 in
1639 1965 1785 1993 Persarum

992 2013 1086 2048 copias
1102 2013 1246 2045 incideret,
1262 2020 1295 2040 ac
1314 2020 1425 2040 manum
1442 2020 1504 2039 cum
1518 2013 1558 2040 eis
1579 2020 1725 2040 conserere
1739 2021 1786 2040 co-

993 2065 1114 2094 geretur.
1131 2060 1170 2087 lbi
1190 2068 1253 2087 cum
1271 2060 1392 2094 majores
1403 2059 1569 2086 Parthorum
1596 2060 1669 2086 vires
1680 2066 1783 2091 essent,

993 2108 1142 2143 dissipatus
1156 2107 1295 2134 Romaniae
1307 2106 1399 2137 miles.
1413 2111 1440 2133 et
1457 2107 1516 2141 ipse
1545 2106 1722 2141 beglerbcgus
1737 2115 1786 2133 oc-

994 2157 1070 2184 cisus
1085 2155 1144 2182 fuit.
1162 2154 1270 2182 Interea
1286 2162 1350 2181 vero
1368 2155 1434 2181 dum
1461 2153 1554 2181 Parthi
1584 2153 1700 2188 primam
1715 2154 1785 2180 hanc

992 2201 1174 2230 Muchemetis
1186 2202 1276 2229 aciem
1289 2203 1426 2229 caaderent
1444 2210 1451 2228 ι
1466 2203 1550 2229 etiam
1572 2202 1636 2236 ipsi,
1668 2201 1785 2227 desertis

993 2249 1135 2277 ordinibus
1152 2249 1221 2280 suis,
1233 2249 1340 2276 hostem
1352 2249 1457 2276 confusi
1466 2251 1613 2284 persecuti,
1631 2252 1738 2278 tandem
1751 2251 1785 2277 ad

992 2296 1067 2323 illam
1081 2300 1266 2330 pervenerunt
1282 2295 1382 2328 aciem,
1401 2296 1479 2330 cujus
1491 2296 1550 2330 ipse
1572 2297 1697 2323 sultanus
1726 2296 1782 2322 Μιι-

992 2344 1131 2371 chemetes
1147 2342 1202 2369 dux
1215 2346 1284 2368 erat.
1304 2341 1327 2368 ls
1341 2349 1432 2369 autem
1448 2343 1528 2378 331
1545 2343 1708 2370 Parthorum
1726 2350 1786 2377 pcr-

993 2389 1117 2415 tnrbatos
1132 2387 1309 2421 conspicatus
1325 2387 1445 2419 ordines,
1470 2396 1534 2415 cum
1563 2388 1620 2416 suis
1632 2395 1679 2415 eos
1704 2389 1786 2414 ador-

994 2440 1038 2463 tus
1054 2441 1108 2463 est.
1121 2434 1199 2467 Quod
1216 2441 1231 2460 a
1247 2433 1419 2461 Muchcmete
1431 2434 1490 2461 lleri
1507 2434 1603 2461 videns
1632 2432 1787 2460 Usnmrba-

993 2490 1085 2515 sanes,
1098 2489 1198 2516 magno
1214 2481 1298 2508 animi
1311 2481 1411 2507 ardore
1423 2480 1590 2512 concitatus,
1607 2485 1635 2507 et
1661 2480 1719 2514 ipse
1736 2488 1786 2506 sua

993 2537 1020 2564 in
1034 2529 1141 2556 Turcos
1152 2527 1230 2554 duxit
1243 2527 1362 2562 agmina.
1381 2526 1521 2553 Permistis
1545 2528 1673 2567 utrinque
1704 2528 1787 2553 tantis

993 2575 1171 2607 exercitibus,
1182 2575 1346 2602 acerrimum
1364 2574 1487 2607 praelium
1509 2574 1691 2600 commissum
1711 2574 1761 2599 I'nit
1778 2581 1785 2599 :

993 2630 1056 2650 cum
1069 2620 1249 2648 Muchemetis
1265 2619 1312 2647 lilii
1328 2619 1386 2647 suis
1414 2627 1477 2646 cum
1509 2619 1599 2655 copiis
1622 2620 1785 2654 gravissime

994 2669 1111 2696 Parthos
1122 2673 1260 2703 urgerent,
1273 2671 1301 2694 et
1326 2667 1353 2693 in
1383 2665 1470 2693 altero
1498 2673 1584 2693 cornu
1615 2665 1786 2692 liiaclnnnles

994 2717 1086 2748 bassa,
1100 2723 1162 2743 cum
1178 2716 1263 2742 Dante
1275 2715 1366 2745 bassa,
1383 2714 1517 2754 Anatolia:
1543 2713 1716 2747 beglerbcgo,
1731 2716 1787 2738 ιον-

995 2764 1093 2791 mentis
1108 2762 1214 2790 bellicis
1230 2762 1338 2789 hostem
1355 2762 1531 2788 vehementer
1543 2759 1684 2794 afﬂigeret.
1696 2757 1784 2784 Etiam

997 2811 1214 2839 Usumchasanis
1226 2810 1271 2837 uni
1293 2810 1326 2838 de
1353 2810 1416 2836 ﬁliis
1440 2812 1522 2843 caput
1543 2811 1728 2842 amputatum,
1760 2812 1787 2832 et

1000 2860 1109 2888 sultano
1126 2858 1288 2886 Muchcmeti
1303 2858 1423 2886 oblatum
1443 2858 1502 2884 fuit.
1517 2858 1584 2884 Cum
1600 2863 1664 2888 ergo
1693 2854 1786 2882 Parthi
