1962 3071
134 119 188 152 '6i'l

773 110 947 145 AXNALE5
967 112 1135 144 t‘tttttztct.

1702 112 1754 142 6.8

133 178 205 204 ﬁlius
230 176 300 210 ejus,
323 174 448 201 suitanus
469 171 615 206 Bajazitcs,
629 171 739 197 Amasis
757 170 918 197 Constanti»
935 175 955 202 Α
972 179 1002 197 ea
1031 170 1147 204 Ungaria
1163 177 1169 195 :
1183 177 1249 202 quos
1268 169 1377 202 quidem
1399 169 1494 195 ordine
1519 173 1678 202 perorantes
1704 177 1755 196 au-

134 223 253 257 uopolitn
288 220 452 255 appulitzet
470 224 601 252 occupata
628 217 692 244 sedc
721 217 807 251 regia,
833 217 919 250 patris

134 270 194 296 loco
224 269 359 296 salutatus
374 269 416 293 cst
445 265 625 301 intperator.‘

173 313 222 340 \‘ix
260 309 499 345 Constantinopoli
527 310 623 344 paucis
656 308 754 336 diebus
793 309 920 340 besem,

135 367 196 386 cum
217 358 302 385 frater
326 356 394 389 eius,
423 355 547 382 sultanus
565 354 673 386 Zemes,
700 353 789 381 ductis
810 353 920 380 eCara-

135 404 225 431 martia
250 402 349 437 copiis,
380 401 494 427 Pruaam
521 399 600 431 adiit.
631 398 724 433 ibique
752 397 920 425 domicilium

134 450 186 477 sibi
213 448 375 480 constituit;
401 446 525 474 sultanus
539 451 603 471 vero
621 443 765 478 Bajazites,
789 441 921 471 arcessito

135 505 168 524 ex
195 495 294 530 Apulia
314 501 376 520 cum
405 492 525 520 exercitu
541 490 652 518 Geduce
683 489 816 516 Achmcte
830 488 919 520 bassa,

136 542 298 577 magnisque
339 538 509 572 caeteroquin
547 537 628 564 etiam
668 535 792 564 collectis
823 534 921 568 copiis,

135 589 267 616 adversus
300 580 411 613 Zemetu
441 584 552 611 fratrem
585 584 612 610 in
645 582 797 609 Anatoliam
825 580 920 607 movit.

132 635 203 663 Cum
230 633 322 667 praelii)
350 631 488 665 congressi
519 630 644 660 inissent,
669 627 783 655 inferior
797 627 922 655 discessit

134 681 248 711 lentes,
278 685 310 705 ac
333 684 396 705 mox
422 677 449 703 in
466 675 655 703 Carantaniam
678 674 820 710 profugit:
850 672 922 698 unde

136 733 197 753 eum
239 731 302 751 eum
337 722 462 750 sultanus
502 719 636 756 Bajaaites
675 720 849 755 expulisset:
881 718 923 745 iti-

136 779 203 799 nere
212 777 357 801 converso,
367 766 635 802 Conltautinopolim
657 765 779 801 repetiit.
794 764 859 792 inde
869 763 922 791 Ge-

135 818 235 844 ducem
265 815 423 843 Achmettem
439 813 547 840 haasam
565 813 592 839 in
602 811 793 839 Caramaniam
805 809 921 842 remisit,

136 864 185 898 qui
215 863 279 889 dum
299 860 362 888 istic
380 859 509 891 hereret,
535 858 660 893 Apuliam
693 856 750 884 Itali
779 860 920 889 recupera-
937 848 957 876 Β

140 914 203 937 tunt
226 907 347 936 :Turcis
370 905 513 935 omnibus.
542 905 589 939 qui
603 903 709 931 Otranti
737 902 862 937 praesidio
878 909 919 928 re-

139 956 194 984 licti
219 955 337 987 inerant,
363 951 392 980 in
404 951 591 987 captivitatem
627 949 758 981 redactis,
781 956 854 976 anno
871 947 922 975 886

138 1003 215 1037 (mir.
233 999 325 1034 use).

176 1047 281 1074 Rursus
299 1048 390 1071 autem
407 1041 648 1076 Constantinopoli
679 1040 805 1067 sultanus
819 1040 923 1075 Bajaai-

141 1099 183 1120 tes
211 1090 350 1121 discessit,
380 1093 407 1116 et
431 1088 458 1115 in
485 1087 675 1114 (iaramaniam
700 1093 762 1113 cum
800 1086 922 1112 exercitu

140 1138 225 1166 venit.
250 1136 357 1171 Quippe
383 1134 469 1161 frater
509 1134 569 1167 ejus
601 1131 699 1159 Zemes
721 1139 737 1158 θ
766 1131 922 1166 peregrina,

139 1185 214 1212 tione
247 1180 400 1209 Mechicusi
432 1179 489 1213 jam
527 1186 655 1206 reversus
695 1177 794 1206 luerat.
830 1177 923 1211 itaque

139 1231 230 1257 denuo
247 1228 397 1256 commisso
425 1226 454 1253 in
479 1224 642 1252 Caramania
664 1224 770 1258 pmlio,
798 1223 923 1251 stillantis

141 1275 238 1302 Zcmes
268 1274 368 1301 iterum
387 1272 474 1300 victus
492 1270 528 1298 ad
541 1277 616 1297 mare
636 1269 766 1305 profugit,
782 1273 809 1296 et
825 1269 853 1296 in
868 1267 924 1296 ita-

143 1321 207 1348 liam
221 1327 251 1347 sc
271 1318 385 1352 recepit.
418 1317 488 1344 Hinc
518 1317 620 1343 castris
649 1316 741 1347 motis,
765 1314 921 1343 Constanti-

143 1367 265 1401 nopolim
280 1364 405 1393 sultanns
423 1363 557 1397 Bajazites
579 1361 658 1394 abiit,
681 1354 847 1396 atque'inde
862 1368 924 1396 pro-

141 1413 227 1440 fertul
241 1416 282 1439 est
304 1409 538 1444 Hadrianopolim.

175 1459 258 1486 Nocte
281 1461 358 1486 sexta
388 1455 492 1485 mensis
515 1454 668 1486 Scltevalis,
705 1462 801 1483 omnes
828 1454 862 1482 ad
894 1459 924 1481 se

971 218 1049 248 divit,
1075 221 1102 243 et
1128 215 1271 251 postulatis
1301 222 1442 248 assensus,
1466 215 1614 242 liberaliter
1640 216 1756 243 donatos

972 263 1083 290 dimisit.

1007 310 1104 335 Postea
1129 307 1268 343 profectus
1286 312 1328 334 cst
1352 307 1409 334 Alia
1428 306 1512 342 begun
1540 307 1695 340 eunuchus,
1709 310 1754 342 qui

972 353 1127 389 beglerbegi
1143 361 1243 380 munus
1257 352 1477 385 administrabat,
1496 360 1595 387 magno
1611 361 1672 380 cum
1685 361 1756 380 excr-

972 401 1027 427 citu
1053 400 1081 426 in
1109 399 1283 426 Vaiacbiam:
1304 398 1510 440 _conciliatoque
1528 399 1595 426 Isibi
1637 399 1755 426 Vaivoda

972 445 1104 479 Valacho,
1124 453 1185 472 cum
1200 445 1257 472 suis
1274 449 1300 471 et
1316 442 1429 472 Valachi
1449 445 1537 479 copiis
1550 445 1577 472 in
1593 442 1725 472 Moltlatia
1741 456 1754 470 ιι

973 492 1072 526 irrupit
1086 493 1137 519 :‘ac
1149 491 1262 526 rapinis,
1274 490 1358 522 ferro,
1373 490 1502 523 ﬂammis,
1520 492 1637 518 vastavit
1647 492 1736 517 omnia
1750 501 1755 517 ι

973 538 1069 573 spoliis
1106 541 1221 565 onustus
1248 536 1364 571 denique
1405 536 1484 563 rediit
1517 536 1754 572 Hadrianopolim.

974 591 1046 611 anno
1061 583 1112 611 890
1120 583 1197 618 (Chr.
1212 582 1303 617 1486).

1008 629 1139 656 Sullanus
1157 628 1268 655 interim
1287 628 1419 663 Bajazites
1438 628 1511 655 domi
1528 629 1683 664 quit-aecus.
1704 629 1755 656 du-

973 683 1018 702 ces
1039 683 1113 706 suos,
1140 673 1330 702 lseheuderem
1356 675 1465 709 begutn.
1482 681 1510 702 et
1531 675 1615 702 Balim
1647 677 1753 711 heguc»,

973 721 1097 747 Malcotii
1129 721 1227 752 ﬁlium,
1244 720 1407 754 ablegavit:
1427 726 1458 748 ut
1484 721 1575 748 denuo
1597 716 1754 749 Valachiam

975 765 1191 799 ingrederentur,
1212 769 1239 792 et
1254 764 1381 792 Vaivodte
1399 765 1520 793 Valacho
1547 767 1755 800 persuaderent,

975 811 1014 837 uti
1040 810 1195 845 conjunctis
1207 818 1298 838 secum
1315 811 1400 838 armis
1425 812 1522 839 iterum
1542 813 1568 839 in
1597 812 1755 840 Moldariam

975 857 1182 892 impressionem
1204 857 1316 885 faceret.
1342 858 1514 886 Assentiente
1529 857 1660 888 Valacho.
1695 868 1757 888 nio:

973 911 1005 931 ea
1019 909 1146 938 suscepta
1157 904 1207 931 fuit
1218 905 1356 939 expeditio
1367 914 1373 931 :
1387 909 1498 940 totaque
1513 907 1625 940 regione
1637 906 1754 941 dirupta,

973 956 1071 984 magna
1088 958 1149 977 cum
1171 951 1260 985 praada
1281 951 1447 979 discessum.

1010 994 1078 1022 Dum
1098 996 1154 1024 han:
1169 996 1198 1023 iu
1216 995 1348 1024 Romanis
1363 1004 1533 1032 gererentur,
1556 999 1656 1027 Alcairi
1670 1001 1755 1027 sulta-

974 1048 1027 1068 nns
1053 1041 1086 1068 ab
1112 1049 1165 1068 una
1191 1046 1268 1075 parte
1295 1049 1325 1069 se
1345 1044 1493 1070 commovit
1508 1051 1570 1070 cum
1599 1045 1668 1076 suis,
1685 1054 1753 1080 quos

974 1087 1045 1114 inter
1069 1092 1129 1114 erat
1157 1086 1264 1115 Usunes
1281 1087 1404 1123 Usbegus
1421 1097 1430 1122 ς
1449 1095 1475 1117 et
1498 1097 1561 1117 suns
1583 1098 1753 1125 suorumque

971 1132 1098 1166 copiasin
1114 1132 1181 1159 locis
1193 1133 1296 1160 Adanis
1311 1135 1436 1162 ac‘l‘erso
1451 1136 1612 1170 interiectis,
1625 1138 1751 1173 collegit:

973 1178 1008 1204 ab
1024 1178 1109 1205 altera
1129 1179 1230 1206 aultani
1257 1178 1386 1214 Bajatitis
1398 1185 1484 1215 parte,
1514 1181 1658 1218 Sangiachi
1678 1185 1750 1212 Ana-

974 1224 1056 1257 toilat,
1086 1224 1208 1260 itemque
1229 1222 1364 1254 Ferltate's
1381 1227 1477 1262 begus.
1503 1229 1604 1256 sultani
1625 1229 1751 1266 Bajazitis

974 1278 1066 1304 gener,
1088 1270 1258 1299 Caramaniat
1290 1273 1479 1308 bt-glerbcgus,
1508 1274 1641 1310 Caragosa
1658 1277 1752 1312 begun.

974 1315 1129 1351 congregati
1143 1324 1150 1349 ;
1165 1316 1268 1351 junctis
1285 1317 1461 1351 exercitibus,
1491 1324 1586 1348 contra
1602 1322 1756 1351 sultaninos

976 1361 1150 1390 Alcairenscs
1163 1363 1276 1398 protecti
1307 1369 1381 1391 sttnt.
1409 1365 1461 1393 Ubi
1477 1371 1585 1394 ventqu
1604 1368 1637 1395 ad
1660 1377 1758 1397 manus
1803 1358 1813 1369 “

975 1414 1059 1438 esset.
1082 1408 1116 1436 ab
1146 1414 1260 1445 utraque
1285 1415 1361 1445 parte
1381 1418 1448 1439 sane
1471 1420 1551 1446 quam
1584 1414 1700 1442 viriliter
1719 1416 1759 1442 d:-

978 1455 1125 1482 micarum.
1157 1455 1292 1484 Sultanini
1318 1457 1437 1491 denique
1477 1459 1639 1493 Bajaaiticos
1684 1467 1757 1496 terga

142 1506 246 1533 vraires
274 1512 341 1532 suos
358 1503 494 1535 Invitavit,
522 1509 574 1528 una
597 1509 659 1529 cum
671 1501 782 1529 Geduce
795 1501 922 1528 Achutete
937 1516 960 1547 α
978 1502 1043 1528 dare
1054 1507 1215 1537 coegvruut.
1246 1503 1305 1538 ipso
1322 1505 1406 1531 etiam
1430 1505 1557 1540 Bajnzitis
1576 1514 1688 1543 genero,
1709 1508 1758 1536 Fc-

142 1554 220 1580 nassa
239 1557 316 1586 :quo
328 1549 437 1584 quidem
469 1548 498 1575 in
521 1547 646 1576 convivio
667 1547 760 1574 vinum
789 1553 855 1574 cum
884 1546 923 1573 eis

143 1598 245 1630 hausit,
257 1601 280 1624 et
292 1595 437 1629 unicuique
453 1594 534 1621 veziri
549 1598 650 1621 vestem
672 1593 793 1625 donavit,
808 1597 923 1627 excepto

141 1644 250 1672 Geduce
272 1643 405 1670 Achatem
423 1641 514 1672 bassa,
533 1648 614 1676 quem
639 1645 667 1667 et
691 1639 806 1667 interﬁci
831 1639 923 1674 jussit,

141 1697 214 1718 anno
229 1690 279 1718 887
293 1689 371 1723 (Chr.
388 1688 480 1719 1485),

180 1736 281 1765 Eodem
294 1739 417 1770 tempore
442 1738 567 1760 mortqu
587 1737 626 1760 est
655 1731 798 1759 Caramani
824 1731 925 1766 princi-

143 1783 185 1818 pis
213 1782 297 1814 titius,
321 1780 441 1808 Caaanes
457 1780 554 1814 begus,
586 1785 668 1813 quem
683 1777 710 1804 in
723 1777 851 1805 comitatu
874 1784 925 1804 suo

144 1827 278 1859 Bajazites
300 1825 400 1853 alebat.
572 1851 578 1855 ,

181 1872 250 1899 ﬂint:
279 1877 405 1906 suscepta
429 1871 560 1907 Bajazitea
592 1870 775 1906 expeditione.
817 1867 926 1902 Sophia:

145 1926 252 1954 tempus
264 1919 297 1946 ad
314 1918 423 1953 aliquod
448 1917 581 1950 substitit,
599 1917 646 1944 ubi
667 1923 793 1951 magnam
808 1915 926 1942 militum

145 1956 411 1991 manum‘collectam
430 1962 555 1989 habebat.
582 1961 682 1988 llorutn
712 1960 843 1995 majorem
865 1966 928 1994 pars

146 2015 200 2037 tum
217 2010 250 2036 ad
267 2010 379 2036 ﬂuvium
392 2008 529 2035 Moravaut
555 2007 640 2039 misit,
658 2007 751 2042 ibique
768 2007 836 2033 duas
848 2013 926 2032 arces

145 2061 251 2083 veteres
269 2054 434 2082 communiri
460 2054 554 2088 jussit.
583 2053 690 2085 Quibus
717 2051 864 2086 expeditis,
877 2051 926 2078 So-

146 2104 206 2135 pltia
238 2100 506 2134 Constantinopolim
534 2106 660 2127 reversus
698 2103 754 2130 est,
775 2104 848 2125 anno
875 2097 927 2124 888

146 2148 222 2182 (Chr.
232 2147 323 2182 ttat).

977 1547 1053 1574 rbatc
1066 1547 1144 1582 bego,
1160 1548 1333 1584 interempto.

1008 1593 1088 1629 333
1105 1593 1162 1621 Non
1182 1595 1267 1622 tnttito
1286 1600 1347 1630 post
1370 1597 1454 1624 edixit
1482 1598 1623 1634 Bajazites,
1638 1601 1676 1628 uti
1699 1601 1757 1628 Mu-

975 1638 1112 1667 chetnetes
1129 1640 1224 1675 hegus,
1252 1640 1378 1670 Clu-seris
1406 1643 1463 1678 begi
1491 1645 1573 1679 ﬁlius,
1597 1654 1658 1674 cuin
1679 1647 1756 1674 duch-

977 1685 1040 1718 lilio,
1056 1686 1101 1720 qui
1116 1686 1290 1722 bcglerbegus
1307 1687 1444 1716 Romaniae
1455 1696 1563 1719 creatus
1578 1697 1646 1725 erat,
1659 1694 1756 1721 ltoma~

976 1731 1027 1758 niae
1044 1731 1135 1766 copias
1146 1732 1172 1758 itt
1192 1731 1344 1759 Auatoliam
1358 1734 1557 1768 transjicerent,
1572 1740 1600 1763 et
1614 1744 1756 1772 assuutp-o

976 1778 1120 1804 Auatolioo
1150 1779 1242 1811 milito,
1275 1780 1412 1807 sultattuut
1435 1781 1534 1808 Alcairi
1564 1782 1633 1809 bello
1648 1784 1757 1810 invadi--

977 1828 1047 1850 rent.
1066 1823 1112 1851 llis
1128 1823 1210 1858 igitur
1226 1824 1354 1860 Bajauitis
1367 1826 1482 1860 imperio
1501 1833 1596 1861 parent
1609 1828 1670 1860 bus,
1684 1836 1757 1856 recta

977 1869 1078 1904 petitus
1099 1870 1184 1896 ltostis
1200 1877 1208 1896 :
1225 1871 1270 1904 qui
1292 1876 1396 1908 cumet
1412 1871 1469 1906 ipse
1486 1879 1596 1906 paratus
1620 1874 1651 1900 ad
1676 1874 1758 1900 diuti-

977 1917 1094 1943 candum
1110 1921 1194 1946 cssrt,
1210 1916 1338 1954 utrinque
1357 1925 1524 1944 concursum
1540 1919 1675 1946 acerrimo
1691 1927 1757 1954 prte-

978 1962 1024 1993 lio,
1039 1969 1092 1996 quo
1111 1963 1188 1989 ducis
1205 1962 1287 1993 ﬁlius.
1313 1953 1457 1990 Krltntctes
1488 1964 1577 1996 bassa,
1603 1973 1666 1992 cum
1687 1974 1758 2000 equo

978 2009 1130 2043 prolapsus,
1147 2009 1173 2035 in
1185 2009 1390 2036 Sullauinorum
1405 2019 1502 2037 manus
1522 2012 1594 2037 venit
1609 2021 1615 2038 :
1632 2017 1658 2038 et
1675 2012 1758 2038 drdu-

978 2059 1039 2081 ctus
1055 2053 1087 2080 ad
1107 2054 1253 2088 Ushrgum,
1270 2055 1400 2082 custodia:
1413 2057 1528 2084 traditus
1545 2056 1603 2085 fuit.
1621 2058 1757 2092 Ingentem

979 2098 1119 2132 Bajazitici
1138 2099 1241 2126 cladem
1260 2100 1285 2126 id
1302 2101 1432 2135 temporis
1450 2109 1622 2138 acceperunt.
1638 2111 1697 2138 qua:
1710 2104 1744 2131 Ba

978 2144 1054 2179 jnziti
1069 2146 1217 2180 signiﬁcata
1233 2155 1293 2174 cttttt
1309 2147 1414 2181 fuisset,
1433 2149 1548 2175 velit-em
1582 2157 1673 2182 suunt,
1691 2150 1757 2176 Dau-

182 2194 272 2220 Mense
301 2192 440 2228 lteltjulula
457 2212 464 2224 ,
494 2192 537 2219 die
577 2192 693 2226 quodam
735 2190 839 2222 Martis,
862 2190 927 2217 urbs
945 2188 966 2217 υ
980 2191 1040 2217 dem
1056 2192 1175 2222 hassatu,
1195 2193 1353 2227 prmpotenti
1373 2201 1432 2221 cum
1448 2195 1569 2222 exercitu
1593 2202 1686 2223 contra
1701 2198 1757 2223 Stil-

146 2239 417 2273 liadrianopolitana,
451 2245 513 2265 cum
540 2238 667 2264 omnibus
685 2237 717 2263 ad
734 2235 926 2263 distrahendas

146 2293 262 2316 mei-res.
291 2284 436 2311 exstructis
464 2283 598 2316 aediliciis,
640 2283 701 2317 igne
739 2281 926 2315 emrﬂagravit.

146 2331 246 2357 Ibidem
276 2330 358 2357 etiam
407 2330 431 2357 id
453 2329 586 2364 temporis
615 2327 748 2363 Bajasites
786 2326 926 2354 Xenonem

146 2378 263 2404 condere
276 2382 388 2412 propter
408 2376 506 2402 [lumen
526 2375 609 2409 cepit.
619 2374 685 2401 lude
704 2374 802 2401 castris
812 2372 928 2399 Hadria,-

147 2424 236 2458 nopoli
263 2423 357 2454 motis,
377 2420 817 2453 Moldaviamtrattsiit,fetarcetn
827 2418 926 2445 Chilim

146 2469 298 2503 Occupavit.
320 2467 413 2502 Neque
433 2467 518 2493 multo
542 2470 615 2500 post,
642 2466 685 2492 die
704 2465 823 2499 quodam
855 2464 928 2490 Mer~

145 2513 224 2545 Curii,
255 2513 338 2540 etiam
353 2519 443 2539 arcem
469 2511 618 2542 Chertnen,
646 2510 742 2537 iisdem
771 2509 797 2536 itt
828 2509 928 2536 tittibus

148 2559 240 2595 sitam,
268 2559 295 2585 in
326 2562 490 2593 potestatem
520 2557 634 2591 redegit.
665 2556 755 2590 Atque
774 2556 849 2582 ontni
875 2555 928 2582 hoc

146 2613 210 2639 agro
233 2605 346 2639 potitus.
374 2607 478 2630 mutata
504 2601 681 2636 profectione,
707 2601 927 2636 Hadrianopolim

145 2650 233 2682 rediit,
244 2658 315 2676 :tnno
329 2649 381 2676 889
393 2649 468 2683 (Chr.
484 2648 575 2682 “85).

177 2695 254 2722 Tunc
279 2702 306 2722 et
323 2695 415 2721 luttteu
430 2695 498 2723 solis
514 2694 623 2725 defecit.
641 2699 668 2721 et
691 2694 819 2722 sultanus
850 2694 928 2728 Baja-

145 2742 212 2768 aites
242 2749 341 2769 versus
363 2741 422 2767 loca
440 2745 584 2774 montana,
613 2740 752 2767 recreandi
769 2740 810 2767 sui
836 2748 928 2772 causa,

145 2794 174 2813 se
189 2788 315 2821 contulit.
331 2787 382 2813 Hic
397 2794 460 2813 eum
492 2786 584 2812 adiere
615 2785 697 2820 legati
724 2790 789 2818 tres,
813 2793 929 2819 qttoruut

147 2839 216 2859 unus
230 2841 262 2860 ex
277 2833 351 2859 India
366 2833 469 2859 missus
492 2832 579 2859 iuerat
603 2831 673 2858 alter
698 2831 816 2864 Alcaito,
834 2832 930 2859 tertius

305 2878 437 2908 PATRUL.
457 2881 498 2909 (ἷξε
530 2878 627 2909 CLIX.

979 2242 1072 2263 tanutu
1088 2237 1187 2264 Alcairi
1207 2238 1292 2264 misit.
1314 2237 1422 2266 Minime
1436 2247 1498 2266 vero
1514 2240 1601 2268 territi
1617 2242 1757 2272 sullattini.

979 2290 1041 2309 mox
1054 2283 1079 2309 ei
1092 2291 1153 2310 cum
1165 2284 1221 2310 suis
1229 2284 1335 2310 obviam
1351 2285 1486 2319 progressi
1502 2292 1575 2314 sunt.
1589 2286 1696 2314 Doudes
1708 2288 1758 2314 illis

980 2329 1054 2355 haud
1069 2331 1272 2356 occurrendum
1291 2334 1377 2362 ratus,
1402 2336 1510 2358 mature
1527 2337 1605 2367 capto
1625 2333 1760 2360 mutanda:

978 2374 1155 2408 profectionis
1169 2375 1294 2407 consilio,
1319 2381 1391 2404 retro
1406 2377 1484 2404 duxit
1508 2378 1668 2408 exercitum.
1687 2379 1760 2405 Adiit

978 2420 1031 2448 hoc
1048 2421 1074 2447 in
1093 2421 1191 2448 itinere
1207 2421 1325 2449 Daudem
1341 2422 1483 2451 Aladcules
1512 2423 1664 2457 Dulgadiris
1694 2425 1758 2457 dux,

979 2466 1022 2493 cui
1045 2474 1170 2501 maguum
1190 2467 1246 2502 ipse
1255 2467 1386 2495 honorem
1399 2469 1534 2496 exhibuit.
1550 2468 1729 2505 Posteaquam
1745 2479 1759 2496 ει

980 2512 1126 2539 sultauinis
1154 2520 1183 2540 se
1200 2512 1307 2541 Daudcs
1320 2514 1474 2548 avertisset,
1491 2514 1690 2544 Varsacensem
1721 2517 1759 2544 ὼ·

981 2558 1080 2584 tionem
1094 2559 1242 2592 ingressus,
1253 2567 1379 2594 proceres
1393 2561 1490 2595 partim
1507 2562 1533 2588 in
1546 2561 1652 2590 vincula
1669 2563 1745 2597 conje

980 2604 1026 2635 cit,
1041 2605 1136 2638 partim
1154 2605 1262 2638 occidit,
1289 2607 1387 2642 partim
1414 2607 1611 2637 interveniente
1638 2614 1760 2637 transac-

980 2650 1053 2676 tione
1070 2650 1169 2684 reet-pit
1184 2650 1210 2677 in
1225 2652 1350 2684 gratiam,
1372 2651 1611 2688 fortunisquesuis
1629 2655 1760 2682 restituit.

980 2695 1162 2730 Turgtn-ensis
1189 2697 1335 2730 provincia:
1361 2706 1487 2732 proceres
1508 2700 1672 2727 saluti-aute
1699 2699 1761 2734 fuga

981 2743 1153 2770 consuluere.
1170 2743 1290 2771 Tandem
1309 2748 1398 2772 tamen
1426 2740 1570 2780 impetrato
1588 2746 1663 2773 salvo
1688 2754 1761 2773 eom-

982 2794 1070 2815 meatu
1087 2789 1205 2816 Dandetn
1231 2790 1336 2818 hassam
1366 2791 1502 2824 adierunt,
1525 2796 1553 2818 et
1568 2799 1632 2826 pace
1645 2799 1706 2818 cum
1727 2800 1760 2818 eo

982 2835 1099 2866 sancita,
1122 2841 1323 2862 sacramentum
1353 2838 1550 2871 praesﬁtcrunt.
1581 2836 1627 2864 His
1657 2837 1761 2863 enin-tis

1542 2886 1582 2914 29
