1962 3071
121 82 169 119 621

755 77 928 120 ANNALES
940 90 989 119 TU
998 85 1111 120 RCICI.

1698 90 1751 125 61’?

121 142 268 177 gerendum
281 147 343 168 cum
358 139 476 176 Ungaris
490 142 592 170 bellum
607 143 773 179 intelligens.
789 145 908 180 Ideoque
923 145 946 172 Α
959 143 1054 176 jussis,
1067 144 1157 170 claves
1176 143 1252 170 urbis
1265 143 1374 171 sultano
1389 143 1500 177 Bajaziti
1519 150 1567 178 per
1588 151 1637 172 eos
1667 152 1749 172 ουιιι-

121 187 223 214 coactis
240 187 375 214 universis
392 188 477 223 copiis
489 189 557 221 suis,
568 189 762 226 iiadrianopoli
778 191 909 224 Sophiam

120 234 259 268 profectus
273 238 326 261 cst.
346 234 404 261 Non
431 238 523 263 tamen
552 232 701 271 Ungarium
732 237 835 272 ingredi
860 237 911 264 fuit

120 286 214 312 ausus,
231 281 278 307 scd
294 280 425 308 Achmete
441 281 510 316 bego
527 291 587 309 cum
606 282 692 311 milite
706 284 849 311 Anatoliro
862 283 911 312 So—

120 325 190 360 phim
206 326 286 360 jusso
302 326 465 359 subsistere,
483 323 603 355 Daudem
622 328 730 357 bassam
751 337 813 356 cum
835 335 910 363 parte

121 372 262 407 copiarum
285 371 429 407 Uscopiam
447 373 520 400 misit
535 383 541 400 :
559 373 616 409 ipse
631 383 693 402 cum
708 368 804 402 .lochia
817 374 909 407 bassa,

120 421 146 444 et
160 426 221 445 cum
246 418 332 446 milite
347 417 498 450 Romaniae.
513 419 691 448 Manastirum
711 420 778 448 abiit
798 429 805 448 :
828 427 910 455 atque

120 465 182 491 inde
198 465 226 491 iu
244 464 400 497 Albaniam,
422 465 556 500 ducisque
582 462 695 493 Joannis
724 463 863 501 regionem
880 475 910 495 se

121 509 247 536 contulit.
263 509 404 544 Expedivit
418 515 444 537 et
469 512 536 538 mari
555 518 636 538 naves
650 512 796 546 quasdam,
814 517 843 539 ut
863 512 908 539 Al—

119 555 253 582 banorum
271 555 367 582 itinera
385 556 630 590 praecluderentur.
648 555 711 585 Haec
732 565 794 585 cum
809 558 908 585 Albani

119 601 375 633 animadverterent,
386 601 420 628 ad
436 606 541 629 montes
552 609 582 629 se
598 607 771 637 receperunt,
783 608 810 630 ct
827 603 853 630 iu
868 603 908 630 eis

120 648 155 674 ita
173 654 202 674 se
217 647 448 680 communierant,
483 649 513 675 ut
532 653 658 682 magnum
675 649 737 676 inde
750 648 849 676 Turcis
862 649 909 676 de-

119 693 277 721 trimentum
297 692 439 720 inferrent.
466 694 506 720 Ad
531 696 686 721 extremum
705 700 793 722 tamen
814 692 907 728 'i’urci.

118 738 278 766 conscensis
290 738 355 765 locis
369 738 523 770 altioribus,
541 739 568 766 in
584 748 631 767 eos
647 740 784 768 irruerunl
804 748 811 770 :
826 740 909 769 ρι’νί-

119 784 157 811 ris
169 783 331 816 interfectis,
349 784 478 811 mulieres
492 787 523 812 ac
547 793 647 818 pueros
665 786 801 814 adduxere
818 790 906 822 capti-

966 189 1055 215 lcrunt
1071 198 1077 216 :
1095 194 1175 223 atque
1190 189 1241 217 hoc
1259 190 1338 217 modo
1349 189 1443 217 urbem
1460 189 1544 223 ipsius
1556 193 1681 224 potestati
1692 201 1751 228 per-

965 235 1074 266 misere,
1090 243 1161 261 anno
1186 235 1238 262 905
1257 235 1334 269 (Chr.
1353 235 1442 270 I499).

1000 279 1106 307 Potitus
1131 280 1281 312 inebechti,
1308 275 1463 314 praesidium
1479 282 1540 310 urbi
1558 288 1644 318 captae
1661 285 1750 319 impn-

963 326 1017 354 suit
1036 335 1042 352 :
1058 330 1086 353 et
1098 325 1319 361 Hadrianopolim
1339 334 1477 360 reversus,
1497 328 1595 355 ibidem
1622 329 1749 356 hiberna-

964 373 1012 400 vit.
1030 364 1080 401 Ubi
1110 373 1167 405 jam
1186 378 1266 400 mstas
1296 374 1463 408 appeliisset.
1483 374 1587 402 coactis
1611 374 1750 403 Romanius

963 419 1150 453 Anotoliaaque
1178 419 1355 447 eXcrciIibus.
1378 421 1469 446 denuo
1497 419 1615 447 Moream
1640 421 1750 453 invasit,

965 474 1062 500 magna
1079 465 1160 492 etiam
1182 465 1246 491 mari
1268 465 1354 492 classe
1382 466 1516 502 alilegata,
1545 466 1751 502 Methonemque

965 512 1080 538 militum
1109 519 1210 539 corona
1244 508 1433 540 circumdedit.
1459 513 1511 546 Qui
1540 512 1654 541 erantin
1684 513 1750 541 urbe

963 550 1043 591 335
1064 555 1225 587 Christiani,
1258 550 1326 583 adeo
1347 564 1374 584 se
1399 557 1543 585 defendere
1568 563 1688 591 strenue,
1709 563 1750 586 to-

964 602 1017 629 tius
1034 605 1063 628 ut
1079 601 1182 628 mensis
1197 601 1296 635 spatio,
1315 601 1381 628 citra
1398 601 1642 634 intermissionem,
1664 604 1750 630 inter-

962 647 1008 675 diu
1020 651 1157 682 uoctuque
1174 647 1361 680 dimicaretur,
1371 648 1456 675 muris
1472 648 1536 682 ipsis
1550 648 1747 676 tormentorum

963 692 1062 727 impetu
1080 688 1213 726 disjectis.
1230 685 1329 720 Videus
1346 698 1436 720 autem
1461 693 1604 727 Bajazites,
1625 695 1718 722 urbem
1734 703 1749 721 a

962 739 1127 767 Christianis
1142 739 1307 774 propugnari
1325 748 1331 766 :
1350 744 1505 767 commotus
1522 740 1573 772 ira,
1591 741 1648 768 suis
1673 748 1748 776 spem

963 785 1038 812 urbis
1050 783 1210 824 diripiendos
1224 784 1298 816 fecit,
1313 785 1446 819 siquidem
1461 785 1506 812 illa
1519 784 1680 820 potirentur.
1694 786 1750 814 Hac

119 837 179 861 vos,
195 835 360 865 omnemque
377 831 514 865 regionem
532 831 603 858 illam
623 832 740 861 ﬂammis
753 837 906 862 vastarunt.
923 834 946 863 Β
960 831 1061 858 sultani
1079 839 1145 858 voce
1166 831 1265 858 milites
1281 830 1385 863 audita,
1412 831 1530 866 quodam
1547 831 1602 864 die,
1618 839 1680 859 cum
1690 833 1748 867 jam

119 875 167 903 llis
185 876 266 904 rebus
281 876 375 911 gestis,
402 873 582 904 Manastirum
610 877 746 913 Bajazites
767 878 858 912 rediit,
880 889 913 908 ac

119 922 215 949 diebus
230 921 332 955 aliquot
344 921 380 948 ibi
395 921 530 949 substitit.
550 920 697 951 Manastiro
709 933 770 952 cum
786 925 912 954 discede-

121 971 172 1000 ret,
187 967 298 994 obviuru
317 968 412 995 habuit
429 969 455 995 in
470 969 568 997 itinere
593 969 745 998 Dervisium
765 970 910 1006 quemdam

119 1013 278 1046 Turcicum,
292 1015 418 1049 gepeucci
434 1015 532 1043 lacinia
559 1020 671 1044 tectum.
691 1017 714 1045 is
737 1022 765 1045 et
786 1018 910 1052 auribus,

119 1064 145 1086 et
166 1059 249 1092 collo,
262 1064 288 1086 et
307 1060 428 1088 brachiis
446 1065 583 1096 appensos
608 1061 724 1092 annulos
750 1064 853 1092 ferreos
867 1072 913 1100 εθ-

119 1107 220 1136 stabat.
236 1111 262 1134 et
279 1107 386 1135 illorum
402 1113 504 1136 sectam
523 1108 712 1145 proﬁtebatur,
731 1120 800 1147 quos
813 1112 910 1140 Calen-

119 1152 197 1181 dcres
210 1151 289 1181 Turci
306 1159 416 1184 vocant.
429 1154 479 1182 Ubi
496 1156 608 1191 propius
625 1157 657 1184 ad
675 1158 812 1185 sultanum
833 1158 912 1193 Baja-

126 1199 207 1226 Zitem
256 1200 429 1232 accessisset,
464 1202 602 1229 acinacem
642 1211 780 1238 gepencco
810 1210 910 1232 tectum

125 1244 247 1277 strinxit,
260 1245 347 1280 ipsum
365 1246 512 1281 Bajazitem
531 1248 687 1277 invasurus.
704 1250 771 1277 Cum
791 1250 910 1277 timidio-

120 1297 164 1318 res
194 1290 303 1324 quidam
321 1298 336 1318 e
350 1292 457 1319 Zausiis
471 1292 509 1319 illi
531 1293 563 1320 de
574 1293 617 1321 via
638 1294 773 1324 cederent.
793 1295 909 1322 liberum

117 1338 173 1372 jam
208 1337 312 1365 scilicet
341 1338 373 1365 ad
391 1337 538 1372 Bajazitem
565 1339 684 1368 habebat
715 1341 828 1369 aditum.
856 1341 909 1369 Sed

118 1382 264 1410 lscltender
282 1383 372 1415 bassa,
390 1385 437 1418 qui
460 1392 580 1419 prasens
603 1385 708 1419 aderat,
722 1394 754 1414 ea
769 1387 794 1413 vi
813 1388 909 1421 pusdi-

120 1435 220 1462 ganum
235 1428 262 1455 in
278 1429 419 1456 hominem
447 1431 592 1464 contorsit,
612 1435 642 1459 ut
659 1431 734 1459 humi
751 1432 908 1467 prolabere-

121 1477 174 1501 tur.
197 1473 261 1500 inde
275 1479 441 1509 prostratum
470 1471 589 1511 aggressi
619 1477 743 1512 quidam,
773 1478 798 1505 iu
822 1478 906 1505 frusta

120 1519 320 1547 dissecuerunt.
331 1519 453 1548 Tandem
463 1519 598 1556 Bajazites
609 1519 833 1558 Hadrianopolim
845 1532 908 1559 per-

120 1566 203 1593 venit.
232 1567 394 1594 Acciderunt
416 1568 472 1595 haec
499 1577 571 1596 anno
591 1569 643 1597 898
670 1567 746 1604 (Chr.
765 1571 854 1605 H95).

155 1612 271 1645 Quidam
293 1613 320 1640 id
340 1615 469 1648 temporis
490 1615 644 1648 eunuchus,
657 1617 700 1643 cui
714 1624 811 1644 nomen
825 1617 910 1645 lacu-

121 1666 168 1693 pes
185 1659 252 1694 Aga,
272 1661 490 1687 commendatam
503 1661 563 1687 lidei
579 1669 634 1688 suae
652 1661 829 1689 Boziucnsem
847 1671 910 1698 pro-

120 1705 240 1732 vinciam
268 1706 487 1734 administrabat.
507 1707 557 1734 Hic
577 1708 668 1735 miSsis
692 1709 755 1735 hinc
777 1709 838 1736 inde
863 1718 911 1744 per

122 1749 284 1777 Romaniam
301 1752 485 1785 praeconibus,
499 1754 664 1788 proclamari
677 1754 761 1788 jussit
777 1764 783 1782 :
805 1756 872 1782 velle
882 1763 911 1783 se

120 1803 184 1823 cum
200 1797 294 1824 suisiu
314 1796 458 1832 ngariam
479 1799 593 1826 irruere.
619 1800 648 1826 Si
670 1800 714 1827 cui
736 1808 828 1827 secum
850 1808 912 1835 pro-

121 1840 332 1873 ﬁcisciluberet,
350 1847 380 1869 ut
403 1842 446 1869 illa
473 1844 656 1878 impressione
683 1851 739 1871 rem
761 1844 870 1877 faceret,
889 1845 912 1871 is

121 1886 158 1913 uti
171 1888 372 1921 quamprimum
386 1888 417 1915 ad
432 1897 459 1915 se
473 1889 590 1916 veniret.
610 1889 667 1916 Hoc
684 1887 823 1916 intellecto
840 1897 907 1924 pne—

121 1933 212 1965 conio,
234 1932 414 1960 Acanziorum
441 1934 547 1968 aliquot
570 1934 654 1961 millia
683 1942 712 1962 se
728 1942 789 1961 cum
812 1933 913 1969 Jacupe

121 1979 321 2014 coniunxerunt
339 1987 347 2005 :
368 1980 414 2013 qui
440 1980 523 2006 tantis
534 1985 631 2006 auctus
646 1981 744 2015 copiis,
759 1979 913 2015 Ungariam

122 2024 231 2051 invasit.
245 2023 289 2051 Eis
301 2025 421 2052 occurrit
438 2024 590 2060 Ungaricus
603 2025 708 2057 Banus,
718 2034 780 2053 cum
793 2026 914 2060 quadra-

122 2070 195 2104 ginta
211 2071 332 2098 millibus
349 2071 502 2102 hominum,
521 2079 674 2106 magnaque
690 2072 714 2098 vi
739 2068 837 2099 Turcis
867 2072 913 2099 ob-

122 2117 203 2143 stitit.
233 2116 356 2143 Tandem
378 2116 428 2150 ipsi
446 2116 639 2144 dissentientes
663 2117 734 2145 inter
749 2125 779 2145 se
800 2117 914 2152 Ungari,

964 877 1213 911 advesperasceret,
1230 877 1469 904 vehementissima
1487 877 1581 904 urbem
1610 885 1751 913 oppugna-

964 915 1037 951 tione
1055 922 1142 950 adorti
1161 920 1293 957 ceperunt
1311 931 1318 949 :
1336 930 1487 956 omnesque
1504 927 1750 958 mares,quotquot

963 969 1147 1000 adoleverunt,
1164 969 1333 1000 occiderunt,
1349 969 1507 996 mulieribus
1531 973 1557 996 et
1583 969 1675 1003 pueris
1704 976 1752 997 ca-

963 1015 1027 1049 ptis.
1043 1014 1099 1041 lloc
1109 1014 1190 1041 modo
1203 1015 1310 1042 redacta
1322 1014 1347 1041 in
1361 1019 1521 1049 potestatem
1534 1007 1673 1048 Methone,
1688 1023 1750 1050 pre-

963 1067 1008 1087 ces
1025 1067 1038 1086 a
1055 1058 1151 1086 Turcis
1168 1059 1235 1086 inea
1253 1059 1328 1086 luere
1344 1064 1492 1093 conceptae,
1503 1067 1561 1094 qua:
1577 1060 1621 1087 die
1635 1059 1750 1087 Veneris

965 1105 1060 1133 haberi
1092 1105 1188 1132 solent.
1210 1104 1273 1132 lude
1286 1103 1421 1140 Bajazites
1438 1103 1563 1133 Coronen
1580 1106 1674 1140 copias
1696 1106 1749 1133 du-

964 1151 1014 1183 xit.
1037 1156 1066 1178 ut
1083 1150 1155 1177 illam
1173 1158 1282 1185 quoque
1296 1150 1434 1177 civitatem
1449 1150 1599 1182 obsideret,
1617 1154 1645 1178 et
1668 1157 1751 1178 occu—

963 1203 1050 1233 paret.
1069 1197 1122 1225 Sed
1134 1197 1221 1233 prima
1238 1197 1330 1224 statim
1351 1200 1442 1228 nocte,
1461 1200 1604 1231 postquam
1623 1195 1750 1224 Methone

962 1245 1134 1276 discesserat,
1170 1247 1303 1270 venerunt
1326 1243 1353 1270 in
1389 1246 1480 1270 castra
1510 1242 1638 1277 Bajazitis
1660 1242 1750 1270 Coro-

962 1298 1088 1318 nenscs:
1120 1290 1274 1323 oblatiSque
1308 1288 1429 1316 clavibus
1461 1288 1548 1320 urbis.
1581 1287 1748 1328 deditionem

962 1337 1098 1368 fecerunt,
1115 1344 1187 1364 anno
1198 1335 1250 1363 906
1265 1335 1342 1371 (Chr.
1358 1329 1448 1370 1300).

998 1383 1065 1410 Dum
1081 1383 1121 1410 liis
1134 1383 1247 1410 urhibus
1261 1382 1449 1417 expugnandis
1464 1382 1587 1410 intentus
1612 1388 1685 1411 esset
1698 1383 1751 1411 Ba-

959 1430 1068 1464 jazites,
1080 1428 1174 1456 Veneti
1188 1429 1297 1456 auxiliis
1319 1424 1500 1462 Hispanorum
1515 1429 1677 1463 impetratis,
1690 1437 1749 1456 ma-

962 1482 1013 1509 gna
1034 1475 1120 1502 classe
1132 1474 1277 1510 Mitylenen
1289 1476 1408 1509 aggressi
1424 1475 1536 1507 aunt,’et
1548 1480 1747 1503 tormentorum

937 1517 945 1533 ⁵
963 1520 1121 1548 bellicorum
1138 1521 1173 1551 vi,
1185 1527 1278 1546 muros
1286 1518 1377 1554 oppidi
1393 1519 1426 1547 ad
1435 1520 1597 1555 quingentas
1610 1520 1688 1548 uiuas
1702 1529 1750 1549 us-

963 1575 1016 1602 que
1030 1569 1246 1600 prostraverunt.
1270 1563 1463 1601 Mitylenenses
1489 1566 1524 1593 ab
1548 1566 1672 1595 hostibus
1698 1568 1749 1595 ob-

963 1613 1043 1644 sessi,
1058 1611 1323 1646 Constantinopolim
1341 1612 1452 1645 misere,
1471 1613 1519 1648 qui
1548 1621 1627 1647 opem
1655 1621 1748 1648 posce~

964 1663 1035 1684 rent.
1051 1652 1145 1692 itaque
1164 1658 1285 1685 collectis
1301 1658 1392 1684 subito
1409 1658 1561 1685 classiariis
1584 1660 1684 1693 copiis,
1707 1660 1752 1686 in-

963 1703 1049 1738 signis
1064 1703 1201 1729 excrcitus
1225 1697 1328 1730 navalis
1351 1704 1501 1730 instructus
1523 1704 1584 1732 fuit.
1607 1704 1749 1740 Nunquam

963 1754 1027 1775 ante
1044 1749 1094 1775 huc
1111 1753 1218 1782 tempus
1231 1743 1539 1783 Constantinopolitani,
1551 1751 1592 1777 vel
1608 1759 1648 1785 pe.
1659 1753 1749 1782 unias.

963 1795 1005 1821 vel
1019 1794 1129 1826 milites,
1143 1793 1183 1820 vel
1204 1794 1359 1821 classiarios
1379 1794 1504 1822 conferre
1526 1796 1612 1823 coacti
1631 1795 1749 1823 fuerant.

965 1840 1016 1868 Sed
1026 1840 1157 1875 dungravi
1172 1844 1235 1866 tunc
1249 1843 1360 1874 urgente
1369 1841 1544 1873 necessitate,
1554 1848 1606 1868 non
1617 1842 1675 1870 haec
1683 1843 1750 1870 dun-

965 1890 1036 1913 taxat
1052 1887 1085 1912 ill)
1099 1886 1139 1912 eis
1158 1889 1252 1912 exacta
1273 1885 1358 1917 fuere,
1391 1894 1483 1913 verum
1504 1887 1585 1914 etiam
1600 1896 1649 1915 usu
1674 1897 1748 1916 rece-

966 1937 1052 1966 ptum,
1070 1937 1099 1958 ut
1118 1931 1246 1966 deinceps
1261 1939 1380 1966 quoque.
1407 1932 1488 1959 rebus
1504 1932 1540 1959 ita
1559 1934 1745 1967 poscentibus.

965 1981 1060 2008 cadem
1075 1980 1108 2005 ali
1134 1980 1200 2014 ipsis
1219 1985 1391 2014 praestentur.
1407 1980 1476 2006 Ante
1495 1987 1575 2014 quam
1596 1981 1689 2008 classis
1705 1982 1748 2009 illa

966 2025 1204 2057 Constantinopoli
1242 2025 1381 2059 proiecta,
1412 2025 1556 2060 Mitylenen
1583 2028 1751 2061 appulisset,

964 2070 1020 2105 jam
1035 2069 1183 2097 Christiani
1197 2070 1286 2097 decies
1301 2074 1328 2097 et
1340 2070 1424 2098 octies
1440 2071 1568 2105 oppidum
1580 2072 1678 2105 adorti,
1696 2080 1750 2100 nou

966 2121 1058 2144 tamen
1085 2124 1239 2151 expugnare
1262 2121 1417 2151 potuerunt.
1438 2117 1531 2152 Itaque
1556 2126 1618 2145 cum
1644 2119 1751 2147 intelle-

124 2169 197 2198 terga
222 2162 383 2190 dederunt:
413 2167 564 2197 captusque
593 2161 744 2190 Direnziles
771 2163 860 2191 Bauus
883 2171 914 2190 ac
932 2169 952 2197 ι)
967 2161 1071 2189 xisseut
1096 2160 1208 2194 Veneti,
1234 2161 1328 2189 venire
1356 2162 1591 2197 Constantinopoli
1617 2164 1697 2191 talem
1719 2172 1753 2192 ac

124 2206 241 2233 vinculis
254 2206 430 2239 constrictus,
447 2208 479 2234 ad
494 2207 630 2234 sultamtm
643 2207 794 2241 Bajazitem
810 2208 911 2235 missus

124 2252 184 2280 fuit.
205 2252 230 2279 Is
253 2254 290 2279 rei
310 2257 363 2278 tam
382 2253 450 2279 bene
473 2257 554 2287 gestat
570 2253 665 2279 nuntio
695 2254 809 2280 multum
836 2254 913 2280 exhi-

123 2299 238 2329 laratus,
251 2298 283 2324 ad
306 2302 412 2332 tempus
425 2298 535 2332 aliquod
549 2299 784 2333 Constantinopoli
796 2299 912 2333 quievit.

126 2344 281 2371 Evenerunt
298 2349 387 2370 autem
404 2344 460 2370 haec
471 2351 543 2371 anno
558 2344 610 2371 899
624 2344 699 2379 (Chr.
715 2344 808 2379 M94).

112 2388 117 2400 '
159 2390 341 2424 Posteaquam
362 2389 504 2423 Bajazites,
525 2398 539 2417 a
565 2391 648 2417 rebus
670 2391 796 2426 gerendis
827 2391 914 2418 abstio

126 2437 225 2467 uendo,
239 2438 305 2463 satis
320 2436 365 2462 diu
379 2444 408 2463 se
423 2441 576 2464 recreasset
591 2446 596 2462 :
611 2437 733 2464 collectis
758 2437 856 2464 iterum
870 2446 915 2464 Ht-

127 2483 190 2516 piis,
216 2482 334 2509 Moream
358 2483 509 2517 ingressus.
530 2483 562 2509 ad
587 2482 750 2510 luebechtim
787 2485 914 2516 accessit,

125 2529 207 2555 etiam
218 2528 306 2555 classe
317 2529 462 2562 instructa,
473 2536 554 2563 quam
568 2530 664 2556 eodem
676 2530 811 2564 appellere
823 2531 916 2566 jussit.

128 2574 175 2601 liis
184 2582 245 2602 cum
257 2574 348 2601 Italica
364 2574 463 2602 classis
476 2575 655 2608 occurrisset,
667 2577 816 2603 commisso
827 2578 916 2604 navali

128 2621 233 2654 pralio,
251 2620 360 2647 laudent
379 2620 437 2647 Itali
457 2621 571 2648 remisso
582 2622 717 2656 pugnandi
737 2622 844 2655 ardere,
858 2623 917 2650 dis-

127 2671 281 2694 CCsserunl.
310 2666 402 2701 Itaque
420 2667 544 2694 videntes
560 2667 723 2700 Inebeclttii,
739 2675 767 2696 se
780 2673 852 2695 terra
868 2677 917 2703 pa-

130 2713 206 2744 riter,
228 2718 253 2739 et
266 2713 335 2740 mari
362 2714 500 2746 obsessos,
519 2714 678 2748 aliquandiu
694 2714 803 2749 quidem
821 2721 850 2742 se
870 2715 919 2742 de-

129 2760 240 2787 fendere
254 2759 360 2786 fortiter
379 2768 386 2786 :
410 2760 456 2787 sed
485 2760 687 2793 animadverso,
710 2760 777 2786 nihil
802 2761 918 2795 amplius

129 2807 188 2837 onis
203 2814 235 2833 ac
261 2806 380 2838 praesidii
414 2807 464 2833 sibi
481 2806 625 2838 reliquum,
645 2806 808 2837 primatibus
824 2807 913 2837 cert-di

966 2212 1067 2234 tantam
1083 2213 1176 2235 contra
1200 2215 1229 2234 se
1253 2208 1369 2235 classem
1395 2215 1403 2234 :
1437 2216 1518 2235 naves
1543 2216 1608 2236 suas
1625 2210 1750 2244 ingressi,

965 2254 1128 2280 discessere.
1144 2252 1438 2286 Constantinopolitani
1453 2259 1519 2279 vero
1541 2252 1684 2288 Mitylenen
1705 2254 1753 2281 de-

966 2300 1024 2331 lati,
1038 2307 1131 2326 muros
1153 2300 1185 2325 ab
1206 2299 1285 2326 hoste
1310 2299 1415 2325 dirutos
1434 2298 1599 2331 reiecerunt,
1618 2304 1699 2333 atque
1715 2300 1751 2326 ita

966 2345 1077 2372 doumm
1107 2345 1206 2371 reversi
1237 2347 1312 2371 sunt.
1338 2343 1378 2370 Ad
1401 2348 1552 2370 extremum
1576 2351 1609 2370 eo
1637 2344 1751 2371 redactae

967 2391 1078 2418 fuerunt
1111 2390 1274 2416 Venetorqu
1305 2396 1368 2421 res,
1396 2388 1434 2415 uti
1455 2388 1613 2415 muneribus
1634 2388 1754 2415 delenito

969 2437 1069 2465 sultani
1095 2435 1222 2470 Bajazitis
1238 2436 1340 2467 animo,
1361 2442 1455 2470 pacem
1475 2441 1537 2461 cum
1561 2441 1594 2461 eo
1624 2434 1754 2466 iacerent,

967 2489 1041 2508 anno
1068 2480 1119 2508 907
1135 2479 1212 2514 (Chr.
1226 2479 1317 2510 1501).

1007 2527 1143 2562 Bajaiites
1158 2535 1173 2554 e
1195 2526 1286 2554 Morea
1303 2526 1570 2562 Constantinopolim
1602 2529 1753 2562 proiectus.

969 2575 1005 2601 ita
1030 2580 1116 2601 totum
1134 2580 1163 2600 se
1175 2573 1250 2600 dedit
1276 2573 1333 2599 otio
1346 2593 1354 2605 ,
1371 2572 1496 2607 pluribus
1523 2577 1553 2600 ut
1566 2575 1646 2601 annis
1671 2582 1753 2609 cxpe-

970 2621 1099 2648 ditiouem
1114 2620 1193 2654 plane
1206 2619 1309 2646 nullam
1327 2619 1490 2653 susciperet.

1006 2669 1084 2692 Auno
1106 2664 1157 2692 9l5
1168 2664 1244 2699 (Chr.
1256 2663 1334 2699 1509)
1343 2664 1410 2692 hora
1421 2665 1541 2693 secunda
1559 2667 1648 2692 noctis
1664 2665 1757 2699 Clljlls-

971 2713 1046 2743 dam,
1061 2711 1155 2738 martis
1168 2710 1238 2737 diem
1251 2716 1363 2743 secutse.
1374 2715 1446 2738 terra
1460 2710 1697 2745 Constantinopoli
1710 2718 1757 2737 ιιι.-

972 2767 1025 2794 que
1034 2761 1100 2786 adeo
1117 2759 1219 2784 moveri
1237 2758 1319 2792 cepit,
1341 2761 1370 2784 ut
1383 2763 1471 2785 turres
1481 2757 1584 2791 aliquot
1595 2756 1756 2791 templorum

974 2806 1152 2833 'l'urcicorum
1191 2808 1363 2837 corruerent,
1389 2804 1568 2838 ipsorumque
1596 2802 1758 2837 templorum
