1962 3071
198 161 251 195 Β93

825 141 1001 176 ANNALES
1020 137 1184 173 TURCICT.

1767 131 1824 163 εῇι

200 191 355 244 testudines
369 211 466 247 partim
487 208 570 235 rimas
586 209 710 240 agerem,
724 201 822 236 partim
840 201 915 228 humi
927 200 986 227 col-
1001 209 1024 236 Α
1038 197 1189 224 Anatoliant
1207 195 1284 230 petiit
1300 203 1308 225 ;
1325 198 1351 222 et
1366 194 1557 230 bcglcrbegum
1573 191 1716 224 Anatolilz,
1737 191 1824 219 Cara-

199 243 573 289 laberenturfEdiﬁciorum
591 257 656 277 vero
682 248 853 283 privatorum
885 243 984 272 camini

202 307 261 334 sive
277 302 439 332 iul'umibula
469 298 572 334 deiecta
590 298 663 327 sunt,
697 298 725 320 et
739 292 858 328 parietes
884 290 983 325 partito

203 349 380 385 ﬁssi,partim
399 344 539 381 prostrati.
557 342 651 369 Pinnae
678 346 819 366 murorum
842 337 917 365 urbis
951 335 985 362 ad

203 383 302 426 terram
319 394 535 431 prrccipitarunt,
547 390 660 425 ipsaque
672 386 773 414 muenia
785 392 846 412 cum
863 383 983 410 turribus

204 445 262 473 suis
275 429 467 471 conciderunt.
486 437 616 464 Pluribus
631 435 747 468 denique
760 429 895 465 magniﬁci
922 436 987 463 ope-

202 491 242 518 ris
254 487 375 516 aediliciis
389 492 478 520 usqtte
488 482 522 509 ad
553 481 729 509 fundamenta
750 475 864 507 eversis,
887 478 986 507 magna

204 535 344 564 hominum
361 530 508 559 multitudo
524 528 575 556 sub
593 526 660 562 ipsis
671 523 805 552 exstincta
820 521 871 548 fuit
881 519 985 548 ruderi-

202 583 265 610 bus.
278 580 339 614 Quo
348 585 377 607 se
388 576 540 607 conferret,
557 576 636 600 norat
649 578 739 599 nemo.
769 569 851 598 Plebs
879 567 986 594 urbana

203 628 262 657 suis
291 613 325 654 ex
358 623 462 652 aedibus
493 620 636 654 migrans,
669 616 768 651 partim
801 613 827 641 in
859 613 986 647 plateas,

205 674 304 711 partim
339 672 367 699 in
395 676 475 697 areas
501 666 613 697 aedium,
638 663 736 699 partim
768 662 794 688 in
828 660 923 687 hortos
961 666 990 686 se

209 704 357 755 iecipiebat
382 724 389 742 :
416 722 450 743 ne
476 712 581 741 scilicet
611 718 626 737 a
656 707 848 736 corruentibus
868 704 990 733 aediliciis

210 751 439 802 opprimerentur.
461 760 568 794 Quippe
596 762 680 784 totam
704 754 777 782 illam
797 757 905 780 noctem
933 751 990 785 pri-

209 799 282 839 mam
307 814 380 836 terra
399 811 516 835 tremere
536 810 590 831 non
612 801 701 829 desiit.
713 799 838 833 Cumque
862 803 989 824 somnum

209 856 297 886 Oculis
310 861 391 882 nemo
413 851 518 879 videret
545 849 602 877 suis
615 867 623 881 ,
650 853 746 875 omnes
763 865 771 878 ,
799 843 838 872 ευ
858 841 989 874 numinis.

211 901 237 931 et
261 899 424 930 Maltumetis
454 904 531 932 opem
546 895 617 923 votis
648 892 768 920 assiduis
798 888 990 925 implorabant.
1008 877 1028 904 Β

211 948 303 976 Terrae
321 951 411 973 motus
424 944 468 971 hie
482 943 600 977 denique
646 937 787 966 continuis
811 934 991 970 quadraginta

210 994 308 1022 diebus
324 981 350 1019 in
366 992 447 1018 horas
456 987 578 1023 singulas
599 985 694 1013 sentiri
711 982 808 1016 potuit.
820 982 889 1009 Cum
901 984 991 1007 autem

212 1042 372 1074 remisisset,
389 1037 525 1072 expeditis
540 1033 674 1069 Bajazites
690 1039 739 1067 per
752 1029 906 1058 universam
922 1026 994 1074 Ana-

210 1088 303 1116 toliatn
320 1071 536 1116 Romaniamque
558 1077 694 1106 mandatis
717 1074 776 1103 suis
789 1094 797 1107 ,
816 1074 854 1100 uti
879 1071 992 1099 sat-cito-

211 1141 267 1165 res,
288 1132 341 1159 hoc
353 1133 405 1161 est,
420 1124 582 1155 mercenarii
596 1129 622 1151 et
634 1121 746 1157 Opiﬁces
759 1118 993 1152 Constantinopo-

211 1162 463 1206 lim-mitterentur,
493 1169 589 1198 edixit.
611 1166 810 1196 Conﬂuxerunt
831 1163 864 1191 ad
897 1162 993 1190 urbem

211 1225 363 1253 fabrorum,
378 1224 432 1246 tam
442 1214 691 1246 caementariorum,
710 1219 792 1248 quam
803 1209 994 1244 lignariorum.

211 1268 396 1303 opiﬁcumque
417 1260 648 1290 mercenarioru'm
673 1257 705 1285 ad
722 1255 862 1290 octoginta
887 1253 995 1303 milllal:

212 1296 312 1348 quibus
326 1296 360 1337 id.
370 1310 462 1336 datum
482 1305 597 1340 negotii,
611 1308 641 1331 ut
655 1307 770 1335 accepta
785 1298 922 1328 mercede.
939 1296 996 1324 col-

214 1345 290 1393 lapsa
320 1349 398 1384 urbis
423 1352 537 1380 aedilicia
563 1349 704 1378 reﬁcerent
725 1354 756 1374 ac
800 1345 996 1372 instaurarent.

217 1389 366 1434 Prafectus
382 1408 398 1427 a
410 1398 531 1434 Bajazite
557 1397 609 1423 fuit
623 1393 756 1431 operariis
783 1391 858 1419 hisce
880 1389 998 1417 Jouuzes

216 1458 277 1486 aga,
305 1447 492 1484 genizarorum
519 1443 668 1470 tribunus:
687 1440 733 1473 qui
754 1442 781 1466 et
800 1438 948 1471 inspector,
972 1437 999 1461 et

215 1482 326 1524 είεειιίι·
342 1498 497 1528 operarum,
509 1495 614 1516 summa
624 1494 685 1514 cum
712 1488 854 1520 potestate,
866 1482 923 1510 Sllls
935 1489 998 1509 cum

1038 251 1131 278 gosam
1145 242 1253 270 bassam
1287 241 1399 270 adortus
1412 245 1464 269 est.
1475 240 1600 268 Occurrit
1619 238 1722 267 homini
1741 236 1841 266 ειη-³

1036 297 1100 326 gosa
1115 297 1177 317 cum
1187 289 1308 316 exercitu
1324 287 1467 319 Anatoliae,
1480 288 1625 322 statimque
1637 286 1705 313 inito
1719 286 1825 320 praelio.

1037 336 1159 365 seditiosi
1171 335 1256 363 victos
1265 343 1294 362 se
1303 335 1444 365 simulare,
1458 342 1490 361 ac
1499 333 1593 368 pedem
1602 332 1725 360 nonnihil
1738 332 1826 359 refer-

1036 390 1077 410 re.
1088 381 1155 409 Tum
1170 390 1234 408 vero
1244 380 1326 408 Turci
1339 381 1455 408 desertis
1467 380 1610 408 ordinibus
1625 379 1694 410 suis,
1707 378 1825 404 hostium

1041 428 1236 463 itnpedimenta
1255 426 1371 461 diripere
1386 429 1526 460 cepi-runt.
1539 423 1694 451 Perduelles
1706 429 1782 451 vero.
1797 421 1824 448 in

1038 478 1160 508 tempore
1171 473 1312 501 conversis
1334 471 1460 504 habenis,
1477 470 1620 505 Caragosz
1637 469 1730 504 (opias
1755 469 1825 495 ced-

1038 519 1138 546 derunt
1152 526 1158 544 :
1172 518 1315 553 ipsumque
1339 522 1445 552 captum
1461 517 1493 544 ad
1506 515 1676 548 metropolim
1691 513 1826 541 Anatolite

1038 564 1169 600 Cntalgen
1190 563 1372 596 adduxerunt,
1391 569 1419 590 et
1437 562 1568 598 Oppidum
1579 562 1630 589 sibi
1643 559 1703 589 dedi
1726 563 1819 595 postu-

1039 610 1140 638 larunt.
1156 609 1183 637 ld
1193 617 1254 637 cum
1270 610 1304 636 ab
1316 609 1459 645 oppidanis
1475 609 1621 643 impetrare
1636 615 1688 634 non
1702 609 1823 641 posst-nt,

1040 658 1170 685 ineorum
1182 661 1329 691 conspectu
1344 654 1509 691 Caragosam
1526 655 1633 682 bassam
1650 653 1742 680 vivum
1760 652 1823 687 pa'o

1040 703 1214 731 transﬁxere.
1227 702 1382 729 Secundum
1399 702 1456 729 lucc
1479 700 1617 736 profectus
1632 698 1751 726 Mattissa
1765 705 1828 724 cttm

1042 749 1183 784 Sangiacis
1208 749 1373 784 quibusdam
1397 748 1526 774 Iulianus
1553 747 1696 776 Corcutes,
1728 743 1828 772 sultanl

1042 794 1170 830 Bajazitis
1188 795 1270 828 filius,
1298 794 1389 828 copias
1402 794 1429 820 in
1457 792 1602 820 seditiosos
1631 791 1713 818 hosce
1739 789 1829 816 duxit.

1044 841 1143 868 Verum
1159 848 1248 869 ctesus
1261 845 1288 868 et
1298 841 1354 875 ipse
1370 846 1431 866 cum
1448 838 1516 870 suis,
1533 837 1577 865 vix
1594 836 1657 870 fuga
1673 835 1751 863 saluti
1764 843 1830 862 con-

1043 887 1138 914 suluit.
1152 887 1257 913 llincin
1273 886 1330 914 dies
1346 885 1434 913 auctis
1448 885 1563 917 viribus,
1581 883 1734 910 Anatoliam
1764 881 1830 908 Sca-

1043 933 1166 961 choeulis
1181 933 1336 960 universam
1365 939 1455 967 agere,
1489 930 1569 962 ferre,
1598 930 1736 963 multaque
1757 928 1829 954 ἔνι-(1η

1043 979 1223 1007 committere.
1242 977 1306 1006 Post
1319 978 1401 1005 etiam
1422 984 1582 1013 progressus
1599 976 1726 1007 ulterius,
1752 974 1831 1000 Aitli-

1044 1033 1154 1053 nensetn
1172 1024 1302 1052 ditionem
1329 1024 1437 1052 invasit.
1455 1022 1586 1050 Corcutes
1604 1021 1678 1055 fuga,
1696 1028 1746 1048 ceu
1772 1019 1831 1047 dir-

1044 1075 1100 1098 tttm
1112 1072 1164 1103 est,
1177 1069 1299 1104 elapsus,
1323 1076 1431 1096 summa
1446 1067 1584 1095 celeritate
1596 1067 1666 1094 datis
1679 1066 1711 1093 ad
1722 1070 1825 1100 patrem

1044 1116 1151 1149 litteris,
1167 1122 1229 1143 eum
1243 1115 1275 1142 de
1294 1122 1323 1141 re
1331 1118 1385 1142 tota
1405 1114 1547 1142 certiorem
1558 1112 1631 1140 iecit.
1640 1111 1770 1147 Bajazites
1779 1118 1829 1137 ex-

1045 1163 1213 1191 candescens
1225 1162 1358 1189 adversus
1369 1160 1474 1188 vezires
1487 1166 1563 1190 suos,
1578 1165 1608 1185 ac
1620 1158 1768 1193 prasertim
1781 1157 1832 1183 atl-

1047 1217 1142 1236 versns
1158 1208 1227 1235 Alim
1240 1199 1358 1239 bassam,
1378 1211 1405 1233 et
1420 1205 1498 1233 ducis
1523 1203 1619 1235 ﬁlium,
1633 1203 1704 1238 quod
1721 1201 1789 1230 nihil
1800 1202 1836 1229 de

1047 1255 1098 1283 hoc
1110 1259 1184 1280 motu
1195 1253 1245 1280 sibi
1258 1252 1458 1286 signiﬁcassent
1472 1259 1478 1277 :
1492 1259 1552 1278 mox
1567 1250 1636 1277 Alitn
1649 1250 1757 1276 bassam
1769 1256 1832 1275 cum

1047 1301 1165 1328 exercitu
1178 1300 1204 1326 in
1219 1298 1370 1326 Anatoliam
1380 1296 1524 1333 proficisci,
1545 1304 1576 1325 ac
1592 1297 1751 1324 seditionem
1763 1296 1835 1322 hanc

1048 1353 1231 1382 compescere.
1244 1344 1441 1380 perduellionis
1471 1344 1629 1372 auctoribus
1647 1343 1744 1377 capitis
1768 1350 1836 1377 cup-

1048 1392 1130 1427 plicio
1140 1391 1273 1423 multatis,
1289 1390 1371 1425 jussit
1387 1399 1394 1423 ;
1409 1389 1481 1425 quod
1495 1390 1547 1416 nisi
1565 1389 1684 1421 fecisset,
1713 1389 1834 1423 impera-

1049 1442 1140 1465 turum
1158 1445 1187 1464 se
1202 1437 1319 1464 minatus
1335 1440 1386 1468 est,
1403 1440 1431 1462 ut
1447 1435 1516 1465 culis
1527 1435 1551 1462 ei
1575 1440 1629 1462 toto
1644 1443 1758 1469 corpore
1788 1437 1836 1461 de-

1050 1483 1213 1511 traheretur.
1232 1482 1401 1517 Quapropter
1416 1481 1482 1513 Alis,
1498 1481 1618 1508 adhibita
1633 1481 1749 1508 maxima
1767 1481 1831 1507 dili-

215 1526 643 1577 geni’zaris,‘esset.interimipse,
654 1531 752 1567 quietis
760 1529 897 1565 capienda:
905 1535 997 1560 causa,
1014 1543 1038 1574 ο
1053 1529 1151 1564 gentia,
1167 1529 1194 1555 in
1210 1528 1362 1556 Anatoliam
1379 1535 1408 1556 se
1422 1526 1537 1555 contulit
1551 1535 1558 1554 :
1586 1535 1648 1554 eum
1665 1527 1797 1561 Bajazites
1810 1529 1836 1555 et

216 1590 304 1616 semet
318 1580 538 1616 Hadrianopolim
549 1578 673 1607 contulit.

251 1630 348 1658 Eratid
365 1626 495 1662 temporis
506 1626 532 1652 in
549 1623 688 1660 provincia
696 1618 823 1649 Tekiensi
839 1620 877 1646 vir
889 1619 1000 1654 quidam

216 1676 373 1713 primarius,
391 1674 435 1701 cui
453 1677 551 1700 nomen
567 1670 705 1697 Cltasanes
723 1667 852 1696 Chelifes.
867 1666 893 1694 Is
916 1666 999 1693 filium

218 1722 347 1754 habebat,
364 1719 408 1754 qui
436 1716 612 1745 Scaclioculis
630 1714 782 1749 appellatus
807 1713 866 1744 fuit.
897 1717 924 1739 et
938 1713 1001 1740 totis

217 1774 263 1795 sex
272 1765 314 1793 vel
322 1769 422 1799 septem
434 1762 512 1790 annis
521 1761 555 1788 ita
565 1759 655 1792 latuit,
667 1764 695 1786 ut
704 1766 841 1793 nunquam
853 1757 1000 1793 prodierit:

218 1819 271 1847 qua
285 1810 394 1845 quidem
410 1808 444 1836 de
472 1813 553 1834 causa
571 1805 622 1832 fuit
638 1805 747 1832 habitus
761 1811 809 1838 pro
821 1804 878 1830 viro
894 1808 1001 1831 sancto.

218 1857 313 1885 Eidem
331 1855 464 1890 Bajazites
476 1851 623 1887 quotannis
639 1854 741 1884 septem
760 1857 903 1884 asprorum
920 1849 1000 1876 millia

218 1910 294 1932 suam
305 1902 332 1929 in
342 1901 496 1936 speluncam
512 1898 617 1925 mittere
630 1896 744 1927 solebat,
765 1903 826 1922 eum
852 1895 998 1930 ignaratet,

218 1955 279 1975 ettm
292 1951 319 1974 et
331 1950 411 1974 secta
425 1944 546 1976 alterius,
570 1947 597 1970 et
613 1941 728 1968 Kiselem
745 1941 851 1968 bassam
867 1949 936 1968 esse.
954 1940 1001 1967 llic

217 2001 292 2029 ergo,
312 2000 366 2027 quo
381 1996 501 2025 tempore
518 1987 872 2021 Constantinopolistrenue
894 1986 1002 2012 labora-

217 2040 296 2067 batur
310 2039 335 2065 in
353 2038 419 2065 urbe
437 2034 595 2066 reﬁcienda.
621 2034 678 2061 suis
706 2033 761 2060 illis
791 2041 805 2060 e
835 2032 947 2059 latebris
975 2036 1002 2059 et

219 2086 342 2113 cavernis
370 2083 477 2110 tandem
516 2080 628 2116 prodiit,
654 2084 681 2106 et
704 2079 814 2114 adjutus
831 2086 911 2113 opera
940 2086 1003 2105 suu-

220 2140 280 2159 ntm
307 2129 486 2164 quorutndam
512 2127 684 2162 complicum,
712 2126 756 2153 die
786 2126 901 2159 quodam
938 2125 1003 2151 solis

220 2177 314 2204 urbem
332 2175 517 2202 Antaliensem
531 2173 671 2207 ingressus
682 2175 724 2199 est
739 2180 746 2198 :
764 2172 835 2205 quod
852 2178 883 2198 eo
895 2170 1002 2198 facilius

1053 1583 1107 1602 non
1125 1575 1247 1610 exiguam
1264 1579 1366 1608 parlem
1386 1573 1467 1601 aulici
1477 1573 1518 1601 sui
1536 1574 1691 1607 comitatus.
1705 1578 1733 1602 et
1760 1575 1836 1609 geni-

1053 1625 1191 1654 zarorum,
1204 1621 1388 1656 adiunxisset:
1405 1620 1515 1655 ﬁlioque
1546 1625 1675 1655 praelerea
1693 1628 1754 1652 suo,
1781 1622 1838 1648 sul-

1052 1672 1118 1695 tano
1129 1667 1263 1699 Achmeti,
1278 1667 1355 1701 cujus
1372 1666 1487 1694 Amasiaa
1510 1666 1588 1694 sedes
1603 1671 1652 1699 rat,
1670 1666 1836 1700 mandasset,

1053 1719 1084 1740 ut
1098 1714 1154 1740 suis
1168 1721 1227 1740 cum
1242 1711 1332 1747 copiis
1345 1712 1387 1738 Ali
1403 1711 1492 1739 bassae
1505 1711 1606 1739 auxilio
1621 1712 1735 1740 veniret.
1764 1713 1837 1740 Ach-

1053 1764 1139 1787 metes
1161 1758 1270 1786 Amasis
1285 1757 1433 1793 profeclus,
1449 1759 1481 1785 ad
1497 1757 1566 1785 Alim
1581 1758 1686 1786 bassam
1698 1759 1814 1787 accessit
1830 1768 1838 1786 :

1053 1807 1099 1841 qui
1118 1814 1180 1833 mox
1198 1805 1270 1832 inter
1302 1812 1332 1832 se
1349 1805 1568 1839 congressi,dics
1580 1804 1840 1839 aliquotreﬁciundo

1054 1851 1132 1878 militi
1148 1851 1292 1883 dederunt,
1313 1849 1401 1883 deque
1415 1849 1483 1876 bello
1505 1850 1623 1885 gerendo
1636 1850 1838 1878 consttltarunt.

1052 1895 1162 1924 Interea
1195 1904 1257 1923 vero
1287 1903 1347 1922 cum
1375 1895 1460 1930 copiis
1487 1895 1514 1922 in
1543 1895 1730 1924 Caramaniam
1761 1897 1841 1924 irruit

1054 1941 1240 1973 Scachoculis,
1251 1941 1294 1968 cui
1310 1940 1479 1968 Caramanite
1500 1941 1591 1973 bassa,
1615 1950 1695 1976 quem
1723 1943 1840 1970 Clleidco

1054 1996 1110 2016 rem
1128 1989 1234 2016 bassam
1250 1989 1391 2018 vocabant,
1404 1992 1430 2014 et
1443 1987 1592 2022 Sangiacus
1606 1988 1716 2022 quidam
1750 1989 1775 2015 in
1794 1996 1840 2016 ea-

1054 2033 1114 2060 dem
1131 2031 1282 2067 provincia,
1298 2032 1392 2059 Zindis
1415 2031 1541 2060 Kemalrs
1561 2032 1657 2068 hegus,
1670 2033 1776 2060 obviam
1796 2041 1841 2060 ve-

1055 2082 1177 2103 nerunt:
1207 2078 1360 2112 praelioque
1383 2077 1469 2104 Culim
1499 2077 1598 2110 adorti,
1621 2085 1673 2104 non
1695 2078 1841 2106 inferiores

1056 2123 1137 2150 modo
1155 2123 1306 2150 discessere
1322 2131 1330 2150 :
1346 2130 1440 2149 verum
1467 2123 1546 2149 etiam
1561 2123 1678 2158 utrique,
1695 2132 1744 2158 pro
1754 2132 1841 2155 more,

1053 2173 1159 2195 resecta
1178 2167 1255 2195 fuere
1284 2169 1383 2203 capita.
1398 2168 1526 2196 Seditiosi
1558 2169 1658 2197 deinde
1680 2169 1841 2197 Caramania

219 2226 276 2249 tum
289 2221 346 2247 ﬁeri
363 2219 458 2254 potuit,
479 2219 542 2253 quia
555 2217 728 2245 commodum
746 2218 771 2244 id
793 2216 922 2250 tetnporis
947 2215 1000 2242 illic
1017 2210 1038 2237 Ῑ)
1056 2214 1158 2245 relicta,
1185 2222 1282 2242 versus
1301 2214 1441 2247 planitiem
1461 2215 1615 2242 Zibucciam
1629 2216 1819 2250 profectisnnt
1835 2226 1842 2243 :

220 2266 415 2295 anniversaria:
437 2265 564 2292 nundinae
586 2264 805 2292 celebrabantur.
835 2262 929 2297 itaque
956 2269 1002 2289 ca-

221 2319 295 2348 ptam
313 2312 450 2340 civitatem
468 2311 591 2345 diripuit,
607 2315 633 2337 ct
649 2310 759 2337 Gadium
775 2309 834 2343 ejus
849 2309 876 2336 in
887 2313 1004 2344 quatuor

222 2359 309 2385 frusta
343 2355 485 2388 dissecari,
519 2361 550 2381 ac
576 2354 632 2388 ipsa
662 2354 746 2380 frusta
780 2352 915 2379 distinctis
939 2351 1004 2378 locis

222 2402 350 2438 suspendi
367 2402 461 2437 jussit.
492 2399 557 2427 Inde
573 2399 662 2426 missis
677 2400 702 2425 in
733 2398 889 2432 provincias
914 2399 1005 2432 proxi-

223 2456 280 2476 tnas
294 2448 456 2480 quibusdam
473 2454 529 2474 sua!
539 2450 629 2476 sectm,
639 2451 802 2477 suarumque
815 2444 932 2478 partium
960 2443 1007 2470 ho-

223 2495 352 2526 minibus,
369 2493 528 2528 proclamari
545 2492 673 2527 pratcepit
703 2490 845 2517 advenisse
868 2490 923 2524 jam
940 2493 1007 2516 tem-

223 2550 284 2577 pus,
297 2541 363 2575 ipsis
375 2544 569 2574 opportunum,
582 2539 677 2565 saltent
688 2536 819 2570 correptis
827 2537 921 2566 armis,
933 2535 965 2562 ad
979 2543 1007 2562 se

224 2589 410 2622 properarent.
431 2583 569 2618 Quotquot
585 2583 666 2617 igitur
683 2582 754 2607 illam
767 2585 868 2607 sectam
881 2581 1005 2614 amplec-

224 2632 360 2661 tebantur,
374 2634 400 2656 et
419 2628 533 2655 antehac
546 2636 604 2654 eam
618 2631 723 2654 secreto
740 2627 872 2652 duntaxat
886 2625 1006 2660 proﬁteri

224 2678 400 2711 cogebantur.
411 2676 442 2701 ad
452 2676 523 2700 hunc
532 2682 563 2699 eo
573 2681 685 2700 nttutcro
696 2672 899 2703 conﬁnxerunt,
910 2676 938 2698 ut
949 2679 1009 2702 pcr-

224 2722 299 2750 brevi
319 2722 406 2755 spatio
421 2720 564 2754 temporis,
588 2719 729 2745 hominum
750 2721 782 2744 ad
804 2717 898 2743 decem
927 2717 1009 2742 millia

224 2776 315 2796 secum
331 2767 356 2794 in
371 2766 452 2801 336
467 2767 562 2792 castris
574 2765 695 2796 haberet.
711 2763 845 2790 Prwterea
861 2762 1015 2796 complures

225 2813 369 2842 e'l‘ckicnsi
385 2813 521 2846 provincia
531 2819 591 2838 cum
601 2811 658 2843 ipso
666 2819 694 2837 se
703 2811 913 2844 coniunxerunt.
924 2809 1016 2843 itaque

227 2858 295 2886 tales
310 2865 340 2885 ac
354 2862 442 2884 tantas
452 2856 504 2892 jam
523 2860 684 2884 consecutus
697 2855 797 2890 Copias,
807 2854 896 2881 Antali
914 2854 1015 2885 relicta,

1058 2262 1131 2295 quod
1147 2269 1208 2288 cttm
1226 2255 1281 2287 ΑΠ’
1296 2261 1382 2288 bassas
1410 2261 1590 2296 significatum
1608 2262 1716 2295 fuisset,
1731 2270 1847 2297 magno-

1058 2315 1122 2341 pere
1137 2307 1310 2341 perturbatus
1325 2307 1416 2333 animo
1444 2307 1604 2342 :Quisquis,
1621 2308 1669 2340 ait,
1694 2315 1735 2335 me
1758 2314 1842 2339 amat.

1059 2352 1160 2386 absque
1175 2360 1250 2379 mora
1265 2353 1431 2379 conscendat
1445 2360 1556 2387 equum,
1572 2354 1731 2388 primusque
1741 2356 1846 2382 caeteris

1060 2397 1183 2428 exemplo
1204 2397 1327 2430 prwbito.
1343 2397 1502 2424 cothcendit
1529 2404 1629 2430 equum
1647 2405 1654 2423 :
1673 2401 1699 2423 et
1727 2397 1844 2423 vereda-

1061 2441 1163 2467 riorutu
1181 2441 1211 2466 itr
1226 2448 1327 2466 morettt
1339 2439 1468 2466 festinato
1494 2440 1601 2469 itinere,
1630 2440 1784 2472 perduelles
1814 2439 1844 2465 in

1061 2493 1156 2521 campo
1193 2485 1324 2513 Zibnccio
1346 2486 1453 2512 tandem
1484 2489 1626 2512 assecutus
1647 2490 1697 2512 est.
1725 2485 1848 2512 Stacha-

1062 2533 1132 2559 culis
1148 2537 1249 2564 autem,
1260 2531 1468 2558 Osmanicorum
1483 2531 1599 2558 adventu
1609 2532 1728 2565 cognito.
1745 2531 1817 2557 ibide
1831 2542 1845 2556 ,ι

1063 2578 1087 2604 iu
1107 2577 1218 2612 planitie
1242 2581 1328 2604 castra
1348 2577 1419 2604 vallo
1435 2577 1625 2609 communivit,
1640 2576 1752 2604 camelis
1765 2577 1847 2603 etiam

1062 2623 1088 2650 in
1104 2624 1219 2649 circuitu
1232 2622 1374 2657 dispositis
1394 2631 1400 2650 :
1417 2627 1443 2650 el
1456 2628 1516 2649 cunt
1532 2623 1624 2649 animo
1638 2631 1688 2649 suo
1705 2624 1849 2649 constituit

1065 2670 1117 2696 huc
1130 2670 1189 2696 loco
1204 2669 1297 2696 Martis
1311 2669 1397 2696 aleam
1432 2669 1561 2703 experiri.
1589 2669 1723 2696 Praeterea
1737 2669 1829 2703 quibus
1839 2683 1850 2688 -

1066 2715 1127 2742 dant
1146 2719 1300 2741 castrorum
1316 2715 1342 2741 itt
1359 2714 1436 2745 locis,
1453 2714 1504 2741 hoc
1517 2714 1597 2740 modo
1612 2714 1735 2745 munitis,
1757 2718 1848 2741 turres

1069 2760 1197 2787 excitavit
1212 2767 1219 2784 :
1233 2760 1266 2786 de
1276 2759 1499 2794 quibussuigsese
1513 2758 1701 2791 defenderent,
1711 2765 1736 2785 et
1745 2759 1852 2786 hostem

1070 2807 1103 2833 ab
1119 2806 1323 2841 oppugnatione
1337 2810 1490 2832 castrorum
1505 2810 1640 2833 arcerent.
1660 2804 1743 2831 Erant
1770 2803 1852 2838 igitur

1071 2853 1096 2879 hi
1107 2852 1212 2889 egregie
1225 2851 1256 2878 ad
1268 2851 1388 2887 praelium
1400 2851 1548 2878 ineundum
1569 2851 1666 2885 parati.
1678 2850 1714 2878 Ex
1727 2850 1802 2877 advel
1811 2857 1853 2881 so,
