1962 3071
116 135 169 172 ιιι,

736 141 909 170 ANNALES
929 142 1095 174 TURCICI.

1672 144 1724 176 626

114 191 168 218 licet
181 191 236 217 Alis
249 192 327 219 bassa
349 180 442 220 sedum
460 199 487 220 et
501 194 558 228 ipse
574 195 659 221 multa
677 195 761 222 millia
773 196 889 222 militum
908 198 929 226 Α
944 196 971 223 in
999 196 1158 224 Romaniam
1172 199 1306 225 abiturus.
1320 200 1410 234 itaque
1420 198 1649 229 Coiediscedens.
1660 198 1725 224 Chi-

114 238 283 269 adduxisset,
310 242 401 266 tamen
425 239 489 274 quia
507 245 577 268 totos
601 240 659 268 dies
681 242 886 275 quatuordccim

113 283 154 309 illo
180 284 276 311 itinere
313 285 462 313 veredariis
479 294 562 321 prope
587 288 662 321 paria
681 287 796 318 fecerat,
834 294 888 314 non

113 330 178 355 viros
193 329 337 361 duntaxat,
354 331 408 358 scd'
421 339 508 366 equos
521 332 601 359 etiam
624 333 764 359 laboribus
779 333 882 359 exhau-

114 381 164 400 sto;
185 375 313 402 habebat.
327 377 511 405 Nihilominus
529 379 606 406 hoste
621 383 770 412 conspecto
788 388 794 406 :
819 378 889 405 Ten-

114 421 204 446 damus
220 421 246 447 itt
263 429 321 454 eos,
333 423 431 457 inqttit.
449 423 501 451 Sed
519 429 578 450 erat
595 425 621 451 in
639 424 760 451 exercitu
776 425 887 458 quidam

113 465 278 496 Caramuses.
295 469 534 501 stipendiariorum
551 470 711 504 praefectus,
740 478 809 504 quos
825 470 889 497 Ulo-

116 511 177 538 fezio
197 512 302 545 dicunt,
322 514 364 540 vir
378 515 416 541 rei
444 516 570 543 militaris
605 516 749 550 insigniter
773 516 887 551 peritus.

116 559 137 584 Is
150 558 188 585 Ali
206 560 293 587 bassae
323 562 650 598 respondenszExspecta
667 563 803 596 nonnihil,
816 565 890 595 ait,o

115 605 292 635 hsssa,donec
304 608 442 634 exercitus
455 608 498 635 alii
512 615 542 635 se
553 609 693 636 nobiscum
704 609 884 643 conjungant.

114 650 177 676 Fieri
218 653 323 686 nequit,
363 658 391 680 ιιι
434 655 522 681 hostis
566 662 581 681 e
625 655 753 681 manibus
787 658 889 683 nostris

112 697 238 724 clabatur.
268 699 308 724 Ad
325 707 408 726 unum
451 700 595 732 duntaxat,
624 701 776 728 alterumve
806 702 887 734 diem,

114 743 230 775 praelium
245 743 336 771 ditTer.
356 744 443 772 Etiam
459 746 624 774 Ramasants
640 747 722 780 ﬁlius,
733 747 888 774 Adanorum

113 788 201 821 hcgus,
225 790 301 817 nobis
317 791 441 818 subsidio
457 792 540 820 venit.
554 793 631 826 Sine,
650 802 753 829 quaeso,
780 800 889 823 nostras

113 833 146 858 uti
159 834 253 868 copias
272 836 388 862 aliorum
406 839 564 865 accessione
583 839 701 873 majores
716 845 743 867 et
755 840 890 868 ﬁrmiores

111 879 265 907 efﬁciamus.
281 881 338 909 Alis
348 887 438 909 tttttem
451 883 529 911 bassa
541 884 660 912 vicissim
674 893 680 911 :
697 885 775 918 Quis,
790 886 889 920 inquit,
905 870 927 898 Β

111 931 148 952 rst
164 926 219 953 Alis
236 926 325 959 bassa,
341 928 438 960 quisve
469 930 578 956 tandem
598 930 667 957 alter
692 931 747 964 ille,
763 932 842 958 nobis
862 937 891 959 ut

111 973 164 1004 eius
181 973 216 998 sit
230 974 432 1007 cvprctandus
448 973 580 1002 adventus
600 975 611 1001 2
636 975 769 1003 Nimirum
793 977 849 1004 Alis
877 985 892 1004 ο

112 1022 241 1046 potestate
257 1023 331 1044 totus
344 1019 460 1047 cxierat.
476 1019 594 1054 ideoque
610 1021 685 1049 rabie
704 1021 822 1056 quadam
845 1030 891 1049 ac—

113 1067 155 1090 tus
171 1063 276 1090 hostem
293 1064 408 1091 invasit:
424 1072 480 1098 quo
507 1065 621 1099 factum,
635 1071 739 1094 utacre
767 1069 891 1102 praelium

111 1109 338 1137 committeretur.
360 1109 398 1136 Eo
412 1111 504 1143 praelia
517 1112 659 1140 Chasanes
675 1114 808 1149 Cheliies,
827 1117 892 1143 Sra-

110 1165 116 1177 ι
126 1154 228 1182 hoeulis
240 1160 324 1190 pater,
336 1157 434 1192 sagitta
447 1159 615 1192 vulneratus,
627 1165 654 1187 et
675 1162 758 1196 paulo
767 1168 827 1195 post
843 1171 892 1190 ex-

111 1201 225 1228 stinctus
235 1200 285 1228 fuit
302 1210 309 1226 :
322 1211 378 1237 quo
391 1206 656 1236 mortuo,tumtt|tus
665 1211 747 1241 atque
762 1209 893 1242 strepitus

111 1247 202 1281 ingens
219 1248 307 1275 audiri
317 1250 389 1283 cepit
405 1250 430 1276 in
445 1251 542 1278 castris
553 1251 756 1285 seditiosorum.
767 1253 891 1288 Quapro-

111 1297 168 1327 pter
180 1294 238 1322 Alis
269 1294 360 1327 bassa,
372 1297 509 1324 concitato
526 1298 680 1326 calcartbus
697 1307 778 1333 equo,
790 1301 893 1329 medios

110 1340 136 1366 in
147 1340 239 1368 hostes
249 1341 355 1369 delatus
369 1347 393 1369 et
408 1343 442 1370 ab
453 1344 492 1371 eis
505 1344 614 1372 occisus
625 1351 678 1372 est.
689 1345 766 1378 Quod
781 1349 891 1381 quidem

111 1384 195 1417 ipsius
205 1386 356 1420 conspicati
370 1387 482 1421 milites,
496 1389 692 1424 tergadedere.
713 1391 892 1420 Scachoeulis

110 1431 159 1458 hac
174 1432 278 1466 potitus
308 1433 432 1466 victoria,
454 1442 550 1463 versus
577 1435 721 1464 Parthicos
741 1437 808 1465 ﬁnes
841 1440 894 1466 iter

109 1479 217 1509 direxit,
249 1478 404 1506 Tebrisium
428 1481 621 1515 profecturus;
638 1490 701 1510 cum
732 1491 816 1518 prope
834 1484 891 1519 jam

940 242 986 268 lim
1001 243 1155 276 navigavit:
1174 244 1432 278 Chili‘Beligt-adum
1447 244 1531 271 venit.
1548 244 1611 278 Ejus
1631 244 1667 270 rei
1685 243 1724 270 fa-

939 294 982 314 ma
992 287 1251 323 Constantinopolim
1265 290 1442 316 adsultanum
1455 289 1601 324 Bajazitem
1612 289 1723 323 perlata,

939 333 1053 359 Gadium
1072 334 1148 359 urbis
1167 334 1347 368 Sarigresem,
1363 339 1390 361 et
1419 335 1572 367 Seguancm
1604 334 1724 364 bassam,

939 378 1043 412 legatos
1053 379 1085 405 ad
1100 379 1184 406 ﬁlium
1197 380 1281 410 misit.
1298 388 1413 414 quorum
1429 380 1588 407 etconsiliis
1604 385 1726 406 uteretur

940 424 1063 456 Selimes,
1077 430 1104 451 et
1120 425 1231 452 monitis
1247 427 1438 452 instrueretur.
1471 425 1503 452 Hi
1522 425 1631 452 cumlad
1657 425 1725 451 Scli-

940 477 1011 497 mem
1026 471 1221 505 pervenissent,
1238 477 1364 498 auctores
1373 472 1396 498 ei
1410 471 1528 503 fuerunt,
1549 471 1587 498 uti
1604 478 1680 497 suam
1698 471 1724 497 in

940 516 1068 543 ditionem
1083 517 1182 544 rediret
1196 526 1203 543 :
1222 525 1254 544 ne
1270 517 1338 544 forte
1350 517 1479 544 fratribus
1492 518 1574 544 etiam
1610 518 1667 544 suis
1680 525 1725 543 oc-

941 563 1078 589 casionem
1096 563 1239 596 praeberet,
1259 563 1413 590 consimilia
1439 564 1563 597 quaedam
1592 562 1724 589 tentandi.

941 607 980 633 Ad
995 615 1026 635 ea
1045 609 1210 642 respondens
1225 608 1339 637 Selimes
1355 619 1362 636 :
1388 611 1486 637 Annon
1514 610 1669 636 mandatum
1684 608 1725 635 di-

942 655 1042 681 vinitus
1059 659 1109 686 est,
1126 655 1225 689 inquit,
1248 656 1285 682 uti
1303 664 1367 683 suos
1380 656 1496 690 quisque
1508 661 1632 690 parentes
1647 655 1725 681 tertio

939 700 981 727 vel
992 705 1088 735 quarto
1097 708 1205 735 quoque
1214 710 1286 728 anno
1302 702 1419 729 invisat?
1436 703 1491 728 Hoc
1507 703 1630 735 equidem
1642 709 1724 728 causa

940 753 1039 777 motus,
1053 746 1105 773 iter
1124 747 1174 773 hoc
1191 747 1330 782 perﬁciant
1346 756 1352 779 ;
1370 753 1395 774 ct
1405 753 1479 781 patre
1497 748 1618 778 visitatd,
1637 754 1724 773 meam

942 793 967 819 in
982 793 1109 819 ditionem
1127 798 1259 821 revertar.
1276 795 1314 820 Ad
1332 802 1478 821 summam.
1496 795 1530 820 ab
1540 794 1590 820 hor
1602 794 1727 820 instituto

941 839 1019 873 legati
1042 838 1169 866 Selimem
1192 840 1268 866 nullo
1293 840 1431 867 dimovere
1457 840 1539 867 modo
1568 844 1725 873 potuerunt.

942 885 1060 919 Ideoque
1078 886 1224 912 redeuntes
1242 886 1272 912 ad
1291 885 1435 919 Bajazilem
1462 885 1509 912 ﬁlii
1541 891 1657 912 tuentem
1695 892 1726 911 ac

942 932 1103 958 sententiam
1120 932 1188 966 patri
1217 932 1417 959 renuntiarunt.
1448 931 1473 958 is
1502 933 1590 958 ι1ιῐιιιο
1624 932 1728 965 legatos

943 977 1009 1004 alios
1024 977 1057 1004 ad
1069 977 1196 1004 Selimcm
1217 979 1300 1010 misit,
1317 985 1348 1004 ac
1368 977 1422 1004 dici
1437 978 1491 1003 ﬁlio
1508 978 1597 1010 iussit,
1612 977 1650 1003 ttti
1680 976 1728 1002 Se—

943 1023 1092 1050 mendriam
1107 1031 1136 1050 se
1153 1024 1286 1058 reciperet
1305 1032 1311 1050 :
1328 1031 1408 1058 quem
1423 1024 1479 1057 ipse
1488 1023 1672 1056 sangiaratutn
1690 1022 1729 1048 illi

942 1069 1120 1096 attribuisset.
1142 1069 1255 1104 Negavit
1273 1069 1299 1096 id
1320 1077 1350 1097 se
1376 1069 1513 1096 facturum
1530 1069 1612 1102 ﬁlius,
1640 1069 1728 1095 omni-

943 1123 1032 1150 noque
1045 1122 1074 1142 se
1084 1120 1187 1150 patrem
1202 1117 1277 1151 prius
1296 1116 1434 1143 aditurum
1452 1115 1602 1150 respondit,
1613 1115 1729 1150 ejusque

943 1169 1041 1189 manus
1057 1162 1254 1195 osenlaturum,
1273 1166 1354 1196 atque
1369 1161 1407 1189 ita
1419 1161 1516 1188 deinde
1530 1161 1726 1188 discessurum.

944 1206 1097 1235 Evcneruut
1108 1209 1165 1235 hmc
1182 1215 1253 1235 anno
1262 1208 1326 1236 917.

980 1253 1135 1280 Secundum
1157 1255 1201 1281 illa
1220 1255 1339 1288 perrexit
1355 1254 1382 1281 in
1410 1254 1508 1282 itinere
1531 1260 1581 1281 suo
1605 1253 1729 1280 sultantts

944 1299 1072 1332 Selimes,
1088 1305 1114 1327 et
1132 1299 1356 1335 Hadrianopolim
1382 1301 1469 1335 petiit.
1501 1300 1567 1327 Inde
1590 1307 1652 1327 cttm
1675 1306 1731 1325 non

944 1345 1037 1378 procul
1051 1345 1170 1378 abesset,
1185 1345 1281 1373 relicta
1295 1345 1429 1380 Bajazites
1449 1344 1654 1379 Hadrianopoli,
1671 1351 1730 1371 ver-

944 1398 990 1416 sus
1004 1389 1271 1424 Constantinopolim
1289 1391 1366 1418 abiit.
1389 1391 1511 1418 Habebat
1525 1394 1615 1417 autem
1636 1397 1729 1417 serum

944 1443 1039 1464 omnes
1055 1436 1164 1464 Vezires
1181 1445 1256 1471 suos,
1271 1443 1299 1465 et
1315 1439 1397 1472 bcgos
1415 1437 1566 1471 sangiacos,
1578 1441 1602 1463 et
1619 1436 1729 1463 milites.

945 1481 1049 1516 Quippe
1062 1483 1198 1510 mandatis
1215 1483 1360 1516 publicatis
1375 1483 1508 1515 edixerat,
1528 1482 1567 1509 ttti
1592 1489 1684 1508 secum
1700 1485 1733 1508 eo‘

109 1522 242 1550 Parthicis
253 1530 267 1550 a
281 1524 383 1553 ﬁnibus
397 1526 536 1557 abessent,
568 1527 678 1554 obviam
703 1529 744 1556 eis
759 1537 892 1558 caravana
906 1535 929 1567 ο
947 1528 1193 1562 proficiscerenlur.
1211 1529 1269 1561 Qua
1287 1530 1320 1556 de
1340 1537 1422 1556 causa
1437 1534 1592 1556 commotus
1605 1529 1731 1560 Selimrs,

109 1570 234 1603 quaedam
246 1571 329 1602 venit,
339 1579 432 1598 secum
446 1571 579 1599 eParthia
592 1574 692 1600 sericas
704 1580 729 1601 et
741 1575 807 1603 alias
820 1584 892 1603 mer-

108 1624 154 1644 ccs
165 1617 276 1645 vehens.
290 1618 354 1645 Eam
365 1626 527 1646 caravanam
536 1620 716 1648 Srachoculis
729 1622 854 1655 diripuit,
867 1628 893 1649 ct

106 1668 244 1698 quotquot
254 1664 325 1692 hanc
339 1665 541 1692 comitabantur
558 1667 693 1698 homines.
707 1667 822 1694 interﬁci
832 1669 893 1702 jus-

109 1710 168 1737 sit:
185 1717 247 1736 cum
262 1710 411 1744 ignoraret,
427 1718 488 1738 esse
502 1718 567 1745 opes
577 1711 637 1738 illas
647 1711 770 1740 lsmaelis
782 1712 893 1745 Scachi,

108 1757 160 1783 hoc
174 1761 217 1784 est
229 1757 300 1790 regis
318 1756 494 1784 Parthorum.
508 1757 559 1784 Ubi
573 1757 727 1785 Tehrisium
743 1760 893 1791 venissent.

106 1802 213 1829 tribuni
229 1800 359 1835 militum,
379 1802 527 1838 ceterique
541 1803 673 1838 praefecti,
699 1804 834 1832 Scachum
858 1805 895 1833 ls-

108 1848 218 1876 mailem
248 1847 379 1876 adierunt
396 1852 445 1876 :et
473 1849 506 1876 ad
527 1850 610 1883 pedes
635 1850 720 1885 ipsius
746 1852 894 1885 provoluti,

108 1895 242 1921 honorem
256 1894 281 1921 ei
312 1902 361 1929 pro
373 1894 449 1922 moré
466 1895 587 1930 gentium
600 1895 721 1930 illarum,
734 1898 893 1926 exhibuere.

107 1940 180 1967 ‘l‘utn
198 1948 262 1968 vero
282 1939 405 1969 Sracltus
418 1941 510 1969 Ismail
525 1942 611 1975 :Quis
624 1947 718 1969 auctor
733 1943 809 1970 vobis
832 1944 895 1978 fuit,

109 1987 212 2020 iuqttit,
230 1991 258 2013 ιιι
272 1987 404 2021 adoptivo
418 1987 489 2022 patri
503 1995 564 2015 meo
582 1988 676 2016 bsssas
691 1993 718 2016 et
732 1989 814 2024 begos
829 1998 897 2018 suos

106 2033 285 2065 occideretis,
296 2033 413 2068 ejusque
442 2038 572 2068 praeterea
603 2035 728 2062 Subditos
752 2036 835 2064 rebus
864 2045 896 2065 ac

106 2080 288 2107 tacultatibus
306 2080 364 2107 suis
379 2080 622 2114 spoliaretistlllis
651 2081 896 2116 respondentibus,

104 2127 134 2152 id
145 2126 197 2154 alis
211 2134 239 2153 se
269 2126 383 2159 factm»,
399 2132 429 2155 ut
455 2127 565 2162 ipsimet
589 2127 691 2155 lsmaili
719 2128 825 2156 Scacho
840 2136 897 2156 rem

104 2177 214 2205 gratam
228 2172 361 2206 facerent,
382 2178 409 2200 et
432 2172 559 2201 homines
575 2180 590 2200 a
605 2179 679 2201 recta
703 2175 754 2202 ﬁde
781 2175 896 2208 alienos,

103 2220 255 2250 barbaros,
269 2213 451 2250 facinorosos,
472 2218 506 2246 de
535 2218 625 2246 medio
637 2220 764 2247 tollerent
778 2242 786 2254 ,
802 2228 899 2248 rursus

104 2273 157 2293 cos
170 2266 344 2300 compellans
361 2264 484 2293 Scachus
495 2265 575 2304 337
589 2265 731 2295 Parthicus
748 2267 804 2309 z’Et
834 2268 899 2302 quid

103 2313 235 2344 tat-dem,
264 2311 391 2346 subjecit,
406 2319 542 2339 caravana
551 2311 780 2346 culpa-commisit
794 2313 822 2339 in
839 2320 899 2344 vos.

104 2365 164 2393 qua
183 2357 295 2388 irritati,
312 2361 340 2384 et
357 2358 483 2385 homines
500 2358 650 2390 occidistis,
685 2364 712 2386 et
731 2366 797 2392 opes
826 2359 900 2393 ipsas

104 2403 291 2439 diripuistis?
307 2404 346 2430 Ad
359 2412 418 2438 quae
435 2404 472 2431 illi
489 2412 551 2431 cum
569 2405 637 2431 nihil
652 2405 794 2437 haberent,
824 2405 897 2439 quod

105 2450 151 2476 sui
169 2449 305 2484 purgandi
322 2456 406 2477 causa
429 2450 456 2477 in
474 2449 594 2477 medium
621 2449 752 2477 aﬂerreut
768 2457 775 2476 :
790 2457 899 2477 omnem

105 2496 188 2523 illam
209 2496 356 2523 colluviem
373 2497 515 2523 hominum
531 2497 566 2523 ita
582 2496 708 2523 distribui
725 2496 848 2523 Scachus
865 2496 902 2522 ls-

106 2543 178 2569 mail
193 2542 287 2577 jussit,
303 2546 335 2569 ut
358 2542 459 2577 singuli
494 2542 657 2569 Parthornm
690 2550 818 2577 proceres
841 2543 901 2578 ejus

107 2588 246 2615 mandato
260 2588 400 2624 vigintiat‘l
426 2596 456 2616 se
492 2588 670 2622 reciperent:
693 2593 807 2616 caeteros
837 2595 902 2615 vero

107 2633 270 2667 praefectos.
305 2639 387 2668 atque
406 2635 532 2663 tribunos
561 2635 696 2669 ipsorum,
722 2635 902 2662 trucidandos

103 2680 237 2707 Carinis
249 2680 308 2707 suis
322 2680 432 2714 objecit.
445 2680 524 2713 Quod
536 2687 602 2707 sane
618 2688 680 2707 cum
706 2681 811 2712 absque
826 2688 902 2708 mora

106 2726 204 2757 ﬁeret,
240 2725 348 2761 dignam
379 2727 546 2755 facinoribus
583 2725 711 2753 admissis
750 2726 902 2753 mercedem

105 2774 213 2800 tulere.

151 2819 222 2845 Dum
239 2818 297 2845 haec
314 2818 340 2844 in
358 2818 419 2844 Asia
431 2822 602 2853 gererentur,
622 2818 797 2845 Tarabosaue
813 2817 904 2853 proic-

106 2869 176 2891 ctus
188 2865 314 2891 sultanus
334 2864 459 2896 Selimes,
471 2864 581 2896 navigio
592 2864 676 2892 Colon
692 2865 795 2896 appulit
809 2873 816 2896 ς
830 2864 903 2892 illinc

944 1579 971 1601 et
986 1575 1161 1602 consiliarios
1195 1582 1260 1603 suos
1287 1576 1446 1610 appellans:
1472 1575 1599 1607 Nullum,
1630 1575 1731 1608 inquit.

945 1621 1050 1647 hostem
1065 1621 1198 1649 habemus
1212 1621 1283 1648 inter
1300 1621 1522 1656 Hadrianopolim
1548 1625 1576 1648 ct
1597 1620 1732 1648 Constan-

945 1667 1097 1701 tinopolim.
1110 1667 1165 1694 Cur
1177 1675 1241 1702 ergo
1250 1672 1288 1694 tot
1302 1675 1439 1701 proceres,
1449 1671 1475 1695 et
1488 1667 1568 1695 talem
1581 1675 1612 1694 ac
1624 1672 1729 1695 tantum

945 1710 1094 1738 exercitum
1105 1715 1180 1745 pater
1194 1719 1284 1738 secum
1297 1711 1384 1739 ducit?
1398 1711 1564 1739 Hauddubie
1575 1713 1640 1739 nihil
1657 1712 1730 1740 aliud

946 1757 1003 1783 haec
1017 1758 1195 1791 portendunt,
1211 1764 1292 1791 quam
1307 1758 1379 1792 qttod
1394 1757 1506 1784 fratrem
1521 1765 1629 1789 meum,
1642 1758 1731 1785 sulta-

945 1810 1011 1830 unm
1025 1803 1194 1835 Achmetem,
1210 1811 1301 1830 rerum
1332 1803 1564 1831 administrationi
1595 1804 1732 1838 praeﬁcere

946 1848 1057 1882 cogitat.
1074 1848 1191 1882 Ideoque
1202 1855 1308 1875 summa
1325 1855 1392 1875 usus
1411 1848 1560 1881 celeritate,
1587 1856 1639 1875 non
1670 1856 1732 1883 pro-

947 1894 990 1921 rul
1005 1901 1020 1920 ιι
1037 1893 1117 1921 Zorlo
1131 1899 1233 1928 patrem
1251 1899 1395 1922 assecutus
1409 1899 1459 1922 est.
1489 1894 1527 1922 lbi
1556 1899 1613 1921 tum
1644 1894 1735 1929 copiis

948 1940 1076 1974 utrinque
1089 1940 1328 1972 concurrentibus,
1345 1940 1378 1967 ad
1404 1939 1604 1967 dimicationem
1623 1945 1732 1966 ventum

948 1986 1012 2014 fuit.
1027 1987 1091 2014 Erat
1106 1987 1132 2014 id
1149 1987 1282 2021 temporis
1300 1985 1436 2014 imbecilla
1464 1985 1599 2020 Bajazitcs
1631 1986 1735 2012 valetu-

948 2033 1023 2064 dine,
1041 2040 1102 2059 cutn
1114 2039 1164 2060 nec
1179 2032 1293 2067 pedibus
1319 2033 1358 2059 uti
1384 2039 1433 2059 nec
1459 2032 1582 2066 equitare
1618 2036 1734 2066 posset:

947 2085 1035 2112 eaque
1049 2080 1082 2105 de
1096 2086 1178 2105 causa
1193 2085 1277 2106 curru
1292 2078 1454 2110 vehebatur,
1468 2077 1512 2105 ctti
1539 2078 1630 2104 velum
1646 2078 1734 2104 obtin-

948 2130 1037 2156 xerat,
1055 2125 1175 2152 numinis
1198 2124 1318 2155 interim,
1329 2123 1543 2159 Mahumetisquc
1552 2123 1593 2151 sui
1604 2123 1736 2151 auxilium

951 2171 1112 2206 implorans.
1124 2170 1193 2197 Cum
1206 2171 1356 2205 perexiguo
1375 2169 1505 2204 tetuporis
1524 2169 1668 2196 intervallo
1684 2176 1736 2203 pu-

915 2212 938 2240 Ι)
953 2223 1065 2251 gnatum
1083 2221 1156 2245 esset
1181 2218 1269 2244 victus
1300 2215 1427 2248 Selimes,
1440 2215 1515 2243 omni
1546 2215 1676 2242 thesauro
1687 2222 1737 2242 suo

952 2264 1056 2297 relicto,
1069 2263 1138 2299 fugte
1152 2271 1182 2291 se
1199 2263 1296 2290 dedit:
1314 2270 1346 2289 ac
1361 2262 1470 2289 tandem
1494 2262 1618 2296 pervenit
1642 2261 1669 2288 in
1698 2261 1737 2287 vi-

951 2317 1014 2338 cum
1030 2310 1187 2343 quemdam,
1199 2309 1283 2336 situm
1304 2309 1338 2336 ad
1354 2315 1440 2340 mare,
1458 2308 1532 2342 quod
1547 2307 1660 2342 Nigrum
1687 2315 1737 2334 vo-

952 2361 1025 2385 rant.
1040 2356 1069 2383 Ei
1089 2356 1148 2383 vico
1161 2363 1259 2383 nomen
1273 2359 1313 2382 est
1329 2355 1426 2388 Midge.
1444 2353 1496 2381 llic
1511 2361 1606 2390 navem
1631 2353 1737 2388 ingrcs-

953 2411 1010 2433 sus.
1026 2403 1172 2429 tranmisso
1190 2402 1269 2434 mari,
1283 2401 1368 2429 Col‘en
1385 2408 1414 2428 se
1432 2400 1558 2427 contulit.
1575 2399 1628 2426 Sed
1642 2399 1737 2426 eadem

955 2449 1044 2475 hicine
1059 2456 1154 2475 rursus
1169 2448 1195 2474 in
1207 2448 1367 2475 Romaniam
1378 2446 1525 2481 navigavit.
1535 2446 1652 2478 Quidam
1665 2446 1736 2472 cuitu

953 2502 1080 2529 proceros
1094 2494 1176 2521 aulici
1192 2497 1283 2528 partes
1296 2493 1399 2520 sultani
1431 2491 1572 2520 Achmetis
1598 2492 1738 2523 fovebant,

954 2542 1082 2568 nitnirutn
1093 2540 1151 2574 ipse
1162 2539 1383 2570 Catlilescberus,
1401 2543 1429 2565 ct
1452 2538 1614 2566 Nischauzis
1646 2537 1738 2569 bassa.

953 2586 1102 2615 etJonuzes
1119 2587 1207 2619 bassa,
1219 2586 1265 2620 qui
1278 2585 1436 2612 muneribus
1448 2584 1529 2612 etiam
1539 2584 1565 2611 in
1577 2584 1648 2610 hunc
1658 2584 1739 2610 ﬁnctu

955 2633 1067 2666 paratis,
1085 2632 1185 2667 populo
1204 2635 1398 2666 persuaserant
1412 2630 1550 2657 sultanutu
1579 2629 1738 2656 Achmetem

956 2679 1030 2706 brevi
1044 2678 1215 2710 adiuturum,
1230 2682 1256 2704 et
1268 2677 1328 2704 loco
1338 2678 1433 2711 .patris
1446 2677 1658 2710 imperaturum.
1691 2674 1739 2702 llic

955 2730 1044 2753 autem
1063 2729 1177 2752 certatus
1197 2731 1292 2750 coruut
1318 2726 1384 2750 'cutn
1409 2722 1544 2758 genizaris
1564 2720 1739 2752 innotuissct,

957 2776 1035 2799 nocte
1044 2771 1161 2806 quadam
1180 2771 1207 2797 in
1220 2771 1293 2798 :cdes
1307 2771 1428 2805 ipsorum
1442 2769 1590 2798 irruentes.
1606 2766 1739 2797 quidquid

956 2819 982 2845 in
999 2818 1040 2845 eis
1058 2822 1194 2852 rrperlutn
1207 2821 1290 2848 esset,
1322 2817 1503 2850 diripucrttnt.
1533 2815 1625 2841 Itidem
1659 2819 1740 2838 noctu

957 2863 1092 2891 tiltasanis
1110 2863 1197 2890 bassa:
1214 2863 1324 2890 domum
1337 2863 1468 2891 aaurcssi.
1482 2861 1552 2888 iwdc
1565 2858 1718 2888 spoliarunt
1731 2865 1738 2883 :
