1962 3071
215 196 267 226 627

844 194 1021 225 ANNALES
1047 194 1221 224 TUllClCI.

1794 196 1847 228 628

215 253 338 287 adeoque
353 252 514 284 seditionem
525 251 680 279 excitavere
700 252 857 279 maximam.
880 253 961 279 Erant
976 252 1002 279 id
1018 253 1039 280 Α
1055 252 1088 278 ab
1100 251 1140 278 eis
1157 251 1229 278 dicta
1245 250 1372 283 fuissent,
1389 251 1487 285 exiguo
1520 253 1650 286 temporis
1681 253 1771 286 spatio
1788 254 1847 280 sul-

217 299 348 332 temporis
368 299 400 324 ad
414 299 507 325 urbem
526 297 624 324 Sullani
640 297 779 325 Aehmetis
793 297 872 331 legati
885 299 930 332 qni
947 299 1006 325 fur-

217 345 264 371 tim
290 352 319 372 3e
342 344 505 374 subducere,
531 343 669 378 salutique
697 351 754 370 sua:
778 343 838 378 fuga
864 343 1008 371 consulere

215 391 301 418 coacti
317 389 434 417 fuerunt.
453 389 608 416 Secundum
629 390 685 416 haec
702 389 805 424 legatos
819 390 852 416 ad
867 390 1005 417 Sullanum

217 437 346 463 Selimem
359 436 459 463 misere
470 435 839 470 genizari,quinuntiarent,
858 435 889 462 ad
911 436 1005 463 urbem

216 483 295 511 modo
311 483 416 510 veniret
432 491 440 510 :
454 491 484 510 se
496 484 624 510 nimirum
636 487 662 510 et
674 482 839 511 salutaturos
853 483 940 517 ipsum
958 483 1008 510 im-

217 533 382 561 peratorem,
414 533 440 556 et
467 529 610 563 agnituros
631 536 682 562 pro
713 528 837 571 d‘omino.
861 530 1006 557 Acltmetes

215 574 297 602 etiam
311 575 406 602 eodem
420 579 542 610 tempore
574 575 685 609 propius
702 575 736 602 ad
761 576 855 602 urbem
886 584 915 603 se
939 584 1007 603 con-

217 620 290 652 tulit,
307 621 365 647 suis
379 628 440 647 cum
457 620 546 654 copiis
561 621 593 647 ad
606 621 776 653 Iscodaram,
786 628 801 648 e
815 622 924 655 regione
937 622 1004 649 Con-

215 666 419 700 stantinopolis.
429 671 517 694 castra
528 671 660 695 metatus:
675 667 819 701 missisque
834 668 904 702 patri
914 668 1007 695 multis

215 720 364 741 aureorum
379 721 553 740 nummorum
566 713 696 743 millibus.
712 723 767 749 quo
788 720 898 742 venerat
909 715 1007 742 itinere

217 758 358 786 discessit.
373 758 496 793 Cumque
516 759 669 794 vectigalia,
697 761 809 792 tributa,
839 767 1007 795 Ciﬂlel‘OHllle

219 806 325 833 fructus
340 812 371 832 ac
388 809 536 840 proventus
551 806 669 840 imperii,
695 814 741 841 per
773 806 925 833 Anatoliam
955 807 1007 834 sibi

218 851 407 878 vindicasset:
418 851 551 878 violenter
564 851 624 879 illas
637 851 795 886 provincias
811 852 1007 879 administrare

218 897 299 930 cepit.
314 896 353 927 Ac
364 897 424 924 licet
441 898 566 929 sullauus
580 898 662 925 etiam
681 898 813 926 Ccrcutes
821 898 918 933 oppida
934 906 1008 934 quae-

219 945 282 972 dam
298 944 430 971 Analoliaa
446 944 497 971 sibi
521 944 693 978 subjerisset,
715 945 833 972 retinere
862 950 951 972 tamen
975 952 1006 972 ea
1024 935 1042 962 Β

219 998 273 1017 non
289 991 454 1024 potuit,cum
470 990 660 1025 praefectorum
678 992 779 1018 sultani
795 991 936 1021 Achmetis
951 998 1008 1017 ma-

217 1037 292 1071 jores
312 1040 404 1063 essent
428 1037 508 1064 vires.
524 1036 617 1070 itaque
647 1036 793 1065 discedens
825 1044 857 1063 ex
883 1037 916 1064 iis
941 1036 1009 1065 locis

218 1081 361 1113 ﬂorentes,
382 1086 456 1108 trans
472 1088 547 1109 mare
558 1080 715 1116 Callipolim
730 1082 799 1109 abiit
818 1091 824 1108 :
843 1089 874 1109 ac
899 1081 1008 1109 duobus

218 1127 351 1160 duntaxat
371 1134 463 1153 secum
480 1127 606 1161 sumptis,
636 1127 900 1162 Constantinopolim
935 1128 1008 1156 navi-

197 1188 201 1192 -
218 1174 303 1206 gavit.
317 1173 355 1199 Eo
370 1180 431 1199 cum
452 1174 630 1207 pervenisset,
645 1173 772 1207 exiguum
789 1174 925 1207 quoddam
937 1178 1006 1199 tem-

219 1220 293 1254 plmn
308 1219 446 1254 ingressus
460 1224 510 1250 est,
531 1219 601 1246 haud
616 1219 709 1254 procul
725 1227 738 1245 a
768 1219 910 1246 domicilio
926 1219 1006 1254 geni-

220 1273 358 1297 zarorum.
375 1265 430 1293 Hoc
444 1266 487 1293 ubi
500 1266 654 1292 nuntiatum
683 1265 800 1292 Sullano
815 1265 926 1298 Bajaziti
942 1265 1007 1291 fuis-

189 1349 193 1350 ν
221 1319 285 1345 set,
302 1313 382 1339 aliam
408 1313 432 1339 ei
462 1313 572 1339 domum
597 1312 623 1338 in
657 1312 724 1339 urbe
751 1312 833 1346 jussit
861 1312 1006 1346 assignari,

220 1367 315 1394 quam,
330 1364 454 1387 remotus
472 1367 486 1385 a
504 1359 649 1386 Genizaris
679 1358 855 1385 inbabitaret.
882 1358 910 1385 In
937 1358 1007 1384 hanc

222 1406 307 1440 igitur
324 1405 369 1433 ubi
389 1406 609 1440 commigrasset.
626 1404 698 1432 bona
726 1412 788 1431 cum
801 1404 878 1430 venia
905 1408 1007 1437 patrem

223 1451 313 1478 adiit:
335 1451 449 1485 ejusque
470 1458 579 1477 manum
592 1450 779 1481 exosculatus,
804 1451 830 1476 in
858 1449 1007 1483 hospitium

223 1505 303 1526 suum
317 1497 446 1524 reductus
458 1497 519 1523 fuit.
537 1496 652 1523 Zecmen
666 1495 691 1522 id
708 1495 848 1530 temporis,
865 1502 946 1530 quam
959 1496 1009 1522 mi-

222 1553 315 1572 norem
335 1548 443 1576 vocaut,
462 1543 589 1571 sullauus
606 1542 721 1571 Selimes
747 1543 906 1569 advenerat.
924 1541 1008 1570 Cum-

223 1599 276 1626 que
309 1591 420 1629 propius
457 1589 720 1624 Constantinopolim
749 1589 902 1621 accederet.
927 1594 1009 1623 atque

1060 303 1139 325 tanus
1157 297 1290 330 Baiazites
1309 305 1338 325 re
1354 305 1415 324 cum
1434 298 1528 324 animo
1543 305 1593 325 suo
1622 298 1782 330 deliberata,
1799 307 1847 325 ca-

1060 343 1210 377 puterigit,
1227 349 1253 370 et
1273 352 1279 369 ι
1296 342 1395 370 Rerum
1422 343 1559 377 equidem,
1588 343 1686 378 inquit,
1711 352 1845 371 summam

1061 389 1115 415 tilio
1132 397 1202 421 meo,
1220 390 1329 416 sultano
1348 389 1440 416 Solimi
1461 390 1587 416 traditam
1618 391 1771 418 committo.
1785 391 1845 423 Qua

1061 436 1188 472 Bajazitis
1203 437 1325 463 oratione
1341 437 1476 470 genitoris
1498 437 1663 467 renuntiata.
1696 444 1758 464 mox
1776 445 1847 464 una-

1059 483 1146 510 nimes
1158 483 1191 510 ad
1209 483 1347 510 sttltunum
1374 483 1492 510 Selimen
1516 491 1547 510 se
1572 484 1757 511 contulerunt.
1788 483 1850 512 lite

1059 533 1149 556 autetu
1167 533 1241 563 gesta
1260 529 1370 556 [uerunt
1385 537 1460 557 anno
1477 529 1543 556 1518
1557 529 1631 564 (Chr.
1651 530 1741 563 1512).

1094 576 1231 603 Postridie
1247 576 1372 603 sullauus
1391 575 1526 610 Bajazites
1538 576 1635 610 cistas,
1652 577 1752 611 quibus
1767 577 1849 611 impe-

1060 623 1154 650 ratoiii
1172 622 1293 650 thesauri
1307 622 1533 656 continebantur,
1551 623 1661 650 sultano
1678 623 1771 650 Selimi
1793 623 1851 650 lilio

1059 669 1159 696 misit:
1178 676 1209 695 ac
1234 669 1348 701 vezires,
1372 674 1540 703 cmterosque
1573 670 1680 701 bassas,
1707 669 1851 696 dominum

1058 723 1150 744 suum.
1166 715 1305 742 sultauum
1324 715 1452 742 Selimem
1482 716 1558 743 adire
1585 715 1680 750 jussit,
1715 715 1795 749 eique
1811 714 1851 743 sl-

1059 761 1189 795 gnilicare
1206 762 1395 788 tantummodo
1408 762 1470 794 sibi,
1499 762 1567 795 patri
1597 770 1659 793 suo,
1689 761 1851 788 dilationem

1059 807 1162 833 dierum
1184 806 1218 834 30
1235 814 1320 833 c0nce
1332 808 1407 838 leret.
1423 808 1522 841 quibus
1548 808 1662 839 exactis,
1678 807 1851 834 Dimotucum

1059 852 1196 883 abiturus.
1211 857 1238 879 et
1267 853 1400 886 reliquum
1425 854 1525 881 ibidem
1539 854 1601 881 vita
1624 855 1742 888 spatium
1763 860 1855 883 trans-

1060 896 1147 924 iturus
1164 901 1236 924 esset
1252 918 1258 924 .
1276 898 1383 924 interim
1394 897 1510 925 Selimes
1526 900 1552 925 in
1567 899 1683 932 hospitio
1694 899 1853 926 Genibaxeo

1058 949 1282 972 commoraretur.
1303 943 1364 970 ll;t-c
1375 951 1438 971 cum
1453 944 1490 971 illi
1512 944 1621 971 sultano
1652 944 1746 971 Selitui
1761 953 1846 977 expo-

1061 989 1183 1016 suissent
1202 997 1209 1015 :
1228 989 1378 1023 Quidquid.
1402 990 1451 1022 ait,
1485 991 1554 1024 patri
1586 995 1614 1018 et
1642 991 1732 1018 bassis
1762 991 1853 1020 visum

1060 1033 1144 1062 fuerit
1161 1035 1305 1068 imperare,
1324 1040 1412 1062 ratum
1430 1041 1499 1064 esto.
1524 1035 1579 1064 Res
1604 1037 1677 1063 enim
1705 1037 1794 1063 adhuc
1823 1037 1852 1064 in

1060 1081 1181 1114 ipsorum
1198 1086 1331 1114 potestate
1351 1086 1416 1108 sunt
1431 1085 1458 1107 et
1474 1081 1604 1108 arbitrio.
1625 1081 1761 1109 Postridie
1777 1081 1854 1111 illius

1063 1126 1116 1152 diei
1134 1131 1242 1159 patrem
1262 1126 1378 1153 Selimes
1392 1127 1471 1159 adiit,
1487 1127 1568 1161 eique
1586 1135 1694 1154 manum
1710 1128 1853 1156 osculatus

1058 1175 1109 1197 est.
1124 1170 1191 1197 Tum
1210 1178 1394 1205 terosurgeus
1404 1177 1479 1206 pater
1493 1180 1500 1199 :
1517 1173 1631 1206 Accede,
1647 1172 1694 1205 iiii,
1708 1173 1755 1203 ait,
1769 1179 1854 1208 atque

1060 1216 1111 1243 hoc
1126 1216 1187 1243 loco
1203 1216 1267 1244 sede
1284 1225 1292 1249 ς
1307 1225 1470 1244 cumrerum
1501 1217 1642 1252 dominus,
1670 1226 1714 1246 me
1741 1218 1852 1253 quidem

1059 1263 1196 1295 abdicato,
1219 1267 1246 1290 et
1264 1263 1412 1297 imperator
1427 1264 1515 1291 factus
1535 1265 1584 1292 sis.
1598 1265 1637 1292 Ad
1657 1273 1688 1292 ea
1716 1265 1852 1293 Selimes:

1059 1307 1170 1335 Minime
1188 1316 1261 1340 Vero,
1277 1309 1311 1336 mi
1331 1315 1417 1344 pater.
1431 1311 1531 1344 inquit.
1561 1310 1628 1337 Nam
1655 1311 1783 1345 equidem
1801 1311 1852 1338 do-

1063 1354 1142 1384 utini,
1159 1354 1303 1389 patrisque
1329 1356 1381 1382 tnei
1395 1355 1514 1383 famulus
1527 1364 1587 1383 sum
1608 1366 1614 1384 :
1654 1364 1705 1384 nec
1735 1356 1854 1391 amplius

1059 1399 1209 1434 quidquam
1225 1400 1302 1434 petii.
1319 1408 1401 1435 quam
1416 1407 1445 1428 ut
1457 1402 1523 1428 mihi
1535 1401 1633 1429 faciem
1660 1406 1733 1428 tuam
1753 1402 1854 1429 intueri

1060 1454 1091 1473 ac
1104 1453 1216 1473 manum
1234 1446 1387 1473 deosculari
1402 1446 1504 1474 liceret.
1521 1447 1547 1474 Id
1560 1455 1622 1474 cum
1639 1447 1852 1482 impetraverim,

1060 1491 1128 1519 bona
1145 1499 1207 1519 cum
1225 1499 1290 1526 pace
1304 1496 1349 1519 tua
1364 1492 1440 1524 mibi,
1457 1492 1559 1520 famqu
1585 1499 1643 1525 tuo,
1674 1501 1747 1519 nunc
1776 1493 1856 1520 abire

1061 1538 1103 1566 l‘as
1129 1544 1198 1571 esto,
1215 1538 1290 1567 salva
1309 1538 1358 1566 tibi
1375 1546 1465 1566 reruut
1475 1539 1715 1566 administratione
1730 1546 1857 1574 prospero

1064 1585 1142 1612 rima.
1158 1585 1291 1613 Sullanus
1307 1589 1398 1612 autem
1414 1584 1551 1619 Bajarites
1574 1584 1656 1616 :Fili,
1671 1585 1720 1616 ait,
1736 1590 1792 1612 toto
1809 1592 1858 1619 pes

224 1619 331 1663 obviam
345 1619 369 1664 ei
382 1637 502 1671 prodiret
519 1637 645 1664 sultanns
672 1637 804 1664 Corcutcs
821 1635 912 1668 frater,
932 1634 1011 1668 equis
1025 1619 1048 1650 θ
1063 1636 1139 1659 ctore
1155 1636 1236 1666 atque
1259 1633 1350 1658 animo
1380 1631 1525 1666 imperium
1551 1630 1600 1658 tibi
1633 1630 1778 1664 resignari.
1802 1630 1857 1657 Sed

223 1683 387 1714 insid--ntcs,
399 1691 496 1710 manus
525 1683 576 1710 sibi
592 1688 687 1710 mutuo
701 1687 894 1716 porrexerunt,
909 1689 939 1709 ac
953 1690 1014 1716 per-

228 1736 352 1758 amanter
365 1731 411 1757 inti
423 1738 436 1756 r
448 1737 478 1758 se
491 1729 618 1756 collocuti
637 1734 712 1757 sunt.
729 1728 797 1756 lliuc
806 1728 900 1755 urbem
911 1728 1014 1760 ingres-

225 1786 272 1806 sus
287 1777 410 1809 Selimes,
426 1778 451 1805 in
471 1781 549 1812 prato
569 1776 717 1810 genibaxeo
728 1774 922 1806 teutoriatixit,
933 1773 1016 1808 338

225 1822 344 1852 Corcute
358 1831 437 1852 suum
458 1824 483 1850 in
503 1824 654 1856 hospitium
684 1823 827 1850 redeunte.
851 1821 920 1848 Tum
949 1829 1014 1848 vero

225 1873 380 1908 congregati
390 1871 530 1903 Genizari,
540 1872 633 1899 decem
647 1878 678 1898 ex
689 1870 764 1897 omni
777 1877 887 1897 suorum
901 1876 1015 1896 numero

225 1919 359 1954 delegere,
384 1926 454 1954 quos
469 1919 502 1945 ad
520 1919 616 1946 bassas
632 1918 782 1951 ablegatos,
805 1915 896 1943 dicere
922 1915 1015 1948 jusse-

225 1969 290 1992 runt
302 1973 309 1992 :
323 1972 470 2000 agnoscere
488 1972 518 1993 se
530 1973 578 1999 pro
593 1964 706 1991 domino
724 1971 773 1990 suo
787 1963 926 1990 sultauum
944 1960 1032 1989 Seli-.

227 2019 310 2044 mem,
326 2010 456 2046 Bajazitis
472 2011 645 2045 imperatoris
660 2009 755 2036 ﬁlium.
775 2008 933 2042 Bajazitom,
952 2014 1016 2041 pro-

226 2064 286 2093 pter
300 2058 440 2085 adversam
453 2057 647 2087 valetudinem,
657 2059 684 2083 et
693 2055 906 2082 imbecillitatem
919 2053 1015 2079 virium

227 2105 347 2139 mmjam
365 2103 483 2138 atnplius
498 2103 530 2130 ad
545 2102 613 2129 bella
637 2102 755 2135 gerenda
783 2101 893 2134 prodire
925 2106 1015 2133 posse.

226 2150 412 2183 Quamobrem
426 2149 614 2184 signiﬁcarent
628 2148 737 2175 sultano
751 2145 862 2181 Bzijaziti
876 2145 972 2177 bassm,
988 2149 1017 2171 ut

227 2201 324 2231 sponte
351 2203 429 2224 suam
445 2203 535 2223 rerum
561 2193 824 2222 adminislrationem
855 2191 947 2218 Selimi
989 2190 1017 2217 ti-

229 2245 264 2271 l.o
277 2243 404 2270 traderet.
418 2241 445 2268 ΙιΙ
461 2242 513 2268 nisi
529 2241 614 2272 ﬁeret,
636 2240 662 2266 iu
679 2240 753 2274 ipsos
764 2246 792 2265 se
807 2237 1013 2264 animadversuo

1066 1686 1149 1705 unum
1165 1678 1216 1705 boc
1231 1677 1356 1709 consulo,
1369 1685 1402 1704 ne
1417 1677 1576 1712 sanguinem
1590 1677 1731 1704 innoxium
1745 1676 1856 1709 fundas,

1066 1732 1116 1751 nee
1134 1723 1271 1750 immerito
1282 1731 1448 1758 quemquam
1473 1723 1596 1750 occidas.
1613 1722 1662 1750 Cui
1682 1723 1766 1757 patris
1788 1729 1858 1749 con-

1066 1769 1128 1796 silio
1161 1776 1222 1796 cum
1249 1769 1363 1797 Selimes
1380 1777 1410 1795 se
1439 1768 1593 1803 pariturum
1622 1768 1803 1802 promisisset,
1827 1769 1858 1796 in

1066 1815 1174 1842 hortum
1190 1823 1291 1842 novum
1307 1815 1364 1842 sive
1381 1815 1554 1847 Genibaxen,
1570 1814 1604 1842 ad
1619 1815 1736 1843 tentoria
1760 1822 1810 1841 sua
1827 1822 1859 1842 se

1066 1861 1181 1895 recepit.
1199 1860 1348 1892 Postridie,
1364 1869 1471 1888 summo
1488 1860 1623 1892 diluculo,
1645 1868 1694 1895 pro
1725 1860 1859 1889 tribunali

1067 1907 1146 1940 srdit,
1164 1912 1191 1934 et
1207 1907 1334 1935 advocari
1364 1907 1560 1934 Genizarorum
1584 1914 1662 1941 agam
1686 1905 1788 1940 jussit;
1808 1906 1859 1940 qui

1067 1962 1130 1980 mox
1150 1954 1285 1982 universis
1303 1962 1364 1981 cum
1377 1953 1574 1981 Genilarorum
1593 1952 1681 1987 copiis
1705 1960 1797 1979 coram
1822 1959 1859 1980 eo

1067 2008 1096 2027 so
1110 2000 1195 2027 stetit.
1211 1999 1254 2027 ibi
1270 2005 1327 2026 tum
1347 1999 1517 2033 eompellatis
1547 1999 1624 2033 ipsis,
1640 1999 1756 2025 Selimes
1775 1998 1861 2025 inter-

1069 2053 1175 2080 rngare,
1193 2053 1258 2072 num
1274 2053 1304 2072 se
1318 2045 1414 2071 Vell-‘ltl.
1441 2045 1580 2072 domimuu
1606 2050 1630 2072 et
1663 2044 1859 2078 imperatorem

1069 2093 1246 2128 agnoscere?
1262 2092 1376 2120 Cunctis
1401 2093 1566 2120 unanimiter
1582 2091 1812 2124 acclamantibus,
1830 2091 1859 2118 id

1069 2140 1184 2168 onmiuo
1199 2148 1229 2167 se
1246 2140 1315 2167 velle
1337 2141 1438 2172 facere,
1453 2146 1515 2166 mox
1540 2139 1639 2166 iterum
1670 2138 1786 2166 Selimes
1810 2145 1861 2166 eos

1070 2187 1213 2222 appellans
1231 2196 1236 2214 :
1257 2186 1373 2220 Siquis,
1403 2185 1453 2218 ait,
1482 2186 1552 2212 inter
1576 2192 1625 2212 vos
1642 2183 1746 2218 aliquid
1771 2184 1862 2219 culpas

1070 2233 1251 2263 commiserit.
1269 2241 1302 2259 an
1324 2240 1372 2266 per
1388 2239 1434 2259 vos
1454 2232 1519 2258 mibi
1535 2231 1637 2263 licebit,
1663 2235 1692 2257 ut
1716 2230 1791 2257 illum
1807 2238 1860 2265 pu-

228 2300 275 2319 ms
293 2296 339 2319 :et
356 2295 485 2325 praeterea
503 2296 550 2323 per
561 2288 614 2314 vim
631 2287 813 2314 eollocaturos
830 2284 960 2312 Selituem
989 2285 1016 2311 in
1036 2296 1057 2324 ι)
1073 2281 1145 2306 niam
1159 2278 1289 2307 ?Licebit
1307 2286 1381 2311 vero,
1398 2278 1567 2306 succlamant
1581 2284 1689 2305 omnes.
1700 2276 1770 2312 Ergo
1783 2277 1864 2325 dein-

230 2341 360 2367 thronum
370 2338 485 2372 regium.
497 2344 529 2364 ac
540 2336 680 2363 dominum
700 2333 928 2367 etimperatorem
938 2338 1017 2358 suum

229 2386 424 2413 deelaraturos.
441 2383 502 2410 Haec
513 2390 575 2410 cum
587 2381 681 2409 decem
705 2379 741 2407 illi
760 2379 950 2413 geuizarorum
981 2376 1020 2404 le-

231 2435 248 2459 ti
265 2432 353 2459 bassis
369 2430 572 2465 exposuissent,
591 2428 677 2455 bassm
693 2435 755 2455 cum
769 2425 801 2454 iis
832 2425 899 2460 ipsis
924 2424 1019 2450 decem

231 2480 297 2506 \iris
314 2479 452 2506 sulianum
478 2475 623 2510 Bajazit'em
653 2473 788 2501 adierunt.
820 2471 845 2498 ls
875 2469 1021 2498 intellectis

231 2532 325 2552 eorum
342 2514 501 2558 postulatis,
523 2529 605 2557 quam
623 2520 733 2549 quidem
748 2519 794 2546 ditt
810 2520 950 2552 superstes
962 2515 1022 2548 ipse

233 2572 314 2602 foret.
336 2570 479 2606 imperium
499 2577 528 2596 se
538 2568 640 2596 nemini
671 2566 838 2593 traditurum
868 2561 1020 2596 respondit.

233 2617 273 2646 Ad
284 2624 315 2644 ea
330 2623 476 2650 supremus
493 2615 576 2641 vezir.
594 2613 751 2647 Mnstapbas
781 2611 860 2638 bassa
875 2617 882 2635 :
899 2607 962 2634 Vale
974 2607 1023 2641 igi-

234 2673 288 2696 tur,
308 2663 407 2697 inquit,
429 2662 576 2696 impentor
590 2659 720 2687 maxime.
737 2657 802 2684 Nam
822 2664 895 2688 mox,
911 2655 956 2681 ubi
973 2654 1022 2681 abs

236 2718 263 2740 te
278 2710 393 2747 digressi
411 2708 554 2739 fuerimus,
572 2707 655 2734 vitam
672 2706 698 2732 bi
716 2704 794 2732 nobis
809 2702 940 2730 adimeut.
955 2700 1023 2727 Tutn

234 2746 360 2788 sullauus
382 2765 389 2783 :
406 2755 548 2790 Siquidem
563 2754 617 2788 jam
631 2759 681 2780 nos
693 2750 809 2785 imperio
830 2756 884 2776 non
912 2746 1024 2774 abdica-

234 2806 366 2834 verimus.
380 2803 428 2837 ait,
446 2810 479 2829 an
495 2801 614 2828 futurum
630 2799 741 2833 putatis,
768 2797 806 2824 uti
823 2803 873 2823 nos
897 2802 912 2821 e
936 2793 1026 2820 medio
1052 2818 1054 2820 τ

235 2850 356 2878 tollant?
372 2848 483 2876 Minime
499 2853 573 2878 vero,
590 2843 741 2878 subjiciunt
751 2842 799 2874 illi,
815 2841 896 2867 vitam
911 2838 1027 2872 eripient

238 2897 286 2924 tibi
305 2905 311 2923 :
331 2897 378 2924 sed
394 2894 502 2930 injectis
517 2892 593 2920 uncis
612 2890 778 2925 spicuiorum
809 2892 922 2914 suorum
952 2883 1018 2911 vesti

240 2950 304 2980 tuae,
318 2944 351 2973 de
366 2943 464 2971 throno
478 2937 654 2975 imperatorio
669 2940 695 2964 te
712 2936 862 2964 tlttli'ulljtll.
879 2932 945 2965 Qum
961 2938 1023 2958 cum

1072 2335 1146 2359 cens,
1163 2325 1281 2360 subjecit
1299 2325 1427 2357 Selimes,
1450 2325 1595 2359 imperium
1609 2331 1700 2351 meum
1731 2323 1863 2358 auspica-
1891 2318 1894 2320 ’

1071 2372 1130 2399 bor.
1148 2371 1296 2403 Postridie,
1312 2379 1375 2398 cutn
1390 2371 1537 2403 illuxisset,
1556 2370 1654 2398 eodem
1672 2365 1709 2396 ‘in
1736 2369 1795 2396 loco
1812 2376 1862 2404 pro

1073 2417 1202 2447 tribunali
1223 2416 1358 2448 consedit,
1375 2416 1512 2443 veziribus
1524 2420 1552 2442 et
1563 2415 1651 2443 bassis
1666 2415 1796 2441 omnibus
1809 2414 1864 2441 huc

1073 2467 1106 2494 ad
1128 2465 1215 2500 ipsum
1231 2463 1472 2493 convenientibus.
1487 2462 1536 2490 Illo
1548 2461 1592 2489 die
1619 2460 1767 2496 quemdam
1787 2461 1865 2494 geni-

1075 2519 1181 2543 zarum,
1197 2511 1365 2545 quiaureatn
1390 2509 1418 2536 in
1444 2510 1536 2544 capite
1563 2507 1684 2544 gestabat
1711 2506 1859 2538 useuliam,

1073 2560 1131 2587 sive
1149 2559 1259 2594 pileum,
1274 2555 1468 2591 comprehendi
1495 2555 1590 2589 jussit,
1617 2558 1644 2581 et
1675 2552 1710 2580 ad
1737 2554 1864 2580 arborem

1074 2604 1222 2639 suspendi:
1237 2603 1354 2638 quodam
1367 2602 1450 2629 etiam
1466 2603 1499 2628 de
1528 2599 1715 2627 Uloleziorum
1747 2606 1867 2626 numero

1075 2653 1165 2686 capite
1179 2654 1317 2678 truncato.
1329 2648 1480 2686 Genizarus
1492 2647 1538 2674 ille
1555 2650 1700 2680 propterea
1712 2645 1867 2679 suspendio

1075 2697 1201 2726 sublatus
1218 2703 1233 2723 e
1252 2693 1414 2726 mediol'nit,
1429 2693 1503 2728 quod
1520 2692 1621 2720 sultani
1649 2690 1790 2718 Achmetis
1821 2697 1865 2717 so-

1077 2750 1123 2773 cer
1139 2746 1227 2770 esset.
1243 2741 1300 2769 lioc
1326 2739 1406 2771 modo
1435 2746 1496 2767 cum
1522 2737 1574 2768 sibi
1596 2737 1722 2765 sultanus
1749 2736 1869 2763 Selimes

1077 2788 1221 2822 imperium
1236 2786 1437 2816 constituisset,
1450 2784 1584 2811 Corcutes
1595 2789 1745 2810 conscensa
1757 2782 1871 2808 trireme

1077 2834 1236 2864 Mauissaiu,
1260 2832 1391 2859 ditionem
1422 2838 1512 2862 suam,
1543 2829 1660 2864 repetiit.
1684 2826 1744 2854 Non
1771 2828 1890 2854 multis

1079 2879 1176 2907 diebus
1193 2876 1357 2912 interjeetis.
1383 2874 1623 2909 Constantinopoli
1645 2872 1792 2900 discedens
1815 2871 1871 2898 Ba-

1077 2926 1187 2962 jalitcs,
1202 2924 1371 2957 Dimotucum
1390 2921 1466 2951 abire
1477 2920 1623 2955 cogitabat.
1638 2920 1707 2949 Eum
1737 2919 1869 2952 sullauus
