1962 3071
118 168 167 210 εἰς)

745 183 920 214 ANNALES
937 185 1107 216 TURCICI.

1685 191 1737 222 60

118 234 228 261 Selimcs
249 238 325 263 extra
354 241 460 270 portam
486 235 789 274 liadrianopolilanatn.
818 240 898 268 officii
912 243 938 273 Α
950 240 1045 270 Tantis
1060 228 1121 271 cum
1138 243 1227 278 copiis
1251 244 1277 271 in
1295 242 1433 273 Parthiam
1449 246 1599 280 profectus,
1625 253 1737 274 manum

116 287 206 312 causa,
221 288 282 308 cum
299 281 456 311 deduceret.
472 283 608 320 Bajazites
625 293 640 313 e
668 293 751 314 curru
767 294 829 314 cum
842 286 898 314 filio

117 325 282 361 colloquens,
299 327 332 355 de
344 330 436 357 multis
452 337 513 357 eum
540 333 622 359 rebus
651 332 806 360 admonuit.
835 332 899 360 lnd‘e

118 378 206 399 mutuo
224 373 276 400 sibi
292 378 367 407 pater
383 380 464 410 alque
482 377 554 404 filius
565 377 728 405 valedixere.
746 378 799 407 Sed
822 377 901 414 Baja-

116 417 178 445 zites
193 418 244 445 hoc
259 419 355 447 itinere
369 421 476 449 delatus
491 423 516 450 in
549 424 638 450 vicum
669 424 826 459 quemdam,
854 425 898 452 cui

117 470 212 490 nomen
232 464 350 500 Chapse.
363 467 446 494 vitam
461 475 522 495 cum
541 473 629 496 morte
642 470 833 499 commutavit.
847 470 900 498 Re—

117 513 206 537 vectus
220 515 311 538 autem
329 520 343 538 a
359 513 418 540 suis
434 513 716 550 Constantinopolim,
745 517 772 543 in
787 518 899 552 templo,

115 556 182 590 quod
200 557 258 590 ipse
269 563 476 590 construxerat,
496 561 625 588 conditus
643 561 704 589 fuit.

150 600 306 630 Secundum
320 603 377 631 haec
401 605 540 640 profectus
565 611 606 634 est
632 608 756 636 sultanus
785 607 900 637 Selimes

117 647 247 677 universis
262 657 324 676 cum
339 651 426 685 copiis
443 653 470 678 in
497 653 668 684 Anatoliatn.
699 662 817 689 cumque
843 655 900 691 jam

116 694 282 728 pervenisset
293 695 436 731 Engurtm,
454 697 552 725 fratrer
568 699 637 732 ejus,
651 700 776 728 sultanus
786 701 902 729 Achme-

116 745 164 773 tes,
182 741 216 768 ad
233 742 299 769 fines
313 743 446 771 Arabicos
467 745 599 780 profugit.
614 745 691 779 Quod
727 747 773 775 ubi
787 748 901 776 Selimes

115 788 271 821 accepisset,
287 789 386 817 itinere
401 795 516 825 mutato,
537 792 653 821 Prusam
672 794 754 821 rediit
772 784 783 821 έ
809 794 902 830 ibique

116 834 283 869 Mustapham
302 836 423 869 bassatn,
439 845 500 865 cum
516 838 622 873 aliquot
653 839 769 867 fratrum
786 848 901 869 suorum

116 880 188 911 ﬁliis.
208 882 374 917 strangulari
386 884 505 911 curavit.
536 884 600 913 Inde
626 885 772 914 Manissam
805 890 901 915 contra

950 295 1012 316 cum
1027 288 1135 316 lsmaile
1149 290 1249 318 scacho
1264 298 1410 319 conserere
1429 292 1558 320 decrevit.
1570 291 1663 321 lsmail
1673 300 1738 320 vero

950 334 1051 362 sultani
1084 334 1193 364 Selimis
1226 337 1355 365 instituto
1382 339 1502 372 cognito,
1535 345 1604 366 eum.
1630 338 1739 367 Parthis

950 380 1008 407 suis
1035 386 1062 408 et
1087 381 1144 415 ipse
1174 382 1245 410 hosti
1274 383 1381 410 obviam
1412 384 1511 418 prodiit
1533 393 1540 415 ;
1565 392 1597 411 ac
1630 385 1738 412 laudent

950 428 1105 461 congressis
1136 428 1162 455 in
1194 429 1308 463 planitie
1337 431 1465 464 quadam,
1498 438 1559 465 quas
1588 430 1739 458 Zalderana

951 472 1063 505 dicitur,
1096 475 1237 509 utriusque
1264 476 1348 511 partis
1377 477 1555 507 erercitibus,
1579 484 1595 504 a
1619 476 1740 504 diluculo

952 519 985 545 ad
1001 520 1245 552 postmeridianum
1263 530 1351 556 usque
1367 527 1474 558 tempus
1487 523 1643 550 dimicatum
1669 523 1742 550 inter

952 572 999 592 eos
1013 564 1073 593 fuit.
1093 565 1209 593 lsmailis
1225 568 1317 594 scaclti
1330 576 1474 603 supremus
1488 569 1548 596 belli
1565 569 1633 601 dux,
1660 568 1742 596 Usta—

955 610 1038 639 xclvis
1069 612 1140 640 filius
1158 634 1166 646 ,
1197 615 1340 648 Auatolico
1380 615 1459 643 militi
1490 616 1635 651 oppositus
1664 621 1742 646 erat;

953 655 1093 685 Romaniae
1106 658 1201 693 copias
1223 659 1340 694 ipsemet
1355 661 1471 689 scachus
1500 661 1593 689 Ismail
1620 661 1671 689 sibi
1696 662 1744 689 de-

953 702 1095 731 bellandas
1126 709 1289 740 sumpserat.
1318 705 1370 734 Sed
1400 707 1534 735 Anatolia:
1566 707 1744 742 beglerbegus

953 750 1022 776 adeo
1038 749 1144 777 fortiter
1157 750 1229 778 hosti
1252 753 1362 786 restitit,
1389 758 1419 780 ut
1452 753 1560 781 tandem
1587 753 1744 782 Ustazelres

953 795 1134 824 occideretur.
1154 797 1194 825 Ab
1215 798 1299 826 altero
1314 806 1423 834 qucque
1450 800 1517 827 aciei
1542 800 1626 827 latere
1639 808 1744 835 pugna-

954 845 1012 868 tum
1042 843 1170 878 utrinque
1193 848 1315 878 strenue,
1333 845 1420 873 donec
1437 846 1470 873 ad
1494 850 1649 874 extremum
1673 847 1744 873 Cha-

955 895 1036 916 sanes
1052 889 1144 921 bassa,
1172 889 1313 918 Romaniae
1338 891 1526 926 beglerbegus,
1550 892 1743 920 occumberet:

116 927 386 961 fratrem,sultanum
401 930 561 966 Corcutem,
579 933 662 961 movit
684 942 692 962 :
723 933 772 962 sed
796 935 821 963 is
851 935 902 962 Te-
918 919 940 948 Β
955 919 1142 963 Nihilominus
1161 934 1269 964 'l‘bures
1295 937 1350 966 Alis
1372 919 1487 972 “begusv,
1513 919 1636 965 filalcozii
1662 919 1744 970 filius,

115 972 232 1001 Isionsem
253 975 281 1002 in
299 977 467 1010 provinciam
483 978 550 1006 abiit
570 987 578 1007 :
607 987 662 1014 quo
692 982 812 1016 cognito,
848 982 903 1017 pri-

116 1021 392 1056 mutnejanitoribus
409 1024 478 1054 suis.
507 1032 590 1059 quem
617 1025 738 1054 Azemim
765 1026 901 1055 Casanam

115 1069 196 1100 Agam
210 1070 354 1102 vocabant,
371 1069 483 1107 fratrem
497 1078 511 1097 a
528 1075 605 1107 tergo
618 1073 744 1107 persequi
759 1072 854 1108 jussit.
878 1074 903 1102 Is

115 1113 235 1141 adhibita
250 1115 392 1151 diligentia
408 1118 537 1151 maxima,
561 1119 669 1146 tandem
683 1119 758 1147 illum
775 1120 802 1147 in
818 1128 904 1155 specu

115 1162 232 1194 quodam
246 1162 437 1197 deprehendit,
454 1168 480 1191 et
491 1165 564 1199 cepit
580 1171 587 1191 :
601 1165 713 1200 jamque
746 1170 855 1200 captum
870 1166 903 1194 ad

115 1207 209 1235 herutu
221 1216 301 1236 suum
312 1208 439 1236 Selimem
458 1210 712 1244 adducens,obvios
728 1212 823 1239 habuit
836 1221 904 1240 nun-

115 1255 176 1283 tios.
191 1254 261 1289 apud
287 1255 416 1290 oppidum
441 1255 525 1291 339
544 1256 682 1292 Egrigos:
715 1257 760 1284 ubi
787 1265 846 1284 Inox
871 1258 906 1285 de

116 1299 243 1326 mandato
259 1299 370 1327 Selimis
383 1300 518 1328 Corcutes
528 1302 729 1337 strangulatus,
745 1307 772 1330 et
787 1303 906 1330 cadaver

115 1348 171 1382 ejus
187 1348 300 1377 Prusam
320 1353 440 1383 vectum,
457 1349 557 1377 ibidem
589 1355 767 1380 monumento
781 1349 832 1378 fuit
848 1350 907 1377 illa-

115 1399 182 1422 tum.

148 1442 218 1469 Cum
249 1446 339 1469 autem
371 1443 497 1471 sultanns
529 1443 645 1472 Selimes
676 1443 758 1472 etiam
790 1443 906 1472 alterum

115 1487 227 1514 fratrem
251 1495 343 1521 suum,
376 1489 514 1516 sultanum
539 1489 708 1522 Achmetem,
742 1497 909 1524 magnopere

114 1539 225 1570 cuperet
238 1535 264 1562 in
291 1539 453 1570 potestatem
482 1535 633 1568 redactutn,
662 1539 722 1563 astu
741 1536 907 1570 excogitato,

114 1581 256 1608 bassarutn
271 1585 297 1608 et
324 1581 512 1615 genizarorum
533 1581 644 1609 nomine
672 1581 775 1609 litteras
798 1582 831 1608 ad
845 1590 907 1608 eum

115 1626 245 1661 perscribi
257 1627 352 1661 jussit,
370 1634 486 1660 quarum
502 1627 653 1655 litterarum
667 1627 725 1655 haec
753 1633 812 1655 erat
829 1636 904 1655 sum-

115 1683 157 1701 ma
172 1676 339 1706 ;Sn|tanum
362 1675 490 1703 Selimem
509 1675 656 1703 crudeliter
674 1675 701 1702 in
718 1676 840 1702 omnium
854 1682 904 1703 ste-

109 1723 172 1749 'vire
191 1722 285 1748 vitam.
300 1721 338 1749 Ea
352 1721 386 1749 de
412 1729 495 1749 causa
513 1729 542 1750 se
554 1721 610 1757 jam
629 1725 760 1756 perttesos
778 1729 839 1749 esse
855 1731 906 1757 ptt-

114 1768 235 1795 milionis
265 1768 355 1796 istius.
388 1767 513 1796 Prodiret
531 1768 612 1796 modo
637 1767 794 1799 Achmetes.
829 1776 860 1796 ac
877 1777 906 1797 se

114 1815 338 1850 conspiciendum
356 1815 498 1849 praeberet,
517 1822 579 1842 mox
598 1815 621 1842 ei
648 1819 756 1850 captum
776 1814 912 1843 Selimem.

114 1862 275 1890 tradituros.
312 1860 378 1888 Data
412 1869 478 1888 vero
509 1859 559 1887 fuit
585 1868 680 1896 opera,
715 1865 745 1889 ut
771 1861 910 1896 ejusmodi

115 1910 270 1935 litterarum
286 1907 409 1942 exempla
424 1907 459 1935 50
474 1906 514 1934 vel
529 1906 564 1934 60
579 1907 688 1937 sultano
701 1904 826 1938 Achm’eti
845 1907 906 1934 red-

113 1956 254 1982 derentur.
289 1945 382 1987 Itaque
414 1959 528 1980 numero
568 1952 720 1980 litterarum
753 1953 904 1988 deceptus,

115 2001 193 2026 fidem
209 1999 249 2026 eis
277 1998 383 2030 habuit,
408 2003 513 2026 etcum
549 1999 635 2026 milite
665 1999 820 2029 Caramano
848 2001 906 2027 suis

112 2055 127 2071 ε
140 2045 252 2072 latebris
266 2044 292 2071 in
307 2049 430 2079 apertum
449 2045 560 2079 prodiit,
579 2045 720 2080 Quotquot
737 2050 816 2073 erant
844 2053 905 2075 cum

112 2099 146 2116 rt)
165 2098 301 2125 proceres,
328 2091 398 2118 hanc
418 2090 612 2126 profectionem
645 2092 859 2126 dissuadebam,
880 2096 917 2120 et.

113 2137 236 2163 futurum
267 2136 377 2165 aiebant
406 2141 434 2164 ut
467 2138 721 2166 circumveniretur.
751 2139 805 2167 Sed
836 2139 906 2175 ipse,

112 2182 213 2210 litteris
226 2183 281 2210 illis
292 2183 419 2211 exhibitis
428 2191 461 2212 ac
473 2184 617 2219 perlectis:
630 2185 741 2217 Demus,
753 2185 801 2216 ait.
817 2193 909 2213 exem-

112 2229 156 2262 pla
172 2227 266 2263 viginti
279 2228 375 2255 barum
391 2228 543 2256 litterarum
568 2236 630 2256 esse
647 2228 715 2256 falsa
727 2234 754 2257 et
769 2237 907 2257 commen-

921 1597 944 1628 C

955 986 1010 1006 uua
1022 987 1084 1007 cum
1097 979 1180 1008 fratre
1195 989 1257 1014 suo,
1271 986 1326 1009 tam
1339 983 1437 1010 acriter
1453 984 1511 1011 hoc-
1523 983 1616 1017 praelia
1630 991 1658 1011 se
1682 992 1746 1018 ges-

956 1025 1004 1057 sit,
1030 1031 1060 1053 ut
1083 1027 1208 1056 hostibus
1239 1028 1372 1064 disjectis,
1396 1030 1429 1057 ad
1454 1029 1568 1057 lsmailis
1593 1030 1745 1057 scachive-

955 1070 1051 1098 xillum
1063 1072 1222 1106 primarium
1250 1079 1421 1108 penetraret,
1439 1075 1545 1109 ipsique
1572 1075 1672 1102 scacho
1689 1075 1751 1101 vnio,

956 1125 1008 1145 nus
1026 1115 1170 1153 indigeret.
1186 1119 1284 1146 Verum
1299 1128 1313 1147 a
1328 1121 1420 1148 scachi
1445 1121 1608 1149 satellitibus
1631 1126 1745 1156 uterque

957 1169 1092 1193 mactatus
1105 1165 1214 1193 cecidit.
1229 1165 1286 1194 Sub
1303 1167 1406 1194 exitum
1433 1167 1485 1194 diei
1502 1167 1590 1194 ft-ssus
1610 1167 1665 1202 jam
1684 1175 1749 1193 cum

957 1211 1015 1238 suis
1026 1211 1175 1245 praeliando
1191 1213 1318 1244 seachus,
1335 1213 1407 1240 hosti
1422 1213 1517 1245 cessit,
1530 1218 1556 1240 et
1567 1213 1659 1248 fugam
1677 1213 1746 1240 ani-

958 1257 1168 1290 puitzordaque
1183 1265 1244 1290 sua,
1262 1266 1323 1285 cum
1355 1259 1484 1286 omnibus
1508 1258 1589 1286 rebus
1618 1266 1677 1293 quae
1703 1259 1746 1286 illa

958 1302 1281 1335 continebantur,bostis
1307 1304 1421 1331 arbitrio
1447 1305 1552 1335 relicta,
1592 1304 1747 1332 Tebtisium

959 1357 988 1377 se
1002 1349 1114 1382 recepit.
1131 1348 1224 1383 itaque
1238 1349 1335 1377 Turcis
1352 1350 1418 1377 orda
1430 1350 1542 1377 schachi
1558 1350 1654 1385 praeda:
1684 1349 1746 1381 fuit.

959 1395 1005 1428 qui
1020 1395 1101 1422 etiam
1118 1395 1143 1421 in
1160 1403 1190 1422 ea
1227 1401 1358 1430 ceperunt
1384 1403 1465 1423 unam
1484 1396 1517 1423 de
1545 1395 1636 1423 scachi
1655 1395 1748 1423 uxori-

961 1441 1023 1473 bus,
1039 1447 1101 1467 cum
1132 1446 1237 1468 canem
1267 1441 1410 1473 mulieres,
1440 1449 1501 1475 quae
1536 1441 1589 1468 illis
1604 1441 1630 1468 in
1651 1441 1751 1471 castris

960 1485 1078 1518 fuerant,
1094 1487 1197 1521 pedites
1221 1494 1284 1514 cum
1313 1487 1421 1521 reliquo
1442 1487 1604 1515 Parthorum
1627 1487 1749 1516 exercitu

961 1531 1114 1560 Tebrisium
1129 1533 1269 1561 abiissent.
1287 1533 1409 1560 Scachus
1421 1537 1524 1564 autem,
1543 1533 1638 1560 relicto
1651 1532 1748 1564 Tybri.

961 1578 1013 1609 sio,
1027 1585 1088 1605 cum
1111 1585 1166 1606 non
1190 1586 1285 1612 magna
1314 1585 1427 1607 sttorum
1444 1586 1529 1606 manu
1553 1578 1703 1607 Su'taniam
1719 1587 1749 1606 se

959 1623 1084 1651 contulit.
1114 1624 1217 1652 Interea
1244 1624 1399 1652 Tebrisium
1425 1632 1587 1660 progressus
1618 1624 1746 1656 Selimes.

957 1678 1053 1698 omnes
1077 1670 1153 1698 urbis
1178 1671 1307 1703 artifices,
1320 1679 1415 1702 omnes
1426 1671 1542 1699 eximios
1556 1671 1670 1706 opifices
1694 1673 1755 1698 col-.

957 1717 1055 1749 lectos.
1083 1717 1349 1751 Constantinopolim
1376 1718 1459 1746 misit.
1482 1717 1607 1753 Cumque
1623 1717 1668 1744 illa
1688 1717 1748 1745 hie-

958 1771 1003 1791 tue
1018 1763 1150 1799 cogitaret
1164 1764 1190 1792 in
1205 1763 1328 1793 hibernis
1352 1764 1385 1791 ad
1412 1763 1583 1799 Carabagum
1614 1763 1743 1791 subsiste-

958 1818 1000 1842 re,
1016 1818 1071 1837 non
1086 1810 1138 1837 hoc
1151 1817 1213 1838 eum
1241 1810 1439 1839 tumultuantrs
1467 1809 1558 1836 facere
1574 1810 1645 1844 passi
1673 1810 1749 1837 fuere

959 1856 1089 1892 genizari.
1106 1856 1276 1892 Quapropter
1305 1856 1447 1887 Amasiam
1476 1855 1589 1883 reducto
1617 1856 1747 1888 exercitu,

959 1903 1059 1930 ibidem
1077 1902 1238 1934 hibernavit,
1262 1905 1313 1930 sub
1332 1902 1438 1931 initium
1452 1901 1555 1929 wstatis
1582 1901 1748 1928 Camaclmm

959 1951 1109 1985 profectus,
1120 1958 1178 1980 eam
1193 1950 1331 1978 civitatem
1359 1949 1512 1984 occupavit.
1528 1948 1640 1976 Interim
1669 1950 1747 1976 Sina-

960 2004 1022 2024 netn
1037 1996 1143 2023 bassam
1163 1996 1320 2023 eunuchum
1335 1996 1362 2023 in
1384 1995 1609 2030 Dulgadirensem
1640 1996 1748 2029 provint—

960 2043 1030 2070 ciam
1043 2042 1188 2077 ablegavit,
1206 2042 1253 2077 qui
1276 2042 1373 2069 ducum
1399 2041 1460 2076 ejus
1487 2041 1606 2076 regionis
1631 2041 1748 2068 Aladeu-

960 2089 1012 2117 lem
1029 2089 1099 2117 bello
1114 2089 1264 2117 invaderet.
1280 2088 1304 2116 is
1317 2087 1489 2122 Dulgadiretn
1506 2089 1654 2121 ingressus.
1681 2087 1747 2114 Ala-

959 2136 1067 2165 deulem
1081 2136 1193 2163 minimc
1209 2138 1381 2164 resistentem
1394 2136 1464 2170 cepit
1483 2140 1510 2162 et
1523 2135 1611 2170 capite
1637 2139 1747 2163 trunca-

960 2185 1008 2216 vit,
1036 2191 1192 2219 quanquam
1228 2183 1273 2212 alii
1306 2183 1414 2212 tradant
1439 2183 1587 2218 suspendio
1619 2188 1746 2210 necatum

961 2231 1055 2258 fuisse.
1073 2230 1206 2259 Ditionem
1232 2237 1296 2257 vero
1327 2230 1453 2257 snltauus
1477 2230 1591 2256 Selimes
1615 2229 1656 2256 Ali
1683 2229 1751 2264 ιιι-κο

112 2275 193 2304 tilia;
222 2282 285 2301 num
307 2274 376 2302 idem
403 2275 436 2302 de
461 2275 566 2302 caeteris
594 2283 702 2310 quoque
732 2276 902 2310 pronuntiari
921 2283 943 2310 ι)
957 2277 1103 2308 concessit,
1119 2276 1165 2310 qui
1181 2284 1212 2303 «ι
1229 2275 1367 2303 Aladeulis
1384 2275 1466 2303 fratre
1479 2281 1557 2303 natus
1573 2280 1641 2303 erat.

110 2321 239 2354 oportet?
255 2320 351 2355 Itaque
378 2327 456 2348 suam
479 2325 595 2348 secutus
623 2321 792 2356 opinionem,
814 2322 906 2357 copias

112 2368 139 2393 in
161 2366 274 2393 fratrem
286 2366 375 2393 duxit.
388 2366 457 2394 Cum
474 2366 500 2394 in
517 2366 659 2401 planitiem
678 2360 852 2402 pervenisset
871 2368 905 2395 ad

111 2412 255 2446 Neapolim
270 2412 449 2446 Caramaniae,
477 2413 512 2440 ab
527 2413 648 2440 exercitu
665 2413 766 2441 sultani
795 2413 907 2442 Sclimis

111 2460 241 2491 obrutus,
261 2468 355 2494 parum
375 2467 438 2487 cutn
466 2460 523 2487 suis
538 2463 649 2488 strenue
668 2467 724 2487 rem
750 2460 848 2494 gessit:
876 2467 908 2489 ac

112 2507 216 2537 \ictus,
238 2505 307 2540 fugae
323 2513 353 2533 se
379 2505 471 2534 dedit:
494 2507 519 2532 in
535 2513 588 2540 qua
603 2506 663 2540 fuga
680 2509 777 2540 captus
793 2506 908 2532 Achore-

111 2559 169 2583 Ics,
183 2558 211 2579 et
231 2550 418 2586 strangulatus
433 2551 494 2580 fuit.
512 2551 645 2581 Exstincti
660 2553 777 2579 cadaver
793 2552 906 2580 l‘rusatn

111 2599 303 2632 deportatum,
314 2604 341 2626 et
353 2599 452 2626 ibidem
464 2599 490 2625 in
504 2599 741 2627 momtmentofuit
753 2599 907 2627 conditum.

113 2644 179 2671 lim:
191 2650 281 2671 autem
303 2645 460 2673 acciderunt
474 2653 544 2672 anno
563 2645 615 2672 9‘20
629 2645 703 2679 (Chr.
719 2645 809 2680 1515).

152 2691 286 2717 Sultanus
297 2699 360 2725 ergo
378 2691 493 2718 Selitues
518 2692 574 2725 jam
593 2691 668 2719 solus
686 2692 801 2726 imperio
832 2697 907 2719 trau-

112 2737 203 2770 quillo
215 2736 324 2770 potiuts,
337 2736 368 2763 ad
385 2737 485 2763 bellum
502 2737 648 2771 gerendum
675 2737 805 2764 adversus
823 2737 908 2764 Isma-

113 2783 193 2813 ilvln,
207 2782 335 2809 schaeum
349 2781 525 2814 Parthorum,
538 2790 567 2809 se
582 2783 767 2817 comparavit:
793 2787 820 2810 ct
843 2791 909 2811 cur-

112 2829 194 2855 ribus
215 2829 248 2855 ati
264 2829 383 2856 vehenda
404 2833 549 2859 tormenta,
580 2829 739 2864 eaet-erisque
765 2829 847 2857 rebus
862 2836 909 2857 ne-

113 2875 239 2901 cessaris
259 2873 419 2906 instructus,
430 2881 526 2901 omnes
541 2881 607 2902 suos
630 2875 766 2903 exercitus
789 2875 908 2910 collegit,

112 2919 143 2947 in
162 2919 266 2956 quibus
279 2926 356 2949 erant
374 2920 515 2949 hominum
547 2912 582 2949 ad
597 2921 794 2958 quadringenta
811 2921 906 2950 millia.

996 2322 1054 2350 Hoc
1073 2326 1199 2356 tempore
1223 2321 1350 2352 Genizari
1377 2328 1489 2355 magnas
1510 2320 1626 2347 Amasis:
1656 2321 1750 2347 turbas

958 2369 1122 2399 excitavere,
1138 2376 1199 2394 cum
1213 2367 1240 2393 in
1267 2367 1337 2394 Piris
1363 2366 1450 2393 bassa:
1466 2371 1558 2395 castra
1578 2375 1625 2400 per
1639 2366 1751 2393 seditio-

959 2422 1019 2444 nem
1036 2415 1181 2444 irruerent,
1204 2414 1266 2440 Erat
1287 2418 1343 2443 tum
1362 2412 1460 2440 sultaui
1485 2412 1594 2439 Sclttnis
1611 2413 1747 2440 rezirnze-

959 2468 1029 2492 rues,
1043 2461 1187 2487 Acltntctcs
1209 2460 1257 2486 bas
1272 2467 1299 2491 a,
1319 2459 1452 2494 Ducagiui
1467 2459 1553 2486 films:
1572 2467 1652 2493 quem
1679 2459 1749 2486 Seli-

960 2514 1016 2533 mes
1035 2505 1150 2534 interfici
1181 2506 1274 2539 jussit,
1302 2506 1398 2535 collata
1423 2505 1449 2531 in
1465 2513 1527 2532 eum
1557 2506 1647 2540 culpa,
1678 2507 1750 2540 quod

960 2551 1074 2586 hujusce
1091 2552 1280 2585 geniznrorum
1295 2551 1438 2578 seditionis
1454 2556 1485 2578 et.
1508 2551 1636 2578 conscius
1653 2555 1679 2578 ct
1704 2559 1752 2578 au—

960 2603 1020 2625 ctor
1036 2598 1196 2625 exstitisset.
1225 2597 1292 2628 llinc
1320 2598 1429 2625 Att-asia
1455 2597 1600 2625 discedens
1625 2597 1750 2628 Selimes,

959 2644 1226 2679 Constantinopolim
1242 2644 1325 2672 abiit:
1340 2644 1383 2670 ubi
1393 2652 1522 2678 generum
1536 2652 1627 2675 suum,
1641 2644 1752 2671 lschen-

959 2689 1052 2719 derem
1080 2690 1357 2722 bassam,una.cum
1387 2689 1520 2718 Tazisude
1548 2690 1750 2722 Cadilescberu,

960 2742 987 2763 et
1017 2736 1075 2763 Bali
1105 2735 1188 2764 Geme
1217 2736 1341 2771 Segttane
1369 2737 1461 2768 bassa,
1488 2736 1624 2772 supplicio
1655 2737 1752 2771 capitis

959 2782 1068 2814 affecit:
1097 2782 1170 2817 quod
1193 2782 1269 2817 ipsos
1284 2783 1366 2810 etiam
1385 2783 1489 2810 diceret
1513 2782 1652 2810 Amnsiani
1677 2783 1752 2816 geni-

961 2836 1088 2856 zarorum
1117 2829 1249 2856 ttttnultus
1277 2833 1403 2856 aut-teres
1441 2829 1536 2857 fuisse.
1570 2828 1751 2863 ContigerutLt

961 2875 1018 2903 iure
1031 2883 1104 2903 anno
1116 2875 1166 2903 921
1184 2876 1258 2905 (Chr.
1273 2876 1366 2911 15M).

997 2923 1152 2950 ScCUndum
1167 2923 1224 2951 haec
1236 2922 1358 2952 collectis
1383 2921 1501 2950 Selimes
1514 2921 1641 2950 omnibus
1664 2920 1749 2955 copiis
