1962 3071
198 183 249 215 6?]

836 178 1011 210 ANNALES
1029 177 1192 208 'l'Ui’u'ZitIl.

1767 171 1823 202 632

200 242 268 270 suis,
287 242 351 267 (iun-
362 245 404 266 tan
421 239 520 272 inopoli
537 238 677 272 transjrrit
691 238 715 265 in
730 238 896 268 Anatolium,
920 243 981 262 cum
996 236 1019 264 Α
1035 244 1095 261 rcus
1123 233 1264 261 truuidati.
1293 231 1447 259 Secundum
1460 237 1463 240 ‘
1478 230 1534 256 luce
1564 230 1601 256 Cn
1615 228 1703 255 ialm-nl
1716 236 1823 253 olerum

174 290 313 314 "altera‘m
329 295 357 313 se
374 294 413 312 co:
428 291 466 312 tra
484 285 599 311 Parthos
611 285 810 318 expeditionem
826 282 983 310 moliturum

201 330 349 359 simularet.
367 330 403 357 De
418 331 469 357 hac
494 330 603 357 Selimis
625 329 793 364 preteetione
818 327 920 354 certior
943 327 984 352 l’a-

201 382 262 406 ctus
275 377 412 405 Cansaves
431 376 540 406 (lauris,
564 376 687 403 sultanus
715 374 825 406 Alcairi,
852 373 985 400 maximo-

204 431 266 458 pere
278 430 338 449 cum
351 423 408 449 suis
431 422 589 456 praeeribns
611 426 636 448 ct
662 420 819 448 Mamelucis
844 418 985 453 perturba-

203 475 257 501 tus,
269 469 370 495 coartis
384 468 516 495 militibus
527 468 596 499 suis,
610 471 732 493 armatus
742 465 890 498 Chali-punt
909 463 986 490 adiit.

201 515 258 547 Qua
276 522 304 541 re
317 515 425 541 sultano
441 513 534 541 Solimi
551 513 686 545 nttntiata,
701 513 784 539 misso
800 512 897 538 itinere
920 501 1003 536 l‘ar-K

202 561 324 593 thico,iu
339 561 476 587 sultauum
501 559 687 587 Alcaireusem
710 558 803 585 movit.
835 556 901 590 Ejus
924 563 985 583 cum

203 606 270 633 tinea
299 607 444 641 attigisset,
473 614 504 633 ac
528 606 664 634 sultauum
692 604 764 631 haud
793 603 907 638 impigre
935 600 987 628 sil-i

202 657 388 679 occurrentem
405 652 585 686 conspiceret,
625 650 699 686 grati
733 657 795 677 cum
826 656 859 675 eo
894 647 988 681 pratlio

202 697 334 730 conﬂixit,
366 697 393 725 in
421 705 475 732 quo
494 697 620 724 sultanus
646 696 704 731 ipse
729 695 868 723 Cansaves
890 693 988 720 Grutris

203 750 288 771 casus
304 743 364 776 l'uit,
377 743 492 778 ejusque
506 743 590 778 copia:
602 743 740 776 distsipatze
756 740 838 777 340
850 740 986 774 iugerum.

205 789 268 816 Post
286 789 357 816 hanc
370 797 487 824 pugnam
514 788 628 815 Selintes
640 788 727 814 victor
739 794 834 813 omnes
858 784 989 812 munitio-

204 843 254 862 nes
267 839 293 862 et
307 842 393 867 arces,
414 834 441 861 in
457 834 557 861 linibus
574 835 653 866 sitas,
670 832 815 863 occupavit
840 839 847 858 :
865 837 896 857 ac
925 837 990 865 pne-

206 879 283 907 sidiis
310 879 338 906 in
364 879 485 914 singulas
511 878 657 913 impositis,
682 876 832 911 Chalepum
857 875 988 910 perrexit.

207 924 243 952 Ibi
256 933 317 952 cum
329 925 418 952 omnia
431 925 548 960 Chalepo
559 924 646 951 vicina
664 924 721 951 loca
737 923 778 951 sui
789 923 860 958 juris
870 922 989 954 fecisset,

208 972 289 1005 l-egos
301 971 444 1006 saugiacos
466 971 610 1005 provinci:
633 969 765 1005 praefecit.
787 970 910 1003 Chalepo
937 968 992 994 Da-

208 1025 329 1044 tuascum
342 1017 420 1048 abiit,
431 1022 458 1044 et
473 1017 566 1044 urbem
588 1024 652 1043 cum
674 1016 748 1042 omni
775 1022 841 1047 agro
865 1015 990 1046 ﬁnitimo,

207 1071 312 1092 summa
322 1063 462 1091 celeritate
475 1070 525 1092 suo
546 1061 662 1097 subjecit
685 1060 813 1096 imperio.
838 1059 990 1092 Manteluci,

207 1109 253 1142 qui
267 1113 295 1136 et
307 1108 437 1139 Circassi,
453 1107 588 1135 Alcairum
600 1106 662 1141 fuga
672 1106 752 1134 delati
761 1105 990 1140 Tommambaim,

207 1155 254 1189 qui
287 1159 346 1181 erat
368 1154 394 1181 id
427 1153 557 1188 temporis
589 1153 641 1181 Ulu
672 1153 819 1186 Duveidar,
850 1153 991 1181 sultaunm

206 1205 345 1230 crearunt.
360 1201 392 1228 Et
407 1200 457 1229 Ulu
471 1200 606 1228 Duveidar
620 1199 693 1234 apud
715 1199 790 1234 ipsos
804 1199 908 1234 primus
935 1203 994 1226 erat

208 1249 339 1283 dignitate
356 1251 417 1282 post
437 1246 588 1275 sullanunt.
609 1246 714 1274 Potitus
741 1251 830 1273 autem
859 1245 993 1272 Damasco

206 1296 332 1326 Selimes,
362 1294 492 1321 Sinanetn
517 1293 625 1320 bassam
659 1300 722 1320 cum
754 1292 852 1320 selecta
877 1291 992 1318 militum

207 1349 288 1370 tutnu
303 1340 403 1368 Gazam
431 1339 574 1374 prauuisit.
593 1338 706 1374 Aliquot
723 1338 786 1366 inde
811 1338 908 1366 diebus
936 1338 994 1365 ela-

208 1389 275 1421 μςῆε,
293 1386 375 1413 etiam
391 1385 451 1421 ipse
475 1386 582 1420 rehquo
609 1392 672 1412 cum
696 1384 817 1412 exercitu
830 1385 994 1412 subsecutus

209 1431 419 1464 t'uit,Alcairum
435 1432 578 1459 ducturus.
594 1429 633 1458 Ex
650 1430 734 1458 altera
745 1435 821 1465 parte
833 1430 993 1457 Damascum

209 1477 412 1506 ‘l‘ommamhais
426 1477 579 1505 Meliculem
596 1475 739 1507 Umeram.
755 1476 807 1503 hoc
819 1481 871 1509 est,
885 1476 995 1510 brgler-

210 1527 305 1560 bcgttm
323 1523 458 1557 Damasci,
477 1522 650 1551 Zamberdim
667 1521 798 1554 Gasalim,
827 1529 890 1549 eum
919 1526 996 1557 parte

1038 282 1176 316 profer-tus
1189 285 1240 313 est,
1254 279 1378 313 Cumque
1391 277 1441 304 sub
1471 283 1609 310 vesperam
1636 283 1669 302 co
1697 274 1824 303 venisset,

1037 333 1143 354 noctem
1163 327 1235 353 illam
1262 325 1324 353 istic
1343 331 1453 351 manere
1483 321 1568 348 voluit
1597 328 1630 348 ac
1663 319 1826 355 vespertinis

1038 374 1167 409 precibus
1180 373 1207 400 in
1221 373 1277 400 Ara
1296 371 1419 401 messila,
1435 369 1579 397 nocturnis
1598 368 1624 395 in
1635 367 1710 394 cubei
1738 367 1826 394 Saha-

1039 429 1066 447 ra
1079 420 1206 454 perat-tis,
1221 419 1312 446 omnia
1339 419 1396 444 loca
1425 423 1502 444 sacra
1532 414 1664 442 visitavit.
1692 413 1827 441 Postridie

1038 466 1110 493 circa
1140 465 1281 492 meridiem
1310 470 1437 490 reversus
1469 461 1502 489 ad
1532 460 1693 491 exercitum,
1725 458 1826 486 Gazam

1038 512 1195 540 contendit:
1211 511 1257 538 ubi
1286 510 1370 537 Sinan
1385 510 1476 539 hassa,
1501 507 1603 541 potitus
1630 506 1729 541 insigni
1743 506 1828 532 victo-

1040 559 1090 590 ria,
1107 565 1170 585 suas
1181 565 1241 584 cum
1254 556 1315 592 ipso
1327 556 1421 590 copias
1437 554 1588 588 conjunxit.
1605 553 1678 580 Gaza
1706 551 1830 578 Berthle—

1041 605 1146 631 hemam
1171 602 1321 638 profectus,
1351 601 1397 628 illo
1422 608 1530 635 quoque
1559 599 1620 626 loco
1646 606 1739 633 preces
1764 604 1829 624 suns

1040 649 1184 684 concepit:
1214 649 1316 683 quibus
1341 647 1481 678 absolutis,
1508 647 1535 673 in
1563 646 1684 672 animum
1711 644 1828 674 induxit,

1041 696 1176 723 Alcairunt
1192 700 1293 730 petere.
1309 693 1443 721 Pnemisit
1470 700 1534 727 ergo
1562 692 1690 719 Siuanetn
1709 690 1830 720 bassam,

1041 743 1087 777 qui
1104 742 1162 769 suis
1179 749 1241 768 cum
1258 740 1345 774 copiis
1379 740 1513 774 reliquum
1544 738 1696 765 exercitum
1722 741 1831 764 antece-

1042 787 1129 813 deret.
1155 786 1262 821 Quippe
1275 786 1504 820 probetscendnm
1520 783 1559 809 eis
1572 791 1619 818 per
1634 783 1707 810 illam
1727 782 1831 808 solitu-

1043 833 1132 859 dinem
1165 837 1223 859 erat
1242 852 1249 865 ,
1281 839 1361 870 quam
1390 837 1452 857 ante
1473 830 1497 856 id
1532 829 1664 864 temporis
1692 836 1830 863 nunquam

1044 884 1097 906 tam
1112 885 1274 905 numeresus
1287 878 1423 905 exercitus
1438 876 1594 904 transierat.
1618 876 1650 902 Et
1667 875 1746 901 aliam
1764 881 1833 908 quu-

1044 933 1097 959 que
1112 932 1222 952 causam
1237 924 1355 951 habebat
1369 931 1418 950 cur
1442 930 1504 950 eum
1535 922 1730 956 praemitteret:
1759 921 1831 952 quod

1044 971 1311 1002 verereturscilieet,
1325 978 1358 997 ne
1380 970 1402 997 si
1418 974 1492 996 tanta
1517 968 1658 995 hominum
1686 967 1834 993 multitudo

1043 1017 1190 1050 conjuncta
1215 1020 1350 1047 maneret,
1367 1015 1419 1042 iter
1434 1014 1499 1042 illud
1522 1021 1569 1049 per
1595 1012 1771 1040 solitudinem
1804 1018 1834 1037 se

1044 1067 1222 1098 suscepturos
1233 1066 1375 1097 negarent,
1402 1066 1483 1095 atque
1499 1060 1552 1088 hoc
1567 1059 1649 1087 tnodo
1668 1058 1833 1086 dilllncrent.

1046 1108 1182 1136 Sultanini
1214 1108 1321 1144 quidem
1348 1107 1399 1134 hoc
1413 1107 1552 1134 desertum
1583 1113 1691 1140 semper
1718 1103 1836 1132 antehac

1044 1164 1093 1192 pro
1104 1156 1180 1184 urbis
1190 1155 1343 1183 Alcairame
1366 1153 1571 1190 propugnaculo
1598 1152 1717 1188 quodam
1732 1152 1836 1178 habue-

1046 1207 1117 1229 rant.
1146 1200 1243 1228 Verum
1271 1200 1396 1228 sultauus
1420 1199 1536 1226 Selitnes
1562 1198 1647 1232 iacta,
1670 1198 1742 1233 quod
1767 1196 1836 1223 dici—

1046 1253 1100 1280 tur,
1125 1247 1194 1278 alea,
1226 1247 1344 1274 militem
1378 1244 1616 1272 cohortationibus
1642 1242 1774 1270 animosis
1802 1241 1837 1267 ad

1045 1293 1244 1330 eapescendum
1259 1292 1310 1319 hoc
1326 1291 1506 1326 iterimpulit.
1519 1289 1571 1317 Ubi
1594 1293 1704 1315 ventum
1727 1287 1761 1314 ad
1778 1287 1834 1320 pii-

1046 1349 1089 1370 nta
1103 1346 1191 1369 castra
1204 1338 1313 1369 fuisset.
1328 1338 1355 1365 in
1380 1345 1459 1372 pago,
1481 1335 1526 1370 qui
1552 1335 1632 1362 Deire
1646 1339 1770 1364 voratur.
1787 1340 1837 1359 ve-

1047 1388 1129 1415 zirem
1154 1382 1246 1418 suut’n,
1277 1382 1442 1411 Chuseinem
1463 1383 1582 1413 bassam.
1606 1380 1720 1408 interﬁci
1736 1379 1838 1415 jussit,

1046 1433 1118 1470 quod
1132 1432 1234 1460 dixisse
1249 1431 1455 1466 perhibentur,
1480 1436 1538 1456 non
1568 1432 1669 1455 temere
1695 1434 1745 1462 per
1766 1425 1839 1461 ejus-

1047 1479 1120 1508 modi
1134 1477 1320 1509 solitudinem,
1335 1480 1412 1504 tanto
1427 1483 1488 1502 cum
1501 1474 1633 1506 exercitu,
1661 1481 1710 1508 pro
1717 1472 1839 1500 ﬁciseen—

1047 1527 1123 1554 dum.
1137 1527 1226 1560 Atque
1244 1525 1296 1552 hoc
1313 1523 1393 1550 modo
1421 1521 1596 1550 solitudinem
1622 1520 1765 1555 ingressus
1786 1524 1840 1549 est.

210 1573 251 1600 sui
268 1571 407 1599 εκθτυίιυε
432 1570 556 1597 miseri“-
572 1569 598 1597 l‘
621 1576 684 1596 cum
712 1575 726 1595 ³
742 1568 814 1599 Gaia
844 1575 927 1603 Prope
944 1568 1033 1602 ἰηιηρ
1050 1580 1111 1608 quae
1137 1572 1213 1600 arida
1238 1577 1364 1606 pronus,
1397 1568 1475 1604 aquis
1502 1566 1670 1594 destituitur.
1703 1565 1771 1592 Cum
1806 1564 1841 1591 da

209 1621 327 1652 abesset,
343 1619 426 1646 etiam
440 1618 525 1645 S.nan
542 1617 624 1645 bassa
638 1616 758 1643 [tetidem
774 1616 895 1648 advenit,
910 1623 998 1651 eoque

212 1676 271 1694 mro
285 1673 375 1694 castra
393 1669 512 1692 metatus
540 1669 592 1692 est.
625 1663 750 1698 Cumque
779 1662 880 1690 certior
910 1661 998 1690 factus

213 1714 321 1741 fuisset.
350 1719 412 1739 esse
436 1711 556 1738 Gasalim
587 1717 649 1737 cum
679 1709 802 1737 exercitu
829 1709 856 1736 in
887 1708 997 1741 vicinia,

212 1765 294 1788 noctu
325 1758 458 1786 militibus
486 1757 589 1786 indicta
622 1756 802 1790 profectione,
837 1759 910 1783 tanta
936 1763 998 1783 cum

215 1806 406 1842 properatione
430 1804 462 1832 ad
487 1804 595 1832 hostem
609 1803 737 1834 accessit,
765 1806 793 1829 ut
824 1801 911 1836 prima
936 1808 999 1828 cum

216 1856 275 1881 luce
289 1853 395 1881 Gasalis
410 1851 504 1886 copias
526 1853 679 1880 assecutus,
707 1856 759 1875 nou
775 1848 856 1875 modo
871 1855 933 1875 cum
961 1847 1001 1874 eis

215 1899 390 1933 c'ultﬂigeret:
410 1905 504 1924 ventur
533 1896 615 1923 etiam
640 1895 753 1922 victoria
777 1894 920 1928 potiretur,
946 1899 1002 1920 nta-

216 1952 353 1980 gunmque
365 1943 579 1973 lllamclucorum
608 1941 665 1968 sive
686 1941 875 1968 Circassorum
907 1947 1004 1966 nume-

217 1994 277 2019 rum
292 1989 477 2018 internecione
501 1988 617 2020 deleret,
646 1985 838 2021 superstitibus
857 1985 918 2020 fuga
933 1984 1003 2012 dila-

218 2039 283 2074 psis,
299 2043 326 2065 et
340 2037 367 2066 in
383 2036 543 2064 solitudines
557 2034 666 2063 illorum
683 2033 804 2061 locorum
821 2036 907 2059 semet
934 2031 1003 2058 rcci-

218 2085 365 2121 pientibus.
391 2082 497 2116 Quibus
523 2082 606 2109 rebus
631 2079 736 2115 gestis,
763 2078 866 2114 placuit
897 2077 1005 2105 sultauo

217 2120 311 2159 Solimi
328 2130 444 2163 legatum
456 2128 489 2155 ad
504 2125 723 2156 Tommarubahn
752 2125 872 2153 mittere.
900 2120 1006 2159 Quippe

219 2177 397 2205 domesticum
411 2173 557 2211 quemdam
569 2173 697 2205 habebat,
710 2173 821 2200 natione
834 2171 1004 2204 Circassum,

221 2231 302 2257 quem
316 2221 397 2257 vulgo
423 2220 555 2248 Muratem
584 2219 740 2249 Clreassum
768 2219 951 2254 appellabant.
980 2219 1006 2246 is

220 2270 254 2297 ad
269 2269 406 2297 sultanutn
423 2267 462 2294 ire
483 2267 589 2302 jussus,
620 2265 766 2300 impetrare
788 2273 841 2293 non
868 2265 959 2300 potuit
979 2270 1008 2292 ut

220 2325 235 2343 a
264 2314 452 2343 Tommambai
476 2314 517 2341 vel
541 2314 568 2340 in
600 2318 777 2348 conspectum
807 2311 1007 2344 admitteretur,

222 2362 262 2389 vel
277 2361 435 2391 audiretur:
454 2360 578 2394 adeoque
589 2366 651 2386 cum
667 2359 702 2386 iis
721 2365 792 2392 quos
803 2357 908 2385 itineris
925 2356 1010 2384 comi-

223 2414 264 2436 tcs
289 2415 384 2436 secum
418 2407 580 2438 adduxerat,
607 2405 689 2438 jussu
719 2404 924 2433 Tommambais
959 2403 1012 2430 luit

224 2454 395 2482 interfectus.
412 2453 470 2486 Qua
487 2453 565 2487 legati
586 2452 629 2479 sui
653 2451 728 2479 Caede
743 2455 902 2486 comperta,
929 2449 1012 2476 motis

225 2502 339 2528 Seliutcs
355 2500 452 2529 castris
469 2500 589 2527 Retuletu
606 2498 693 2534 petiit.
708 2497 746 2524 Eo
757 2505 818 2524 cum
833 2496 1012 2531 pervenisset,

225 2548 407 2584 signiﬁcatum
424 2547 461 2574 illi
474 2546 611 2573 fuitcives
627 2544 784 2572 ltemleuses
811 2543 836 2569 id
868 2542 1011 2576 temporis,

227 2601 281 2625 nuo
296 2594 379 2622 Sittan
393 2594 474 2621 bassa
492 2591 587 2619 ltemle
619 2595 754 2618 nocturno
782 2589 879 2617 itinere
912 2588 1014 2614 disces-

227 2645 300 2668 serat
332 2646 362 2668 ut
387 2639 545 2666 Zamberdis
581 2636 687 2665 Gasalis
713 2636 808 2670 copias
836 2633 1014 2665 adoriretur,

229 2687 364 2722 sparsisse
395 2692 533 2712 rumorem
569 2684 602 2711 de
640 2684 702 2718 fuga
733 2681 967 2710 Ostnanicurum:
990 2686 1017 2707 et

228 2737 364 2768 quotquot
383 2731 410 2758 in
437 2730 537 2757 castris
564 2729 674 2756 Sinanis
704 2729 790 2756 bassre
819 2730 1019 2754 remamserant

231 2791 236 2805 ι
250 2788 284 2806 on
297 2779 384 2806 solum
401 2782 547 2808 mactasse,
560 2783 653 2803 verum
668 2775 749 2802 etiam
765 2774 917 2802 occisorqu
937 2772 1018 2800 cada-

228 2833 292 2852 vera
316 2824 418 2859 possint
448 2823 474 2850 iu
493 2827 588 2858 puteos
604 2826 630 2849 et
655 2823 742 2848 fossas
772 2820 932 2855 projecisse.
959 2819 1019 2852 Quo

233 2870 418 2898 ltemlcnsium
436 2871 573 2897 intellecto
589 2870 721 2899 lacinorc,
733 2868 849 2895 Selimcs
865 2871 891 2893 et
905 2873 1017 2900 congre-

235 2917 293 2958 ‘uti
324 2917 406 2952 jussit
431 2918 591 2953 oppidanos,
623 2923 648 2944 LI
689 2924 785 2944 omnes
809 2915 881 2942 illius
911 2912 1021 2941 sceleris

1049 1620 1094 1647 die
1116 1619 1143 1646 in
1167 1618 1239 1645 diem
1263 1615 1471 1652 progrederetur
1498 1612 1624 1646 ulterius,
1655 1612 1756 1648 placuit
1785 1611 1842 1638 Deo

1050 1664 1141 1700 largiri
1154 1663 1273 1699 pluviam
1287 1671 1294 1689 ε
1308 1668 1363 1697 quo
1390 1660 1490 1700 factum
1508 1663 1538 1686 ut
1563 1658 1697 1687 universae
1724 1657 1775 1685 illae
1791 1665 1840 1684 co-

1051 1697 1105 1745 pia;
1116 1697 1189 1736 nulla
1217 1711 1407 1743 premerentur
1433 1697 1512 1740 aquae
1533 1704 1657 1739 penuria.
1686 1702 1736 1729 Ubi
1763 1702 1844 1729 Sala~

1051 1756 1150 1791 chigen
1171 1758 1330 1790 perventum
1367 1751 1475 1783 fuisset,
1497 1750 1552 1785 jam
1581 1749 1705 1777 vicerant
1727 1748 1842 1780 scilicet,

1052 1803 1178 1832 superata
1210 1796 1368 1826 solitudine.
1404 1794 1576 1830 Quapropter
1617 1793 1738 1821 oneratis
1769 1801 1839 1828 aqua

1052 1844 1164 1881 potabili
1189 1843 1331 1878 jumentis,
1361 1841 1500 1871 Alcairum
1530 1843 1718 1876 perrexerunt.
1738 1839 1844 1868 Interea

1053 1889 1257 1918 Tommambais
1273 1887 1517 1919 Alcairisultanus,
1537 1885 1595 1913 suis
1618 1890 1646 1913 et
1669 1885 1727 1920 ipse
1756 1885 1845 1920 copiis

1054 1941 1216 1973 instructus,
1230 1947 1263 1966 ex
1285 1938 1353 1965 urbe
1374 1937 1487 1964 militem
1514 1935 1624 1963 eduxit:
1649 1941 1738 1969 eoque
1763 1933 1847 1960 modo

1055 1991 1142 2014 castra
1157 1989 1286 2018 metatus,
1301 1989 1330 2011 ut
1343 1984 1438 2011 urbem
1462 1991 1476 2010 a
1492 1986 1568 2016 tergo
1594 1981 1720 2012 haberet,
1744 1979 1847 2006 ibidem

1055 2031 1188 2061 substitit.
1203 2031 1335 2063 Coegerat
1349 2029 1422 2056 enim
1446 2028 1597 2056 maximum
1625 2026 1790 2057 exercitum,
1819 2025 1847 2051 in

1055 2087 1110 2113 quo
1138 2076 1292 2106 militabant
1315 2074 1474 2110 Ethiopes,
1497 2082 1559 2103 cum
1593 2073 1654 2101 aliis
1679 2071 1847 2099 nationibus.

1057 2124 1214 2153 Tormentis
1224 2123 1306 2150 etiam
1331 2120 1437 2149 bellicis
1465 2126 1498 2148 ea
1522 2119 1724 2148 communicrat
1739 2117 1849 2150 itinera,

1057 2172 1158 2207 quibus
1171 2170 1257 2198 hostis
1271 2173 1404 2198 venturus
1430 2166 1654 2203 exspectabatur.
1679 2164 1732 2192 Sed
1759 2169 1852 2192 transa

1060 2219 1120 2252 ruga
1128 2217 1238 2253 quidam
1257 2223 1290 2243 ex
1301 2214 1401 2244 castris
1415 2213 1502 2249 ipsius
1516 2212 1549 2240 ad
1562 2212 1701 2240 sultanum
1717 2209 1850 2238 Selimem

1061 2273 1090 2293 se
1105 2263 1230 2295 contulit.
1249 2262 1329 2297 eique
1343 2260 1457 2288 consilia
1473 2263 1500 2286 et
1516 2257 1630 2286 insidias
1644 2256 1762 2284 hestium
1776 2255 1853 2283 dete-.

1063 2311 1112 2339 xit.
1124 2309 1230 2344 Quibus
1247 2307 1363 2336 Selintes
1389 2305 1517 2342 cognitis,
1550 2304 1658 2331 diverso
1678 2302 1776 2330 itinere
1806 2309 1855 2329 co-

1064 2358 1122 2392 pias
1136 2356 1274 2385 Alcairum
1292 2354 1380 2382 duxit.
1396 2353 1460 2380 Haec
1474 2356 1549 2387 gesta
1579 2351 1690 2378 luerunt
1704 2355 1777 2381 anno
1799 2347 1855 2377 9ἳῖ

1064 2404 1139 2439 (Chr.
1161 2402 1254 2436 tsts).

1100 2448 1150 2476 Dic
1163 2448 1199 2475 28
1218 2445 1319 2474 mensis
1339 2444 1476 2477 Silchizis,
1502 2448 1564 2471 ante
1582 2441 1737 2477 prandium,
1758 2440 1857 2475 ingens

1065 2501 1092 2523 et
1122 2499 1265 2522 cruentum
1291 2491 1416 2528 praelium
1445 2490 1622 2518 counnissutu
1654 2488 1716 2520 fuit,
1745 2495 1800 2522 quo
1828 2487 1856 2514 in

1067 2541 1161 2576 prmlio
1175 2539 1260 2567 Siuan
1279 2540 1369 2568 bassa.
1386 2544 1474 2566 cassus
1491 2537 1518 2563 in
1537 2536 1633 2564 dextro
1659 2541 1755 2564 cornu,
1773 2540 1858 2560 occu—

1067 2585 1269 2614 buit.Taudent
1301 2588 1393 2611 tamen
1424 2581 1577 2612 Manteluci,
1594 2580 1640 2615 qui
1671 2584 1697 2606 et
1723 2577 1857 2609 Circassi.

1067 2631 1190 2666 dissipati
1231 2628 1443 2664 proﬂigatiqtte,
1483 2626 1582 2661 partim
1612 2632 1708 2653 versus
1739 2629 1858 2654 montes.

1069 2678 1167 2714 partim
1184 2677 1210 2704 in
1238 2675 1425 2706 solitudinem,
1453 2674 1552 2708 partim
1585 2672 1618 2700 ad
1648 2672 1734 2706 ipsum
1765 2671 1859 2697 urbem

1070 2723 1227 2759 profugere.
1246 2721 1346 2749 Verum
1365 2721 1409 2748 ubi
1437 2727 1498 2747 mox
1524 2718 1666 2746 Selimiani
1694 2717 1797 2745 milites
1815 2724 1863 2743 ur-

1071 2773 1130 2797 bem
1145 2773 1339 2804 occupassent,
1366 2766 1485 2801 reliquiae
1506 2765 1695 2792 Circassorum
1717 2769 1744 2790 et
1761 2762 1864 2789 Mamr~

1072 2817 1208 2848 lucorum,
1239 2815 1307 2842 urbe
1333 2814 1451 2845 deserta,
1483 2812 1509 2839 iu
1540 2811 1676 2846 regionem
1708 2810 1863 2837 Saitensent

1073 2874 1101 2892 se
1131 2871 1267 2898 recepere.
1297 2861 1412 2888 Selimes
1437 2863 1548 2894 propter
1576 2858 1680 2890 nrbetn,
1712 2858 1746 2884 ad
1771 2856 1863 2883 Nil-nn

1073 2911 1197 2942 ﬂuvium,
1230 2909 1328 2937 castris
1356 2908 1445 2935 locum
1466 2907 1555 2940 cepit;
1580 2913 1634 2940 quo
1658 2905 1684 2931 iu
1709 2905 1769 2930 loco
1798 2902 1865 2931 dunt
