1962 3071
112 162 162 191 εἴη

743 165 791 193 AN
802 165 921 194 VALES
943 167 992 195 'I'U
1002 167 1117 197 ittllCl.

1692 173 1726 202 (13
1737 172 1748 201 ἱ

111 216 165 248 si,“
177 223 211 247 Ιιιι
228 213 302 243 pub,
318 214 409 239 δαδὶ)
434 214 639 244 Totnmambais
669 219 899 251 speculatoribus,
916 224 938 250 Α
954 222 1079 249 stillantis
1097 224 1299 251 'l‘ontztmnbais
1317 226 1466 258 suspendio
1482 230 1594 253 n‘cattts
1623 226 1684 253 fttit.
1700 229 1746 254 Αι-

111 268 171 287 υειιη
185 260 248 293 alia,
275 263 333 286 tum
362 260 444 287 etiam
471 262 551 288 silum
577 268 731 291 castrorum
763 265 903 292 hostilium

111 307 279 341 exploravit,
298 306 369 341 quod
393 313 424 333 ea
443 314 575 336 ttocturna
596 309 778 344 impressione
808 319 903 346 aggre-

111 353 146 383 di,
172 359 223 379 suo
246 359 309 379 cum
334 352 427 380 animo
454 353 654 382 constituisset.
691 355 770 391 δή]
815 356 905 384 Rebus

109 398 238 425 munibus
265 398 469 432 exploratorum
500 407 582 433 opera
608 401 692 435 probe
725 402 903 436 perquisitis,

110 446 205 473 urbem
229 451 309 474 noctu
323 454 383 473 cum
397 447 456 474 suis
478 447 628 483 ingressus,
656 449 793 484 plurimos
807 458 838 477 ex
854 449 904 477 Se-

110 491 229 519 limianis
244 493 270 519 iu
285 495 351 519 urbe
366 493 502 527 oppressit
532 498 558 520 et
574 495 729 522 trucidavit.
762 495 815 523 Sed
841 504 903 523 cum

111 530 229 571 primum
258 538 577 568 hocSelimiuuntiatum
588 540 694 574 fuisset.
712 542 798 576 jussis
827 550 904 570 artua.

110 591 124 610 c
134 584 247 617 irripere
260 584 401 617 militibus,
414 585 485 612 hosti
502 591 589 614 semet
604 588 749 622 opposuit:
782 593 903 615 tormen-

111 633 198 667 lisque
215 632 319 661 bellicis
337 633 364 660 in
377 641 407 661 ea
422 634 481 662 loca
500 635 669 670 constitutis,
685 636 712 663 in
730 644 789 671 qua:
816 636 904 663 factu-

111 687 156 705 rus
179 679 309 712 impetum
336 680 499 708 credebatur
524 681 621 714 hostis,
654 682 688 709 ab
725 682 798 710 omni
826 686 903 717 parte

111 733 126 756 p
137 729 223 751 tratus
234 730 303 755 erat.

144 771 224 797 Auno
240 771 294 798 923
310 771 387 806 (Chr.
405 772 498 807 t5t6),
528 777 625 808 quarto
650 773 696 801 die
718 774 821 803 mensis
842 775 903 802 Mu-

111 816 249 850 t-herenis,
266 818 370 846 missus
387 819 413 845 itt
442 819 536 846 urbem
563 820 615 848 fuit
631 828 645 847 a
671 821 780 849 sultano
804 821 903 850 Selime

110 861 228 890 lonuzes
250 863 340 896 bassa,
359 872 419 891 cum
438 865 631 899 genizarorum
645 855 727 893 manu
746 876 753 894 :
769 867 815 902 qui
839 867 903 902 qui-

958 276 1010 301 que
1029 269 1080 294 Itoc
1106 269 1185 296 modo
1210 269 1341 297 radicitus
1364 271 1523 305 exstirpatis
1551 271 1690 300 Circassis
1715 282 1748 300 ac

957 314 1126 347 Mamelucis,
1141 316 1297 343 universum
1314 316 1380 343 illttd
1397 317 1748 353 sultanimun{Egyptium-

956 369 988 388 ve
1011 370 1124 395 regnum
1155 370 1206 389 suo
1234 362 1350 390 Selimes
1375 364 1491 398 imperio
1509 365 1639 397 subdidit,
1665 371 1692 393 et
1720 367 1746 393 in

957 407 1138 443 Sangiacatus
1158 409 1250 436 divisit
1268 429 1275 440 ,
1293 418 1353 437 cum
1383 410 1478 436 urbem
1507 411 1681 438 Alcairanam
1699 413 1747 439 .In'-

955 455 1018 481 nuzi
1047 456 1133 482 bassa:
1162 456 1307 490 regendam
1333 457 1530 484 commisisset.
1559 458 1624 485 Inde
1667 459 1747 485 rebus

955 500 1084 528 omnibus
1102 503 1211 535 egregie
1239 503 1397 530 constitutis
1422 509 1448 530 et
1470 504 1614 536 ordinatis,
1639 505 1746 531 Alcairo

955 545 1091 578 discessit,
1110 546 1209 574 Gazam
1231 547 1380 575 rediturus.
1402 548 1466 575 Erat
1479 554 1568 576 autetn
1585 550 1696 582 quidam
1712 558 1745 577 ex

955 593 1113 624 suitaninis,
1137 593 1220 620 Cltcir
1237 594 1334 627 beans,
1360 595 1405 629 qui
1433 595 1548 622 sultauis
1574 596 1628 622 illis
1656 596 1746 623 adltttc

955 645 1046 664 rerum
1077 638 1247 672 potientibus
1265 638 1376 673 Cbalepi
1400 641 1486 673 copiis
1509 641 1670 674 praaluerat;
1698 641 1746 668 sed

955 691 1050 716 sponte
1069 692 1116 710 sua
1135 685 1235 711 Sullani
1253 685 1363 713 Solio-is
1380 686 1505 720 potestati
1525 695 1554 714 se
1572 688 1744 721 permiserat.

955 729 1005 757 Hic
1021 739 1035 758 a
1062 731 1175 762 Sclintc.
1204 738 1301 767 pra-ter
1317 731 1450 760 Jonuzem
1467 733 1587 766 bassam,
1607 734 1639 760 ad
1655 734 1745 760 Alcai-

954 785 1014 804 rum
1033 778 1155 810 relictus,
1178 778 1283 805 litteras
1300 778 1333 804 ad
1351 786 1412 805 eum
1428 779 1484 813 jam
1500 778 1562 805 inde
1579 780 1742 813 digressum,

955 823 1030 851 misit
1044 824 1202 858 obsignatas
1220 832 1227 850 :
1242 824 1343 858 quibus
1358 824 1385 850 iit
1406 824 1505 851 litteris
1531 823 1663 852 Jonuzetu
1682 825 1746 852 bas-

955 877 1012 897 satn
1037 877 1183 901 accusans,
1208 870 1406 904 perscripserat
1429 870 1573 905 Aﬁthiopcs
1592 877 1620 898 et
1640 872 1745 906 plebem

111 910 172 935 item
186 909 212 936 in
229 909 297 943 ipsis
313 910 409 944 plateis
425 915 451 937 et
467 911 535 939 vicis
552 911 628 939 urbis
643 912 778 940 adversus
794 912 903 941 Circae—
919 912 938 939 B
955 915 1086 942 urbanam
1111 914 1206 942 Jonuzi
1234 915 1322 943 bassaa
1350 917 1451 943 sultani
1479 918 1599 944 tribuere
1625 918 1746 951 titulum,

113 962 159 982 sos
182 960 208 982 et
235 955 401 984 Mamelncos
416 957 552 985 acerrime
568 957 745 986 dimicarunt.
763 958 820 986 Hoc
835 967 904 993 pra:-

111 1001 148 1029 lio
165 1002 264 1037 sagitta
281 1002 401 1031 Jonuzes
421 1005 501 1032 bassa
526 1008 581 1033 tam
609 1006 729 1040 graviter
745 1007 904 1035 vulneratus

110 1047 174 1079 fuit,
190 1054 221 1075 ut
235 1056 251 1076 a
265 1049 324 1076 suis
350 1050 488 1083 sublatus,
505 1059 520 1078 ο
539 1051 628 1079 media
644 1060 733 1087 pugna
748 1058 905 1088 exportare-

111 1098 165 1121 tur.
181 1093 209 1121 Id
219 1096 397 1130 conspicatus
413 1095 530 1125 Selimes
562 1105 650 1133 usque
664 1098 733 1126 adeo
746 1100 903 1133 excanduit,

111 1147 139 1168 ut
153 1141 253 1169 milites
275 1150 307 1169 ex
322 1143 401 1177 equis
417 1143 583 1171 descendere
608 1144 728 1180 iuberet,
748 1153 780 1173 ac
801 1147 904 1181 pedites

114 1188 172 1215 suis
184 1191 323 1223 suppetias
340 1189 421 1217 ferre.
436 1190 512 1223 Quod
528 1198 590 1218 ctttn
604 1191 709 1227 absque
726 1200 802 1220 mora
818 1194 903 1226 ﬁeret,

112 1238 138 1260 et
157 1233 195 1260 illi
211 1234 329 1267 'milites,
353 1236 398 1270 qui
421 1237 588 1271 ceteroquin
612 1245 644 1264 ex
670 1238 748 1271 equis
774 1238 904 1266 dimicare

112 1278 246 1312 colebant,
279 1280 383 1314 pedites
418 1281 512 1310 urbem
545 1282 754 1317 ingrederentur
782 1293 789 1310 :
820 1292 904 1320 prope

111 1325 241 1359 templum
260 1326 423 1358 maximum,
450 1328 523 1362 quod
540 1328 673 1357 Cbasanis
694 1329 770 1357 Zami
792 1336 901 1363 γοα-θυι,

110 1378 173 1399 cum
190 1371 325 1399 Circassi’s
348 1375 376 1399 et
398 1371 557 1401 Mamelucis
581 1381 692 1402 manum
716 1382 902 1407 conseruere;

111 1426 164 1452 qua
180 1426 270 1452 pugna
286 1422 327 1446 tot
348 1419 382 1446 ab
397 1424 514 1455 utraque
525 1424 603 1455 parte
617 1421 680 1449 caesi
696 1426 770 1453 sunt,
794 1426 824 1450 ut
843 1429 904 1457 pas.

112 1471 162 1490 sm
182 1471 230 1498 per
256 1463 361 1497 plateas
389 1464 467 1505 plcpa
488 1472 692 1500 peremptorum
723 1467 903 1496 cadaveribus

110 1514 203 1537 essent
226 1510 329 1537 omnia.
351 1509 473 1538 Tandem
502 1510 645 1539 Selimiani
672 1513 762 1540 denuo
788 1513 901 1542 victoria

112 1556 190 1591 potiti
209 1557 331 1588 fuerunt,
350 1562 377 1584 et
392 1556 598 1586 Toutmambais
623 1559 723 1587 iterum
748 1568 809 1587 cum
833 1568 903 1589 non-

112 1602 195 1632 uultis
223 1610 338 1633 suorum
368 1602 396 1630 in
417 1603 556 1638 regionem
588 1604 742 1634 Saitensem
771 1607 902 1642 profugit.

111 1648 278 1676 Acciderunt
293 1649 351 1676 haec
369 1657 441 1677 anno
462 1649 524 1677 925.

149 1697 214 1725 l‘ost
229 1697 273 1724 illa
292 1705 353 1725 rum
367 1698 444 1725 omni
466 1699 588 1726 exercitu
601 1698 721 1728 Sclimes
741 1700 835 1728 urbem
864 1701 905 1729 in-

112 1750 232 1777 gressus,
250 1743 276 1770 in
293 1743 354 1777 ipso
369 1743 472 1778 palatio
492 1744 632 1772 aultanino
646 1745 766 1773 divertit.
784 1745 905 1776 Fuerant

113 1791 138 1817 in
154 1797 198 1822 eo,
216 1797 297 1823 quem
310 1789 441 1822 diximus,
451 1790 581 1818 conﬂictu
597 1791 668 1826 capti
681 1792 722 1820 bis
737 1793 811 1820 mille
825 1794 905 1828 quiti-

111 1837 182 1870 genti
203 1836 322 1865 Cil‘t'assi
337 1845 368 1864 ac
382 1837 525 1865 Mameluci
541 1847 549 1866 ;
565 1845 682 1873 quorum
699 1839 732 1866 ad
745 1840 800 1867 duo
819 1840 904 1868 millia

111 1885 238 1911 adtanus
260 1883 376 1911 Selimes
388 1884 522 1920 jugulari,
537 1885 704 1920 quingentos
729 1886 849 1921 reliquo’s
876 1887 903 1914 in

109 1929 243 1959 custodiis
264 1929 360 1957 haberi
378 1930 474 1963 jussit.
491 1930 539 1958 His
563 1931 647 1966 gestis
674 1930 767 1964 rebus,
790 1932 904 1959 adactus

110 1982 235 2003 utrcma
250 1976 426 2003 ‘necessitale
450 1975 667 2007 'l‘omtuambais.
686 1982 713 2004 ut
738 1985 831 2012 pacem
855 1985 903 2012 pe-

110 2026 195 2055 teret,
218 2022 352 2057 insignem
372 2021 533 2057 legationem
559 2022 594 2050 ad
610 2022 749 2052 sultauutn
773 2023 902 2051 Selimem

112 2068 198 2096 misit.
217 2059 282 2095 [tam
302 2068 418 2099 Selimes
432 2076 499 2097 sane
513 2076 594 2104 qttatn
612 2069 766 2097 humaniter
784 2069 902 2104 excepit,

109 2124 142 2144 ac
158 2115 306 2151 postulatis
322 2116 453 2144 omnibus
470 2122 613 2149 assensus,
632 2124 685 2143 non
708 2115 790 2146 modo
818 2116 903 2145 Tom-

109 2161 230 2190 mambai
246 2161 398 2197 rescripsit,
420 2169 514 2189 verum
539 2161 621 2189 etiam
636 2169 702 2190 suos
718 2162 844 2190 homines
869 2161 903 2189 ad

110 2209 200 2242 ipsum
232 2208 354 2236 vicissim
381 2207 530 2243 ablegavit,
558 2207 605 2243 qui
632 2208 706 2243 pacis
724 2208 748 2235 ei
777 2212 903 2236 auctores

957 965 982 989 et
998 962 1089 988 omnia
1107 962 1210 997 precari
1230 961 1318 989 fausta
1336 961 1493 996 feliciaque,
1510 963 1648 991 nonnullis
1663 965 1745 991 etiaut

956 1008 1119 1035 criminibus
1135 1008 1235 1035 aliisin
1260 1016 1321 1034 etnn
1341 1010 1489 1042 congestis.
1514 1008 1561 1036 His
1579 1010 1690 1037 territus
1703 1011 1747 1037 lit-

958 1054 1022 1080 toris
1040 1053 1165 1086 Selimes,
1185 1061 1247 1081 mox
1268 1054 1335 1081 alias
1351 1054 1384 1081 ad
1401 1053 1532 1082 Jonuzem
1560 1055 1669 1083 bassam
1687 1057 1745 1085 dari

954 1099 1037 1134 jussit
1053 1108 1060 1126 :
1079 1099 1180 1134 quibus
1196 1100 1220 1126 ei
1239 1098 1424 1132 mandaretur,
1449 1100 1488 1126 uti
1509 1101 1624 1128 maxima
1648 1102 1747 1129 celeri»

957 1149 1010 1172 tate
1039 1149 1124 1172 semet
1151 1145 1184 1172 ad
1206 1145 1344 1172 sullanum
1373 1144 1501 1174 Selimetn
1521 1146 1668 1173 conferret.
1693 1147 1747 1175 Ea-

956 1191 1016 1218 dem
1042 1191 1133 1219 Cbeiri
1160 1191 1229 1226 bego
1255 1192 1338 1219 scribi
1366 1192 1470 1224 voluit,
1488 1198 1514 1220 et
1545 1192 1639 1220 urbem
1658 1193 1746 1228 ipsius

957 1238 1030 1270 lidei,
1065 1246 1112 1272 per
1140 1237 1291 1266 absentiam
1326 1238 1425 1270 bassm,
1452 1239 1663 1266 commendavit.
1693 1239 1745 1267 Ubi
1778 1243 1783 1248 ”

955 1293 1034 1312 suum
1051 1286 1085 1313 ad
1110 1285 1218 1324 herum,
1237 1285 1375 1313 suitauum
1398 1284 1538 1318 Selimem,
1555 1285 1582 1312 in
1597 1285 1656 1319 ipsa
1681 1285 1746 1312 soli-

956 1330 1051 1358 tudine
1069 1330 1188 1358 Jonuzes
1212 1332 1290 1359 bassa
1310 1331 1502 1370 pervenisset,
1528 1332 1607 1366 equis
1625 1331 1745 1358 insiden-

956 1383 1007 1410 tes,
1028 1378 1099 1405 inter
1126 1385 1156 1406 se
1183 1378 1310 1405 collocuti
1327 1381 1391 1405 sunt
1417 1378 1508 1405 ambo.
1536 1377 1636 1404 Verum
1654 1377 1746 1404 subito

956 1424 1071 1452 Selintcs
1084 1424 1176 1451 furore
1187 1429 1341 1460 correptus,
1356 1423 1488 1452 Jonuzem
1504 1424 1613 1451 bassam
1625 1431 1659 1450 et:
1676 1431 1746 1458 equo

955 1470 1034 1506 dt-jici
1057 1470 1151 1506 jussit,
1178 1475 1206 1498 et
1239 1470 1421 1498 Solachorum
1443 1469 1571 1505 praefecto
1594 1469 1744 1501 mandavit.

955 1522 985 1544 ut
1001 1525 1063 1545 eum
1089 1521 1194 1546 resecto
1211 1518 1301 1552 capite
1322 1517 1472 1553 jngularet.
1489 1516 1569 1550 Quod
1586 1516 1678 1543 statim
1708 1516 1747 1544 fa-

955 1568 1029 1591 ctutn
1064 1571 1127 1591 cum
1159 1563 1268 1597 fuisset,
1295 1563 1412 1591 Selimes
1442 1563 1540 1591 itinere
1572 1563 1744 1595 continuato.

955 1609 1063 1638 tandem
1075 1609 1342 1644 Constantinopolim
1357 1603 1500 1641 reversus,
1513 1608 1599 1644 quieti
1615 1616 1644 1636 se
1659 1607 1744 1636 dedit.

991 1655 1049 1682 Non
1066 1656 1166 1691 exiguo
1187 1656 1320 1690 temporis
1348 1656 1494 1683 intervallo
1513 1654 1639 1691 gerendis
1656 1662 1673 1682 a
1699 1662 1745 1682 re-

955 1701 1006 1729 bus
1032 1701 1185 1734 abstinens,
1212 1708 1285 1728 anuo
1317 1700 1436 1736 denique
1467 1700 1520 1728 926
1549 1700 1625 1737 (Chr.
1654 1699 1748 1733 t5‘10).

955 1754 1048 1774 mense
1068 1746 1233 1780 Bemasane,
1261 1746 1502 1781 Constantinopoli
1524 1746 1678 1781 digressus,
1695 1745 1746 1773 lla-

955 1793 1137 1828 driauopoliut
1157 1798 1250 1828 petere
1268 1793 1423 1820 constituit.
1441 1793 1497 1820 Hoc
1516 1795 1542 1820 in
1558 1793 1656 1821 itinere
1680 1801 1743 1821 cum

956 1839 1068 1868 lnzuam
1083 1839 1215 1873 venisset,
1232 1840 1359 1867 balneum
1384 1840 1509 1874 ingresso
1524 1845 1615 1867 tutnor
1632 1840 1743 1874 quidam

956 1894 971 1914 a
996 1891 1071 1922 tergo
1097 1887 1171 1921 cepit
1196 1886 1281 1918 oriri.—
1294 1885 1341 1921 qui
1366 1893 1460 1913 revera
1485 1886 1670 1914 carbunculus
1698 1893 1746 1921 pe-

955 1932 1052 1960 stilens
1072 1936 1141 1959 erat.
1164 1931 1307 1959 Profectus
1325 1937 1417 1958 autetn
1434 1931 1558 1963 ulterius,
1574 1936 1601 1959 ct
1613 1931 1688 1958 illum
1712 1931 1745 1957 ad

956 1978 1047 2004 locum
1074 1977 1192 2009 delatus,
1216 1976 1260 2003 tibi
1286 1975 1434 2011 aliquando
1463 1983 1524 2003 cum
1550 1980 1627 2010 patre
1652 1975 1747 2002 conﬂi-

956 2027 1043 2056 xerat,
1064 2026 1180 2057 urgente
1201 2022 1377 2055 necessitate,
1405 2021 1464 2050 lixis
1483 2021 1582 2049 ibidem
1607 2022 1743 2054 tentoriis,

955 2069 1089 2097 substitit.
1107 2068 1213 2096 Interea
1234 2076 1310 2101 vero,
1326 2069 1389 2096 dum
1411 2068 1456 2095 hic
1479 2069 1576 2095 morbo
1594 2068 1681 2102 ipsius
1698 2075 1746 2095 cu-

955 2116 1042 2144 rando
1068 2123 1098 2144 se
1124 2119 1197 2143 totos
1223 2115 1323 2143 medici
1354 2113 1467 2148 dabant,
1501 2114 1688 2146 Defterdaros,
1717 2119 1746 2140 et

955 2161 1051 2196 Pirim,
1069 2161 1287 2196 Achmetemque
1302 2160 1411 2193 bassas,
1433 2159 1655 2196 Hadrianopolim
1680 2167 1748 2196 prae-

956 2207 1042 2239 misit,
1066 2211 1096 2234 ut
1121 2206 1214 2234 omnia
1235 2205 1403 2233 solemnitati
1433 2203 1552 2232 Bairami
1577 2203 1748 2232 celebrandae

107 2259 211 2284 essent.
230 2253 285 2283 Hos
301 2255 334 2282 ad
356 2263 386 2282 se
406 2255 488 2290 jussu
511 2255 623 2283 Selimis
650 2256 802 2288 venientes,
819 2254 902 2282 Tom-
919 2254 940 2282 Β
957 2253 1113 2280 necessaria
1129 2257 1328 2288 praepararent,
1352 2251 1412 2279 solo
1435 2250 1552 2278 Ferhate
1577 2250 1656 2277 bassa
1676 2257 1736 2276 ctnu

110 2300 246 2328 mambais
268 2300 386 2328 interﬁci
404 2300 513 2328 curavit
538 2301 690 2328 universos.
719 2301 902 2334 Quamobrem

108 2354 287 2381 summopere
309 2351 468 2375 commotus
483 2346 612 2375 sultanus
638 2347 765 2379 Selimes,
795 2347 904 2374 Circas-

109 2401 157 2420 sos
175 2393 238 2420 illos
254 2400 361 2424 omnes,
382 2400 452 2427 quos
473 2393 500 2420 in
527 2393 652 2421 custodia
672 2393 787 2420 detineri
805 2401 904 2427 praece-

109 2443 199 2474 perat,
216 2446 279 2466 mox
293 2438 328 2465 ita
341 2439 425 2473 jussit
439 2438 540 2471 occidi.
558 2439 698 2466 netnittetn
716 2443 746 2465 ιιι
770 2439 813 2466 sui
840 2439 904 2466 reli-

107 2492 194 2517 quum
211 2484 343 2512 facerent.
359 2484 395 2511 Ea
420 2492 449 2512 re
466 2489 572 2520 patrata
598 2491 674 2512 trans
690 2483 781 2511 Nilum
810 2486 904 2519 copias

108 2532 199 2562 tinxit,
228 2529 448 2560 Tommambaim
469 2531 648 2566 quaesiturus.
674 2539 729 2566 qtto
753 2531 797 2558 ille
822 2539 905 2558 com—

108 2581 187 2612 perto
214 2576 307 2611 fugam
332 2577 463 2611 arripuit.
492 2576 611 2604 Selimes
641 2576 783 2605 Romaniae
815 2575 904 2610 copiis

109 2622 238 2655 injunxit,
261 2629 290 2649 ut
304 2631 367 2650 eum
381 2630 396 2650 a
408 2627 484 2658 tergo
501 2627 745 2657 persequerentur.
770 2621 822 2648 Sed
838 2621 905 2648 Ara-

111 2669 170 2700 lws,
201 2668 249 2704 qui
275 2673 302 2696 et
320 2668 476 2704 Ethiopes,
507 2669 652 2696 itineribus
678 2668 791 2703 fugienti
823 2669 906 2695 Tum-

112 2715 232 2742 mnmbai
271 2715 424 2750 praeclusis,
454 2714 594 2742 hominem
627 2715 844 2749 interceperant,
880 2717 906 2740 et

111 2767 224 2794 captum
242 2761 275 2788 ad
294 2761 423 2788 Selimem
443 2761 644 2796 perduxerunt.

148 2809 228 2834 Anno
242 2808 295 2835 9‘25
313 2807 388 2843 (Chr.
413 2808 507 2841 t5”),
524 2807 567 2834 die
582 2807 691 2834 decimo
709 2811 786 2834 sexto
804 2806 906 2833 mensis

112 2853 276 2886 Iteimilulae,
300 2854 431 2881 mandato
460 2853 561 2880 sultaui
581 2853 702 2886 Sclitnis,
721 2853 748 2880 in
777 2852 907 2879 tttnbilico

112 2900 189 2932 urbis
209 2900 387 2934 Aletirctzsis,
418 2909 449 2928 co
468 2900 536 2934 locu,
557 2901 602 2935 qui
621 2899 779 2928 Babsubcilc
794 2899 905 2932 dicitur,

954 2307 987 2327 eo
1014 2302 1151 2326 manente.
1178 2297 1232 2325 Sed
1250 2305 1312 2325 cum
1342 2297 1440 2325 tnedici
1467 2297 1563 2324 merbo
1595 2295 1746 2323 remedium

957 2345 1081 2372 invenire
1104 2351 1159 2371 non
1188 2348 1312 2378 possent,
1341 2350 1374 2370 eo
1398 2342 1458 2376 ipso
1475 2345 1601 2368 mortuus
1616 2345 1659 2368 est
1676 2340 1747 2372 loco,

956 2389 982 2415 iu
1008 2396 1062 2423 quo
1087 2396 1148 2416 cum
1176 2392 1254 2422 patre
1279 2395 1370 2422 pugna
1397 2393 1560 2421 congressus
1584 2385 1682 2415 fuerat.
1703 2384 1747 2411 die

955 2434 1072 2469 srptimo
1099 2434 1201 2462 mensis
1216 2433 1368 2466 Schebalis,
1391 2440 1464 2460 anno
1483 2432 1535 2459 926
1552 2431 1627 2467 (Chr.
1653 2431 1746 2463 1520).

957 2481 1103 2515 Imperavit
1131 2480 1211 2508 annis
1235 2484 1352 2514 septem,
1382 2478 1524 2506 mensibus
1548 2482 1623 2511 octo,
1651 2477 1747 2504 diebus

956 2532 1028 2553 octo.
1057 2525 1130 2553 Nihil
1147 2530 1318 2560 compertum
1346 2524 1397 2552 fuit
1426 2525 1459 2552 de
1487 2525 1574 2560 ipsius
1592 2524 1670 2552 obitu
1686 2524 1749 2552 totis

956 2573 1053 2599 diebus
1065 2572 1170 2601 decem.
1189 2574 1295 2600 Interea
1311 2576 1418 2599 secreto
1437 2571 1569 2599 Fcrhates
1593 2572 1674 2599 bassa
1694 2571 1749 2605 pr-i-

956 2618 1072 2645 utariutn
1086 2618 1235 2653 janitorem
1250 2626 1312 2645 cum
1335 2617 1435 2645 litteris
1452 2616 1533 2654 342
1549 2616 1695 2644 Mauissam
1714 2617 1748 2643 ad

956 2665 1096 2692 suitanutn
1128 2664 1313 2692 Soleimancm
1342 2665 1430 2696 misit,
1458 2665 1505 2699 qtti
1533 2672 1596 2691 eum
1624 2667 1748 2690 tuoneret

957 2712 995 2738 uti
1015 2712 1221 2746 quamprimum
1249 2711 1313 2739 illuc
1338 2716 1509 2746 properaret.
1535 2709 1588 2737 Sed
1610 2709 1681 2744 quod
1704 2708 1747 2735 bis

958 2759 1192 2786 niltillitterarum
1215 2759 1327 2793 reliquis
1342 2767 1355 2785 ιι
1379 2758 1469 2785 bassis
1491 2757 1650 2793 adjunelum
1678 2755 1747 2782 fuis-

957 2810 1009 2839 set,
1034 2805 1136 2833 veritus
1157 2810 1199 2832 est
1225 2805 1314 2832 itineri
1341 2812 1370 2832 se
1392 2807 1457 2832 dare
1481 2804 1663 2831 Solcimanes.
1682 2801 1748 2828 Inde

958 2852 1049 2879 bassis
1079 2852 1196 2883 caeteris.
1212 2851 1260 2886 qui
1290 2850 1487 2885 Uadrianopoli
1512 2847 1659 2883 degebant,
1688 2855 1743 2873 rem

959 2906 1065 2925 onmem
1085 2897 1214 2925 Fcrhatcs
1228 2898 1305 2925 lassa
1323 2897 1450 2932 ιιιιιρίςυῑι
1466 2907 1470 2923 ;
1490 2896 1534 2931 qui
1553 2902 1614 2923 mox
1633 2901 1665 2921 co
1682 2901 1745 2929 pro-
