1962 3071
224 199 277 231 635

855 202 1035 233 ANNALES
1055 204 1222 234 TURCICi.

1801 202 1854 232 636

224 256 299 287 fecti,
317 263 379 283 cum
400 264 454 291 quo
471 264 513 283 res
531 262 624 284 essent
639 258 698 286 loco
724 265 880 292 cernerent,
907 261 1008 288 litteris
1025 272 1049 302 Α
1062 262 1134 288 unde
1159 269 1213 288 non
1230 267 1331 296 magno
1345 268 1378 288 ex
1396 260 1578 288 intervalloin
1606 260 1731 287 Rhodum
1760 265 1854 286 trans-

223 308 250 330 et
274 302 325 337 ipsi
344 303 512 338 perscriptis.
532 305 688 339 prafectu'n
708 305 894 340 lspachiorum
915 307 948 334 ad
961 307 1012 335 So-

224 347 368 376 leimanem
399 349 543 376 Manissam
566 350 745 384 ablegarunt,
769 350 965 385 significantes.
983 357 1013 379 ut

225 395 328 429 absque
344 402 418 421 mora
444 396 550 422 veniret
579 398 740 430 prin3qnam
768 397 801 424 de
824 398 911 432 patris
936 399 1013 426 obitu

223 442 343 475 gnrtizari
361 443 507 477 ctctcrique
533 444 621 471 Porta:
649 444 761 476 milites,
781 445 908 479 quiddam
931 445 1011 473 inau—

222 487 337 518 dissent,
355 494 388 514 ne
407 488 476 515 foede
498 489 630 523 direptam
650 489 745 516 urbem
771 490 878 517 excidio
904 491 1010 518 darent.

223 533 316 567 Itaque
335 533 515 568 Solciruanes,
539 543 567 562 re
587 539 642 562 tota
670 536 778 570 penitus
796 537 918 571 cognita,
943 545 1012 564 con-

224 577 314 606 festim
331 585 416 607 semet
438 582 558 608 accinxit
578 581 667 609 itineri
689 591 695 608 :
714 590 764 610 nec
780 583 832 610 ulla
851 583 891 610 vel
915 589 1010 617 noctu,

225 624 266 651 vel
292 625 412 653 interdiu
437 627 531 661 quiete
559 628 732 662 interposita,
758 629 883 663 pervenit
902 628 1011 657 lscoda-

222 677 280 696 rant
303 679 317 697 e
335 671 447 705 regione
472 673 726 708 Constantinopolis
754 674 846 702 sitam.
877 674 934 702 Hoc
958 675 1011 702 loci

215 713 350 743 tribunus
371 717 564 751 genilarorum
582 718 615 745 ad
629 718 717 753 ipsum
739 720 823 752 venit,
837 728 891 755 quo
913 721 1012 748 comite

224 761 361 788 triremem
394 762 548 797 ingressus,
563 763 826 800 Constantinopolim
851 766 1009 801 transjecit,

218 806 251 832 -in
280 814 425 835 occurSunt
458 809 658 843 prodeuntibus
695 812 832 847 geniraris
864 812 1010 839 universis.

225 852 245 878 E
270 853 374 881 triremi
396 863 458 882 cum
492 856 696 889 exscendisset,
721 858 911 892 genizarorum
942 866 1009 893 aga,

223 907 290 927 suos
309 901 478 936 compellans
498 903 642 937 genizaros
660 912 666 930 :
685 903 734 931 llic
757 905 885 932 dominus
908 910 1008 938 vester,

1061 308 1170 342 jicitur.
1203 307 1458 344 ltaque_militibus
1475 306 1539 333 hinc
1556 306 1584 333 in
1609 306 1735 334 Rhodum
1761 311 1854 333 trans-

1065 354 1191 388 portatis,
1210 353 1320 381 tandem
1341 357 1368 380 et
1385 354 1444 388 ipse
1461 357 1512 380 suo
1535 360 1597 380 cum
1613 353 1745 380 comitatu
1763 357 1854 379 trans-

1064 404 1158 427 vectus
1179 399 1206 426 in
1228 399 1358 432 insulam,
1381 400 1456 435 gravi
1473 400 1568 426 urbem
1587 399 1733 427 obsidione
1754 399 1853 425 cinxit.

1063 445 1174 473 Obsessi
1189 445 1346 474 Christiani
1367 453 1462 473 muros
1480 446 1580 480 pannis
1607 453 1691 473 cocco
1710 446 1812 475 tinctis.
1827 450 1854 471 rt

1063 490 1170 521 sericis.
1189 495 1216 517 et
1229 497 1298 517 auro
1318 490 1483 524 intertextis,
1506 490 1660 522 ornabant;
1678 498 1710 518 ac
1726 489 1853 524 plurimis

1063 536 1090 563 in
1106 537 1176 564 urbe
1189 536 1262 563 ludis
1281 540 1308 563 et
1326 536 1505 571 spectaculis,
1533 536 1565 563 ad
1589 537 1769 564 oblectandos
1794 535 1855 562 anl-

1063 589 1134 615 mos,
1159 582 1320 609 utebantur.
1342 582 1410 610 Cum
1429 583 1503 610 serio
1528 583 1647 617 denique
1663 590 1854 618 oppugnaren-

1062 631 1117 660 tur,
1147 627 1228 663 longo
1255 628 1388 662 temporis
1414 628 1503 663 spatio
1528 635 1556 655 se
1571 628 1755 656 defendebant
1774 635 1853 655 acer-

1062 673 1132 700 rime
1142 694 1150 706 ,
1170 673 1243 708 quod
1257 673 1352 700 urbem
1364 673 1398 701 ab
1411 673 1488 701 hoste
1505 673 1580 701 nullo
1595 673 1676 701 tnodo
1691 674 1751 708 capi
1769 681 1853 708 posse

1062 720 1115 747 sibi
1143 720 1360 754 persuasissent.
1386 721 1426 748 Ac
1454 720 1620 748 Soleimanis
1652 728 1719 748 sane
1747 728 1790 746 res
1818 727 1852 746 eo

1062 766 1168 793 tandem
1185 766 1236 794 loci
1254 766 1370 794 redactae
1390 767 1508 799 fuerant,
1526 772 1556 794 ut
1581 774 1699 802 quanam
1714 766 1747 793 ad
1762 773 1852 800 expu-

1063 811 1197 845 gnandam
1229 811 1368 839 civitatem
1400 812 1442 839 via
1471 812 1599 847 deinceps
1628 812 1850 846 progrederetur.

1061 856 1212 891 ignoraret.
1231 857 1301 890 Quia
1321 862 1412 885 tamen
1428 866 1506 886 tnons
1523 859 1635 893 quidam
1656 858 1728 885 haud
1753 858 1851 893 procul

1061 904 1095 931 ab
1129 904 1196 942 urbe
1211 905 1341 937 distabat,
1366 913 1398 932 ex
1416 913 1448 933 eo
1476 911 1575 933 terram
1603 906 1667 941 peti,
1694 913 1748 940 qua
1773 905 1851 933 urbis

224 946 270 973 hic
298 949 447 981 imperator
463 953 514 980 est.
533 950 582 976 ait.
601 950 658 983 Qua
677 950 715 977 illi
736 957 802 978 voce
820 951 924 982 audita,
948 959 1010 978 mox
1028 949 1050 980 Β
1065 948 1144 976 fossae
1164 951 1415 984 complanarentur,
1436 951 1532 980 edixit.
1549 952 1628 979 Actis
1643 956 1774 986 praetcrea
1801 959 1852 978 cu-

222 994 317 1020 ordiue
334 1000 449 1021 caeteros
465 995 630 1030 antegressi,
650 995 788 1023 sultanum
803 1003 883 1023 suum
907 995 939 1022 ad
961 997 1012 1023 im-

224 1044 380 1074 peratorum
410 1040 536 1068 Saraiutn
565 1041 750 1069 deduxerunt.
780 1041 850 1070 Hine
879 1042 1010 1076 largiores

224 1093 358 1116 annonas.
382 1092 409 1114 et
428 1087 556 1115 donativa
583 1088 686 1120 petiere
702 1096 709 1114 ι
726 1087 836 1116 sultano
856 1087 1012 1115 Soleimane

224 1131 368 1165 ρίςῑιιιίιιίε
382 1133 504 1166 ipsorum
519 1137 667 1161 annuente.
684 1133 816 1161 Postridie
841 1134 928 1169 prima
952 1134 1011 1162 luce

223 1175 306 1203 funus
320 1175 428 1205 Sclimis
447 1178 473 1204 in
492 1177 587 1205 urbem
605 1178 753 1206 deductum
771 1178 831 1212 fuit,
850 1180 930 1214 eique
941 1179 1011 1206 cele-

224 1223 314 1250 brata:
343 1223 369 1250 in
391 1224 491 1258 templo
513 1225 571 1252 sive
597 1233 676 1252 zuma
702 1226 803 1252 sultani
830 1225 1010 1253 Mucbcmetis

220 1269 367 1303 exsequiae.
396 1269 484 1298 Pedes
502 1275 565 1298 ante
585 1277 730 1306 paternum
756 1271 840 1299 funus
867 1272 1011 1299 incedebat

222 1315 349 1342 snitanus
373 1315 555 1349 Snleimanes,
584 1317 667 1352 idque
692 1317 876 1345 comitabatur
901 1317 934 1345 ad
961 1326 1009 1345 zu-

221 1368 291 1387 rnam
323 1362 357 1387 ab
381 1361 440 1396 ipso
465 1361 566 1390 Selime
590 1363 739 1395 conditarn,
765 1364 809 1391 ubi
834 1367 1010 1391 monumento

221 1413 270 1431 suo
289 1406 340 1432 fuit
358 1406 463 1434 illatus.
478 1407 543 1434 inde
568 1406 741 1436 Soleima’nes
758 1409 792 1435 ad
810 1409 941 1442 palatium
968 1416 1010 1435 re-

222 1459 327 1483 rursus,
358 1452 384 1478 in
413 1454 540 1479 thronum
560 1453 767 1485 imperatorium
795 1461 824 1481 se
852 1454 1008 1488 collocavit,

223 1501 251 1523 et
275 1497 349 1531 regni
371 1497 640 1526 adrnittistrationem
667 1499 828 1534 auspicatus
853 1505 907 1534 est,
936 1508 1009 1527 anno

221 1543 274 1570 926
289 1542 365 1577 (Cur.
387 1543 480 1579 1520),
495 1544 540 1572 die
557 1544 662 1572 decima
675 1545 789 1583 septima
803 1547 905 1574 mensis
920 1543 1007 1574 Sclic-

223 1590 301 1617 balts.

258 1636 357 1664 Factus
377 1636 431 1670 jam
458 1638 535 1673 plene
554 1646 643 1666 rerum
673 1639 801 1667 dmuinus
824 1639 1002 1672 Solelmancs,

222 1681 323 1716 elapsis
340 1682 447 1715 aliquot
468 1683 620 1714 mensibus.
638 1691 734 1711 omnes
749 1691 814 1711 suos
827 1684 928 1711 milites
942 1691 1006 1710 cort-

222 1728 315 1754 venire
331 1727 426 1762 jussit,
444 1732 471 1755 et
497 1735 558 1755 cum
581 1729 622 1756 eis
640 1733 735 1756 versus
762 1729 859 1757 Albam
883 1729 1003 1757 Graecam

221 1772 360 1808 profectus
370 1779 422 1806 cst,
438 1782 510 1801 anno
526 1775 579 1803 927
603 1775 678 1810 (Chr.
701 1775 791 1811 l52l).

255 1819 323 1846 Cum
340 1827 423 1854 prope
435 1821 491 1856 jam
508 1822 615 1849 abesset
639 1822 673 1849 ab
684 1822 761 1855 Alba,
779 1823 894 1850 vezirem
913 1831 1004 1856 suum,

220 1866 378 1893 Achmetem
393 1868 512 1901 bassam,
523 1875 586 1895 cum
599 1867 739 1897 Bouiania:
747 1869 833 1904 copiis
843 1870 875 1896 ad
886 1869 1005 1905 Burgur-

220 1913 298 1940 delen
323 1915 362 1941 ire
384 1914 477 1948 jussit.
507 1914 531 1941 Is
564 1915 628 1942 illuc
646 1915 691 1942 ubi
708 1917 836 1947 venisset,
861 1918 1006 1944 tormentis

222 1959 325 1987 bellicis
343 1960 441 1988 moenia
458 1960 577 1994 disjecit,
601 1961 714 1988 militem
740 1961 861 1994 immisit,
882 1966 909 1989 et
930 1962 1008 1996 oppi-

222 2007 286 2032 dum
307 2005 389 2040 cepit.
402 2006 478 2033 Multi
493 2010 582 2032 tamen
602 2006 628 2032 in
642 2007 702 2041 ejus
719 2007 919 2042 expugnatione
936 2008 1007 2035 Tur-

221 2055 244 2080 ci
261 2053 337 2079 fuere
351 2053 492 2084 trucidati,
505 2060 536 2079 ac
552 2052 673 2080 vicissim
689 2053 835 2080 Aclunetes
856 2053 935 2080 bassa
952 2054 1007 2080 sul-

222 2104 286 2125 lano
315 2096 465 2124 Soleimatti
499 2105 631 2124 caesorum
659 2097 881 2126 Christianorum
906 2098 1005 2134 capita,

222 2152 283 2171 cum
297 2143 461 2177 quibusdam
476 2144 592 2178 captivis
608 2148 635 2171 et
647 2143 817 2176 vulneratis,
834 2144 918 2171 misit.

258 2189 414 2216 Secundum
443 2189 487 2216 illa
512 2189 595 2216 Pirim
624 2189 732 2216 bassam
748 2189 900 2224 praecedere
926 2190 1009 2224 jussit

223 2235 406 2266 Soleimanes,
429 2235 474 2269 qui
504 2235 579 2262 Alba:
595 2234 697 2262 Graeca:
721 2235 804 2262 situm
831 2243 863 2263 ac
882 2236 1010 2263 munitio-

225 2290 296 2314 nem,
322 2280 499 2308 circuntfusis
528 2280 626 2315 copiis,
656 2281 843 2315 specularetur
867 2289 874 2308 :

223 2336 276 2362 que
297 2326 381 2354 Pirim
403 2332 525 2359 secutus,
549 2326 709 2354 universum
735 2327 886 2354 exercitum
915 2328 1011 2354 mami-

225 2375 274 2400 lius
295 2372 429 2404 admovit,
449 2377 538 2400 castra
557 2372 628 2398 vallo
645 2372 772 2405 munivit,
791 2377 926 2400 tormenta
950 2372 1011 2408 jus-

225 2420 260 2447 sit
280 2419 411 2454 expediri,
433 2426 527 2446 muros
544 2425 655 2446 eversos
670 2418 729 2445 solo
744 2419 872 2453 mquavit,
895 2426 928 2446 ac
950 2423 1012 2446 tan-

227 2468 286 2492 dem
301 2465 395 2492 Albam
407 2464 574 2499 expugnavit
587 2464 630 2491 die
648 2464 780 2491 vicesima
796 2465 891 2498 quinta
908 2464 1012 2491 mensis

228 2512 400 2544 Romazanis,
430 2519 500 2538 anno
531 2510 582 2538 927
612 2510 689 2545 (Cltr.
722 2510 802 2544 l52l)
830 2517 884 2545 qua
908 2511 1012 2545 potitus

227 2558 494 2591 Constantinopolim
508 2557 599 2584 rediit.

263 2605 342 2631 Auno
359 2604 482 2638 sequenti
506 2604 632 2638 proximo
646 2603 698 2631 9‘28
714 2603 791 2638 (Chr.
809 2603 889 2637 1522)
906 2603 950 2630 die
971 2603 1012 2629 vi-

223 2649 326 2678 crsixna
351 2649 453 2676 mensis
468 2649 597 2682 Iiezebis,
617 2649 717 2676 iterum
735 2648 906 2676 Soleimanes
932 2656 1012 2683 expe-

227 2697 329 2724 ditione
352 2700 489 2729 suscepta,
511 2695 605 2730 copias
636 2696 780 2722 universas
806 2695 833 2721 in
855 2694 1011 2720 Anatoliam

227 2744 394 2776 transduxit,
410 2742 506 2770 Rhodo
525 2743 626 2770 bellttm
639 2743 775 2770 illaturus.
792 2742 851 2769 iam
871 2747 934 2769 ante
947 2748 1013 2768 vero

227 2790 398 2824 Mustapltam
422 2788 531 2815 bassam
552 2789 653 2823 insigni
684 2796 746 2816 cum
769 2789 857 2815 classe
885 2786 1012 2814 Rhodum

226 2836 355 2869 ll;l\’i;,'atc
380 2835 510 2869 iusserat.
541 2835 598 2870 Ipse
629 2843 690 2862 cum
723 2834 894 2869 pi-destribus
928 2834 1013 2868 ropiis

227 2881 383 2910 Anatolium
402 2882 553 2915 ingressus,
566 2882 591 2908 in
611 2882 737 2916 oppidum
752 2881 890 2915 quoddam
908 2880 1012 2907 Mente-

225 2928 314 2956 sianm
340 2926 467 2961 ditionis,
481 2928 524 2955 cui
553 2934 650 2954 nomen
664 2926 805 2960 lilermerc,
825 2935 853 2954 se
869 2927 987 2954 contulit
1004 2936 1010 2954 :

1064 996 1174 1029 niculis,
1193 997 1301 1025 ευποεεὶ
1321 996 1396 1024 fuere
1422 998 1511 1029 nutri,
1528 1003 1723 1025 tormentorum
1739 1004 1852 1032 quoque

1062 1043 1086 1068 vi
1108 1050 1205 1078 magna
1219 1051 1250 1069 ex
1270 1048 1346 1078 parte
1361 1043 1455 1070 diruti.
1483 1042 1652 1078 Quapropter
1665 1043 1799 1069 exhausto
1813 1043 1852 1068 la-

1063 1088 1177 1116 boribus
1198 1097 1230 1116 ac
1244 1089 1377 1117 molestiis
1397 1089 1617 1116 Christianorum
1634 1089 1770 1124 prmsidio,
1787 1097 1852 1116 cum

1062 1134 1157 1161 urbem
1175 1142 1231 1161 non
1249 1134 1334 1162 mttlto
1349 1141 1409 1169 post
1425 1135 1452 1162 in
1470 1135 1588 1162 hostium
1601 1140 1763 1169 potestatem
1785 1143 1852 1161 vcn-

1062 1185 1151 1207 turatn
1177 1181 1280 1207 nemini
1304 1181 1418 1207 dubium
1438 1187 1534 1208 esset:
1561 1182 1684 1216 ipsorum
1711 1181 1851 1215 princcps.

1060 1233 1143 1261 quem
1157 1225 1282 1260 Megalen
1298 1226 1414 1253 Mastora
1431 1228 1575 1256 vocabant.
1595 1227 1718 1253 inducias
1741 1231 1850 1260 pactus.

1062 1272 1158 1298 urhem
1197 1280 1226 1299 se
1266 1272 1422 1299 dediturum
1459 1273 1633 1307 significavit,
1671 1273 1751 1298 modo
1783 1272 1852 1307 ipsis

1062 1318 1179 1345 abeundi
1203 1323 1325 1353 potestas
1341 1319 1429 1350 fieret,
1448 1319 1531 1346 salvis
1547 1319 1722 1346 facultatibus
1740 1320 1808 1351 suis,
1822 1323 1852 1346 et

1061 1363 1282 1391 Christianorum
1310 1373 1408 1391 uxores
1426 1372 1507 1400 atque
1534 1366 1612 1393 liberi
1634 1366 1700 1404 nulli
1725 1365 1849 1392 servituti

1061 1411 1295 1444 manciparemur.
1308 1411 1335 1438 ln
1357 1418 1403 1438 eas
1422 1412 1596 1438 conditiones
1616 1411 1741 1439 sultanus
1759 1411 1849 1438 Solei-

1062 1464 1155 1483 ntanes
1173 1457 1278 1490 alasque
1293 1465 1369 1484 mora
1387 1458 1538 1485 consensit.
1557 1458 1651 1492 Itaque
1664 1465 1726 1484 cum
1743 1457 1849 1485 obsessi

1060 1510 1173 1529 munera
1191 1504 1300 1530 sultano
1319 1503 1456 1537 quaedam,
1476 1505 1502 1530 in
1519 1504 1578 1538 e]us
1598 1509 1774 1538 conspectum
1798 1504 1846 1531 ad-

1060 1549 1149 1579 missi,
1181 1549 1358 1580 obtulissent.
1388 1557 1451 1576 cum
1481 1551 1564 1576 rebus
1593 1557 1624 1576 ac
1659 1549 1848 1581 facultatibus,

1062 1603 1122 1622 cunt
1139 1595 1232 1621 liberis
1245 1599 1270 1620 ct
1287 1595 1420 1621 uxoribus
1439 1596 1497 1622 suis
1523 1603 1606 1622 naves
1618 1595 1745 1629 ingressi,
1765 1595 1849 1622 Turci

1062 1640 1157 1667 Rhodo
1175 1647 1328 1673 cesserunt,
1355 1646 1390 1668 ct
1409 1642 1434 1667 itt
1453 1641 1555 1668 Italiam
1573 1642 1744 1676 navigarunt.
1765 1643 1851 1675 Quot-

1059 1693 1125 1722 quot
1140 1692 1218 1714 erant
1235 1688 1261 1714 in
1287 1688 1352 1715 urbe
1374 1688 1472 1722 captivi
1487 1688 1581 1719 Turci,
1607 1689 1723 1715 libertati
1751 1688 1851 1723 pristi-

1060 1742 1100 1761 nm
1114 1735 1234 1761 restituti
1256 1734 1342 1762 fuere.
1359 1735 1441 1769 Capta
1455 1743 1519 1761 vero
1534 1735 1585 1761 fuit
1599 1735 1709 1762 Rhodus
1731 1735 1774 1762 die
1793 1740 1850 1762 lcr-

1060 1780 1098 1807 tio
1123 1781 1226 1807 mensis
1252 1780 1375 1812 Seil‘oris.
1404 1789 1476 1809 anno
1499 1781 1560 1808 929.
1580 1781 1666 1808 Simul
1685 1781 1765 1808 etiam
1784 1789 1848 1808 cuni

1062 1826 1157 1854 Rhodo
1184 1826 1264 1854 Turci
1290 1835 1381 1855 arcem
1405 1827 1546 1860 Stancoin,
1563 1832 1590 1855 et
1617 1827 1747 1859 Bedrunt,
1765 1828 1848 1855 aliam

1061 1880 1151 1899 arcem
1175 1873 1201 1900 in
1221 1872 1345 1900 Anatolia
1362 1874 1453 1905 sitam,
1475 1876 1500 1902 in
1519 1878 1680 1910 potestatem
1706 1874 1847 1908 rcdegere,

1062 1917 1232 1946 Soleimanes
1257 1919 1321 1946 inde
1350 1918 1614 1955 Constantinopolim
1642 1927 1769 1947 reversus
1794 1924 1849 1946 est.

1097 1963 1232 1991 Caeterum
1248 1972 1301 2000 quo
1333 1970 1453 2000 tempore
1475 1965 1508 1993 ad
1523 1965 1701 1993 obsidendam
1721 1964 1848 1991 llhodum

1062 2008 1199 2043 proficisci
1229 2009 1379 2044 cogitabat,
1411 2009 1555 2038 Ferhatem
1581 2011 1688 2037 bassam
1717 2010 1850 2037 adversus

1061 2054 1132 2081 Alim
1155 2054 1265 2089 begum,
1281 2054 1378 2082 Scaclii
1396 2055 1543 2084 Suareusis
1562 2056 1660 2089 lilium,
1676 2055 1735 2092 qni-
1752 2063 1849 2091 peran-

1063 2100 1137 2137 tiqno
1155 2101 1288 2136 majorum
1305 2109 1418 2128 suorum
1433 2102 1494 2138 jure
1509 2102 1715 2138 Dulgadirensis
1730 2103 1850 2138 regionis

1063 2147 1117 2174 dux
1148 2152 1215 2178 erat,
1245 2154 1307 2175 cum
1335 2147 1422 2184 copiis
1438 2148 1582 2184 ablegavit.
1600 2148 1667 2176 Nam
1687 2148 1754 2176 falso
1774 2148 1850 2175 dela-

1063 2197 1107 2220 tus
1133 2193 1155 2220 is
1175 2193 1265 2220 fuerat
1288 2192 1368 2231 343
1392 2194 1463 2228 apud
1488 2195 1626 2223 sultanum
1653 2195 1849 2227 Soleimanem,

1063 2244 1090 2266 et
1107 2240 1251 2266 accedebat
1267 2240 1319 2267 alia
1344 2248 1439 2272 causa,
1455 2240 1528 2275 quod
1544 2240 1698 2270 Osmanida:
1712 2241 1849 2268 neminem

901 2282 1008 2308 sialim-
1024 2297 1051 2327 ι)
1064 2287 1148 2313 veteri
1175 2290 1270 2312 natum
1289 2285 1393 2313 familia
1411 2294 1462 2313 suo
1476 2287 1501 2313 in
1519 2286 1633 2321 imperio
1651 2287 1765 2314 tolerare
1788 2294 1851 2319 pns-

1064 2338 1140 2360 sunt.
1160 2331 1210 2359 Ubi
1228 2332 1283 2367 jam
1303 2340 1386 2367 prope
1406 2331 1535 2360 Ferltates
1550 2333 1643 2360 aberat
1661 2333 1694 2359 ab
1712 2333 1768 2359 Alis
1790 2333 1849 2367 liegi

1064 2379 1177 2410 ditione,
1205 2378 1337 2406 insidioso
1365 2384 1426 2406 astu
1449 2371 1589 2406 hominem
1618 2379 1651 2407 ad
1674 2387 1703 2406 se
1728 2379 1850 2414 pellexit.

1064 2423 1170 2459 Quippe
1189 2425 1313 2451 tuorbnm
1333 2425 1477 2461 simulans,
1500 2424 1649 2460 significari
1666 2425 1825 2460 bcgojnssit
1841 2448 1848 2459 ,

1064 2469 1133 2496 velle
1156 2477 1185 2496 se
1205 2473 1398 2496 testamentum
1424 2470 1553 2502 condere,
1581 2475 1662 2505 atque
1681 2470 1770 2505 ipsius
1787 2469 1849 2497 ﬁdei

1063 2515 1213 2542 exercitum
1241 2516 1423 2543 committere.
1442 2516 1499 2549 Qua
1520 2517 1657 2543 voluntate
1671 2516 1793 2544 Ferltatis
1810 2518 1852 2544 in-

1065 2560 1183 2592 tellecta,
1211 2569 1275 2587 mox
1290 2561 1348 2588 Alis
1367 2562 1463 2597 begus,
1488 2561 1553 2588 nillil
1572 2562 1605 2588 ab
1620 2562 1774 2589 Osmanicis
1803 2570 1851 2597 pc-

1066 2606 1144 2634 riruli
1171 2607 1286 2639 veritus,
1308 2606 1407 2641 quibus
1436 2606 1498 2634 itide
1522 2615 1606 2641 usque
1630 2615 1643 2633 a
1660 2608 1748 2642 prima
1771 2613 1851 2635 aetate

1065 2652 1134 2680 ﬁdus
1151 2653 1208 2686 ipse
1220 2651 1320 2684 fuerat,
1337 2660 1399 2679 cum
1415 2657 1531 2687 utroque
1556 2652 1611 2679 lilio
1628 2653 1734 2679 bassam
1750 2651 1824 2679 ‘atliit
1839 2660 1848 2680 :

1064 2698 1154 2732 quiet
1178 2702 1293 2732 patrem,
1309 2702 1335 2724 et
1353 2697 1435 2728 ﬁlios.
1458 2698 1618 2725 innocentes
1645 2698 1732 2725 occidi
1755 2698 1850 2732 jursit.

1065 2745 1122 2770 fioc
1150 2743 1271 2770 facinore
1296 2748 1414 2778 patrato,
1431 2743 1563 2771 Ftil‘llillt‘s
1581 2744 1614 2771 ad
1632 2745 1769 2772 sultanunr
1797 2745 1850 2772 So-

1065 2789 1221 2820 leiutanem,
1249 2788 1375 2815 thodunt
1396 2789 1580 2820 obsidentem,
1608 2790 1704 2818 ltltodo
1733 2791 1848 2818 nec-lum

1065 2842 1155 2869 capta,
1171 2843 1297 2862 reversus
1309 2840 1362 2863 (ξεί.

1100 2882 1167 2909 Cirin
1187 2887 1276 2909 autem
1295 2882 1418 2909 confccto
1437 2882 1505 2908 bello
1521 2882 1638 2915 Rhodio,
1656 2884 1852 2912 Constantino-

1066 2928 1119 2963 poli
1153 2928 1322 2957 Solcirnancs
1351 2928 1461 2962 quietus
1489 2928 1616 2962 degeret,
1653 2929 1778 2957 Gcnisari
1809 2931 1852 2959 die
