1962 3071
151 179 203 211 637
784 182 958 212 ANNALES
973 184 1144 215 TURCICI.

1715 186 1767 216 δτΐί

152 241 282 269 vicesimo
304 241 382 268 tertio
400 242 503 270 mensis
531 242 645 270 llezebis
662 242 822 269 seditionetn
842 249 935 269 move-
948 243 970 270 Α
986 250 1047 276 pars
1068 247 1216 270 rorrueret.
1243 242 1279 269 Ea
1303 250 1332 270 re
1350 243 1479 278 perfecta,
1505 243 1595 271 subito
1617 251 1678 271 cum
1707 245 1771 272 nive

151 293 226 318 runt.
246 291 273 314 et
298 287 404 321 Aigasis
432 287 528 320 basste,
555 287 731 321 supremique
759 287 935 317 thesaurarii.

151 333 341 360 Abduselamis
357 333 429 360 aedes
443 339 615 367 expugnatas
632 323 814 366 diripuerunt.
831 333 935 360 Postri-

151 380 214 412 die,
241 379 285 413 qui
307 379 430 406 Mercurii
453 378 511 405 dies
534 383 612 409 erat.
641 383 721 405 noctu
746 378 889 406 lbraltintis
905 386 936 405 ac

151 426 300 459 Mttslapbze
330 426 469 452 bassaruut
497 425 592 451 domos
622 424 714 451 itidem
751 424 871 451 adhibita
910 424 934 451 vi

151 479 292 505 aperuere:
319 471 365 498 sed
395 478 426 497 ea
454 478 515 497 cum
546 470 748 501 ttiuderatione.
778 471 878 497 uttllant
907 475 936 497 ut

152 517 214 544 inde
234 516 351 551 praedam
366 515 514 543 auferrent.
526 515 680 549 Composito
696 515 813 549 denique
829 515 937 549 geniza-

151 569 243 590 rerum
258 561 375 588 tumultu
387 579 396 592 .
411 560 581 588 Soleimanes
596 561 621 588 in
641 560 785 596 Ungariam
802 560 935 595 proiicisci

151 607 264 635 statuit:
284 612 310 634 et
324 607 443 634 collectis
460 606 636 641 quiquaginta
650 607 690 633 vel
713 607 850 641 sexaginta
875 607 935 633 mil-

152 653 223 680 libus
254 657 442 684 armatorum,
474 653 603 687 pontibus
635 652 757 683 Savum.
794 652 932 682 Dravum.

155 699 351 733 Danubiumque
377 699 488 725 ﬂumina
512 697 621 731 iunxit:
640 703 666 725 et
680 698 843 725 Varadinum
862 698 935 725 Perri

150 753 212 772 cum
229 745 288 772 aliis
305 745 373 772 locis
396 744 510 771 munitis
534 744 697 778 occupavit.
722 743 824 770 Budam
850 743 934 777 ipsattt

151 798 212 818 cum
229 790 350 818 exercitu
368 790 511 824 petiturus.
531 789 566 816 Ea
583 789 745 817 Soleimauis
762 790 932 824 expeditione

151 837 270 870 cognita,
286 843 316 863 se
329 843 437 870 quoque
453 843 497 863 rex
517 835 642 869 Ungarus
657 836 690 862 ad
704 836 803 863 bellum
820 836 934 870 paravit;

151 885 178 907 et
197 888 258 907 cum
283 880 368 907 milite
388 887 447 913 suo,
469 880 515 914 qui
537 880 609 907 ferro
629 885 702 907 totus
722 885 845 908 armatus
859 885 932 914 erat,

151 925 260 952 obvium
279 933 308 952 se
330 925 438 955 sultano
462 925 610 952 Soleitttatti
635 925 718 952 dedit.
743 925 791 953 Die
815 925 934 960 quodam

151 970 298 1001 Mercurii.
324 971 398 997 circa
431 976 538 1005 tempus
567 970 670 1004 litindi,
702 971 834 1006 urriuque
858 975 934 998 tanto

150 1022 350 1045 concurrerunt
361 1017 499 1045 exercitus
516 1018 626 1052 impetu,
650 1018 733 1044 multa
749 1023 776 1044 ut
792 1018 932 1044 immittunt

151 1064 234 1091 millia
259 1064 294 1091 ab
319 1069 431 1098 utraque
458 1068 535 1098 parte
556 1071 627 1091 caesa
651 1064 798 1097 caderent,
825 1064 934 1099 plurimi

151 1110 370 1137 vulnerarentur.
385 1109 434 1136 Diu
452 1113 600 1144 pugnatum
616 1116 677 1136 cum
694 1109 806 1140 luisset,
825 1108 932 1135 tandem

151 1161 240 1183 tamen
258 1155 345 1182 victus
363 1163 410 1183 rex
432 1155 569 1188 ngarus,
585 1155 667 1182 etiam
682 1155 739 1188 ipse
754 1154 845 1188 periit.
861 1154 935 1180 Actis

149 1207 241 1228 autem
258 1201 285 1228 in
301 1201 392 1236 fugam
410 1200 526 1236 Uttgaris
537 1219 545 1232 .
569 1200 650 1227 Turci
667 1200 771 1228 hostem
789 1200 935 1234 persecuti,

151 1247 236 1274 multa
263 1247 385 1281 ipsorum
409 1247 491 1274 millia
517 1247 588 1274 inter
613 1245 770 1280 fugiendum
795 1246 935 1273 contruci-

149 1293 258 1320 darunt.
285 1292 454 1320 Soleimanes
480 1299 508 1319 re
530 1292 598 1319 bene
624 1295 718 1326 gesta.
742 1291 845 1318 Budam
870 1299 935 1320 suos

149 1337 245 1371 duxit,
265 1341 292 1364 et
308 1337 375 1364 urbe
394 1337 453 1365 sine
468 1337 600 1371 sanguine
617 1337 720 1372 potitus
739 1341 797 1369 est,
814 1336 935 1369 cujusvis

151 1391 235 1410 sexus
245 1389 271 1410 ct
284 1384 372 1411 anatis
397 1383 553 1410 hominibus
569 1382 596 1409 in
618 1383 776 1409 servitutem
794 1383 911 1410 redactis
923 1403 930 1416 ,

149 1437 223 1459 anno
243 1429 295 1457 952
319 1429 384 1456 Chr.
410 1428 513 1463 U526}.
539 1428 604 1455 Post
629 1434 788 1462 Orcupatam
812 1427 934 1460 llud-am.

151 1482 277 1503 reversus
292 1479 334 1503 est
349 1473 581 1509 Hadrianopolim,
598 1478 625 1502 et
639 1475 673 1502 ad
690 1478 799 1509 tempus
824 1474 934 1509 aliquod

149 1528 180 1548 se
193 1521 277 1555 quieti
292 1520 378 1547 dedit.

187 1564 251 1592 Erat
277 1569 340 1592 tunc
370 1564 479 1598 quidam
507 1565 533 1592 iit
558 1565 694 1596 Anatolia.
727 1564 775 1600 qui
803 1564 935 1594 Calender

149 1611 257 1644 Zelehis
281 1611 485 1646 appellabatur,
510 1618 544 1638 ex
558 1610 660 1638 familia
677 1610 776 1638 Chazis
801 1610 933 1639 Bectasis.

149 1657 249 1685 Colunt
263 1662 352 1684 autent
370 1657 450 1684 Turci
465 1657 576 1684 Cbazim
597 1657 750 1689 Bectaseut,
774 1664 824 1684 ceu
838 1657 929 1694 divum

149 1704 400 1739 quemdam,atque
412 1703 492 1731 etiam
511 1704 648 1731 invocant.
662 1703 711 1730 llic
726 1710 790 1738 ergo
801 1702 934 1730 Caleudcr

148 1749 255 1782 Zelebis
284 1750 418 1778 seditione
448 1755 538 1782 mola,
566 1757 627 1776 cum
659 1757 712 1776 ttott
741 1756 839 1784 magno
868 1747 933 1776 Der-

151 1796 283 1824 visiorum
303 1803 426 1829 numero,
445 1795 591 1830 Sangiacos
608 1795 713 1829 aliquot
729 1794 797 1822 fudit
808 1815 815 1826 .
832 1799 858 1821 et
874 1795 933 1821 uni~

150 1851 255 1871 t‘crsam
274 1841 428 1870 Anatoliant
444 1842 476 1869 ad
497 1850 571 1868 arma
587 1841 744 1869 concitavit.
761 1840 930 1868 Soleimanes

148 1893 261 1923 accepto
278 1893 367 1915 motus
381 1888 494 1922 hujusce
510 1888 618 1918 nuntio,
633 1887 794 1915 lbrahimetn
812 1887 931 1918 bassam,

149 1934 247 1968 insigni
269 1942 329 1962 ctttn
353 1934 485 1966 exercitu,
509 1933 593 1964 misit.
621 1932 660 1959 uti
684 1932 857 1960 Calenderem
881 1932 932 1959 Ze-

148 1979 229 2009 lebint
259 1980 331 2007 bello
358 1987 525 2014 aggressus,
562 1979 590 2005 in
632 1979 754 2005 ordinem
782 1978 927 2012 redigeret.

149 2026 298 2054 lbrahimes
314 2025 492 2053 Calenderem
507 2032 568 2051 cum
583 2024 669 2058 copiis
684 2028 837 2055 assecutus,
863 2031 930 2058 pra:-

147 2072 213 2104 lium
230 2072 304 2099 iniit:
314 2079 368 2106 qup
379 2071 536 2102 dimicatum
547 2071 581 2097 ab
594 2075 708 2104 utraque
722 2074 798 2105 parte
811 2069 929 2102 fortiter,

146 2126 178 2146 eo
206 2123 294 2146 tamen
325 2122 425 2145 eventu
428 2138 448 2155 λ
471 2117 605 2144 Caleuder
631 2121 662 2144 ut
700 2116 760 2151 ipse
787 2123 837 2144 sua
868 2123 930 2143 cum

147 2165 267 2191 [actione
283 2164 371 2191 victus
384 2163 569 2192 occumberet.
859 2159 864 2162 ”

180 2209 345 2244 Compositis
368 2209 500 2237 Anatoliaa
525 2208 631 2240 turbis,
657 2207 691 2235 ad
716 2207 798 2235 aliam
827 2214 857 2234 se
882 2207 932 2234 So-

987 287 1072 320 frigus
1089 287 1156 314 adeo
1172 288 1317 315 vehemens
1329 288 1431 318 incidit.
1447 294 1475 315 ut
1488 288 1512 314 ei
1526 288 1666 315 tolerando
1681 296 1770 322 neque

988 333 1098 364 milites,
1118 341 1204 368 neque
1218 334 1339 367 jumenla
1353 334 1517 361 sullicerent.
1530 333 1645 368 ideoque
1659 334 1772 361 destitu-

988 383 1031 405 tus
1053 379 1126 405 outtti
1147 386 1195 413 spe
1210 378 1312 406 Vienna
1325 379 1456 411 potiundi.
1471 379 1641 406 obsidionem
1669 379 1773 406 solvi-re

987 429 1097 451 coactus
1119 425 1189 452 fuit:
1213 424 1509 458 “Constantinopolim
1532 432 1658 452 reversus
1674 425 1706 451 ad
1723 426 1773 452 ali-

987 469 1058 503 quod
1076 473 1182 502 tempus
1199 476 1213 495 a
1232 469 1308 495 bellis
1321 468 1460 495 abstinuit.
1477 468 1557 496 Gesta
1577 477 1640 496 vero
1661 469 1770 496 luerunt

987 515 1044 541 btnc
1061 522 1131 540 atttto
1155 514 1207 542 935
1223 515 1299 550 (Cltr.
1319 514 1409 549 1529).

1024 561 1090 587 Dum
1112 560 1349 595 Constantinopoli
1375 561 1485 595 quietus
1517 561 1620 593 haeret,
1651 560 1772 588 invitatis

988 615 1084 641 magna
1098 607 1269 634 solemnitate
1281 607 1368 634 bassis
1383 607 1511 634 omnibus
1523 611 1549 633 et
1561 607 1733 642 proceribus,
1745 612 1773 634 et

987 659 1141 680 exterarum
1169 653 1322 688 principum
1358 652 1472 687 legatis.
1510 653 1637 686 omnique
1671 661 1769 687 genere

987 699 1204 733 spectaculorqu
1220 699 1246 726 in
1259 698 1421 726 Atntindane
1440 698 1670 732 Constantinopoli
1693 699 1773 726 exhi-

988 747 1053 779 bito,
1085 746 1153 773 liiios
1166 753 1248 778 suos,
1273 745 1410 772 sultanum
1443 744 1605 779 Mustaplta,
1628 745 1768 771 sultanttm

987 791 1180 818 Mucltemctent
1196 811 1202 822 ,
1225 796 1251 818 et
1275 791 1412 818 sultanum
1443 789 1571 817 Solimeut
1609 789 1770 817 circumcidi

987 837 1093 862 curavit
1106 856 1114 868 ,
1130 843 1202 863 anno
1219 836 1271 864 938
1288 835 1363 870 (Chr.
1381 835 1472 869 1532).

1023 880 1122 908 Eodem
1148 889 1219 908 anno
1249 881 1350 909 mensis
1378 880 1539 908 Remasauis
1567 881 1612 908 die
1640 881 1769 907 vicesimo

987 930 1093 959 octavo,
1107 927 1340 962 Constantinopoli
1356 927 1500 959 discessit,
1525 926 1646 960 Hispano
1669 925 1769 952 bellum

987 971 1123 999 illaturus.
1150 972 1272 1006 Cumque
1310 972 1480 1007 pervenisset
1519 971 1545 998 iit
1580 971 1770 1002 Alamaniam,

986 1017 1100 1044 duorutu
1118 1018 1249 1045 tnensiunt
1266 1019 1353 1051 spatio
1375 1017 1468 1052 copias
1487 1017 1550 1043 ltittc
1573 1017 1633 1043 itide
1651 1017 1770 1043 circum-

986 1065 1079 1097 duxit,
1097 1064 1167 1091 ferro
1181 1068 1207 1091 et
1224 1064 1278 1099 igni
1292 1068 1388 1091 cuncta
1403 1069 1513 1091 vastans
1527 1067 1608 1096 atque
1624 1062 1764 1096 diripiens.

985 1111 1083 1138 Nullus
1107 1119 1122 1138 a
1143 1110 1305 1138 Christianis
1328 1110 1468 1144 oppositus
1489 1109 1514 1136 ei
1538 1108 1587 1135 l‘uit
1612 1108 1767 1140 exercitus,

986 1165 1121 1192 nusquam
1138 1165 1232 1185 eorum
1248 1160 1400 1191 conspecta:
1416 1155 1500 1187 acies,
1520 1154 1554 1182 ab
1569 1160 1685 1188 utroque
1699 1154 1770 1180 dun-

987 1208 1061 1230 taxat
1073 1203 1158 1230 latere
1171 1202 1335 1229 Soleimauis
1350 1201 1458 1236 agmina
1473 1199 1637 1234 carpebant,
1653 1207 1685 1226 ac
1699 1198 1770 1226 mul-

987 1252 1029 1276 los
1058 1249 1224 1283 interceptos
1250 1248 1291 1274 vel
1319 1247 1500 1277 occidebant,
1532 1245 1572 1273 vel
1598 1244 1771 1272 abducebant

985 1291 1116 1326 captivos.
1132 1291 1202 1319 illisit
1216 1296 1305 1318 autem
1319 1291 1443 1319 sultauus
1458 1290 1638 1320 Solcimanes.
1655 1289 1768 1316 ductore

985 1338 1089 1365 Casnne
1107 1338 1235 1370 Vaivotla.
1247 1339 1293 1372 qui
1313 1337 1452 1366 Michaelis
1478 1336 1538 1371 begi
1556 1336 1626 1363 illius
1643 1339 1718 1366 erat.
1741 1339 1770 1362 et

988 1383 1116 1417 Vairoda,
1130 1384 1272 1411 duodecim
1289 1384 1370 1410 millia
1389 1384 1515 1414 militum.
1531 1383 1665 1417 adjunctis
1679 1382 1766 1408 eidem

985 1429 1132 1461 Acauziis.
1159 1429 1206 1465 qui
1234 1429 1358 1465 regiones
1383 1429 1442 1456 illas
1458 1426 1714 1456 ulteriusincendiis
1742 1431 1769 1454 et

986 1476 1088 1510 rapinis
1117 1476 1365 1510 depopularentur,
1398 1480 1478 1510 atque
1507 1475 1607 1502 incolas
1642 1473 1768 1501 servituti

987 1523 1159 1557 mancipatus
1169 1523 1317 1557 abigercnt.
1329 1521 1405 1554 Quod
1419 1529 1480 1548 cum
1490 1521 1527 1548 illi
1540 1521 1668 1552 facerent,
1678 1521 1768 1555 opima

988 1569 1064 1602 potiti
1083 1569 1157 1595 luere
1173 1568 1274 1602 praeda.
1298 1567 1396 1595 Verum
1411 1567 1438 1594 in
1454 1566 1542 1594 reditu
1567 1565 1635 1593 forte
1658 1565 1767 1592 fortuna

986 1617 1013 1650 in
1029 1615 1245 1644 Christianorum
1262 1614 1380 1643 incidere
1393 1613 1498 1649 copias,
1514 1620 1574 1640 cum
1589 1612 1688 1648 quibus
1704 1612 1768 1640 licet

987 1661 1119 1688 acerrime
1132 1661 1293 1688 dimicarent
1307 1680 1315 1693 ,
1326 1668 1356 1687 ac
1373 1659 1479 1687 fortiter
1494 1659 1565 1686 hosti
1587 1658 1745 1685 resisterent
1758 1679 1766 1691 ,

987 1707 1092 1734 tandem
1103 1706 1232 1734 tarnenfad
1244 1706 1465 1737 internecionem,
1476 1704 1559 1740 3M
1568 1704 1663 1739 majori
1673 1704 1766 1731 saltent

985 1761 1016 1780 ex
1033 1758 1118 1788 parte,
1136 1760 1197 1779 cum
1213 1752 1272 1786 ipso
1286 1751 1390 1778 (insane
1423 1749 1552 1783 Vaivoda,
1566 1751 1627 1777 cagsi
1641 1750 1768 1784 captique

986 1799 1106 1826 fuerunt.
1122 1799 1153 1826 Et
1170 1800 1279 1834 quando
1292 1799 1346 1834 jam
1363 1800 1450 1826 lnems
1480 1798 1642 1832 appetebat.
1665 1801 1769 1823 mutato

986 1845 1156 1874 Soieimanes
1174 1846 1289 1878 itinere,
1316 1844 1580 1878 Constantinopolim
1605 1843 1697 1871 rediit:
1720 1842 1766 1870 ubi

984 1900 1046 1920 cum
1062 1891 1094 1918 ad
1112 1896 1217 1926 tempus
1233 1891 1342 1925 aliquod
1359 1892 1523 1924 quiesceret,
1539 1889 1648 1916 sultano
1664 1888 1766 1916 bluste-

984 1937 1043 1971 phaa
1056 1936 1109 1963 tilio
1122 1935 1268 1963 Manissam
1290 1935 1424 1967 attribuit,
1438 1942 1509 1962 anno
1521 1933 1572 1962 958
1585 1933 1660 1968 (Chr.
1674 1933 1765 1968 l552).

1019 1981 1124 2009 interea
1139 1989 1203 2009 vero
1225 1982 1290 2009 dum
1310 1981 1520 2015 abcratperegre
1535 1980 1658 2007 sultauus
1673 1979 1760 2006 Solei-

984 2035 1088 2062 manes.
1103 2029 1129 2055 in
1144 2028 1284 2055 Alamania
1313 2028 1411 2055 bellum
1430 2034 1537 2062 gerens,
1553 2033 1697 2060 supremus
1719 2025 1765 2053 ili—

983 2073 1060 2108 sparti
1072 2073 1168 2102 classis
1182 2072 1333 2107 praefectus,
1347 2073 1468 2099 Andreas
1482 2071 1573 2102 Doria.
1585 2078 1646 2098 cum
1663 2069 1765 2106 illegan

983 2118 1119 2151 Mastore,
1142 2119 1189 2154 qui
1205 2117 1392 2153 superioribus
1409 2118 1489 2145 annis
1510 2116 1607 2144 Rhodo
1624 2122 1742 2144 cesserat
1758 2136 1765 2146 .

983 2165 1133 2199 corrogatis
1145 2169 1305 2192 ceterorum
1320 2171 1429 2199 quoque
1443 2164 1595 2199 principum
1611 2162 1765 2189 ltalieorum

986 2209 1106 2242 auxiliis,
1123 2217 1248 2249 magnam
1266 2209 1333 2237 mari
1349 2210 1466 2238 classem
1485 2209 1575 2236 eduxit
1588 2229 1595 2240 .
1611 2216 1663 2243 qua
1682 2214 1765 2234 naves

143 2257 277 2286 lcimanes
300 2256 500 2291 expeditionem
522 2255 643 2290 paravit,
671 2254 815 2290 Ungariam
836 2262 930 2282 rursus
946 2265 968 2292 ι)
983 2255 1180 2291 quinquaginta
1206 2255 1335 2290 majores.
1364 2259 1391 2283 et
1417 2255 1612 2289 quinquaginta
1641 2253 1766 2280 triremes

143 2303 302 2334 invasurus:
320 2302 434 2336 ideoque
450 2302 562 2329 militem
573 2321 581 2334 .
602 2301 746 2336 publicatis
764 2301 876 2334 edictis.
893 2301 926 2328 ad

143 2348 239 2374 Albam
263 2346 385 2374 Graecam
407 2346 554 2374 convenire
573 2346 670 2381 jussit,
694 2353 750 2378 quo
772 2345 881 2380 quidem
903 2350 931 2372 et

144 2392 202 2427 ipse
217 2401 246 2420 se
266 2393 390 2420 contulit.
411 2392 513 2419 Budam
535 2392 596 2418 ittde
614 2395 799 2426 perrecturus.
830 2390 887 2418 lloc
902 2391 928 2418 itt

144 2439 241 2466 itinere
254 2439 318 2466 dum
337 2443 418 2471 esset,
435 2438 534 2465 Erdelii
552 2438 642 2465 Barrus
656 2438 688 2465 ad
704 2446 764 2465 eum
780 2437 863 2470 venit,
880 2437 930 2464 de-

144 2485 260 2520 latisquc
271 2480 328 2513 suis
349 2485 486 2519 obsequiis
496 2506 503 2517 ,
520 2484 681 2512 Soleimanis
696 2484 810 2518 imperio
823 2491 853 2511 se
867 2483 931 2511 sub-

144 2532 228 2563 misit,
246 2539 307 2559 cum
324 2537 351 2559 et
368 2539 481 2561 munera
497 2539 588 2559 secum
605 2531 688 2558 l'erret
703 2531 883 2566 amplissima.
904 2536 930 2558 et

144 2587 252 2606 maritim
268 2579 329 2613 eius
343 2578 562 2606 exoscularetur.
588 2577 653 2611 Qua:
668 2578 779 2612 quidem
803 2584 846 2605 res
861 2577 929 2604 adeo

143 2629 219 2659 grata
246 2625 394 2652 Soleimani
422 2624 538 2654 accidit.
568 2628 597 2651 ιιι
622 2631 683 2650 eum
715 2631 775 2650 mox
807 2622 930 2657 ngariaa

145 2678 235 2704 regem
262 2676 376 2698 crearet.
404 2670 561 2697 Secundum
588 2669 634 2697 illa
658 2669 760 2696 [ludam
788 2669 928 2704 prolectus

143 2722 202 2749 cst.
228 2725 282 2750 qua
307 2722 458 2752 occupata,
482 2715 614 2742 Viennam
640 2715 789 2743 contendit.
815 2714 852 2740 Eo
867 2721 928 2740 cum

145 2764 323 2797 pervenisset,
339 2763 468 2792 Germani
481 2783 489 2793 ,
513 2762 558 2796 qui
590 2770 620 2790 se
649 2762 719 2788 intra
735 2762 834 2788 mania
851 2765 927 2787 lene-

144 2811 218 2842 bant,
232 2810 326 2837 urbem
346 2809 556 2837 coutmuniere:
580 2816 660 2842 quam
681 2807 810 2835 Sullanus
847 2807 929 2834 Solei-

144 2863 240 2891 inanes
253 2856 396 2883 tormentis
409 2854 515 2882 bellicis
527 2854 559 2881 ad
573 2854 666 2890 viginti
680 2853 738 2881 dies
753 2853 927 2888 oppugnavit,

145 2901 214 2935 actis
231 2901 311 2930 etiam
326 2901 419 2930 subter
433 2907 527 2928 muros
547 2898 679 2928 cuniculis
690 2919 698 2932 ,
720 2899 806 2927 donec
826 2906 918 2927 eorum

982 2302 1202 2328 continebantur.
1217 2299 1251 2327 Et
1266 2304 1343 2328 erant
1359 2300 1385 2327 in
1402 2300 1444 2327 his
1458 2300 1574 2326 utilttum
1587 2299 1619 2325 ad
1631 2298 1766 2332 quinqua-

981 2347 1054 2382 ginta
1069 2347 1164 2373 tniliia.
1180 2345 1240 2379 Quo
1255 2353 1316 2382 cpm
1342 2347 1462 2373 exercitu
1485 2345 1602 2372 Moream
1627 2343 1765 2377 inopinato

983 2392 1070 2419 adorti
1087 2392 1174 2427 primo
1196 2391 1332 2419 Coronam
1354 2391 1447 2418 urbem
1473 2398 1536 2417 cum
1562 2396 1635 2421 arce,
1665 2388 1765 2415 deinde

981 2437 1100 2464 insulam
1117 2438 1193 2470 Balu,
1208 2443 1234 2466 et
1248 2437 1363 2465 Badram
1381 2436 1509 2472 oppidum
1521 2457 1529 2469 ,
1550 2444 1610 2462 cuttt
1627 2435 1686 2462 aliis
1702 2435 1763 2474 qui-

983 2483 1097 2510 busdam
1113 2482 1230 2510 castellis
1245 2487 1398 2517 ceperunt:
1416 2485 1443 2509 et
1471 2481 1600 2509 immissis
1627 2481 1652 2507 iu
1678 2481 1764 2515 ipsam

982 2527 1119 2562 regionem
1136 2528 1306 2563 pedestribus
1321 2527 1549 2561 equestribusque
1574 2525 1661 2568 copiis
1672 2546 1680 2558 ,
1699 2526 1761 2552 uiii-

983 2582 1089 2602 versant
1104 2574 1257 2609 depopulati
1273 2577 1347 2606 sunt,
1373 2573 1473 2608 ingenti
1500 2573 1626 2605 marium,
1653 2571 1767 2599 [emina—

985 2629 1056 2652 rtun,
1073 2627 1272 2656 puerorumque
1288 2619 1461 2647 multitudine
1474 2626 1565 2646 secum
1579 2618 1606 2645 in
1622 2618 1765 2652 captivita-

984 2672 1037 2694 tem
1053 2668 1180 2694 abducta.

1018 2712 1211 2747 Superioribus
1229 2711 1309 2739 annis
1326 2711 1435 2746 quidam
1458 2716 1538 2738 natus
1559 2711 1585 2737 in
1602 2710 1689 2737 insula
1714 2709 1763 2736 Mi-

982 2760 1080 2794 tylene,
1108 2759 1151 2786 cui
1182 2765 1279 2785 nomen
1294 2757 1482 2790 Citairadiues,
1504 2758 1644 2792 insigniter
1664 2756 1765 2783 navalis

982 2805 1083 2832 militia:
1111 2804 1213 2838 peritus
1246 2807 1394 2830 evaserat:
1412 2811 1444 2831 ac
1469 2803 1609 2838 piraticam
1631 2809 1765 2828 exercens

981 2850 1118 2878 ntultotics
1144 2848 1212 2875 ntari
1237 2856 1299 2876 cum
1325 2848 1486 2876 Christianis
1513 2847 1681 2875 conﬂixerat.
1713 2845 1763 2874 Ubi

980 2897 1035 2932 jam
1048 2903 1104 2923 rem
1116 2894 1237 2927 iecisset,
1252 2901 1333 2922 naves
1344 2894 1446 2930 aliquot
1462 2893 1605 2926 instruxit;
1622 2892 1761 2920 adiuncto-
