1962 3071
214 154 266 185 σῆς]

845 152 1021 182 ANNALES
1039 151 1204 181 TURCICI.

1781 146 1836 177 Cm

215 219 267 244 quo
290 211 339 236 sibi
364 210 486 236 sodalitio
503 209 682 244 quoruuulum
709 210 880 244 egrrgiornm
904 210 991 236 homi-
1008 213 1029 240 Α
1045 209 1140 244 begus,
1163 208 1260 234 hcllum
1278 207 1364 233 intulit
1384 214 1490 240 :eoqtr:
1507 207 1676 239 interempto.
1703 204 1830 231 ditionrm

214 264 289 288 rum,
307 260 332 282 et
349 256 464 282 nominis
477 255 646 282 addictorum
669 255 782 289 imperio
796 275 802 287 ,
820 263 880 282 cum
900 255 996 282 iisdem

214 303 242 329 in
256 302 412 329 Barbariam
430 301 576 336 profectus,
593 301 686 328 urbem
699 301 834 328 Ccsairem
847 301 997 335 occupavit,

213 356 244 374 ac
260 348 309 374 sibi
330 348 452 373 retinuit.

250 393 307 425 Qua
323 394 431 426 quidem
449 400 476 418 re
492 392 606 419 feliciter
621 391 743 419 conferta
756 413 762 423 ,
780 399 826 425 per
844 392 997 418 universam

214 439 316 464 ltaliam
334 446 429 464 nomen
446 439 530 471 ipsius
547 439 675 464 inclaruit
688 446 695 466 :
709 438 878 472 inditumquc
901 438 950 464 fuit
973 438 998 464 ci

213 492 362 517 cognomen
375 484 408 510 ab
424 484 506 516 Italis,
524 485 563 511 uti
577 484 655 518 vulgo
671 483 833 513 Bnrllarussa
851 484 997 510 diceretur.

214 529 283 556 Idem
301 531 446 562 quotannis
460 531 567 556 sultauo
582 530 676 557 Selitni
688 534 714 556 et
724 530 868 556 th-iurtni
886 537 997 556 munera

213 575 334 609 quredam
354 576 518 603 missitabat.
544 577 665 609 Quorum
692 575 780 607 alter,
808 575 997 608 Solcimanes,

213 620 262 646 viri
281 622 400 653 virtute,
430 629 574 656 rerumque
600 627 736 657 gestarum
766 621 837 648 fama
865 622 995 656 cognita,

214 667 304 694 missis
319 667 422 702 legatis,
436 668 558 694 invitarit
569 668 706 695 hominem
725 669 761 694 uti
778 667 811 695 ad
828 675 857 695 se
881 668 996 695 veniret.

213 712 392 739 Chairadincs
405 713 504 740 idoneo
518 714 620 740 Cesairi
637 713 763 748 prazsidio
777 713 914 746 imposito.
927 717 997 740 stre-

216 764 390 791 nuorumqnc
406 759 527 784 virorum
543 777 550 789 ,
574 762 601 784 et
620 758 918 787 sibi‘amirissimorum
935 757 997 784 tldci

215 803 323 829 civitate
338 802 454 836 credita,
471 804 595 831 triremes
612 805 715 838 aliquot
730 804 815 831 milite
840 803 994 837 complevit.

213 853 240 874 et
252 849 516 883 Constantinopolim
534 849 668 884 profectus
687 854 738 877 est.
752 849 790 876 Eo
799 857 860 877 cum
874 849 996 884 appulis-

1050 255 1136 289 ipsius
1148 254 1173 280 iu
1184 257 1344 287 potestatem
1356 252 1467 286 redegit.
1480 252 1515 278 Ea
1528 259 1556 278 re
1567 251 1674 278 sultano
1684 250 1829 277 Soleimaui

1049 300 1186 330 nuntiata,
1201 306 1357 333 supremum
1372 298 1486 324 vezirem
1500 305 1589 328 suum,
1608 297 1756 322 lbahimem
1771 296 1832 322 bas-

1050 354 1118 378 sam,
1130 346 1174 380 qui
1186 345 1256 380 apud
1269 345 1407 372 sultauum
1421 351 1534 371 summa)
1548 343 1718 370 auctoritatis
1732 347 1790 369 erat
1804 346 1830 368 et

1050 391 1192 426 potentis,
1210 398 1293 424 supra
1307 390 1402 417 bassas
1419 397 1451 416 ac
1468 390 1572 416 vczires
1593 396 1689 416 omnes
1706 394 1830 419 evecrus.

1049 438 1130 472 idque
1144 444 1240 463 nomen
1256 436 1289 462 ab
1299 443 1332 463 eo
1343 439 1516 467 consecutus,
1539 440 1566 461 ut
1580 434 1630 461 Scr
1643 434 1725 461 Alker
1735 433 1832 460 Sullani

1051 482 1245 514 nominaretur,
1263 481 1497 514 Constantinopoli
1523 480 1656 512 ablegavit
1671 479 1697 505 iu
1729 481 1833 506 Anato-

1041 526 1122 559 'iiam,
1137 533 1162 554 et
1175 527 1314 554 Romanis:
1327 526 1513 560 Anatoliaeque
1525 526 1610 560 copiis
1626 524 1756 559 praefecit:
1771 531 1832 550 cum

1049 574 1147 608 quibus
1164 573 1208 600 ille
1224 573 1372 606 Chalepum
1389 572 1464 599 adiit.
1484 577 1511 598 et
1525 572 1587 599 inde
1606 571 1830 598 Carachetnidam

1050 619 1176 653 perrexit.
1196 618 1253 645 Huc
1270 618 1312 645 ubi
1327 617 1454 649 venisset.
1469 617 1595 645 Ulumam
1612 618 1708 651 hegum
1729 617 1833 651 praemi-

1050 666 1086 691 sit
1103 665 1130 691 in
1145 663 1282 691 Parthiam
1295 683 1302 696 ,
1320 663 1366 698 qui
1383 663 1438 690 dux
1455 663 1560 690 itineris
1576 667 1659 689 esset:
1678 667 1759 696 atque
1776 661 1832 695 ipse

1049 710 1174 743 vestigiis
1191 709 1264 736 illius
1292 709 1439 740 inhaerens,
1455 717 1469 735 a
1487 712 1561 743 tergo
1572 712 1682 735 secutus
1695 712 1747 740 est,
1762 714 1833 734 anno

1048 755 1096 782 9n
1113 754 1188 789 (Chr.
1204 754 1296 789 1555).

1086 800 1142 827 lloc
1159 800 1240 827 modo
1255 800 1413 827 continuata
1429 799 1608 834 profectione,
1629 799 1738 826 nomine
1764 798 1833 824 τεεί-

1049 850 1147 878 stentc,
1179 845 1332 874 Tebrisium
1361 845 1399 872 illi
1421 850 1612 880 pervenerunt.
1645 845 1744 871 Aberat
1761 844 1832 871 enim

214 899 255 922 set
269 913 277 925 .
308 902 417 921 manum
437 902 486 929 pro
501 902 575 921 more
599 896 707 922 sultauo
722 895 870 922 Soleimani
885 895 994 922 oscula-
1011 887 1031 914 Β
1047 890 1151 918 Scadus
1167 892 1191 918 id
1220 891 1350 924 temporis
1381 890 1415 917 ab
1439 891 1484 918 illa
1499 890 1650 925 provincia.
1678 890 1776 916 bellum
1807 890 1832 916 in

214 945 258 966 tus
286 943 350 973 est.‘
369 939 479 973 Excepit
500 939 636 967 hominem
667 940 792 967 sultanus
821 948 888 968 sane
915 947 994 974 quam

214 985 362 1013 honorifice
376 1005 383 1018 ,
407 987 609 1020 constitutaque
632 986 733 1014 salario
752 986 917 1021 quadragies
932 993 997 1014 ceu-

214 1037 270 1058 tum
287 1032 399 1058 millium
413 1038 554 1066 asprorum
569 1039 674 1062 annuo.
701 1031 895 1066 Beglerbegum
914 1031 999 1058 maris

213 1086 369 1112 supremum
389 1079 498 1110 creavit,
515 1082 540 1104 et
556 1077 589 1104 ad
602 1078 698 1105 veziris
709 1078 868 1112 dignitatem
888 1078 997 1108 evexit:

214 1125 285 1151 unde
301 1131 398 1151 nomen
413 1124 438 1150 ei
451 1124 556 1156 datam,
568 1129 597 1151 ut
612 1124 788 1152 Chairadines
804 1124 997 1158 appellaretur.

216 1170 319 1197 Nactus
334 1177 398 1202 ergo
414 1170 492 1204 plena
504 1168 571 1197 cum
591 1173 723 1204 potestate
741 1169 824 1196 maris
841 1169 998 1204 imperium,

213 1220 318 1242 rentum
337 1215 461 1242 triremes
479 1215 505 1242 in
522 1223 597 1242 mare
612 1215 708 1242 deduci
727 1219 753 1242 et
769 1215 877 1243 instrui.
898 1214 1000 1241 milite-

212 1270 264 1296 que
289 1261 418 1295 compleri
432 1262 526 1296 jussit.
542 1266 569 1289 at
585 1269 645 1289 cum
663 1263 697 1289 iis
710 1261 828 1288 Moream
845 1261 922 1288 adiit.
937 1260 996 1293 Qua

214 1316 241 1333 rc
264 1307 427 1336 Christianis
441 1309 575 1341 nuntiata,
589 1315 649 1335 mox
664 1307 702 1335 illi
719 1307 896 1343 regionemIet
909 1315 999 1339 arces,

213 1360 281 1386 quas
302 1358 514 1386 occupaverant,
531 1353 654 1380 desertas
667 1353 810 1387 reliquere,
826 1352 1000 1379 conscensis-

212 1405 266 1431 que
283 1397 398 1424 navibus
413 1397 481 1429 suis,
495 1397 558 1424 imle
570 1398 765 1426 discesserunt.
780 1399 803 1424 Α
829 1398 1000 1426 Christiano-

215 1449 273 1468 rum
292 1442 378 1475 abitu,
398 1443 512 1470 trecenti
529 1442 666 1476 Genizari,
685 1444 824 1478 Azapique
838 1444 951 1471 totidem
968 1445 997 1471 in

213 1496 243 1514 ca
261 1487 335 1515 l‘uerc
350 1488 408 1515 loca
431 1488 525 1522 missi,
543 1489 589 1523 qui
607 1493 634 1516 et
649 1488 775 1522 Corona,
789 1494 815 1517 et
829 1489 935 1524 oppidis
947 1497 1001 1517 cte—

216 1534 282 1561 toris
299 1534 425 1569 praesidio
444 1539 545 1562 essent.
560 1534 625 1562 lude
641 1534 822 1563 Chairadiues
838 1535 919 1563 bassa
935 1543 998 1564 cum

215 1579 309 1605 eadem
325 1578 412 1605 classe
427 1578 454 1605 in
471 1578 630 1606 Barbariam
649 1579 799 1615 protectus,
816 1581 910 1608 urbem
927 1581 1000 1608 cele-

216 1624 289 1650 brem
307 1622 478 1657 Tunisinam,
491 1632 552 1659 qua
564 1632 578 1651 a
599 1624 700 1653 Mauris
717 1625 854 1658 incolitur,
875 1633 997 1661 oecupa-

216 1674 269 1698 l-un
285 1678 335 1697 suo
362 1670 478 1705 subjeclt
499 1670 624 1705 imperio,
641 1679 713 1698 anno
727 1670 779 1699 940
793 1671 869 1706 (Chr.
886 1671 975 1706 1534).

251 1717 349 1743 Eodem
360 1716 538 1751 hoctempore
545 1721 629 1752 capta!
639 1725 652 1743 .1
662 1717 826 1745 Chairadine
833 1719 912 1745 bassa
919 1717 1003 1745 Tuni-

215 1763 263 1794 sis.
270 1762 380 1797 quidam
389 1770 404 1790 e
413 1770 527 1789 numero
536 1763 723 1790 Parthicorum
734 1771 877 1798 procerum
887 1762 1002 1792 Ulumas

216 1807 310 1842 begins,
326 1814 340 1833 a
361 1808 460 1834 scacho
476 1806 620 1834 Techmasi
637 1808 691 1834 lilio
703 1808 794 1835 scachi
807 1808 934 1841 lsmailis,
950 1809 998 1836 de—

214 1851 295 1886 tech’,
310 1852 372 1879 licet
383 1853 468 1886 ipsius
479 1852 570 1879 scachi
582 1860 702 1880 sororem
715 1853 825 1880 haberet
848 1854 1001 1889 conjugem.

215 1899 305 1932 Itaque
325 1896 456 1933 profugus
470 1905 485 1925 e
502 1897 621 1929 Parthia,
631 1897 891 1932 Constantinopolim
912 1905 1003 1926 acces-

214 1944 249 1970 sit
262 1952 268 1971 :
283 1947 309 1969 et
321 1944 441 1978 prastito
461 1943 640 1978 subjectionis
661 1949 833 1972 sacramento
855 1945 1002 1972 Soleimani

214 1997 243 2016 se
267 1995 350 2017 totum
366 1990 480 2017 addixit.
495 1990 533 2018 De
550 1990 631 2026 hujus
659 1990 709 2018 viri
741 1991 855 2018 consilio
877 1991 1001 2019 sultanus

214 2037 383 2064 Soleimanes
402 2036 600 2072 expeditionem
622 2036 777 2064 Parthicam
799 2037 940 2071 suscipere
952 2044 1000 2065 co-

216 2082 329 2115 gitabat,
340 2089 400 2110 eam
413 2086 565 2118 praetexens
575 2083 638 2110 belli
648 2090 770 2114 causam.
783 2083 855 2118 quod
866 2082 1000 2116 Scachus,

215 2128 273 2155 suis
293 2135 355 2155 cum
374 2127 534 2162 proceribus
553 2132 581 2154 et
599 2127 736 2161 subditis,
757 2128 870 2156 minime
897 2133 999 2155 rectam

214 2173 351 2208 religionis
365 2172 571 2207 amplecteretur
584 2172 757 2204 sententiam,
774 2180 824 2200 nec
833 2173 924 2200 debito
935 2181 1001 2208 qna-

1049 936 1207 964 Chorasane
1231 941 1326 963 contra
1347 935 1446 963 Kezien
1475 937 1583 963 bassam
1612 943 1719 970 gerens.
1748 936 1794 969 qui
1809 935 1833 962 ei

1048 982 1231 1010 Chorasaneut
1244 983 1349 1016 eripcre
1364 982 1480 1010 volebat.
1494 981 1561 1009 Cum
1573 982 1682 1016 propius
1697 981 1730 1008 ad
1741 981 1835 1008 Tebri-

1049 1028 1119 1055 sium
1136 1027 1329 1060 accessissent,
1342 1029 1436 1055 urbem
1454 1029 1580 1055 invertere
1594 1028 1742 1056 dt‘SOt‘l-‘tm.
1754 1026 1834 1063 345

1048 1078 1075 1100 et
1091 1073 1288 1100 habitatoribus
1304 1081 1426 1101 vacuam.
1443 1073 1606 1100 lbrahimem
1626 1081 1691 1101 vero
1710 1074 1833 1108 prauus-

1049 1126 1108 1146 sutn
1125 1121 1158 1145 ad
1175 1119 1375 1153 expeditionem
1393 1120 1472 1151 hanc.
1491 1127 1565 1146 anno
1581 1119 1631 1146 9M
1649 1119 1725 1154 (Chr.
1743 1119 1834 1153 1555).

1050 1168 1160 1190 secutus
1174 1167 1216 1190 est
1237 1164 1349 1197 ipsemet
1370 1163 1547 1196 Soleimanes,
1573 1171 1635 1190 cum
1649 1164 1784 1198 genizaris
1810 1171 1838 1192 ct

1049 1207 1109 1235 aliis
1133 1207 1220 1234 Porta
1240 1208 1337 1241 copiis,
1362 1215 1394 1235 ea
1417 1209 1565 1241 celeritate,
1588 1213 1616 1235 ut
1639 1216 1694 1242 quo
1716 1214 1838 1243 tempore

1050 1253 1201 1281 Tebrlsium
1230 1253 1380 1281 lbrahimes
1413 1254 1554 1289 ingressus
1571 1259 1630 1286 est,
1668 1254 1837 1292 Soleimanes

1050 1297 1240 1326 Carahemida:
1274 1300 1359 1333 portis
1391 1299 1557 1327 immineret.
1585 1299 1690 1328 Interea
1721 1301 1837 1329 scachus

1051 1346 1132 1373 etiam
1152 1345 1317 1372 Techmases
1337 1345 1449 1380 propius
1481 1345 1514 1373 ad
1531 1345 1684 1373 Tebrisium
1701 1354 1767 1374 suos
1782 1347 1835 1374 ad-

1052 1391 1183 1423 duxerat.
1204 1395 1234 1418 ut
1254 1391 1314 1418 istic
1332 1391 1493 1419 lbrahimem
1530 1392 1641 1420 hassatn
1659 1394 1836 1427 opprimeret.

1054 1435 1204 1463 lbrahimes
1232 1436 1319 1463 hostis
1347 1441 1446 1464 conatu
1462 1438 1571 1472 cognito
1591 1461 1599 1473 ,
1628 1439 1731 1472 absque
1762 1447 1838 1466 mora

1053 1482 1233 1510 Soleimanem
1249 1483 1393 1510 certiorem
1407 1483 1534 1513 reddidit:
1549 1485 1593 1519 qui
1608 1485 1754 1519 duplicatis
1769 1493 1838 1520 quo-

1055 1528 1329 1562 tidianisitineribus.
1349 1530 1492 1558 celerrime
1509 1531 1661 1559 ’l'ebrisium
1687 1532 1834 1565 advolavit,

1053 1580 1151 1603 etcum
1161 1575 1296 1604 lbrahime
1305 1584 1335 1604 se
1344 1577 1620 1613 conjunxit.Comque
1630 1586 1677 1613 per
1685 1579 1839 1613 explorato-

1050 1629 1095 1649 res
1114 1621 1321 1656 intellexissent.
1341 1623 1441 1658 quibus
1453 1624 1479 1650 in
1497 1624 1564 1652 locis
1576 1615 1737 1652 Parthoruin
1759 1633 1840 1653 exer-

1051 1668 1121 1696 citus
1134 1668 1254 1704 degeret,
1267 1675 1341 1698 recta
1352 1670 1380 1697 in
1391 1678 1437 1698 eos
1447 1671 1560 1700 duxere.
1572 1671 1641 1700 Tum
1654 1679 1718 1699 vero
1733 1672 1839 1707 Parthi,

1052 1716 1099 1751 qui
1112 1716 1146 1744 de
1165 1715 1327 1745 Soleimanis
1344 1717 1462 1744 adventu
1478 1724 1540 1745 cum
1557 1719 1691 1753 genizaris
1703 1726 1736 1746 ac
1752 1719 1841 1755 Porta:

1052 1760 1184 1789 militibus
1200 1761 1305 1788 caeteris
1322 1766 1502 1796 acceperant,
1525 1769 1607 1797 seque
1628 1763 1674 1789 tali
1695 1763 1840 1790 machina-

1052 1814 1113 1834 rum
1128 1806 1287 1834 bellicarum
1304 1808 1456 1842 apparatui,
1479 1809 1618 1842 tantisque
1636 1809 1721 1843 copiis
1734 1817 1840 1844 nequa-

1052 1860 1134 1888 quam
1147 1853 1276 1880 resistere
1285 1860 1365 1888 posse
1376 1858 1529 1886 cernerent,
1539 1854 1692 1882 Sullaniam
1707 1855 1842 1891 profuge-

1053 1901 1126 1924 runt.
1155 1897 1292 1925 Osmanici
1323 1897 1406 1925 nimia
1439 1902 1659 1931 tormentorum,
1691 1907 1809 1928 annonae
1827 1923 1836 1932 ,

1052 1942 1245 1975 tentoriorum,
1261 1950 1401 1976 curruum,
1417 1948 1445 1971 et
1462 1944 1577 1972 aliarum
1597 1946 1687 1981 magni
1707 1947 1838 1982 ponderis

1052 1995 1142 2014 rerum
1160 1988 1238 2023 copia
1254 1989 1357 2022 gravati
1372 2009 1379 2022 ,
1399 1995 1532 2018 tormenta
1551 1999 1611 2019 cum
1631 1992 1839 2028 impedimentis

1051 2034 1157 2060 cas-teris
1173 2038 1354 2062 trecentorum
1370 2035 1570 2070 genizaromm,
1584 2045 1614 2064 ac
1629 2039 1711 2066 trium
1731 2040 1841 2074 ωηιξη,

1051 2085 1146 2107 corum
1170 2080 1296 2114 prasidio
1325 2082 1440 2116 munita,
1467 2083 1621 2112 Tebrlsium
1660 2087 1840 2118 remiserunt.

1050 2128 1133 2158 atque
1160 2125 1212 2153 hoc
1239 2127 1320 2154 modo
1348 2127 1412 2156 tacti
1443 2129 1646 2164 expeditiores,
1680 2131 1839 2162 Parthicum

1051 2171 1164 2197 militem
1193 2172 1323 2200 acritera
1349 2178 1426 2209 tergo
1455 2178 1582 2211 persequi
1616 2184 1738 2216 cepere.”
1767 2178 1843 2207 Tum

214 2224 276 2246 tuor
303 2218 466 2245 Hahumctis
486 2218 630 2252 prophetas
657 2219 761 2246 honore
780 2224 999 2254 prosequemur.
1016 2228 1038 2256 υ
1054 2223 1119 2243 vero
1132 2216 1225 2252 fugere
1238 2217 1341 2253 Parthi,
1353 2220 1521 2256 fugientibus
1550 2223 1653 2251 instare
1684 2223 1841 2256 Osmanici:

215 2264 272 2292 Ilac
287 2263 321 2291 de
337 2271 418 2291 causa
430 2263 607 2297 dignissimos
623 2264 763 2297 censebat,
781 2265 881 2300 quibus
899 2265 998 2292 bellum

214 2311 370 2343 inferretur,
385 2310 432 2345 qui
461 2310 661 2343 occiderentur,
687 2311 810 2346 adeoque.
825 2312 935 2346 penitus
953 2321 1000 2339 ex-

214 2357 403 2391 sul-parentur.
418 2355 510 2391 itaque
532 2355 700 2384 Soleiuiancs
725 2357 777 2384 hoc
790 2357 860 2384 bello
876 2357 1000 2390 «li-creto,

214 2403 404 2438 Sungiacatum
423 2401 526 2430 Ulumaa
554 2402 621 2438 bego
652 2411 733 2437 supra
761 2405 914 2436 nominato,
946 2413 999 2431 non

213 2450 306 2484 procul
336 2457 350 2476 a
374 2448 578 2480 Carahemida.
613 2450 758 2477 concessit.
791 2449 904 2477 Utumas
934 2457 1000 2478 vero

214 2496 429 2531 Conatatinopoli
461 2495 625 2531 quibusdam
658 2495 801 2522 conductis
831 2496 938 2530 copiis,
973 2495 1000 2522 in

214 2542 405 2577 Sangiacatum
423 2549 478 2569 sua:
493 2542 623 2570 creditum
638 2542 699 2569 lidéi
724 2550 785 2569 cum
798 2542 838 2570 eis
863 2542 1002 2576 profectus

214 2592 266 2614 est.
291 2586 371 2613 Missa
385 2595 494 2622 quoque
505 2587 616 2614 fuerunt
630 2588 663 2615 ad
679 2593 793 2615 ceteros
805 2588 878 2615 illius
892 2589 1002 2623 provin-

213 2632 264 2658 ciae
278 2631 426 2666 Sangiacos
442 2639 456 2658 a
471 2632 579 2659 sultano
598 2631 752 2659 Soleiniaue
776 2632 914 2660 mandata.
940 2633 1000 2667 qui-

217 2679 267 2705 bus
281 2677 489 2713 pracipiebatur
504 2684 532 2705 ιιι
553 2677 656 2714 Ultima
682 2679 761 2713 bcgo,
781 2680 890 2714 quoties
909 2679 935 2705 in
954 2679 1002 2706 ho-

215 2728 283 2748 stem
296 2721 467 2756 proiecturus
477 2726 559 2755 esset,
574 2722 799 2757 obsequerentur.
816 2722 928 2750 Ulumas
939 2730 1003 2758 ergo

214 2769 353 2794 decretum
366 2767 417 2794 sibi
429 2766 621 2803 Saugiacatum
637 2769 788 2803 ingressus,
803 2769 924 2797 collectis
940 2769 1001 2803 ejus

215 2813 334 2847 wgionis
363 2813 521 2848 proceribus
554 2813 706 2850 Sangiacis,
745 2815 864 2850 ipsorum
887 2815 999 2849 adjutus

215 2860 336 2894 auxiliis,
357 2860 531 2888 Curdistauio
551 2861 676 2894 principi,
706 2860 748 2887 cui
773 2868 869 2889 nomen
894 2860 1002 2888 Sercl‘cs

1052 2264 1138 2291 donec
1153 2264 1224 2292 haud
1239 2266 1332 2300 procul
1345 2266 1380 2293 ab
1393 2267 1493 2302 oppido
1506 2267 1662 2297 ﬂemedane
1678 2276 1844 2305 perventum

1052 2309 1158 2338 fuisset.
1171 2309 1208 2337 lhi
1222 2318 1284 2338 cum
1307 2311 1415 2346 pluviis,
1430 2318 1457 2340 et
1470 2317 1722 2350 aunonaapenuria.
1734 2322 1842 2344 tantum

1052 2353 1138 2389 frigus
1149 2354 1310 2383 Osntanicos
1324 2359 1460 2392 oppressit
1471 2378 1478 2390 ,
1501 2363 1530 2386 ut
1546 2359 1656 2394 plurimi
1673 2365 1727 2388 tam
1742 2369 1845 2390 manus

1052 2408 1133 2434 quam
1151 2401 1231 2435 pedes
1250 2409 1265 2429 a
1283 2402 1383 2438 frigore
1401 2404 1480 2432 laesos
1500 2405 1667 2438 amitterent,
1699 2415 1730 2434 ac
1751 2407 1846 2435 incre-

1052 2447 1143 2474 dibilis
1159 2448 1301 2475 hominum
1317 2469 1324 2481 ,
1342 2449 1585 2488 jumentorumque
1604 2453 1751 2480 multitudo
1769 2454 1845 2482 fame

1053 2493 1186 2521 interiret.
1207 2494 1340 2523 Praeterea
1366 2497 1502 2531 contigit,
1535 2503 1564 2525 ut
1589 2499 1615 2526 in
1647 2500 1706 2534 ipso
1737 2506 1845 2528 conatu

1059 2541 1262 2568 transmittendl
1277 2543 1376 2575 amnis,
1391 2545 1438 2579 qui
1453 2544 1543 2573 Dacus
1554 2546 1636 2574 Gezid
1650 2553 1774 2579 vocatur,
1794 2549 1848 2575 ttu-

1054 2594 1114 2613 meu
1130 2586 1197 2613 illud
1215 2588 1292 2621 aquis
1309 2588 1409 2622 pluviis
1431 2589 1577 2618 adauctum
1602 2592 1778 2620 vehementer
1803 2593 1850 2620 in-

1054 2636 1230 2660 tumesceret.
1254 2633 1370 2669 Ideoque
1392 2634 1447 2662 dici
1471 2643 1525 2663 non
1552 2642 1655 2672 potest,
1683 2643 1750 2672 quot.
1779 2639 1849 2666 istic

1055 2678 1187 2712 homines,
1197 2679 1330 2713 jumenta,
1343 2688 1432 2708 rerum
1446 2682 1561 2709 aliarqu
1575 2684 1690 2711 sarcina
1702 2684 1850 2718 perierint;

1055 2724 1177 2758 adeoque
1191 2725 1225 2752 de
1240 2732 1288 2752 Sua
1307 2726 1421 2760 quilibet
1438 2729 1526 2755 salute
1544 2729 1716 2763 desperabat.
1728 2729 1852 2762 Quando

1056 2767 1137 2802 igitur
1164 2770 1301 2797 exercitus
1350 2771 1493 2800 Parthicus
1523 2781 1657 2808 nusquam
1687 2777 1850 2809 apparebat,

1058 2821 1108 2840 nec
1135 2815 1199 2841 sciri
1227 2820 1345 2850 poterat,
1376 2825 1494 2852 quonam
1521 2827 1549 2846 se
1578 2821 1725 2855 recepisset
1748 2830 1755 2854 ;
1775 2822 1850 2848 alia-

1055 2865 1106 2892 que
1118 2859 1190 2886 nulla
1208 2862 1281 2894 regio
1294 2860 1428 2896 Bagadzxtc
1444 2864 1621 2898 prupithtlior
1634 2871 1703 2899 crat,
1716 2874 1777 2901 qtue
1790 2867 1827 2894 tui
1838 2881 1850 2887 -
