1962 3071
123 110 167 142 Gil

756 106 936 138 ANNALES
953 108 1121 138 TURCICI.

1697 110 1750 140 652

123 187 168 207 nus
178 177 284 206 hiberni
299 177 418 212 frigoris.
432 181 458 204 et
468 176 527 211 plus
537 176 637 204 caloris
648 175 778 206 haberet:
793 176 819 202 iu
832 175 903 202 hanc
919 173 940 203 Α
955 165 1174 212 φωιιιῖεηιτεηι-
1211 164 1251 192 Ad
1283 172 1418 212 summam
1431 186 1438 199 .
1466 164 1566 200 insigni
1610 165 1748 200 regionem

122 226 168 254 sibi
189 224 358 252 Soleimanes
379 223 532 250 ducendum
552 223 647 250 statuit
668 223 828 250 exercitum.
850 222 901 249 Ubi

122 273 227 307 propius
241 271 274 297 ad
289 270 383 297 urbem
403 269 574 300 accessisset,
593 269 694 303 apertis
720 269 814 296 ineolre
843 276 905 302 por-

124 321 172 351 Iis,
189 325 248 344 eam
269 315 433 343 Soleimanis
454 315 580 350 potestati
600 315 761 350 permisere.
780 314 905 349 Quapro-

123 369 177 399 pter
197 363 353 397 ingressus,
375 361 496 388 nonnihil
515 361 575 388 istic
597 369 627 389 se
646 361 790 388 recreavit.
811 359 907 387 Omnis

122 408 198 437 etiam
215 407 326 443 Bugdati
341 407 454 434 ﬁnitima
473 407 545 442 regio
560 414 589 434 se
614 407 777 433 Solcimanis
793 406 908 440 imperio

122 454 255 482 submisit.
280 452 339 487 Quo
364 452 476 485 factum,
509 457 539 479 ut
567 452 758 487 beglerbegum
786 451 813 478 in
840 451 908 478 urbe

122 498 316 529 constitueret,
337 496 478 531 lpsamque
498 496 666 530 provinciam
688 496 714 522 in
735 496 908 530 sangiaeatus

122 544 280 578 partiretur.
309 541 442 569 Praeterea
468 541 598 576 Bagadati
611 540 729 568 militare
752 539 906 574 praesidium

123 588 262 623 imposuit.
278 588 359 623 eiquc
373 588 407 615 de
424 587 569 614 tormentis
586 587 691 614 bellicis
707 591 734 613 et
749 586 811 613 aliis
827 587 908 613 rebus

122 634 294 664 necessariis,
309 640 480 668 annonaeque
495 633 571 667 copia
591 633 740 668 prospexit:
760 639 821 658 cuni
832 633 909 667 prius

72 678 79 688 ‘
123 682 214 708 urbem
235 679 394 712 muniisset,
409 683 436 706 et
451 686 549 714 aquam
568 686 583 705 e
597 677 708 705 ﬂumine
722 677 865 704 dirivstam
882 677 909 704 in

124 727 208 755 fossas
228 726 345 754 urbanas
362 725 531 753 immisisset.
549 723 605 752 Hoc
621 728 745 759 tempore
760 719 907 758 supremus
926 731 931 736 '

123 772 322 809 Dephterdarns
339 772 396 800 sive
423 771 561 798 maximus
577 770 667 798 aerarii
687 769 849 805 praefectus,
871 768 910 796 ls-

123 816 239 848 cbender
253 819 371 852 Zelebis,
385 819 456 854 apud
473 819 613 846 sultanum
632 816 816 844 Soleimanem
833 816 908 843 dela—

124 872 166 894 tus
179 867 241 898 fuit,
266 866 301 893 ob
324 869 454 892 tractatos
477 863 602 898 nequiter
630 863 774 890 thesauros
796 862 908 897 regios:
924 875 948 905 Β

124 921 200 948 quem
221 916 299 939 extra
325 911 419 938 urbem
446 911 497 937 hoc
521 909 631 936 nomine
660 909 790 943 suspendi
814 908 907 943 jussit,

124 959 256 987 universis
274 957 447 985 facultatibus
463 956 524 991 ejus
544 956 610 982 ﬁsco
629 954 786 990 applicatis.
806 954 909 981 Interea

123 1013 202 1038 vero,
231 1005 295 1031 dum
325 1003 495 1030 Solcimanes
526 1002 596 1029 intra
621 1000 766 1036 Bagadatis
795 1006 909 1030 muros,

123 1051 259 1079 exercitus
282 1049 349 1076 foris
367 1049 394 1076 in
417 1048 539 1076 hibernis
559 1048 688 1080 haerebat,
706 1046 806 1081 prodiit
819 1046 911 1073 denuo

123 1097 237 1125 scacbus
252 1095 419 1123 Tecbmases
436 1095 462 1122 in
481 1098 603 1128 apertum
620 1093 679 1121 suis
694 1100 757 1120 cum
768 1091 867 1126 copiis,
884 1096 911 1119 et

123 1143 275 1171 Tebrisium
290 1143 342 1170 iter
357 1141 483 1169 instituit.
500 1140 566 1168 Inde
579 1147 641 1168 cum
655 1142 743 1174 Ipsum
759 1138 830 1165 haud
847 1145 910 1173 pro-

126 1190 169 1217 cul
189 1189 286 1216 abesse
319 1187 405 1216 relicti
424 1187 458 1214 ad
477 1185 633 1214 Tebrisium
654 1183 774 1218 sangiaci
788 1188 815 1210 et
833 1182 911 1219 geni-

123 1235 188 1266 zari,
214 1235 248 1261 de
268 1233 367 1269 quibus
389 1239 470 1267 supra
488 1231 603 1263 dictum,
632 1229 813 1263 accepissent,
839 1226 907 1262 quid

122 1280 255 1315 agendum
270 1279 320 1306 sibi
341 1279 391 1306 hoc
409 1283 474 1305 casu
490 1276 559 1305 foret
573 1296 581 1309 ,
595 1274 766 1310 ignorabant.
781 1273 848 1307 Quia
867 1278 911 1300 ta-

124 1335 185 1354 men
209 1326 468 1356 animadverterent,
496 1330 546 1350 nec
570 1322 605 1349 ad
629 1320 811 1348 resistendum
836 1319 908 1346 hosti

125 1379 176 1399 tam
193 1371 294 1406 potenti
308 1378 338 1398 se
351 1369 474 1398 sufﬁcere
487 1375 536 1396 nec
549 1369 576 1395 in
592 1372 715 1401 tempore
732 1365 783 1393 sibi
797 1371 912 1394 succur-

124 1421 145 1446 ri
163 1425 253 1453 posse,
272 1417 393 1444 sarcinas
411 1422 521 1447 omnes.
539 1418 566 1442 et
583 1418 718 1445 tormenta
735 1412 832 1440 bellica
847 1418 910 1439 cum

123 1466 205 1492 rebus
219 1463 252 1490 ad
264 1471 294 1490 ea
309 1461 482 1493 necessariis,
493 1465 521 1488 et
532 1459 663 1488 custodite
675 1466 733 1486 sua:
744 1458 909 1489 commissis,

124 1510 223 1537 ibidem
239 1509 416 1543 reliquerunt,
435 1514 467 1534 ac
484 1506 545 1541 fuga
560 1505 640 1533 saluti
654 1511 711 1532 sua
726 1504 903 1531 consuluere.

956 211 1029 238 illam
1046 211 1200 238 universam
1223 211 1330 239 excidio
1359 211 1472 244 afﬂixit,
1505 212 1618 246 direptis
1634 212 1749 238 misero-

958 264 1018 283 rum
1052 256 1200 284 incolarum
1232 256 1428 290 facultatibus,
1454 263 1481 284 et
1509 258 1660 292 absumptis
1690 265 1751 285 om~

957 303 1038 330 nibus
1071 303 1216 337 iumentis.
1248 303 1310 330 Post
1339 304 1406 330 hanc
1434 304 1631 332 vastationem.
1661 303 1750 331 Solei-

959 357 1053 377 manes
1067 350 1217 385 exercitum
1233 349 1442 377 Carahemidam
1463 350 1582 376 reduxit.
1606 350 1638 376 Et
1656 351 1751 384 dispo-

958 396 1027 422 situs
1053 403 1084 422 ac
1109 395 1218 422 relictus
1244 400 1303 422 erat
1327 403 1341 422 a
1368 401 1443 430 tergo
1469 395 1588 426 dundar,
1618 400 1645 420 ut
1665 394 1747 428 Turni

959 445 1075 468 vocant:
1088 441 1171 475 346
1182 441 1253 474 quod
1273 447 1451 467 vercreturne
1468 441 1493 467 io
1507 442 1563 475 ipsa
1583 441 1751 475 profectione

959 487 1074 513 scaclms
1090 487 1124 513 im
1130 488 1270 521 pressione
1281 486 1369 514 subita
1384 494 1448 514 suos
1459 488 1662 521 aggrederetur.
1673 488 1750 517 Quod

959 533 1067 567 quidem
1084 533 1120 559 ita
1137 541 1248 567 prorsus
1261 533 1372 560 accidit.
1389 532 1455 560 Nam
1476 534 1603 565 scacbus,
1616 534 1752 561 intellecto

960 578 1084 605 discessu
1101 578 1276 610 Soleimanis,
1301 580 1400 606 selecta
1426 579 1602 606 Cm‘izzorum
1627 580 1749 614 quinque

961 623 1044 650 millia
1069 631 1161 651 secum
1179 624 1306 658 sumpsit,
1325 631 1358 651 ac
1383 625 1584 651 veredariorum
1602 626 1628 652 in
1646 632 1750 652 morem

960 669 1123 697 Osuianicos
1138 678 1153 696 κ
1167 675 1242 704 tergo
1254 674 1365 697 secutus
1377 674 1420 697 est
1434 690 1442 703 ,
1460 670 1486 697 in
1501 670 1551 697 hoc
1563 678 1649 697 unum
1664 672 1753 698 inten-

962 720 1015 745 tus.
1031 719 1061 741 ut
1075 722 1122 742 eos
1139 714 1231 749 aliquo
1252 715 1416 743 detrimento
1430 715 1558 744 alliceret.
1588 717 1708 744 Tandem
1723 717 1751 743 in

961 768 1057 796 agmen
1071 761 1137 788 illud
1152 765 1305 788 extremum
1321 761 1428 794 incidit,
1444 763 1515 797 quod
1533 762 1640 789 duudar
1657 762 1751 797 appel-

962 808 1043 839 latur,
1059 807 1097 835 uti
1113 807 1250 835 diximms.
1268 808 1334 843 Ejus
1344 809 1442 836 ductor
1456 814 1516 836 erat
1531 809 1643 837 Ulumas
1656 811 1750 845 begns.

962 853 1005 879 cui
1018 858 1114 887 praeter
1124 853 1244 888 quinque
1256 853 1410 895 saugiacos,
1427 855 1620 889 septemdecim
1632 855 1748 882 millium

962 903 1135 926 strenuorum
1149 899 1262 926 militum
1276 899 1447 928 Solcimaues
1459 902 1632 929 attribuerat.
1645 903 1684 928 Ad
1702 903 1753 929 hos

962 953 1024 973 cum
1043 946 1162 974 scachus
1194 947 1349 975 advolasset
1379 948 1505 983 propius,
1524 957 1586 976 mox
1604 950 1629 977 in
1648 958 1694 977 eos
1713 951 1751 977 ir-

962 992 1028 1024 ruit,
1040 996 1068 1019 et
1079 1000 1160 1020 manu
1185 998 1322 1021 conserta.
1334 995 1458 1029 superior
1469 995 1538 1030 ipse,
1550 995 1649 1024 Turcis
1662 998 1751 1030 casis.

961 1038 1058 1065 evasit.
1079 1039 1242 1075 lnterempta
1261 1040 1336 1068 fuere
1367 1040 1519 1070 Turcorum
1544 1043 1576 1070 ad
1607 1043 1751 1071 duodecim

962 1083 1060 1116 millia,
1075 1083 1280 1119 desideratiquc
1295 1090 1351 1113 tres
1367 1087 1499 1121 sangiaci.
1515 1087 1636 1120 Quartus
1650 1089 1677 1115 in
1696 1089 1754 1115 ho—

960 1136 981 1158 Ι·
988 1129 1043 1156 ium
1053 1135 1214 1164 potestatem
1224 1133 1421 1166 venit,quintus
1429 1141 1491 1161 cum
1500 1133 1597 1162 Uluma
1606 1135 1675 1170 bego
1683 1135 1753 1171 fugat

962 1176 1094 1204 beneﬁcio
1103 1178 1256 1206 discrimini
1268 1185 1354 1207 semet
1369 1181 1477 1215 eripuit.
1492 1181 1616 1209 Seacbus
1630 1182 1682 1210 hoc
1696 1187 1751 1210 tam

963 1223 1080 1251 feliciter
1090 1229 1210 1260 pugnate
1224 1226 1318 1260 praelia
1333 1232 1492 1259 contentus,
1510 1228 1576 1256 nihil
1596 1229 1753 1264 periclitan-

962 1269 1026 1298 dum
1039 1271 1144 1305 putavit
1160 1271 1285 1305 ulterius,
1297 1273 1369 1307 quod
1382 1273 1454 1300 hosti
1468 1281 1501 1301 ea
1515 1274 1604 1310 aliqua
1613 1282 1689 1310 parte
1703 1284 1754 1310 par

962 1317 1019 1351 pari
1032 1317 1144 1345 relatum
1153 1318 1341 1347 arbitraretur:
1354 1319 1414 1347 ideo
1421 1328 1474 1355 que
1483 1325 1556 1348 retro
1564 1329 1625 1349 cum
1637 1323 1754 1350 victrici-

963 1364 1013 1392 bus
1021 1364 1107 1398 copiis
1123 1364 1156 1391 ad
1168 1372 1233 1392 suos
1245 1365 1323 1393 abiit.
1333 1366 1392 1401 Ipse
1402 1367 1688 1402 quoqueﬁoleimanes
1696 1369 1752 1404 jam

962 1412 1142 1439 Carahemida
1167 1412 1345 1446 discusserat,
1364 1413 1513 1450 Chalepum
1541 1421 1646 1450 petens,
1678 1417 1752 1444 unde

962 1459 1112 1493 digressus,
1141 1458 1184 1487 die
1199 1460 1306 1487 decimo
1320 1466 1419 1496 quarto
1438 1461 1541 1489 mensis
1558 1461 1672 1490 Rezelns
1681 1463 1754 1491 Con-

964 1504 1166 1539 stantinopolim
1193 1506 1297 1540 appulit
1309 1526 1318 1539 ,
1335 1514 1408 1534 anno
1421 1507 1474 1534 9-52
1488 1508 1565 1544 (Chr.
1590 1509 1679 1545 1556).

125 1554 246 1581 Scachus
259 1553 411 1580 chrisium
428 1553 578 1586 ingressus,
593 1557 688 1577 omnes
705 1550 771 1576 istas
787 1549 910 1576 sarcinas
924 1549 945 1578 C
999 1552 1067 1578 Dum
1089 1551 1144 1578 illic
1159 1551 1192 1579 ad
1213 1557 1320 1587 tempus
1341 1553 1449 1589 aliquod
1468 1562 1483 1582 a
1511 1556 1590 1584 bellis
1610 1557 1752 1585 abalincng

123 1605 150 1627 ct
167 1599 358 1633 impedimenta
371 1598 447 1625 militi
461 1605 511 1624 suo
522 1596 672 1631 diripienda
689 1595 835 1622 concessit:
852 1594 909 1621 bel-

124 1646 174 1673 lica
188 1653 252 1672 vero
267 1648 398 1672 tormenta
411 1663 418 1676 ,
437 1651 499 1671 cum
517 1643 643 1670 universo
656 1642 689 1669 ad
705 1650 736 1668 ca
752 1641 905 1676 pertinente

124 1697 267 1726 apparatu,
283 1689 450 1717 concremari
466 1689 558 1724 jussit;
581 1693 609 1715 et
628 1687 761 1722 quidquid
790 1686 823 1714 de
840 1693 904 1713 ma-

124 1737 214 1764 chinis
233 1736 338 1763 bellicis
356 1735 575 1769 colliquefactmu
598 1733 715 1760 ﬂammis
732 1732 839 1759 absumi
857 1739 911 1758 oon

124 1787 258 1818 potuerat,
285 1781 317 1808 ad
344 1781 489 1817 signaudos
512 1787 657 1815 mauguros
683 1779 839 1806 destinavit.
859 1778 910 1805 Ubi

122 1830 177 1864 jam
192 1828 287 1856 durior
305 1828 402 1855 hiemis
417 1831 563 1861 tempestas
594 1828 771 1861 praeterierat,
790 1824 909 1859 Bagdate

125 1877 291 1904 Soleimanes
314 1875 397 1902 movit
412 1875 514 1907 ,eodcm
541 1881 614 1900 anno
640 1873 690 1900 9H
718 1872 794 1907 (Chr.
818 1871 909 1906 1556),

123 1931 154 1950 ac
165 1923 255 1950 denuo
275 1921 429 1949 'l'cbrisium
450 1920 545 1948 duxit:
568 1921 639 1947 unde
659 1927 720 1946 cum
744 1927 796 1946 non
811 1925 911 1952 magno

122 1969 231 1996 abesset
245 1968 396 2000 intervallo,
408 1974 515 1994 rursum
531 1974 593 1993 cum
612 1967 670 1993 suis
684 1964 850 1992 Techmases
863 1964 909 1991 fu-

122 2023 163 2050 ga:
184 2022 213 2042 se
231 2014 325 2041 dedit:
343 2019 425 2048 atque
438 2013 476 2040 uti
492 2012 647 2039 facultatem
671 2011 713 2038 sui
728 2009 910 2045 persequendi

122 2062 279 2090 Osmanicis
300 2061 440 2092 adimeret,
462 2067 539 2087 suam
562 2059 674 2093 ipsemet
706 2058 843 2092 regionem
862 2064 910 2084 va-

122 2109 214 2139 stavit,
233 2113 368 2134 annonam
391 2113 498 2133 omnem
516 2105 639 2138 corrupit
663 2108 690 2130 et
700 2104 822 2134 exussit,
847 2104 911 2130 sub-

121 2155 196 2181 ditos
208 2160 274 2180 suos
288 2153 388 2187 passim
405 2151 505 2185 abegit.
520 2149 568 2177 Uhi
582 2149 736 2176 Tobrisium
752 2148 834 2176 Turci
849 2155 909 2183 pcrn

122 2199 273 2230 venissent,
289 2198 458 2224 Soleimanes
472 2196 605 2230 optimum
623 2202 761 2230 quemque
776 2202 889 2222 suorum
901 2215 908 2227 ,

120 2250 148 2272 et
179 2244 331 2280 praesertim
360 2243 476 2278 egregiis
502 2241 649 2268 instructos
676 2240 774 2275 equis,
799 2240 909 2275 delegit,

121 2293 218 2327 cisque
263 2289 403 2317 mandavit
434 2294 462 2315 ut
492 2295 600 2315 summa
630 2288 670 2314 usi
699 2286 840 2314 celeritate
867 2287 915 2313 ho~

123 2344 195 2367 stem
213 2337 311 2364 alicubi
328 2339 548 2370 asseqaiercntur.
562 2334 639 2367 Quod
652 2342 712 2361 cum
725 2333 762 2360 illi
779 2333 910 2365 facerent,

120 2385 270 2417 omniaque
286 2383 385 2410 misere
401 2385 504 2408 vastata
520 2380 722 2414 conspicerent,
741 2380 773 2406 ad
790 2380 910 2406 animum

120 2433 162 2457 eis
190 2429 300 2459 accidit,
325 2429 381 2454 ﬂeri
405 2435 485 2462 posse
512 2431 540 2452 ut
561 2426 587 2452 in
615 2425 723 2452 redacta
754 2425 863 2459 penitus
880 2427 912 2452 ad

120 2477 298 2504 Soliiuditlcllt
327 2473 437 2508 regione
467 2472 578 2506 aliquod
612 2472 677 2506 ipsis
709 2471 913 2498 incommodum

120 2525 256 2552 eveniret.
273 2524 390 2557 Ideoque
404 2529 537 2549 converso
563 2520 659 2547 itinere
675 2519 828 2547 chrisium
854 2520 914 2547 red-

119 2572 189 2599 iere.
208 2571 274 2598 Cum
293 2574 382 2596 autem
400 2568 569 2595 Soleiumnes
585 2567 635 2593 hoc
649 2566 730 2593 modo
743 2566 869 2593 delusum
884 2573 914 2593 se

121 2618 240 2648 videret,
260 2616 414 2642 vehementi
430 2619 583 2640 conuuotus
600 2612 650 2643 ira,
669 2611 760 2639 scachi
777 2610 912 2638 Techma-

119 2665 161 2691 sis
173 2668 200 2690 ct
212 2663 345 2696 majorum
363 2661 447 2696 ipsius
456 2659 542 2694 regias
552 2665 714 2692 amuruaque
728 2658 838 2692 palatia,
851 2665 913 2684 cum

118 2710 211 2744 ipsius
245 2708 346 2735 sultani
393 2706 503 2741 Jacupis
543 2705 668 2736 asdiﬁcio,
717 2703 789 2739 quod
833 2704 915 2731 llcste

119 2756 230 2784 behiste
245 2755 355 2787 dicitur,
381 2759 409 2780 et
422 2752 550 2781 oumibus
581 2759 642 2778 cum
669 2750 802 2785 paradisis
830 2751 913 2783 dirui,

117 2802 235 2834 vastari,
271 2800 388 2828 cremari
421 2799 513 2835 jussit.
539 2797 672 2824 Prmtrrra
700 2797 832 2830 plurimos
862 2796 914 2823 Te-

117 2850 214 2878 hrissii
241 2849 315 2875 cives
341 2847 484 2882 compulit,
516 2849 544 2871 ut
574 2843 635 2870 inde
647 2843 913 2878 Constantinopolim

962 1598 1089 1632 quiescit,
1107 1603 1252 1633 suspectus
1269 1600 1292 1626 ei
1311 1600 1382 1634 cepit
1408 1609 1468 1629 esse
1486 1601 1635 1630 lbrahimes
1660 1604 1752 1636 bas5a.

961 1643 1040 1677 cujus
1053 1648 1080 1671 et
1095 1651 1128 1671 ex
1142 1650 1218 1678 parte
1235 1645 1286 1673 fuit
1302 1646 1406 1674 detecta
1422 1648 1545 1682 perﬁdia.
1562 1648 1668 1685 Quippe
1680 1649 1753 1678 fere-

963 1689 1043 1717 batur
1057 1697 1119 1717 cum
1138 1690 1212 1718 Italis
1228 1699 1338 1726 quoque
1350 1698 1457 1721 secreto
1487 1695 1622 1730 pepigisse
1650 1696 1753 1729 foedus,

963 1740 993 1763 ut
1007 1736 1153 1771 imperium
1169 1735 1322 1764 Turcoruiu
1348 1739 1375 1765 in
1392 1747 1422 1767 se
1437 1740 1608 1768 transferret.
1628 1741 1753 1777 Quapro-

963 1786 1022 1817 pter
1038 1790 1100 1810 eum
1117 1783 1287 1811 Soleimancs
1302 1785 1344 1812 dic
1361 1786 1479 1821 quodam
1496 1787 1634 1820 Mercurii,
1652 1790 1698 1823 qui
1713 1790 1753 1816 vi—

962 1828 1082 1856 cesimus
1091 1832 1230 1858 secundus
1239 1831 1341 1859 mensis
1353 1831 1513 1860 Remasanis
1522 1837 1592 1864 erat,
1602 1835 1635 1861 ad
1646 1842 1752 1862 coenam

962 1873 1085 1901 invitavit
1097 1883 1104 1902 :
1116 1882 1168 1909 qua
1178 1875 1262 1906 (inita.
1273 1883 1334 1903 cum
1347 1877 1380 1903 de
1397 1877 1479 1905 certis
1501 1878 1616 1912 negotiis
1636 1879 1707 1907 inter
1723 1888 1752 1907 se

962 1921 1100 1953 collocuti,
1112 1921 1167 1953 jam
1179 1922 1300 1948 cubitum
1312 1929 1465 1957 pergerent,
1478 1923 1628 1952 lbrahimes
1642 1933 1753 1961 quoque

962 1974 1042 1995 suum
1050 1968 1082 1994 ad
1092 1968 1223 1994 conclave
1236 1967 1357 2000 secessit,
1369 1973 1394 1996 et
1413 1969 1439 1996 in
1458 1969 1528 1998 lecto
1545 1979 1574 1998 se
1587 1974 1751 2006 composuit.

962 2013 1067 2048 Quippe
1075 2013 1181 2048 quoties
1191 2014 1222 2040 ad
1234 2013 1413 2042 Soleimanem
1425 2021 1506 2043 noctu
1516 2017 1716 2050 arcessabalur,
1726 2020 1753 2045 in

962 2059 1047 2091 ipsius
1064 2059 1236 2093 imperatoris
1254 2060 1344 2087 saraio
1357 2061 1484 2089 cubabat.
1509 2062 1576 2090 Cum
1591 2064 1756 2092 obdormiis-

962 2106 1138 2140 set,'_interﬁci
1153 2106 1289 2134 hominem
1307 2108 1430 2135 sultanus
1449 2109 1541 2143 jussit,
1553 2117 1702 2145 omnesque
1715 2111 1757 2138 f.i-

962 2153 1076 2180 cultates
1100 2153 1185 2188 ipsius
1203 2158 1229 2181 et
1239 2162 1315 2189 opes,
1325 2155 1390 2181 ﬁsco
1399 2155 1529 2188 addietas,
1544 2158 1680 2185 thesauris
1697 2160 1755 2185 suis

966 2198 993 2226 in
1013 2198 1088 2226 ferri.
1107 2199 1218 2226 Factum
1234 2201 1285 2227 hoc
1307 2200 1356 2227 fuit
1372 2208 1442 2229 anno
1456 2201 1509 2228 9H
1525 2202 1599 2237 (Chr.
1610 2203 1701 2232 1556).

1003 2244 1124 2272 Diximus
1140 2251 1229 2279 antea,
1245 2246 1436 2274 Chairadinem
1453 2248 1560 2274 bassam
1577 2257 1672 2283 magna
1690 2258 1752 2276 cum

966 2291 1052 2317 classe
1072 2291 1226 2325 profectum
1245 2292 1271 2318 in
1298 2292 1468 2324 Barbariem,
1497 2293 1599 2320 Mauris
1621 2294 1755 2322 famosam

965 2337 1059 2363 urbem
1075 2335 1199 2364 Tuuisim
1210 2337 1352 2371 eripuisse,
1363 2345 1394 2364 ac
1405 2337 1504 2365 ibidem
1518 2338 1569 2365 sibi
1583 2339 1756 2367 constituiss:

965 2381 1146 2409 domicilium.
1166 2382 1188 2409 ls
1205 2383 1257 2409 hoc
1279 2387 1400 2417 tempore
1416 2391 1498 2411 naves
1524 2389 1607 2420 atque
1630 2386 1757 2413 triremes

965 2426 991 2453 in
1007 2430 1106 2453 terram
1121 2427 1302 2460 Suhduxerat,
1317 2436 1408 2454 rerum
1423 2429 1530 2455 scilicet
1550 2437 1660 2457 suarum
1676 2431 1757 2465 plane

965 2480 1090 2505 securus,
1104 2480 1208 2507 suoque
1227 2474 1359 2500 duntaxat
1384 2474 1542 2509 indulgebat
1564 2476 1654 2506 uenio.
1679 2477 1755 2504 Priu-

965 2525 1028 2553 ceps
1044 2518 1153 2545 interim
1174 2519 1297 2549 Maurus.
1315 2520 1357 2545 cui
1376 2520 1451 2553 prius
1472 2528 1503 2546 ea
1530 2525 1661 2555 paruerat
1677 2521 1755 2554 ditio,

964 2560 1105 2599 profectus
1135 2565 1160 2591 in
1189 2565 1358 2599 Hispaniam,
1378 2573 1457 2601 opem
1482 2565 1595 2601 Hispani
1625 2568 1758 2603 principis

966 2611 1131 2645 imploravit.
1177 2610 1313 2645 Hispanus
1356 2612 1389 2637 ad
1435 2613 1582 2640 consilium
1630 2618 1758 2642 revocato

966 2658 1086 2692 negotio,
1113 2658 1258 2684 verebatur
1284 2665 1427 2692 propterea
1454 2659 1526 2693 quod
1551 2659 1674 2687 Tunisim
1692 2661 1756 2687 Bar-

966 2704 1079 2731 barossa
1121 2704 1247 2737 ccpiswt,
1278 2709 1307 2729 ut
1339 2704 1465 2739 Hispanis
1498 2706 1569 2732 idem
1611 2707 1758 2740 aliquando

967 2753 1096 2779 damnum
1122 2750 1246 2777 infenrrt.
1274 2750 1365 2777 Facile
1387 2752 1497 2785 putabat
1513 2753 1599 2785 ignem
1622 2753 1758 2786 exstingui

966 2806 1056 2833 posse,
1070 2798 1091 2825 si
1111 2798 1186 2832 prius
1212 2798 1442 2832 supprimeretur,
1463 2805 1545 2832 quam
1572 2798 1651 2825 latius
1665 2806 1759 2825 erum—

968 2849 1051 2879 μοι-ει.
1075 2843 1168 2879 anue
1199 2843 1329 2870 dciausn
1355 2843 1425 2870 datis
1452 2843 1484 2870 ad
1514 2843 1622 2871 ltalicos
1652 2844 1756 2878 pz'iuci-
