1962 3071
210 132 262 166 6ι3

848 125 1026 159 ANNALES
1045 124 1215 157 TURCICI.

1780 122 1830 155 θιι

211 201 259 228 pes
279 193 387 226 litteris,
399 192 439 220 uti
463 189 584 220 subsidio
608 189 659 218 sibi
685 189 817 220 venirent,
833 187 921 223 petiit.
940 186 996 213 Ma-
1010 189 1036 219 Α
1051 191 1199 213 exercitum
1215 185 1242 212 in
1268 184 1386 211 Albanos
1403 182 1556 218 perduelles
1583 182 1708 213 immisit,
1725 182 1770 216 qui
1789 190 1829 208 res

211 239 273 274 guis
310 245 374 273 ergo
393 236 513 264 collectis
537 235 631 270 copiis,
652 240 679 262 et
707 234 807 269 insigni
835 233 921 260 classe
946 240 994 267 pa-

213 290 282 315 rata.
299 285 385 311 eidem
401 283 536 310 Andream
557 282 664 308 Doriant
685 287 812 315 suprema
839 287 901 306 eum
920 283 994 313 potn—

213 336 283 358 state
303 330 435 365 praefecit,
453 333 534 363 alque
559 329 595 354 ita
611 327 772 354 Tnnislnatn
793 325 992 360 expeditionem

213 377 342 404 inslltnit.
354 375 531 403 Chairadines
544 380 572 400 re
579 379 728 408 comperta,
741 372 838 399 Raisos
853 379 916 398 sttos
927 378 995 398 con-

211 422 329 453 volavit,
350 421 444 454 eisque
463 419 670 446 deliberandum
693 417 833 452 proposttit
854 417 918 451 quid
943 416 995 443 hoc

211 466 428 494 Christianorum
455 470 529 492 motu
553 465 710 492 fat-inodum
729 467 880 490 censerent.
892 462 931 489 Illi
953 469 996 489 re.

211 512 345 543 spondere
367 512 484 538 classem
510 511 576 537 mari
600 511 676 545 ptius
695 509 884 536 instruendam
913 515 994 543 quam

210 556 358 584 Clttistiani
377 565 406 584 se
419 557 616 591 coniungerent
642 555 810 589 omninoque
827 555 998 589 pra-podium

212 604 272 636 dos,
285 611 318 630 ne
336 604 481 631 convenite
496 606 616 636 possent.
631 603 670 629 Ad
692 609 722 629 ea
738 601 858 629 vicissim
883 601 996 628 Chaira-

213 650 290 676 dines
302 650 380 676 bassa
397 657 404 675 :
423 649 451 675 Si
471 647 652 683 tulipaodum,
671 647 773 682 inquit,
789 654 878 674 meum
900 647 997 673 dunta-

214 700 259 721 xat
270 695 379 722 excelso
391 693 507 728 quodam
524 694 550 720 in
567 694 628 721 loco
641 700 723 727 super
742 693 848 721 Itastan
864 693 994 725 deﬂxero,

213 748 228 767 a
250 740 415 768 Christianis
427 745 456 766 ut
486 740 606 774 conspici
639 740 727 775 possit
765 739 910 767 formidine
938 747 997 766 cora

215 787 297 821 repti,
322 787 354 813 ad
382 787 486 820 aliquot
515 786 600 812 millia
620 790 692 813 retro
729 785 854 820 fugient:
893 790 997 812 tantum

215 831 291 858 abest
317 836 345 858 ut
372 831 470 858 bellum
496 830 576 857 nobis
613 830 713 857 illaturi
749 830 814 858 sint.
844 829 899 857 Ilac
934 837 998 863 ergo

1045 239 1138 259 eorum
1151 236 1272 266 agerent,
1288 230 1400 263 ferrent,
1416 237 1448 257 ac
1470 229 1572 256 liberos
1589 234 1615 255 et
1632 235 1732 255 uxores
1747 227 1831 255 servi-

1046 281 1097 308 tuti
1110 281 1308 314 manciparent,
1328 279 1392 306 licet
1403 279 1446 306 hic
1458 282 1572 306 conatus
1582 285 1676 305 eorum
1689 277 1714 304 in
1727 278 1830 304 irritum

1046 327 1162 353 cadi-ret.
1179 326 1310 353 Pra‘terea
1325 325 1463 352 Romanis:
1479 324 1683 359 beglerbegnm,
1700 330 1763 349 cum
1781 323 1833 350 Ro-

1049 372 1146 399 manis:
1163 372 1259 406 copiis,
1275 371 1301 398 in
1317 371 1443 406 Apuliam
1462 376 1538 397 trans
1567 377 1642 396 mare
1661 368 1736 396 misit
1755 376 1762 395 :
1786 368 1830 403 qui

1047 426 1077 445 ea
1095 418 1121 445 itt
1139 418 1250 452 regione
1263 418 1387 451 quaedam
1404 415 1532 451 oppidula
1545 423 1607 442 cum
1619 415 1694 449 pagis
1706 414 1828 448 diripuit.

1046 463 1113 490 Cum
1130 464 1248 499 denique
1265 464 1379 491 Turcica
1395 463 1494 490 classis
1514 462 1660 497 Corcyram
1682 466 1781 496 przeter
1797 461 1831 488 Ie-

1047 516 1132 543 εει-ει.
1146 517 1178 536 ex
1194 509 1357 544 Corcyrensi
1373 508 1499 543 praesidio
1513 507 1661 535 Christiani
1679 507 1767 533 navim
1783 514 1830 532 au-

1048 555 1201 586 nonariam,
1217 563 1277 590 qua:
1294 556 1411 583 classem
1437 555 1614 590 sequebatur,
1638 553 1745 580 bellicis
1766 553 1832 587 peti-

1048 606 1101 628 tam
1120 602 1255 628 machinis
1269 601 1435 629 demersere.
1452 601 1625 628 Soleimanes
1640 598 1831 626 animadversa

1049 646 1211 674 Venetorum
1232 647 1344 682 perﬁdia
1372 654 1455 682 quain
1479 654 1513 674 ex
1535 645 1596 674 aliis
1615 645 1696 673 etiam
1725 644 1833 672 indiciis

1048 693 1156 721 abunde
1184 697 1380 727 perspexerat;
1409 699 1463 720 non
1491 699 1587 727 parum
1615 690 1831 721 excandesceus,

1039 739 1205 767 ~Chairadini
1221 739 1354 774 Lutsique
1365 739 1456 766 bassis
1469 737 1600 773 praecepit
1615 735 1654 763 uti
1674 743 1736 763 cum
1747 735 1832 762 claSSe

1047 785 1192 822 Corcyram
1205 786 1320 813 insulam
1338 789 1472 820 peterent,
1487 783 1616 819 oppidula
1630 790 1691 809 cum
1709 782 1776 808 vicis
1785 780 1833 807 de-

1050 833 1251 866 praedarentur,
1266 831 1447 865 hominesque
1471 830 1594 865 captivos
1611 835 1705 855 secum
1720 827 1835 854 abduce-

214 878 360 905 scenritate
385 877 482 910 suique
502 877 666 904 conﬁdentia
680 881 807 908 caecatos,
836 883 944 903 omnem
963 884 993 902 ex
1012 875 1032 901 Β
1047 881 1117 904 rent.
1139 877 1165 903 Id
1182 877 1219 904 illi
1234 884 1297 903 cum
1315 876 1456 907 fecissent,
1468 875 1576 910 navigia
1597 873 1742 908 mancipiis
1751 871 1834 898 Chri-

216 923 306 949 animo
322 922 528 949 sollicitudinem
540 928 567 949 et
581 929 671 948 curam
686 922 821 957 deposuit.
834 921 934 948 Verum
944 929 997 948 non

215 969 301 995 multo
317 973 377 1003 post
390 967 511 995 Tunisim
526 972 678 1002 przepotens
689 968 913 995 Cltristianornm
928 967 997 995 clas.

215 1012 253 1040 sis
269 1013 382 1047 appulit.
403 1013 438 1040 Ea
452 1019 512 1039 cum
526 1012 597 1040 istuc
605 1013 777 1045 accessisset,
796 1013 917 1039 occttrrit
928 1012 998 1039 hosti

215 1058 392 1085 Cltairadines
409 1062 484 1085 extra
498 1058 591 1084 urbem
608 1059 666 1085 suis
689 1066 751 1085 cum
767 1059 866 1093 copiis,
893 1059 999 1085 tametsi

214 1105 258 1133 vix
278 1113 372 1132 novent
392 1107 520 1133 decemve
540 1106 655 1132 militum
671 1105 830 1132 idoneortttn
854 1105 936 1132 millia
956 1113 1000 1133 se-

215 1158 278 1178 cum
295 1151 431 1179 cduceret.
446 1152 712 1179 AdGhristiaoorum
724 1153 809 1178 aciem
827 1159 998 1186 progressus,

216 1195 339 1223 animose
353 1204 414 1224 cum
426 1197 466 1223 eis
481 1197 613 1224 conflixit.
626 1196 659 1223 Et
673 1205 829 1232 quanquam
843 1197 938 1231 ingens
955 1197 1001 1223 ho-

217 1242 320 1269 minum
338 1242 482 1269 multitudo
503 1243 529 1269 in
545 1242 764 1270 Christianorum
779 1247 850 1269 esset
865 1242 999 1275 exercitu,

217 1288 288 1315 fama
313 1293 402 1316 tamen
418 1289 589 1323 perhibetur,
608 1289 691 1316 multa
703 1289 920 1316 Christianorum
937 1289 1000 1316 mil-

217 1333 254 1360 lia
269 1339 326 1360 tum
341 1341 410 1361 catsu
426 1334 520 1366 fuisse,
548 1341 611 1361 cum
634 1342 667 1361 ex
690 1334 803 1361 adversa
827 1334 1002 1362 Cltairadinis

219 1385 296 1414 parte
313 1379 367 1406 duo
379 1380 510 1406 duntaxat
522 1380 661 1407 hominum
673 1380 758 1408 millia
770 1381 1001 1408 desiderarentur.

218 1425 286 1453 Cum
298 1431 387 1452 autetn
405 1426 583 1454 Chairadines
592 1427 670 1454 hoste
679 1434 708 1454 se
720 1427 823 1454 videret
833 1426 1001 1459 inferiorem,

220 1479 352 1499 conversa
365 1480 477 1499 suorum
489 1472 557 1504 acie,
568 1472 601 1499 ad
612 1473 707 1500 urbem
724 1480 752 1499 se
765 1473 875 1506 recepit.
890 1472 928 1500 Eo
940 1480 1002 1500 cum

219 1523 333 1545 ventum
353 1518 457 1550 Iuissﬂ,
484 1517 621 1544 occlusam
643 1517 755 1551 reperit,
771 1521 799 1544 et
816 1517 842 1544 in
866 1518 1002 1545 mmnibns

219 1563 289 1590 elata
303 1563 521 1590 Christianorum
550 1563 648 1590 vexilla
663 1563 816 1597 conspexit.
835 1563 942 1599 Quippe
955 1571 1000 1591 ca-
1016 1547 1037 1576 ο

221 1610 355 1644 ptivorum
369 1609 590 1637 Christianorum
605 1609 709 1644 aliquot
720 1609 747 1636 itt
764 1610 830 1637 urbe
855 1610 940 1637 millia
958 1618 1002 1637 re-

220 1655 346 1690 liquerat,
360 1655 406 1690 qui
416 1655 525 1689 quidem
538 1655 652 1686 interea.
667 1656 731 1683 duttt
749 1659 825 1682 extra
842 1656 1002 1690 murosipse

221 1709 283 1728 cum
307 1701 429 1728 exercitu
454 1701 674 1728 Christianorum
701 1701 881 1735 prteliaretur,
899 1701 1005 1737 perfra-

221 1747 273 1774 ctis
301 1747 468 1779 carceribus,
484 1751 512 1774 et
540 1747 655 1781 arreptis
680 1747 774 1779 armis,
803 1752 895 1781 portas
930 1748 1005 1775 urbis

221 1793 388 1826 clauserant,
414 1798 441 1820 et
461 1793 488 1820 in
507 1793 643 1820 tntenibus
668 1792 765 1819 vexilla
783 1791 1002 1819 Christianorum

222 1843 376 1869 erexerant.
389 1839 418 1867 ld
441 1847 505 1866 vero
524 1846 585 1866 cum
603 1839 760 1872 accidisset,
776 1839 862 1873 major
878 1847 941 1874 pars
955 1840 1007 1866 mi-

223 1885 300 1911 litum
316 1884 491 1911 Chairadinis
515 1891 596 1916 caesa,
627 1889 782 1919 cunctaque
809 1884 916 1919 navigia
942 1892 1005 1912 cum

223 1930 359 1957 machinis
374 1934 401 1956 et
418 1934 549 1964 apparatu
566 1928 665 1956 bellico
676 1929 788 1956 fuerunt
800 1930 911 1957 antissa.
927 1930 1007 1957 Chai-

224 1975 334 2002 radines
346 1982 408 2002 cutn
431 1975 545 2008 reliquis
559 1983 672 2002 suorum
692 1979 803 2010 propter
816 1976 911 2002 urbem
929 1975 1008 2003 aufu-

224 2021 273 2056 git,
287 2025 312 2047 et
326 2021 352 2047 in
367 2020 529 2048 solitudines
550 2027 579 2047 se
596 2027 658 2047 cum
686 2021 726 2047 eis
742 2019 848 2047 abrlidit
866 2029 873 2046 :
889 2028 1006 2054 qttorutn

225 2074 322 2101 magna
339 2073 402 2100 pars
415 2066 495 2098 fante,
510 2066 568 2098 siti,
584 2071 612 2093 et
642 2071 710 2093 testu
735 2066 825 2100 periit.
841 2066 899 2101 Ipse
918 2066 1008 2094 varias

225 2117 352 2147 expertus
364 2118 511 2144 atrumnas,
529 2112 637 2138 tandem
652 2112 684 2138 ad
701 2112 795 2138 urbem
812 2118 889 2138 suam
917 2108 1019 2138 Cesai-'

225 2165 281 2185 rem
300 2158 389 2185 evasit
405 2166 413 2184 :
429 2158 501 2184 unde
529 2165 591 2184 cuto
610 2157 706 2184 decem
719 2161 746 2184 et
764 2161 827 2184 octo
851 2157 1009 2184 triremibus

1051 922 1161 954 slianis,
1175 923 1298 957 cujusvis
1316 922 1404 949 aetatis
1414 927 1440 949 et
1456 929 1550 952 sexus,
1563 924 1712 948 onerarunt
1729 927 1735 945 :
1753 923 1834 951 atque

1050 969 1088 996 ita
1099 968 1362 1004 Constantinopolim
1383 969 1498 996 rediere.
1512 968 1570 1000 Quo
1597 966 1690 998 delati,
1704 965 1834 992 Christia-

1054 1023 1088 1042 na
1117 1015 1251 1049 mancipia
1271 1020 1352 1048 supra
1361 1014 1487 1050 oppidum
1504 1013 1637 1043 Calatam,
1656 1019 1689 1038 eo
1705 1012 1775 1042 loco,
1787 1010 1833 1045 qui

1050 1060 1170 1088 Besictas
1187 1061 1266 1095 vulgo
1282 1060 1384 1087 dicitur
1414 1060 1447 1087 ad
1466 1065 1566 1087 terram
1580 1064 1730 1092 exposuere
1743 1076 1750 1083 .
1767 1056 1834 1082 mis-

1050 1106 1143 1141 sisque
1170 1106 1434 1140 Constantinopolim
1459 1104 1642 1140 prrerooibus,
1671 1101 1834 1137 proclamari

1048 1146 1200 1186 juSSerunt,
1214 1156 1243 1178 ut
1257 1153 1280 1178 si
1297 1152 1359 1186 quis
1372 1151 1506 1185 mancipia
1523 1150 1690 1180 Christiana,
1705 1148 1832 1177 feminas,

1051 1205 1149 1230 mares,
1160 1197 1289 1232 juvenes,
1307 1205 1387 1225 senes
1401 1196 1517 1224 mercari
1530 1198 1620 1227 vellet,
1637 1194 1669 1222 ad
1685 1195 1833 1221 indicatum

1051 1245 1132 1271 modo
1156 1243 1244 1270 locum
1262 1244 1378 1276 veniret,
1399 1243 1499 1270 ibidem
1519 1241 1679 1276 huiusmodi
1700 1239 1835 1273 mancipia

1051 1289 1197 1325 perexiguo
1210 1295 1418 1324 comparaturus
1429 1289 1526 1324 pretio.
1540 1288 1617 1321 Quod
1628 1287 1737 1322 quidem
1750 1287 1786 1314 ita
1800 1285 1836 1313 fa-

1051 1341 1124 1363 ctum
1142 1336 1203 1368 fuit,
1220 1341 1274 1363 tam
1301 1336 1345 1362 vili
1367 1336 1455 1370 pretio
1483 1335 1592 1362 miseris
1614 1334 1668 1361 illis
1684 1333 1834 1364 distractis.

1053 1381 1091 1407 uti
1107 1381 1231 1416 plerique
1246 1381 1354 1408 duobus
1378 1381 1501 1408 tribusve
1526 1379 1672 1408 sultaninis
1694 1379 1837 1409 \‘aenirent,

1054 1427 1106 1454 hac
1117 1428 1174 1461 ipsa
1186 1427 1299 1461 pecunia
1315 1427 1395 1461 regiis
1408 1422 1544 1454 thesauris
1558 1426 1642 1452 illata.
1655 1424 1838 1458 Posteaquam

1054 1474 1165 1501 domum
1195 1474 1268 1500 itnra
1296 1473 1395 1500 classis
1418 1472 1592 1504 discesserat,
1610 1472 1690 1498 etiarn
1709 1470 1837 1498 sultanus

1056 1519 1225 1546 Soleitoanes
1248 1519 1329 1546 molis
1346 1518 1445 1546 castris
1462 1518 1513 1544 iter
1528 1517 1680 1553 ingressus,
1707 1517 1750 1543 die
1767 1523 1839 1543 nono

1054 1566 1155 1593 mensis
1178 1565 1263 1597 illius,
1280 1566 1326 1599 qui
1345 1564 1481 1592 Zemaziel
1509 1563 1592 1591 Achir
1609 1563 1706 1590 Turcis
1726 1562 1837 1593 dicitur,

1054 1610 1318 1645 Constantinopolim
1326 1617 1452 1637 reversus
1460 1613 1511 1642 est,
1519 1617 1591 1636 anno
1599 1609 1650 1636 9M
1659 1609 1733 1643 (Chr.
1745 1607 1838 1640 I538).

1090 1657 1157 1683 Cutn
1184 1657 1244 1683 istic
1263 1655 1420 1690 aliquandiu
1438 1655 1573 1686 haesisset,
1589 1655 1674 1681 armis
1695 1654 1721 1679 in
1740 1653 1841 1680 .‘llolda-

1055 1710 1119 1730 vum
1137 1702 1282 1737 expeditis,
1304 1701 1447 1728 undecimo
1468 1701 1511 1727 die
1529 1700 1633 1727 mensis
1653 1699 1752 1727 Seferis
1768 1699 1841 1726 Con-

1056 1749 1231 1784 stantinopoli
1247 1755 1385 1784 egressus,
1399 1746 1561 1774 Moldaviam
1574 1755 1671 1774 versus
1687 1747 1840 1773 contendit.

1056 1795 1106 1823 Ubi
1120 1795 1152 1822 ad
1167 1794 1336 1829 oppidulum,
1359 1793 1432 1828 quod
1449 1793 1602 1820 Ishaclnam
1618 1797 1727 1824 vocant,
1744 1800 1843 1826 perve-

1060 1842 1156 1874 nisset,
1176 1840 1339 1868 transmisso
1364 1839 1499 1872 Danubio,
1514 1839 1672 1866 Molt‘laviam
1703 1839 1846 1872 ingresuts

1057 1891 1109 1916 est.
1122 1887 1160 1915 Ibi
1180 1892 1236 1914 tum
1248 1887 1309 1922 fuga
1324 1886 1375 1914 sibi
1391 1886 1537 1915 consulere
1555 1885 1671 1913 Vairoda
1691 1885 1842 1917 hloldavus.

1058 1941 1108 1961 nec
1123 1941 1238 1967 usquam
1260 1933 1286 1959 itt
1305 1937 1428 1967 apertum
1453 1932 1561 1966 prodire
1577 1940 1584 1959 :
1603 1931 1698 1958 incola:
1713 1939 1778 1958 vero
1797 1939 1843 1958 re-

1058 1979 1145 2014 gionis
1160 1979 1269 2006 sultatto
1293 1987 1322 2006 se
1349 1979 1463 2011 dedere,
1484 1978 1529 2013 qui
1548 1977 1649 2005 limites
1676 1977 1781 2012 itnperii
1799 1978 1844 2014 sui

1058 2026 1091 2053 ad
1108 2032 1215 2052 amnem
1232 2032 1318 2059 usque
1332 2024 1455 2051 Berutem
1473 2012 1627 2058 prolatavit.
1831 2012 1839 2020 “

1094 2073 1158 2098 Erat
1176 2072 1202 2098 in
1219 2072 1332 2098 adversa
1346 2071 1403 2104 ripa
1423 2070 1558 2105 quoddam
1577 2069 1748 2103 oppidulum,
1766 2069 1842 2103 quod

1061 2116 1187 2151 Saogiaci
1203 2115 1343 2143 domicilio
1355 2115 1422 2142 satis
1436 2119 1507 2142 esset
1520 2114 1657 2140 idonvum.
1671 2113 1846 2148 Quapropter

1059 2169 1092 2189 eo
1106 2161 1165 2189 loco
1183 2161 1347 2196 Sangiaeom
1368 2160 1523 2186 constituit.
1540 2159 1713 2193 Sequebatur
1725 2157 1752 2185 id
1770 2161 1844 2184 tem-

225 2202 488 2236 Cottstantinopolim
508 2201 647 2236 profectus
660 2206 712 2233 est,
725 2208 899 2236 quacumque
915 2201 1002 2228 tende-

1066 2207 1141 2242 poris
1157 2207 1267 2234 Portam
1281 2205 1381 2233 sultani
1395 2205 1558 2232 Soleintanis
1583 2204 1693 2238 quidam
1713 2208 1793 2230 natus
1809 2211 1845 2230 ex

226 2253 278 2281 ret,
294 2248 428 2275 damnum
442 2247 607 2275 Christianis
622 2247 756 2274 inferens.
771 2247 937 2274 Acciderunt
954 2247 1012 2275 hac

225 2302 297 2321 atnto
308 2292 448 2327 943-(Chr.
462 2292 553 2326 i537).

261 2339 372 2367 Solebat
386 2340 438 2366 hoe
455 2342 577 2373 tempore
592 2336 830 2371 Constantinopoli
842 2336 1011 2364 Soleimaoes

226 2386 385 2420 plerumque
397 2385 505 2420 degere.
524 2383 623 2410 Verum
640 2383 689 2410 ista
703 2391 764 2410 cum
778 2384 931 2414 evenirent.
941 2382 1012 2410 forte

227 2433 391 2466 migraverat
405 2431 642 2466 Hadrianopolim,
653 2435 680 2457 ut
692 2430 754 2457 istic
771 2430 939 2456 hibernaret.
951 2424 1009 2456 Sub

228 2479 330 2504 aestatis
350 2477 457 2504 initium
471 2484 599 2505 reversus
611 2476 891 2510 Constantinopolittt,
908 2476 941 2503 ad
956 2475 1011 2503 bel-

231 2524 285 2549 lutn
312 2529 341 2549 se
358 2522 438 2558 347
457 2523 573 2557 paravit,
589 2528 614 2549 et
629 2521 822 2549 Cltairadinetn
852 2521 1013 2556 Lutsitnque

229 2569 322 2595 bassas
338 2576 434 2602 magna
461 2576 522 2596 cum
546 2568 633 2595 classe
651 2568 766 2601 dimisit,
789 2568 835 2602 qui
865 2567 933 2594 mari
955 2575 1010 2594 rem

229 2619 375 2650 geri-rent:
400 2614 459 2648 ipse
486 2614 722 2649 Constantinopoli
752 2616 903 2650 digressus,
929 2614 1010 2641 Alba~

231 2661 302 2687 niant
318 2661 404 2695 petiit.
417 2660 563 2687 Avelonam
576 2668 637 2688 cum
651 2661 828 2696 pervenisset,
840 2661 920 2688 etiatn
933 2660 1012 2687 Chai-

232 2707 340 2733 radines
351 2710 377 2732 et
392 2705 483 2732 Lutsis
498 2706 591 2732 eodem
607 2713 668 2733 eum
681 2706 768 2734 classe
785 2706 949 2737 triremium,
960 2713 1011 2732 cce-

230 2754 350 2786 tetisque
377 2759 438 2779 cum
459 2751 587 2786 navigiis,
603 2752 775 2787 appulerunt.
795 2752 965 2779 Soleimanes
984 2752 1010 2778 itt

228 2799 286 2825 lora
303 2803 444 2825 montuosa
459 2797 609 2832 profectus,
621 2798 718 2824 ibident
731 2805 792 2824 cum
811 2798 900 2824 Porta:
916 2797 1009 2823 militi-

230 2846 280 2872 bns
294 2851 319 2872 et
350 2847 478 2877 comitatu
502 2845 601 2871 casttis
633 2845 723 2871 locum
750 2843 843 2877 cepit:
876 2843 1009 2877 reliquum

1065 2253 1168 2280 familia
1186 2252 1370 2280 Vaivodarum
1385 2251 1535 2281 Moldaviaa.
1552 2251 1594 2277 cui
1612 2255 1638 2278 et
1649 2257 1763 2277 annonae
1778 2257 1850 2284 prm-

1062 2298 1206 2326 bebantur.
1226 2297 1304 2325 Ilnne
1330 2297 1500 2324 Sulcitnanes
1529 2296 1669 2323 Moldarim
1697 2294 1849 2321 \‘aivodam

1041 2370 1043 2373 .
1062 2343 1192 2379 praefecit.
1207 2343 1282 2376 Quod
1302 2343 1374 2378 prior
1390 2343 1434 2369 ille
1452 2342 1572 2370 Vairoda
1601 2349 1661 2368 cuto
1678 2340 1850 2372 rescivissct,

1062 2393 1168 2423 portato
1183 2392 1377 2423 pra-potentem
1392 2387 1506 2422 ipsetttet
1521 2385 1597 2418 adiit,
1617 2390 1643 2413 et
1661 2394 1674 2412 a
1689 2385 1852 2412 Soleintaue

1063 2434 1199 2468 postulata
1220 2434 1418 2468 impetrataque
1432 2433 1530 2467 gratia,
1559 2431 1700 2459 restitutus
1723 2431 1750 2457 in
1779 2431 1851 2458 ίιιιιε-

1062 2488 1139 2516 grum
1157 2480 1220 2508 fuit.
1246 2479 1415 2507 Soleimaues
1432 2486 1446 2505 e
1469 2478 1601 2504 Moldavia
1630 2482 1780 2508 revertens,
1797 2476 1855 2503 lla-

1063 2526 1244 2561 drianopolim
1261 2533 1291 2552 se
1317 2525 1453 2551 contulit:
1483 2524 1528 2551 ubi
1554 2527 1649 2550 cxacta
1670 2523 1769 2554 hieme,
1798 2526 1855 2550 δυ’»

1063 2573 1134 2600 veris
1150 2572 1257 2599 initium
1281 2569 1549 2603 Constantinopolim
1576 2567 1653 2600 abiit,
1671 2573 1697 2594 cl
1715 2568 1802 2602 quieti
1821 2577 1855 2596 se

1062 2619 1146 2650 dedit,
1171 2626 1242 2645 anno
1257 2617 1309 2646 945
1327 2617 1402 2652 (Chr.
1418 2615 1508 2648 l539).

1100 2662 1255 2690 Secundum
1284 2661 1328 2688 illa
1355 2661 1443 2687 denuo
1456 2667 1518 2686 cum
1547 2658 1635 2685 classe
1655 2658 1855 2686 Chairadineut

1063 2708 1131 2735 mari
1147 2708 1291 2742 ablegavit.
1313 2706 1337 2733 Is
1352 2711 1442 2732 autent
1458 2705 1565 2739 egregio
1580 2705 1741 2735 instructus,
1756 2709 1785 2730 ut
1803 2705 1857 2730 bn-

1063 2757 1131 2780 stem
1146 2760 1237 2784 suum,
1268 2752 1404 2779 Andream
1436 2750 1554 2782 Doriant,
1568 2754 1702 2784 quaereret
1720 2758 1726 2776 :
1745 2750 1858 2783 absque

1065 2799 1120 2825 ullo
1136 2798 1326 2832 impedimento
1339 2797 1488 2832 penetravit
1502 2797 1527 2822 in
1545 2795 1660 2827 Italiam,
1678 2795 1769 2830 ibique
1785 2803 1859 2822 tton—

1065 2844 1136 2871 nulla
1153 2852 1213 2871 cntn
1243 2844 1309 2872 \icis
1325 2842 1451 2878 oppidulo
1476 2841 1666 2876 depopulatus,
1685 2843 1766 2868 ctiutn
1791 2848 1859 2867 mn-
