1962 3071
105 111 151 146 645
728 113 904 148 ANNALES
915 113 1080 146 TURCICI.

1674 114 1702 144 ﬁsi
1708 113 1725 145 δ

105 177 165 197 nera
178 170 330 206 majoribus
342 179 357 199 a
371 171 528 201 civitatibus
539 172 658 208 accepit.
673 173 741 200 Cum
761 173 807 200 ditt
825 172 888 200 hinc
902 172 926 201 Α
976 169 1131 197 Secundum
1157 169 1213 196 haec
1231 176 1339 196 rursnm
1356 175 1453 204 magna
1472 177 1533 196 cum
1556 169 1644 197 classe
1660 171 1726 198 mis-

104 216 162 244 lntle
179 217 346 250 oberrasset,
357 219 499 254 inopinato
507 219 641 247 Andream
654 219 762 250 Doriatn
775 219 886 254 reperit,

104 267 129 290 et
151 268 265 291 strenue
287 272 349 291 cum
365 272 398 291 eo
419 265 580 301 conﬂigens,
592 272 675 292 naves
698 265 810 292 hostiles
837 265 888 292 ali-

104 313 164 342 quot
190 309 350 340 submersit.
381 315 408 337 ct
430 311 554 338 triremes
588 311 692 345 aliquot
709 311 788 345 cepit.
807 309 888 336 Doria

104 355 208 382 tandem
232 355 302 382 hosti
324 363 353 383 se
373 356 504 390 imparem
522 356 754 388 animadvertens,
768 364 830 383 cum
844 363 888 383 re-

104 400 190 435 Itqoiis
207 409 264 427 suae
279 401 379 428 classis
395 401 510 437 attfugit.
528 402 560 429 Et
571 402 633 437 quia
647 408 712 430 tunc
728 402 814 429 ltiems
837 403 888 428 itu-

103 445 228 478 ntinebat,
244 447 329 473 versis
341 446 518 475 Chairadines
540 447 607 475 velis
621 447 887 483 Constantinopolim

103 491 188 524 rediit,
203 500 275 519 anno
287 493 339 520 945
352 493 427 528 (Cltr.
447 494 538 529 1559).

136 538 181 565 Die
195 538 282 570 .loris,
312 540 359 574 qui
379 540 502 567 decimus
529 540 640 576 quintus
668 541 770 568 mensis
788 539 890 569 Sefcris

103 589 168 616 erat,
187 585 238 612 sub
271 593 424 620 vesperam,
455 588 611 615 incendium
639 587 888 622 Constantinopoli,

103 637 153 656 non
166 631 259 664 procul
280 631 314 658 ab
337 631 447 659 illorum
476 641 597 666 carcere,
618 634 664 668 qui
684 633 829 661 criminum
851 634 889 668 rei

103 676 305 710 custodiuntur,
319 677 346 704 in
365 685 459 704 eorum
476 679 597 707 tabernis
608 685 733 707 exortqu
751 680 802 707 fuit
817 689 824 713 ;
841 680 888 714 qtti

104 721 199 754 picem,
212 722 340 753 resinam,
358 723 516 758 axungiam,
531 724 652 760 aliasque
672 733 714 752 res
730 726 798 753 tales
823 733 890 752 vett-

103 770 179 794 dunt.
194 767 242 794 llic
263 768 333 803 ignis
350 777 382 796 ex
399 770 525 797 indicatis
539 771 659 798 tabernis
679 771 706 798 iu
722 772 808 806 ipsam
831 775 889 798 tur-

104 812 163 846 riut,
181 814 238 840 sive
256 822 393 841 carcerem
418 816 590 849 prmdictum,
611 817 701 843 evasit
719 824 726 843 :
747 818 793 851 qui
810 817 888 844 clau-

103 868 149 887 sus
159 868 220 887 cum
237 866 320 893 esset,
345 861 470 889 hmnines
490 862 517 888 in
533 870 565 889 eo
580 863 742 897 septingenti
771 862 889 890 ﬂatnmis

104 907 191 933 exusti
216 906 366 942 perierunt.
394 907 432 934 Ex
453 915 486 935 eo
501 908 560 935 loro
579 909 722 936 dilatatum
740 909 766 936 in
793 910 888 936 urbem

106 953 270 986 incendium,
292 961 307 981 a
328 955 431 982 dextris
444 960 470 982 et
482 955 604 984 sinistris
619 956 712 991 vagari
739 956 821 991 cepit.
847 955 889 983 Ad

105 999 313 1034 publicanorum
335 1007 473 1028 carcerem
497 1008 559 1028 cum
593 1001 773 1035 pervenisset,
795 1006 889 1036 aperto

105 1046 221 1073 carceris
235 1046 316 1079 ostio,
339 1046 445 1074 dimissi
468 1046 544 1074 fuere
569 1047 715 1081 publicani.
733 1047 791 1081 Quo
804 1047 888 1079 facto,

106 1090 186 1118 turris
203 1091 271 1124 ipsa,
282 1091 339 1118 sive
354 1098 461 1123 carcer,
478 1092 570 1119 itidem
587 1090 778 1126 cortﬂagravit.
795 1091 889 1120 Latius

106 1136 167 1163 inde
182 1136 291 1171 serpsit.
308 1144 394 1171 usque
409 1137 442 1164 ad
465 1140 570 1171 portam
589 1138 676 1170 urbis,
691 1146 774 1173 quant
788 1137 889 1174 Ligna-

105 1183 171 1210 riam
187 1187 296 1215 vocant,
309 1182 353 1210 ubi
375 1183 495 1211 taberna:
510 1189 573 1212 sunt
589 1183 730 1212 fabrorum
760 1184 889 1212 ferrario-

106 1236 174 1256 rum.
190 1228 225 1256 lis
239 1229 266 1255 in
285 1228 351 1256 locis
365 1229 457 1256 omnia
472 1229 588 1257 flammis
603 1231 747 1265 absumpta
766 1230 887 1259 fuerunt.

105 1273 169 1301 Inde
183 1281 213 1302 se
227 1274 360 1302 convertit
371 1275 416 1303 hic
435 1275 505 1310 ignis
527 1276 560 1303 ad
575 1276 649 1304 aedes
661 1275 735 1303 Balis
754 1276 831 1312 Agae.
841 1276 889 1311 qui

106 1321 231 1348 tribunus
247 1321 311 1348 olim
339 1317 532 1356 genizarorum
553 1321 653 1356 fuerat,
681 1326 793 1357 totaque
815 1323 890 1351 istaec

106 1366 263 1401 deﬂagravit
278 1367 364 1400 regio.
381 1368 476 1395 Postea
496 1367 616 1402 perrexit
632 1367 665 1395 ad
680 1367 828 1396 Caravanat
846 1375 890 1396 sa-

105 1413 204 1444 raium,
218 1413 289 1440 unde
301 1413 428 1440 tabernas
442 1421 536 1441 eorum
554 1413 665 1445 invasit,
680 1414 727 1449 qui
743 1419 822 1441 torno
838 1422 890 1442 ca:-

106 1456 173 1488 lant,
191 1464 305 1491 quarum
317 1457 411 1484 ordine
423 1458 507 1485 series
520 1465 617 1492 magna
628 1459 804 1492 conspicitur.
822 1458 891 1487 Hinc

106 1502 138 1529 ad
153 1509 212 1529 eam
239 1503 329 1538 erupit
351 1511 454 1536 arcam,
467 1512 528 1539 quas
543 1503 656 1532 Tacbtal
680 1504 745 1532 Cala
763 1505 862 1532 dicitur
880 1514 887 1532 :

106 1549 178 1576 unde
193 1556 290 1577 rursus
304 1549 335 1576 ad
349 1549 440 1577 fabros
454 1551 576 1583 aerarios,
593 1550 627 1578 ab
641 1551 685 1579 his
702 1551 735 1578 ad
752 1552 889 1579 vitriarios

106 1595 267 1630 penetravit,
292 1596 374 1623 etiam
405 1595 451 1623 illa
485 1597 599 1631 regione
623 1597 750 1625 ittcendio
771 1606 890 1633 prorsus

74 1665 78 1674 ,
105 1641 248 1673 exhausta,
259 1649 320 1676 qua:
331 1641 433 1676 pictum
447 1641 573 1669 balneum
585 1643 681 1670 ambit.
697 1643 815 1679 Longius
828 1644 890 1671 inde

107 1696 290 1724 progressum,
311 1689 343 1716 ad
358 1688 514 1717 Judaaorum
533 1691 657 1725 pervenit
684 1692 766 1725 aedes,
787 1692 889 1720 ibidem

106 1735 226 1761 maximo
235 1742 297 1762 cum
309 1735 473 1763 detrimento
484 1741 636 1771 grassatum
649 1741 803 1772 propterea,
817 1738 889 1772 quod

106 1781 250 1808 admodum
283 1781 336 1808 illa:
359 1781 412 1809 sibi
437 1783 570 1817 contiguae
596 1783 661 1810 sint.
685 1783 753 1810 Hinc.
788 1791 889 1818 sparsa:

106 1826 216 1853 fuerunt
229 1826 344 1854 ﬂammae
360 1835 447 1862 usque
463 1828 496 1855 ad
517 1833 622 1863 portam
636 1828 688 1856 fori
703 1829 786 1865 348
800 1829 890 1865 pisca-

105 1873 149 1906 rii,
180 1877 207 1900 et
230 1873 362 1908 quidquid
388 1873 566 1901 aediﬁciorum
587 1878 647 1901 erat
666 1874 736 1902 inter
760 1876 842 1908 hanc,
863 1881 890 1903 et

103 1917 259 1946 Judtcorum
276 1924 392 1954 portant,
406 1927 516 1954 prorsus
526 1919 560 1947 ab
573 1922 634 1956 igne
642 1921 761 1948 deletttm
775 1922 889 1949 fuit.'Ad

103 1971 251 1997 summam,
269 1965 462 1999 propemodum
473 1965 606 1993 universa:
615 1965 627 1992 J
635 1966 772 1994 udteorum
787 1967 850 1994 dom
858 1975 889 1996 us

103 2009 182 2038 fuere
205 2015 395 2039 concrematur.
429 2010 497 2038 Nam
523 2011 618 2039 aestivo
634 2017 757 2047 tempore
773 2013 890 2048 contigit

102 2057 155 2085 hoc
174 2057 411 2091 iucendium,cum
432 2058 528 2092 ingens
546 2062 619 2085 esset
636 2058 758 2086 siccitas.
768 2059 891 2087 Arbores

101 2103 185 2130 etiam
204 2102 302 2130 virides
315 2103 399 2131 instar
408 2103 545 2138 sulphuris
571 2111 674 2131 arsere.
688 2102 785 2131 Nullus
798 2104 890 2131 incen-

100 2150 137 2177 dii
152 2149 337 2185 restingueudi
353 2150 452 2177 ntodus
470 2150 586 2177 inveniri
601 2154 717 2184 poterat.
743 2149 816 2177 Nihil
845 2158 891 2177 ar-

938 224 986 244 sus
1009 215 1060 243 fuit
1075 215 1262 246 Chairazlincs,
1273 221 1301 242 ut
1314 223 1403 242 arcem
1417 215 1532 247 Novam,
1543 224 1625 250 quam
1643 217 1723 244 Chri-

938 262 1019 289 stiani
1048 266 1262 295 occupaverant,
1287 265 1460 294 recuperaret
1480 270 1486 288 :
1506 264 1725 296 imperatumque

939 307 1079 343 Sangiacis
1091 307 1218 335 omnibus
1231 307 1289 341 ejus
1302 306 1458 341 provinciae,
1478 313 1506 334 ut
1523 308 1658 335 universis
1667 308 1724 335 suis

939 363 1000 382 cttm
1017 354 1115 388 copiis,
1127 358 1154 380 et
1166 359 1298 388 apparatu
1319 353 1427 386 bellico,
1443 354 1476 380 ad
1497 361 1554 380 eam
1570 362 1597 380 se
1616 354 1725 381 confer-

940 401 1190 428 rentobsidionem.
1211 398 1262 426 Ubi
1277 399 1372 427 classis
1391 400 1554 434 appulisset,
1580 407 1594 426 e
1609 400 1724 426 navibus

918 445 967 480 .in
985 451 1082 471 terram
1102 445 1232 480 expositae
1270 444 1347 471 fuere
1364 445 1499 472 machinae
1525 446 1721 475 tormentariae.

941 491 1105 526 propiusque
1117 490 1227 517 militari
1253 499 1330 517 more
1343 491 1465 518 deducta:
1481 491 1513 518 ad
1530 492 1633 518 castelli
1662 499 1723 518 mtt-

940 545 997 568 ros,
1025 541 1051 564 et
1065 541 1118 563 tam
1146 537 1190 564 diu
1206 537 1343 571 displosa,
1363 538 1450 565 donec
1467 539 1630 565 mmuiorum
1661 546 1724 572 pars

941 584 1052 617 disjecta
1065 587 1215 616 corrueret,
1232 591 1264 610 ac
1278 590 1325 617 per
1340 583 1414 618 ipsas
1426 584 1519 611 ruinas
1541 583 1617 611 miles
1629 584 1662 611 ad
1677 591 1726 611 ex-

940 632 1112 665 pugnandam
1133 637 1224 657 arcem
1236 629 1440 657 immitteretur.
1457 629 1541 657 Erant
1555 631 1581 657 iu
1592 630 1723 666 prmsidio

941 675 1046 702 castelli
1064 675 1163 702 milites
1177 670 1325 702 Christiani
1338 675 1449 702 virtutis
1476 676 1593 708 eximite.
1607 675 1652 709 qui
1668 680 1723 702 tam

941 721 1048 748 fortiter
1062 721 1130 748 hosti
1147 721 1318 754 resistebant,
1341 726 1372 749 ut
1396 721 1430 748 ab
1446 727 1559 755 utraque
1572 727 1647 756 parte
1663 722 1724 756 plu-

940 767 1002 794 rimi
1016 768 1151 794 caderent.
1170 767 1207 793 Διὶ
1224 772 1375 797 extremum
1399 772 1490 794 tamen
1509 768 1662 794 animorum
1677 776 1724 794 ar-

942 811 1008 839 dore
1030 813 1151 844 remisso,
1163 812 1364 840 succubuerunt
1381 821 1388 845 ;
1406 817 1434 840 et
1451 811 1551 840 occisis
1579 821 1724 848 propemo-

940 857 1004 884 dum
1041 857 1188 888 uuirersis.
1223 858 1366 893 captisque
1403 859 1605 893 superstitibus,
1638 860 1725 887 evasit

941 911 1031 930 nemo.
1049 902 1123 930 Nova
1137 908 1253 938 recepta,
1267 901 1399 939 quidqttid
1422 909 1480 932 erat
1499 905 1570 932 inter
1598 906 1724 939 captivos

940 949 1027 975 astatis
1041 955 1153 983 vegetas,
1166 949 1322 976 datnnatum
1348 949 1398 977 fuit
1413 950 1445 977 ad
1472 951 1611 977 triremes.
1629 950 1723 978 [tidem

940 999 1046 1029 reperta
1060 993 1087 1021 in
1104 1002 1167 1022 arce
1194 994 1329 1029 mancipia
1350 994 1477 1028 Turcica,
1504 996 1725 1024 vindicatasunt

939 1041 967 1069 in
982 1041 1145 1069 libertatem.
1162 1041 1209 1069 His
1231 1042 1314 1069 rebus
1332 1042 1428 1077 gestis,
1442 1048 1468 1070 et
1482 1044 1554 1072 arcis
1572 1045 1722 1076 tntenibus,

939 1094 992 1121 qua
1006 1087 1096 1114 diruta
1108 1087 1226 1119 fuerant,
1241 1088 1365 1121 reiectis,
1380 1089 1560 1117 Chairadines
1575 1090 1649 1117 illinc
1659 1098 1722 1118 cum

939 1133 1027 1161 classe
1042 1134 1189 1169 digressus,
1205 1134 1308 1169 aliquot
1329 1135 1435 1170 nthgia
1461 1136 1598 1164 mercibus
1623 1142 1722 1165 onusta

939 1179 1102 1208 Christianis
1124 1180 1236 1212 ademit,
1265 1184 1292 1208 et
1320 1181 1456 1216 oppidttlis
1476 1183 1638 1217 quibusdam
1667 1191 1724 1210 ma-

940 1226 1039 1255 ritimis
1057 1225 1174 1254 ﬂammis
1195 1235 1227 1254 ac
1241 1227 1314 1254 ferro
1331 1228 1444 1260 coactis,
1468 1228 1723 1257 utincolumitatent

940 1280 1017 1300 suam
1026 1273 1140 1308 pecunia
1155 1273 1328 1306 redimerent,
1349 1273 1614 1309 Constantinopolim
1631 1275 1723 1309 rediit,

939 1326 1012 1345 anno
1024 1319 1076 1346 946
1090 1319 1166 1354 (Chr.
1185 1316 1275 1355 lii/50).

976 1363 1105 1392 Sullanus
1120 1369 1210 1393 autem
1234 1365 1406 1395 Soleimanes
1422 1367 1466 1394 die
1486 1367 1606 1396 secundo
1622 1369 1726 1397 mensis

941 1409 1092 1439 Schabanis
1107 1411 1343 1448 Constantinopoli
1360 1414 1511 1448 profectus,
1538 1415 1726 1451 Hadrianopo—

940 1456 987 1484 lim
1004 1458 1128 1491 accessit,
1148 1463 1175 1485 et
1198 1459 1296 1486 ibilem
1326 1460 1470 1488 hibernum
1487 1466 1594 1496 tempus
1610 1463 1700 1496 exegit
1717 1470 1726 1490 :

940 1509 995 1537 quo
1003 1503 1128 1535 durante,
1137 1508 1261 1530 exortum
1273 1504 1427 1532 incendium
1441 1505 1467 1532 in
1479 1507 1570 1533 sat-aio
1582 1514 1662 1539 novo,
1671 1514 1727 1541 quo

942 1549 1078 1576 conclusa:
1092 1549 1192 1576 sultani
1206 1557 1315 1582 uxores,
1326 1550 1416 1582 liberi,
1431 1551 1526 1584 puellae
1543 1551 1662 1586 virgines
1678 1553 1726 1580 ha-

941 1594 1027 1622 bitare
1039 1595 1138 1627 solent,
1157 1600 1241 1622 totum
1269 1596 1335 1623 illud
1365 1597 1510 1624 mdilicium
1541 1605 1602 1625 cum
1634 1600 1725 1634 magtti

941 1641 1020 1676 pretii
1038 1641 1118 1668 rebus
1146 1642 1268 1668 exussit.
1294 1641 1400 1670 Rursus
1421 1646 1511 1670 tamen
1531 1644 1601 1671 haud
1627 1653 1727 1681 magno

942 1687 1073 1720 temporis
1083 1687 1174 1721 spatio
1190 1687 1360 1720 splendidius
1372 1692 1414 1715 est
1432 1690 1627 1722 instauratum,
1643 1698 1725 1725 quam

942 1730 1031 1759 fuerat
1055 1732 1140 1765 prius.
1167 1732 1230 1760 Inde
1261 1733 1432 1762 Soleimancs
1463 1735 1728 1771 Constantinopolim

940 1778 983 1805 die
997 1778 1112 1812 Septimo
1131 1779 1232 1806 mensis
1247 1779 1373 1807 Silcltizis
1396 1788 1535 1813 reversus,
1565 1782 1670 1809 ibidem
1691 1783 1725 1811 ad

940 1825 1048 1859 aliquod
1070 1829 1176 1859 tempus
1192 1826 1280 1858 haesit,
1304 1834 1376 1853 anno
1390 1826 1441 1854 947
1459 1827 1535 1861 (Chr.
1555 1828 1645 1861 15H).

976 1870 1158 1905 Exposuimus
1185 1879 1266 1906 supra
1298 1872 1483 1901 Scleitnanctu
1510 1876 1652 1909 complura
1680 1884 1728 1911 per

940 1916 1086 1951 Ungariam
1102 1918 1213 1952 oppida,
1231 1926 1293 1946 ctnn
1313 1919 1371 1953 ipsa
1395 1921 1470 1954 regnl
1495 1922 1637 1955 metropoli
1655 1922 1728 1950 Buda

940 1962 1045 1997 cepisse
1059 1971 1066 1990 :
1080 1968 1239 1998 motumque
1254 1965 1386 2000 singulari
1414 1966 1530 2000 quadam
1556 1968 1654 2002 gratia,
1675 1968 1728 1995 Ba-

943 2016 1008 2035 num
1026 2007 1126 2035 Erdelii
1139 2015 1248 2036 creasse
1272 2017 1359 2043 regem
1390 2009 1515 2045 Ungarize
1531 2018 1539 2038 :
1554 2018 1614 2038 cum
1629 2011 1663 2038 ad
1681 2012 1730 2038 ali-

941 2059 1009 2089 quot
1024 2062 1111 2082 annos
1128 2054 1171 2081 ille
1185 2062 1270 2090 regno
1285 2055 1362 2089 plena
1376 2063 1438 2082 cum
1455 2060 1589 2090 potestate
1605 2057 1731 2092 praefuis-

941 2105 993 2134 set,
1007 2100 1092 2127 filium
1108 2100 1227 2128 moriens
1244 2101 1353 2136 reliquit
1367 2101 1514 2133 ltteredetn,
1533 2102 1579 2137 qui
1597 2110 1643 2137 per
1667 2107 1732 2130 teta-

943 2153 996 2176 tem
1013 2149 1239 2176 administranda:
1259 2149 1423 2184 reipublicn
1437 2157 1491 2176 non
1513 2155 1572 2177 erat
1594 2150 1729 2178 idoneus:

100 2195 201 2222 borunt
212 2200 377 2222 rcsectarum
387 2194 666 2229 dejectio,nihilaqua
675 2195 799 2229 juvabat.
811 2194 889 2223 Unde
903 2197 930 2227 D
943 2203 1028 2231 eaque
1043 2195 1076 2223 de
1091 2203 1172 2224 causa
1197 2201 1284 2223 mater
1299 2196 1376 2230 pueri
1405 2196 1635 2231 gubernationem
1652 2197 1685 2224 ad
1702 2204 1731 2224 se

99 2241 217 2273 factum,
240 2245 268 2267 ut
284 2244 340 2267 tota
354 2245 433 2267 nocte
445 2241 567 2268 duraret.
583 2240 671 2268 Erant
684 2240 823 2268 distributi
841 2248 890 2276 per

97 2294 199 2314 omnes
214 2286 290 2313 urbis
309 2286 435 2321 regiones
462 2286 595 2320 genizari,
621 2286 668 2320 qui
698 2285 823 2313 ﬂammas
838 2294 889 2313 ex-

97 2333 272 2366 stinguerent
292 2340 299 2358 :
318 2331 366 2359 sed
382 2331 519 2359 incassum
530 2331 700 2358 laborabant.
719 2331 826 2358 Etenim
841 2339 891 2366 po-

97 2379 198 2406 stridie
213 2379 286 2406 illius
297 2378 360 2409 diei,
370 2386 385 2405 a
399 2379 487 2413 primo
502 2378 622 2406 diluculo
645 2386 731 2413 usque
746 2378 780 2405 ad
795 2386 890 2413 vespe-

97 2433 172 2458 ram,
186 2425 223 2451 ita
239 2425 433 2456 desre'vierunt,
449 2428 477 2451 ut
492 2425 574 2451 etiam
594 2425 705 2451 maximi
722 2424 801 2459 pretii
819 2432 891 2451 nter-

95 2479 145 2499 ces
162 2476 210 2498 aut
224 2470 447 2503 absumerentur,
460 2475 507 2497 aut
521 2469 721 2503 direptionibus
734 2475 828 2497 essent
840 2478 889 2497 ex-

95 2517 210 2551 positae.
226 2516 329 2551 Quippe
339 2516 438 2551 quibus
454 2516 481 2543 in
496 2515 563 2543 locis
578 2516 654 2544 urbis
666 2522 820 2551 grassatum
839 2516 890 2544 fuit

97 2562 274 2595 incendium,
298 2563 325 2590 in
344 2563 378 2590 iis
399 2562 495 2598 majori
514 2570 545 2589 ex
559 2566 635 2597 parte
649 2567 844 2597 mercatorum,
864 2568 891 2591 et

95 2608 220 2635 aliorum
242 2608 362 2635 tabernae
377 2607 551 2635 consistunt:
574 2608 689 2642 ideoque
717 2609 807 2643 potior
827 2617 890 2644 pars

95 2655 179 2682 urbis
193 2654 220 2680 in
237 2654 344 2681 cineres
354 2653 431 2687 abiit,
450 2661 511 2681 cum
529 2654 599 2681 idem
613 2654 749 2682 accideret
761 2652 889 2683 omnibus

93 2700 236 2733 aediliciis,
262 2707 321 2735 quae
337 2704 414 2728 extra
435 2707 530 2728 muros
554 2700 631 2728 urbis
647 2708 662 2727 a
693 2700 752 2728 foro
769 2701 890 2735 piscario

93 2746 152 2773 sita
173 2746 277 2774 suntitt
303 2746 394 2774 littore
417 2746 513 2774 maris.
531 2746 632 2773 Eodem
660 2751 782 2781 tempore
804 2747 889 2781 pestis

93 2794 185 2820 ctiatu
206 2793 234 2820 in
255 2792 322 2821 urbe
337 2793 525 2828 grassabatur,
545 2797 694 2827 utrumque
709 2792 756 2820 Dei
772 2793 888 2829 contigit

94 2843 182 2872 nutu,
194 2845 268 2866 anno
279 2837 331 2867 946
346 2837 421 2870 (Chr.
445 2836 536 2873 £550).

945 2243 1098 2270 transtulit.
1115 2242 1172 2270 Hoc
1189 2242 1352 2277 permoleste
1369 2241 1471 2275 ferens,
1489 2242 1600 2277 quidam
1612 2250 1645 2270 ex
1669 2251 1731 2278 pro-

945 2291 1052 2318 ceribus
1067 2289 1198 2324 Ungaris,
1212 2289 1308 2317 Petrus
1322 2289 1464 2322 Percnius,
1475 2290 1533 2317 suis
1544 2290 1577 2317 ad
1590 2297 1649 2317 eam
1664 2291 1731 2317 mis-

945 2336 984 2364 sis
1004 2335 1169 2365 hominibus,
1188 2334 1244 2362 lucc
1260 2334 1409 2369 signiticari
1434 2335 1537 2369 jussit:
1563 2342 1623 2362 esse
1643 2335 1730 2370 ipsam

945 2379 1054 2407 feminei
1080 2386 1172 2411 sexus,
1188 2382 1216 2405 et
1231 2378 1365 2406 institutis
1390 2379 1525 2413 majorum
1543 2379 1654 2407 minitne
1671 2387 1731 2414 per-

945 2425 1025 2457 mitti,
1042 2430 1070 2452 ut
1087 2424 1114 2451 in
1128 2423 1247 2459 Ungaria
1264 2424 1361 2450 mulier
1373 2424 1446 2459 regia
1459 2432 1520 2451 cum
1537 2430 1672 2460 potestate
1682 2426 1728 2452 sit.

944 2471 1127 2505 Quamobrem
1144 2470 1320 2505 metropolim
1338 2470 1414 2505 regni
1431 2470 1535 2498 Budam
1553 2471 1665 2499 Pcrenio
1680 2472 1730 2499 de-

945 2520 1030 2546 deret.
1047 2517 1104 2545 Nisi
1119 2517 1230 2550 faceret,
1247 2522 1393 2545 ventttrum
1408 2526 1471 2545 ctttn
1490 2519 1625 2551 exercitu,
1639 2523 1666 2547 et
1682 2527 1729 2546 ur-

945 2565 1006 2592 bem
1024 2564 1049 2591 vi
1064 2569 1275 2599 occupaturum.
1300 2564 1394 2590 Mulier
1409 2564 1506 2598 legatis
1521 2566 1671 2599 respondit,
1687 2574 1733 2592 ur-

945 2612 1005 2639 betn
1020 2610 1122 2637 ﬂudam
1140 2617 1193 2637 tton
1205 2618 1283 2637 suam
1298 2617 1370 2642 esse,
1381 2610 1428 2637 sed
1441 2611 1542 2638 sultani
1555 2611 1709 2638 Osinanidae
1725 2620 1732 2638 :

945 2665 960 2684 a
975 2664 1030 2691 quo
1043 2655 1066 2683 si
1085 2655 1218 2684 Pcrettius
1233 2662 1292 2682 eam
1322 2660 1467 2690 repeteret,
1502 2664 1535 2683 ac
1559 2657 1729 2691 impetraret,

945 2703 1059 2730 otnnino
1071 2709 1100 2727 se
1116 2700 1280 2728 deditlonem
1305 2701 1451 2729 facturam.
1467 2701 1517 2730 Ubi
1536 2702 1668 2730 Pet-cuius
1684 2704 1733 2729 hoc

947 2751 981 2777 ab
1000 2757 1032 2776 ea
1052 2756 1212 2783 responsum
1231 2748 1347 2780 tulisset,
1362 2757 1423 2775 cum
1439 2748 1519 2776 Binis
1531 2755 1557 2775 et
1572 2749 1733 2784 proceribus

946 2792 1053 2820 exteris
1084 2792 1112 2819 in
1135 2791 1300 2826 colloquium
1328 2792 1452 2824 venit-ns,
1481 2801 1589 2820 summo
1607 2793 1733 2820 tit-decori

947 2839 1082 2867 universis
1099 2838 1274 2866 dominatum
1299 2838 1374 2866 illum
1389 2840 1549 2868 muliebrem
1576 2848 1636 2868 csse
1653 2840 1733 2866 dixit.
