1962 3071
225 145 277 179 cii
299 136 304 141 “

858 146 1029 179 ΑΝΝΜΈΒ
1047 145 1218 182 TURCICI.

1800 143 1853 179 6&8

227 204 357 232 Proeercs
371 202 489 232 hominis
507 203 630 231 oratione
645 204 897 239 pcrmoli,libenter
913 206 939 231 in
951 214 1010 232 eam
1028 219 1048 246 Δ
1065 205 1094 237 ti,
1113 211 1138 232 el
1154 206 1261 232 suitano
1285 205 1378 232 Selimi
1392 204 1508 231 ditioncs
1530 197 1655 230 attribuit
1673 213 1678 229 :
1698 203 1734 229 illi
1754 203 1852 230 Manu~

228 250 388 278 sententiam
404 251 610 285 pedibusibant,
626 255 655 278 ut
664 252 856 278 removendam
867 252 900 278 ah
917 252 1009 278 admi-

230 296 389 323 nistratione
401 296 529 323 feminam
553 301 730 324 statuerent:
756 304 805 324 nec
834 297 901 332 ipsis
917 297 1012 325 adver-

229 343 353 369 santibus
380 341 529 376 episcopis,
556 342 604 377 qui
632 343 755 369 dicerent
778 343 829 370 hoc
853 343 933 370 modo
953 351 1010 370 rem

229 385 366 420 Ungaram
391 387 417 413 in
440 391 580 421 posterum
612 387 711 414 melius
728 387 893 414 habituram.
919 387 1013 422 itaque

229 440 357 466 proceres
373 438 468 460 mutuo
494 433 564 460 inter
581 441 611 460 se
631 432 733 460 foedere
749 434 879 466 devincti,
899 441 1012 469 magnas

229 487 343 513 covgere
359 479 463 514 copias,
479 484 505 506 et
517 480 616 514 insigni
627 488 687 507 cum
702 485 833 515 apparatu
852 481 1011 508 bellicorum
1029 490 1034 494 η

228 529 428 554 tormentorum
452 527 485 554 ad
508 528 611 554 Budatn
636 532 822 556 accesserunt.
839 524 875 555 Ea
894 534 923 556 re
948 536 1013 555 con-

231 579 333 607 specta,
352 579 464 608 repente
494 574 593 601 mulier
618 574 744 608 exiguam
765 574 884 602 militum
901 581 1012 601 manum

230 619 341 654 colligit,
354 624 380 647 et
400 620 451 647 hoc
470 619 564 646 urbem
582 619 709 654 praesidio
722 621 830 647 munit:
846 628 907 647 cum
927 619 1014 647 Soiei-

231 672 338 692 manem
351 672 460 700 quoque
476 666 510 692 de
527 665 609 692 rebus
627 665 755 693 omnibus
769 665 915 693 certiorem
931 664 1013 692 fecis-

230 715 282 738 set.
298 711 321 738 is
338 711 370 737 ad
390 711 504 745 hujusce
520 716 612 738 motus
626 710 736 743 famam,
749 710 892 738 confestim
903 711 1015 738 Muche-

232 763 331 785 tnetem
359 757 466 785 bassam
489 765 550 784 cum
567 762 643 792 parte
659 757 862 793 geniaarorum,
881 761 909 784 et
928 757 1014 792 copiis

232 801 372 831 Romaniae
384 802 526 839 praemisit,
543 803 601 837 ipse
623 803 667 830 die
681 802 812 831 vicesimo
829 803 923 839 quinto
939 810 1013 831 men-

233 849 270 876 sis
287 848 389 876 Seferis
405 849 641 884 Constantinopoli
653 849 802 884 digressus,
826 848 929 876 Budam
952 856 1015 876 ver-

1064 259 1134 282 sam,
1164 252 1230 278 huic
1263 251 1464 278 Caramaniam.
1499 249 1612 276 Factum
1642 249 1775 276 hocauuo
1801 250 1853 276 uti!

1064 295 1140 329 (Chr.
1162 290 1253 330 ists).

1100 341 1268 370 Soieimanes
1284 343 1352 371 satis
1369 342 1421 370 sibi
1442 341 1488 369 diu
1517 341 1753 374 Constantinopoli
1786 341 1852 366 s‘ub-

1064 384 1168 416 stitisse
1181 389 1268 420 visus,
1296 389 1329 416 ad
1347 388 1427 415 aliam
1461 395 1490 415 se
1506 387 1613 421 paravit
1639 387 1852 420 expeditionem.

1063 435 1153 462 denuo
1167 435 1312 462 invasurtts
1330 434 1490 469 Ungariam,
1505 432 1597 468 Itaque
1612 431 1851 466 Constantinopoli

1064 480 1218 513 discedens,
1234 480 1455 515 Hadrianopolim
1486 480 1513 506 in
1530 479 1645 506 hiberna
1669 485 1698 505 se
1727 477 1852 504 contulit.

1064 526 1129 553 inde
1146 533 1244 561 magno
1265 534 1328 554 cum
1357 529 1504 561 apparatu,
1532 529 1559 552 et
1590 525 1728 552 universis
1755 524 1852 557 copiis,

1065 571 1204 606 profectus
1217 576 1260 600 est
1282 572 1326 600 die
1353 572 1456 600 mensis
1482 571 1655 599 Mucberenis
1686 577 1794 599 octavo.
1821 571 1851 598 iu

1064 616 1212 653 Ungariam
1230 626 1292 646 cum
1321 619 1502 653 pervenisset,
1528 624 1604 645 arces
1640 617 1712 644 Petri
1745 617 1854 644 Perenii

1065 665 1183 698 primum
1208 664 1332 694 adortus,
1348 663 1481 699 Valpoum
1514 663 1649 690 machinis
1662 667 1689 690 et
1720 662 1854 690 militibus

1065 709 1192 741 admotis,
1209 709 1372 745 expugnavit
1383 715 1411 737 et
1427 709 1509 744 cepit.
1526 708 1590 736 Inde
1614 707 1727 736 Festum
1741 716 1853 742 aggres-

1066 763 1125 789 sus,
1142 755 1236 783 itidem
1264 755 1418 789 occupavit.
1445 753 1524 783 Pesto
1551 754 1706 787 discedens,
1736 754 1853 781 ulterius

1066 801 1196 836 perrexit,
1207 806 1233 827 et
1250 800 1418 836 Strigonium
1434 799 1557 833 obsedit;
1578 799 1623 828 ubi
1636 799 1699 827 licet
1712 798 1851 834 praesidia-

1068 847 1099 873 rii
1117 847 1215 874 milites
1227 848 1336 882 egregie
1352 854 1382 875 se
1400 846 1590 879 defenderent,
1617 846 1724 873 tandem
1761 850 1853 872 tamen

233 903 280 923 sus
305 904 367 923 cum
401 895 490 923 Porta:
512 897 653 927 comitatu,
678 901 705 923 et
734 895 847 931 reliquis
869 895 1014 930 genizaris,
1030 886 1053 919 Β
1068 891 1238 921 Soleimanes
1252 900 1284 920 eo
1306 894 1408 928 potitus
1424 897 1477 921 est.
1497 892 1567 920 Hinc
1579 893 1734 933 exercitum,
1749 892 1782 919 ad
1807 891 1855 918 Al:

234 940 431 968 Muchemetem
448 942 556 968 bassam
573 942 705 968 continuo
721 945 833 968 secutus
855 945 905 968 est.
929 939 1014 976 Urge-

234 989 279 1016 bat
292 988 398 1016 interim
418 987 548 1015 Perenius
561 987 636 1015 urbis
659 987 839 1017 obsidionem.
855 988 900 1015 sed
923 994 954 1014 ea
967 994 1015 1022 po-

233 1035 278 1062 tiri
292 1042 344 1062 non
357 1035 455 1069 potuit.
477 1033 527 1062 Ubi
540 1032 722 1062 Muchemetes
738 1033 888 1061 exercitum
904 1033 1015 1068 propius

232 1081 265 1108 ad
279 1081 373 1106 urbem
386 1080 516 1112 duxisset,
541 1087 706 1114 magnopere
730 1079 892 1106 Soleimanis
915 1079 1016 1106 adven-

201 1129 204 1132 ’
233 1131 290 1154 tum
309 1126 492 1153 desiderabat.
509 1125 614 1159 Quippe
630 1130 683 1152 tam
713 1132 867 1153 numerosae
882 1125 1016 1152 Christia-

232 1180 330 1200 norum
348 1177 427 1200 erant
442 1171 538 1206 copiae,
555 1179 682 1206 magnam
712 1175 740 1198 ut
754 1170 920 1198 Muchemeli
934 1170 1017 1207 349

233 1218 406 1246 formidinem
430 1217 597 1245 incuterent.
619 1217 691 1250 Quin
711 1217 794 1244 etiam
823 1222 916 1252 spreto
932 1218 1016 1252 ipsius

232 1265 361 1297 adventu,
377 1272 411 1292 ne
423 1263 506 1291 latum
528 1264 639 1298 quidem
661 1271 779 1299 unguem
799 1270 815 1290 e
839 1263 937 1291 castris
957 1271 1017 1291 ces-

235 1317 308 1342 sere,
329 1310 376 1337 sed
394 1309 493 1337 moenia
505 1308 650 1336 tormentis
666 1312 821 1340 concutere,
834 1313 915 1343 atque
929 1307 1016 1343 ipsam

233 1356 326 1383 urbem
353 1362 511 1390 oppugnare
539 1359 728 1389 perrexerunt.
759 1353 796 1381 Ea
811 1362 875 1382 vero
904 1362 966 1381 cum
989 1354 1016 1381 in

235 1401 405 1437 Ungarorum
433 1405 594 1435 potestatem
619 1399 731 1435 jamjam
754 1405 868 1428 ventura
890 1405 972 1434 esset,
989 1401 1016 1428 in

233 1450 355 1481 tempore
367 1446 535 1473 Soleimanes
546 1453 597 1473 suo
609 1453 671 1473 cum
684 1446 827 1479 comitatu,
839 1451 865 1473 et
877 1445 1018 1475 Genizaris

233 1497 262 1520 et
277 1493 398 1520 exercitu
423 1491 554 1519 Anatolia:
572 1490 770 1526 profectionem
792 1492 829 1518 ita
858 1493 1017 1525 maturavit.

235 1543 266 1566 ut
279 1539 377 1567 itinere
396 1538 470 1566 bidui
486 1538 619 1565 duntaxat
632 1546 647 1564 a
659 1537 837 1567 Muchemetis
857 1542 883 1566 et
898 1538 1016 1566 hostium

235 1586 332 1614 castris
352 1585 469 1613 abesset.
488 1584 516 1611 id
538 1585 581 1611 ubi
606 1583 739 1612 Pereuius
756 1585 876 1618 rescivit,
892 1593 1017 1612 commo-

240 1631 301 1658 dam
319 1635 415 1657 nactns
431 1630 614 1662 occasionem,
625 1630 719 1656 furtim
740 1638 755 1657 e
769 1630 867 1658 castris
882 1638 911 1658 se
928 1631 1016 1666 prori-

240 1677 312 1712 puit,
322 1681 349 1703 et
359 1675 476 1711 aufugit.
487 1675 545 1702 Non
561 1676 633 1703 enim
649 1675 771 1703 futurum
790 1681 907 1712 putarat,
917 1681 947 1704 ut
961 1677 1018 1712 ipse

235 1722 364 1750 Sullanus
379 1722 412 1749 ad
428 1722 582 1750 solvendam
603 1722 678 1749 urbis
692 1722 865 1750 obsidionem
897 1724 1015 1751 veniret.

235 1768 333 1796 Milites
345 1767 456 1803 Ungari,
473 1768 581 1803 cognita
598 1767 708 1795 Perenii
723 1768 892 1796 clandestina
915 1769 1018 1797 disces-

235 1815 321 1846 sione,
336 1822 401 1842 suos
417 1818 442 1842 et
461 1813 512 1849 ipsi
525 1813 707 1841 deseruerunt
719 1815 838 1847 ordines,
856 1823 940 1850 seque
955 1824 1015 1844 mox

235 1861 268 1888 ad
283 1860 428 1888 ineundam
447 1859 539 1894 fugam
553 1863 692 1894 pararunt.
707 1860 735 1887 id
751 1863 908 1895 conspicata
920 1862 1018 1890 mulier

235 1916 278 1941 ea,
295 1915 376 1942 quam
388 1907 517 1939 diximus,
535 1913 566 1933 ex
585 1906 659 1933 urbis
673 1906 834 1934 sublimiore
850 1907 919 1938 loco,
932 1908 1018 1936 misso

237 1956 330 1982 nuntio
340 1954 535 1982 Muehemetem
548 1953 656 1981 bassam
668 1953 813 1987 increpuit,
826 1960 876 1980 cur
887 1954 964 1981 hoste
977 1954 1018 1981 fu.

236 2000 324 2036 giente
341 1999 504 2034 quiesceret.
525 1998 720 2031 Muchemetes,
737 1999 783 2032 qui
809 1998 947 2026 Romaniae
963 2002 1017 2025 tum

236 2046 414 2081 heglcrhegus
436 2048 505 2077 erat,
531 2044 575 2071 his
598 2044 710 2076 auditis,
727 2051 790 2071 mox
810 2044 836 2071 in
849 2044 1018 2071 Christianos

237 2100 315 2118 suum
333 2090 468 2126 promovit
485 2090 649 2117 exercitum.
665 2089 741 2122 Quod
758 2089 796 2116 illi
813 2089 870 2116 ﬁeri
885 2089 1018 2121 videntes.

237 2137 380 2171 hostisque
393 2136 501 2163 conatui
516 2136 610 2163 leviter
621 2136 767 2162 admodum
783 2141 978 2170 repugnantes,
992 2136 1018 2162 in

239 2181 329 2216 fugam
362 2189 425 2208 sese
451 2182 603 2215 conjeeere.
632 2181 758 2213 Quidam,
780 2189 861 2208 naves
892 2182 1017 2216 ingressi,

1066 938 1128 965 bam
1143 939 1258 974 regalem
1273 939 1398 972 adduxit,
1418 947 1471 974 qua
1499 939 1526 966 in
1542 939 1610 967 urbe
1624 946 1701 973 reges
1729 936 1854 973 Ungarns

1066 991 1126 1010 rum
1140 985 1249 1019 sepeliri
1260 989 1471 1012 consueverant.
1485 984 1552 1012 Huic
1560 991 1623 1012 eum
1635 984 1749 1011 militem
1763 983 1853 1010 Solvi-

1067 1036 1160 1056 manes
1187 1029 1365 1071 admovisset,
1397 1031 1574 1066 praesidiariis
1612 1030 1707 1070 urbem
1739 1026 1852 1057 strenue

1066 1077 1310 1111 propugnantibus,
1327 1077 1422 1112 ingens
1440 1077 1566 1112 utrinque
1593 1077 1679 1105 caedes
1695 1077 1768 1104 edita
1782 1077 1853 1103 fuit:

1066 1122 1113 1150 sed
1135 1122 1312 1149 nihilominus
1323 1122 1357 1150 ad
1373 1127 1524 1150 extremum
1558 1122 1721 1150 Soleimanis
1749 1122 1776 1149 in
1802 1129 1854 1157 pes

1067 1173 1190 1197 testa'tem
1215 1169 1297 1197 venit.
1318 1169 1342 1197 is
1372 1177 1437 1198 vero
1465 1173 1569 1206 postea,
1603 1177 1685 1205 quam
1713 1169 1854 1205 occupatis

1065 1216 1230 1249 civitatibus,
1246 1217 1367 1248 arcibus,
1384 1217 1502 1252 oppidis,
1516 1217 1643 1253 praesidia
1652 1216 1851 1244 Genizarorum

1066 1267 1093 1291 et
1108 1263 1222 1290 aliorum
1242 1262 1559 1299 militum.imposuisset
1574 1271 1581 1290 :
1599 1263 1697 1291 itinere
1715 1270 1851 1290 converso

1067 1307 1146 1335 rediit
1158 1306 1434 1343 Constantinopolim,
1452 1312 1479 1335 et
1495 1307 1539 1335 die
1552 1307 1585 1335 Π
1611 1307 1714 1335 mensis
1729 1306 1856 1335 Schaba~

1067 1353 1109 1381 nis
1138 1354 1231 1381 urbem
1249 1353 1388 1388 ingressus
1405 1358 1458 1386 est,
1471 1361 1544 1390 anno
1558 1353 1612 1381 950
1625 1353 1738 1388 (Christ.
1760 1352 1852 1388 l5“).

1104 1398 1240 1427 Postridie
1259 1406 1341 1435 quam
1371 1400 1535 1433 advenisset,
1565 1399 1676 1426 allatum
1707 1399 1758 1427 fuit
1781 1399 1854 1427 Cone

1068 1445 1274 1481 stantinopoiim
1290 1446 1407 1474 cadaver
1419 1446 1476 1479 filii,
1509 1446 1612 1474 sultani
1644 1445 1824 1473 Muchemetis
1842 1450 1850 1473 ἔ

1068 1492 1139 1527 quod
1157 1493 1275 1526 peractis
1303 1492 1443 1528 exsequiis
1461 1491 1532 1519 haud
1552 1492 1649 1528 procul
1680 1492 1715 1520 ab
1741 1492 1856 1527 antiquo

1069 1536 1206 1565 domicilio
1226 1538 1429 1573 genizarorum,
1454 1542 1633 1566 monumento
1660 1537 1712 1566 fuit
1735 1538 1854 1567 illatum.

1068 1584 1184 1612 Mortem
1203 1585 1248 1612 filii
1266 1583 1437 1611 Soleimanes
1451 1588 1528 1619 pater
1545 1584 1643 1612 acerbe
1658 1584 1739 1612 luxit.
1773 1586 1854 1612 idco-

1067 1639 1121 1667 que
1132 1639 1257 1666 magnam
1281 1632 1406 1660 ciborum
1435 1632 1542 1667 copiam
1570 1639 1651 1667 coqut
1676 1633 1793 1665 curavit,
1827 1637 1856 1661 et

1067 1679 1177 1712 epulum
1191 1678 1304 1705 funebre
1320 1677 1474 1712 quibusvis.
1490 1682 1544 1705 tam
1564 1678 1741 1714 pauperibus,
1772 1687 1854 1714 quam

1068 1724 1215 1759 opulentis,
1231 1724 1328 1751 animae
1339 1723 1386 1750 filii
1399 1731 1493 1756 causa,
1507 1725 1632 1759 praebuit.
1648 1723 1731 1752 Multa
1746 1733 1855 1760 quoque

1069 1770 1201 1804 mancipia
1219 1776 1301 1797 sexus
1333 1769 1487 1805 utriusque,
1513 1778 1563 1798 suo
1587 1771 1726 1806 redempta
1754 1772 1853 1806 pretio.

1068 1816 1193 1843 libertate
1209 1815 1329 1843 donavit.
1344 1814 1478 1842 Praeterea
1493 1820 1698 1842 monumentum
1724 1817 1779 1843 filio
1795 1825 1855 1844 mna

1069 1862 1195 1896 gnificum
1212 1861 1356 1889 exstruxit.
1371 1861 1537 1889 Acciderunt
1549 1862 1606 1890 haec
1623 1858 1695 1890 anno
1712 1861 1764 1890 950
1775 1862 1855 1899 (Chr.

1069 1907 1160 1942 is“).

1105 1953 1274 1981 Soleimanes
1291 1954 1441 1982 secundum
1458 1954 1501 1982 illa
1519 1954 1754 1990 Constantinopoli
1785 1961 1856 1984 tem-

1068 2006 1120 2034 pus
1138 1999 1169 2025 ad
1187 1999 1295 2034 aliquod
1313 2002 1423 2033 mansit,
1440 2008 1490 2028 nec
1506 2001 1543 2028 rei
1567 2001 1715 2036 quidquam
1750 2009 1856 2029 mento-

1069 2043 1163 2070 rabilis
1175 2048 1217 2070 est
1243 2043 1364 2070 molitus.
1381 2043 1484 2071 interea
1499 2051 1627 2072 mortuus
1643 2050 1685 2073 est
1697 2045 1741 2073 die
1758 2046 1856 2079 quinto

1070 2090 1170 2116 mensis
1182 2089 1380 2117 Zemasiellulae
1402 2090 1443 2116 vir
1461 2098 1551 2118 rerutn
1567 2097 1685 2118 strenuae
1716 2096 1855 2126 gestarum

1070 2133 1156 2168 gloria
1175 2134 1356 2165 clarissimus,
1392 2133 1573 2163 Chairadines
1598 2135 1701 2164 bassa:
1731 2137 1856 2171 sepuitus

1071 2180 1098 2205 in
1112 2179 1182 2211 loco,
1201 2180 1246 2214 qui
1268 2179 1388 2206 Besictas
1405 2181 1566 2215 appellatur.
1585 2181 1705 2218 Contigit
1721 2183 1772 2210 hoc
1783 2190 1857 2211 anno

237 2230 383 2254 evaserunt
403 2235 409 2253 :
426 2226 472 2252 alii
493 2229 578 2252 semet
590 2225 617 2252 in
635 2225 788 2252 Danubium
804 2226 1019 2260 praecipitantes,
1036 2227 1059 2255 D
1074 2225 1212 2256 955(Chr.
1242 2225 1333 2259 15”).

239 2272 316 2306 aquis
336 2272 426 2298 obruti
454 2271 573 2306 periere,
589 2271 696 2298 castoris
729 2275 776 2298 aut
801 2272 890 2304 exesis,
915 2277 961 2299 aut
977 2280 1023 2299 ca-

238 2319 304 2354 ptis.
322 2318 383 2352 ipso
401 2317 545 2345 conflictus
569 2322 706 2344 momento
735 2317 906 2345 Soleimaues
936 2319 1018 2345 etiam

238 2373 300 2392 cum
320 2364 378 2392 suis
397 2363 517 2391 advenit.
536 2363 653 2398 Direptis
673 2363 892 2391 Christianort‘tm
910 2365 1020 2396 castris,

240 2411 382 2438 machinas
408 2410 530 2441 bellicas,
552 2414 579 2437 et
601 2409 782 2445 pertinentem
803 2410 835 2436 ad
850 2418 896 2438 eas
909 2418 1023 2445 appara-

241 2462 310 2489 tum,
329 2457 355 2484 in
377 2457 468 2483 urbem
491 2456 707 2490 convehijussit.
727 2455 797 2483 Hinc
809 2456 890 2483 Budre
917 2457 1023 2491 begler-

241 2504 339 2537 begum
363 2503 420 2530 sive
437 2503 545 2530 bassam
574 2502 729 2534 constituit,
755 2506 782 2529 et.
799 2503 898 2530 milites
923 2503 1022 2530 ibidem

240 2549 370 2575 Turcicos
386 2549 412 2575 in
430 2548 556 2583 praesidio
571 2548 714 2575 collocavit
733 2557 739 2575 :
754 2549 891 2582 assignata
906 2549 1024 2580 mulieri,

241 2595 354 2629 ejusque
372 2594 437 2626 lilio,
451 2594 550 2620 Erdelii
568 2595 689 2629 regione,
704 2602 783 2628 quam
795 2596 871 2628 pueri
887 2599 964 2630 pater
976 2603 1025 2621 an-

241 2642 315 2676 tiquo
335 2640 394 2675 jure
420 2641 552 2673 majorum
571 2641 753 2675 possederat:
775 2646 857 2675 atque
877 2641 942 2668 illuc
968 2648 1025 2667 ina-

242 2691 322 2715 trem,
341 2695 401 2713 ciim
421 2687 484 2718 ﬁlio,
502 2695 563 2712 mox
587 2686 732 2721 ablegavit.
752 2686 825 2714 inde.
846 2694 899 2721 qua
915 2691 1025 2713 venerat

241 2733 297 2762 via.
313 2741 451 2767 regressus
473 2732 652 2764 Soleimanes,
675 2733 720 2760 (lic
744 2733 846 2760 mensis
873 2732 1026 2760 Schahanis

242 2786 340 2804 ornvo
366 2778 631 2816 Constantinopolim
668 2778 758 2810 rediit,
780 2786 852 2805 anno
872 2777 924 2805 ’διιὸ
948 2778 1023 2812 (Chr.

244 2824 347 2858 true),

280 2871 332 2897 illic
351 2872 411 2897 duz-n
430 2873 522 2904 hairet,
542 2872 603 2897 iiltis
619 2871 732 2902 duobus,
752 2871 858 2897 sn‘iazzo
876 2870 1026 2897 .‘i'lf‘ilC'IlEC'

1110 2271 1178 2298 Hinc
1191 2279 1267 2298 arma
1282 2273 1453 2300 Soleimanes
1468 2273 1565 2300 iterum
1582 2275 1710 2309 expediit,
1739 2276 1766 2303 in
1793 2276 1859 2303 Par-

1077 2319 1159 2346 thiam
1175 2315 1307 2346 ducturus
1321 2319 1489 2352 exercitum;
1517 2312 1588 2354 quod
1616 2321 1724 2354 quidem
1755 2322 1857 2350 bellum

1078 2363 1148 2390 hanc
1162 2371 1271 2391 causam
1292 2365 1396 2392 habuit.
1417 2364 1478 2392 Erat
1492 2366 1591 2393 scacho
1601 2366 1743 2394 Techmasi
1758 2368 1854 2400 frater,

1074 2409 1116 2436 cui
1132 2417 1230 2437 nomen
1250 2409 1362 2438 Ercases
1384 2411 1491 2443 imirsa,
1510 2411 1631 2439 Sirvana:
1647 2420 1775 2447 supremo
1793 2421 1857 2440 nim

1075 2455 1190 2489 itnperio
1206 2456 1347 2490 princeps.
1361 2456 1412 2483 l-lic
1424 2463 1514 2484 certas
1527 2458 1561 2483 ob
1578 2466 1674 2486 causas
1692 2458 1724 2484 ah
1739 2460 1859 2486 amic'tia

1076 2501 1179 2533 fratris,
1197 2502 1287 2528 scachi
1302 2503 1473 2536 Teclnuasis,
1501 2503 1661 2535 discedens;
1678 2509 1708 2531 ut
1721 2507 1791 2539 agre
1819 2505 1858 2532 fa-

1075 2554 1148 2575 ceret
1168 2547 1257 2578 fratri.
1274 2548 1306 2575 ad
1338 2548 1476 2575 sultanum
1510 2549 1691 2576 Soleitnanem
1727 2551 1861 2584 profugit,

1075 2594 1187 2628 ejusque
1205 2602 1234 2621 se
1256 2595 1314 2621 fidei
1328 2596 1462 2630 permisit.
1478 2595 1533 2623 Hoc
1550 2601 1640 2623 autem
1659 2596 1710 2623 iter
1727 2597 1766 2623 sit:
1783 2597 1863 2624 iusti—

1076 2640 1138 2671 tuil,
1150 2643 1177 2666 ut
1193 2647 1239 2674 per
1256 2640 1392 2674 regionem
1418 2640 1607 2667 Circassorum
1627 2641 1715 2675 longis
1742 2643 1865 2677 ambagi-

1077 2685 1126 2712 bus
1140 2685 1224 2712 Cofen
1243 2689 1356 2719 peteret,
1378 2685 1455 2712 unde
1485 2686 1748 2721 Constantinopolim
1775 2696 1863 2722 appu-

1077 2731 1263 2765 lit.i‘erquam
1298 2737 1392 2765 gratus
1421 2732 1531 2758 sultano
1559 2732 1705 2760 Soleimani
1732 2734 1865 2768 principis

1078 2777 1159 2810 hujus
1173 2777 1305 2803 adventus
1316 2777 1424 2804 accidit.
1437 2776 1554 2812 ideoque
1566 2785 1665 2812 magno
1677 2787 1741 2804 cum
1757 2780 1865 2806 honore

1077 2828 1230 2856 exceptum,
1258 2823 1416 2850 muneribus
1433 2823 1546 2850 donavit
1574 2825 1764 2858 amplissimis.
1791 2826 1863 2857 Quin

1078 2869 1159 2896 etiam
1177 2868 1262 2904 ipsius
1275 2876 1358 2896 causa
1384 2870 1549 2903 numerosis,
1568 2870 1747 2897 vriomnil-us
1773 2872 1864 2905 potius
