1962 3071
148 100 201 131 m9

694 100 881 131 SUPPLEM.
906 101 1034 131 ANNAL
1063 101 1220 138 TURCIC.

1714 99 1768 130 650

151 158 238 193 ιυρὶῑς
252 159 311 186 suis
330 159 444 191 coactis,
463 159 564 193 insigni
584 166 646 186 cum
673 163 806 194 apparatu
834 159 878 186 die
899 159 931 186 19
947 162 967 190 Α
984 159 1067 191 turni,
1084 166 1233 194 parumque
1249 157 1393 189 fructtwsi,
1421 156 1519 185 laedere
1532 156 1624 192 cmpit.
1649 156 1768 192 idecque

146 204 248 230 mensis
269 203 462 237 Seferis,anno
479 204 532 231 955
545 204 620 239 (Chr.
640 205 731 238 1519),
741 205 936 232 Constantino-

147 248 200 283 poli
223 248 371 283 digressus,
395 249 421 275 in
444 249 597 276 Anatolinm
625 249 784 282 transmisit,
809 255 935 284 rectaque

146 293 284 320 Parthiam
301 301 394 321 versus
402 294 488 321 duxit.
499 293 596 322 Postea
609 303 690 330 quam
705 296 844 330 ingressus
867 295 934 324 fuis<

145 344 185 365 set
202 339 349 370 hosticum,
374 344 427 366 tam
444 347 546 371 arcent,
568 347 649 374 quam
664 340 801 367 civitatem
816 339 932 367 Wanum

147 384 269 412 Wastani
286 385 403 412 obsedit.
419 384 520 412 Parum
535 385 604 412 hosti
628 386 724 413 civitas
741 388 869 414 resistere
883 394 930 427 po:

144 431 205 463 tuit,
222 431 339 465 inquam
355 431 390 457 ab
401 431 474 457 otuni
484 437 559 466 parte
574 436 677 465 pateret
689 432 780 460 aditus
792 432 855 464 ;sed
869 439 933 460 arce

145 485 200 503 non
215 477 266 503 nisi
281 484 379 510 magno
393 477 485 504 labore
498 477 665 505 Soleimanes
680 478 781 512 potitus
795 482 845 510 est,
860 478 931 513 quod

144 522 242 549 idoneo
271 522 459 550 Parthicarum
495 523 614 550 militum
650 524 776 558 praesidio
807 524 932 551 defende-

143 572 231 594 retur.
250 566 302 595 Ubi
316 567 433 596 Wauum
450 577 540 596 arcent
556 569 725 597 Soleimanes
739 575 930 605 expugnasset,

143 621 255 648 sparsus
271 608 318 649 per
332 623 442 642 onmem
454 615 592 650 regionem
606 615 684 642 miles
695 615 857 647 sultanieus,
871 624 930 643 eam

144 659 247 693 rapinis
261 664 288 685 et
314 659 387 686 ferro
405 660 531 687 vastavit.
552 659 690 694 Nusquam
705 660 825 688 Scachus
844 661 931 688 Ter-It-

144 713 233 732 mases
260 706 383 739 reperiri,
411 714 545 740 nusquam
572 706 654 741 350
675 707 795 740 conspici
831 708 928 741 potuit,

143 758 278 785 nusquam
291 751 362 778 hosti
375 758 404 777 se
417 752 557 786 opposuit.
576 753 691 779 Ercascs
705 759 771 779 vero
806 752 928 779 laborem

142 798 246 823 nullum
262 805 404 830 recusans,
418 798 482 825 dum
499 798 561 824 hinc
580 798 643 826 inde
656 806 718 825 cum
731 799 788 826 suis
800 805 926 825 excurre-

987 204 1078 231 dolutn
1089 203 1284 238 excogitantes,
1313 208 1342 231 ut
1355 203 1502 230 vindictam
1519 206 1552 229 de
1564 206 1676 229 auctore
1705 203 1767 230 belli

987 249 1084 276 Erease
1099 254 1245 282 sumerent,
1271 250 1352 276 variis
1367 257 1429 276 eum
1445 248 1593 276 mendaciis
1617 248 1687 284 apud
1716 248 1768 275 So-

986 296 1131 324 leimanem
1158 296 1276 322 delatum
1314 299 1475 322 onerarunt.
1507 293 1618 321 Summa
1646 293 1686 321 rei
1710 293 1766 321 lucc

985 347 1056 374 crat,
1068 342 1140 375 quod
1154 341 1271 375 leporem
1297 340 1500 372 dimittendum,
1516 347 1610 366 canent
1629 347 1693 366 vero
1723 347 1767 366 ca-

986 387 1115 422 piendum
1131 386 1293 412 suadebunt.
1305 385 1373 412 Cum
1388 385 1501 412 Ercases
1513 384 1607 410 Imirsa
1628 383 1767 418 conspira-

986 434 1084 459 tionem
1104 433 1223 466 ipsorum
1244 430 1484 463 animadverteret,
1507 435 1589 465 atque
1610 429 1692 456 etiam
1704 437 1766 463 pcr-

984 479 1100 512 spiecrct
1116 485 1164 504 eos
1188 478 1248 503 vitae
1263 484 1318 504 suae
1337 476 1475 509 insidiari,
1486 476 1662 502 vehementer
1675 476 1766 501 animo

983 525 1171 558 perturbatus,
1187 523 1212 550 in
1229 530 1319 550 arcem
1327 522 1470 556 cujusdam
1484 521 1652 549 Curtiistanii
1666 521 1767 556 princi-

984 570 1033 604 pis,
1045 577 1098 604 prta
1116 569 1262 596 formidine
1271 577 1300 596 sc
1312 569 1422 603 recepit;
1436 569 1540 596 tametsi
1550 576 1583 594 nc
1594 568 1702 602 quidem
1712 567 1767 595 illic

982 617 1072 644 vitare
1100 616 1282 643 calamitatem
1318 615 1507 642 imminentem
1537 615 1634 649 potuit.
1659 615 1767 649 Quippe

982 662 1231 689 Curtlistaniusille
1244 661 1370 696 princeps
1384 661 1511 688 lmirsnm
1543 665 1651 695 captum
1683 659 1765 686 fratri

982 706 1088 734 Scacho
1100 707 1246 734 Terhmasi
1260 707 1347 739 misit,
1361 707 1408 741 qui
1419 706 1547 740 deinceps
1557 713 1618 732 eum
1635 705 1766 732 custodia:

981 754 1164 788 mancipatum
1183 753 1209 780 in
1227 759 1338 780 carcere
1360 753 1486 780 detinuit.
1508 752 1650 787 Expeditio
1680 751 1766 778 501ρὶ-

981 798 1071 826 Inanis
1090 807 1191 826 mttunt
1209 798 1319 825 duravit
1337 798 1483 834 integrum,
1495 806 1559 825 cum
1575 805 1675 825 novem
1690 805 1766 824 men-

142 847 194 874 ret,
224 849 401 878 quoscunque
433 844 576 871 thesauros
607 843 718 877 adipisci
745 845 840 878 potuit,
875 843 928 870 So-
945 831 964 860 Β
980 845 1067 873 sibus.
1083 845 1172 878 Atque
1198 844 1240 871 his
1268 844 1350 872 rebus
1372 831 1467 879 gestis,
1495 843 1763 878 Constantinopolim

143 887 251 915 ieiunani
285 889 369 916 misit.
403 888 523 916 Tandem
552 894 642 916 tamen
658 888 818 917 Osinunicos
834 898 928 924 proce-

141 941 195 965 res,
211 940 244 960 ac
254 933 339 961 duces
355 934 499 967 militares,
516 942 678 969 magnopere
697 935 760 963 belli
779 941 833 963 tam
861 936 926 964 diu-

981 889 1151 917 Soleitnanes
1165 890 1252 924 primo
1267 890 1310 917 die
1325 890 1427 917 mensis
1454 889 1590 923 Silcltizis,
1615 896 1688 917 anno
1710 888 1766 916 Ma-

981 932 1130 964 hutuetauo
1143 935 1195 963 956
1212 935 1289 969 (Chr.
1303 935 1398 971 1550),
1429 943 1556 964 reversus
1569 939 1623 963 est.

145 1034 151 1052 ,
262 1035 268 1050 ε
286 1034 1739 1056 ,Σεππεη--ῌᾲ-ῄ

435 1094 1410 1247 *“SUPPLEMENTUM

765 1288 1140 1348 ANNALIUM

211 1406 289 1443 QUO
308 1407 382 1438 RES
401 1407 578 1440 TURCICE
589 1407 904 1443 CONTINUANTUR,
920 1407 970 1438 AD
989 1408 1128 1440 ANNUM
1147 1407 1455 1439 MAHUMETANUM
1477 1405 1694 1439 DCCCCXCVI.

578 1465 645 1501 QUI
663 1464 924 1495 CHRISTIANUS
939 1466 1010 1496 EST
1025 1466 1083 1496 CII)
1094 1466 1131 1496 Ῑῖ)
1140 1465 1329 1497 LXXXVIII.

628 1540 682 1571 Ex
697 1540 832 1572 Joannis
862 1540 1046 1573 Lemtclaot't‘
1060 1541 1269 1574 Adversariia.

170 1716 250 1742 hunc
261 1712 514 1741 Mahumetano956
528 1712 606 1748 (Chr.
619 1710 698 1746 1550)
714 1711 825 1738 ineunte
847 1716 920 1741 vere,
936 1716 957 1745 ο
974 1709 1120 1742 Aphricnm
1145 1709 1241 1743 copiis,
1257 1706 1400 1744 Tripolim,
1413 1716 1502 1737 :trccm
1516 1714 1542 1738 et
1564 1710 1695 1746 oppidum
1722 1711 1764 1739 di-

136 1761 266 1795 Dngutes
278 1760 387 1792 ﬂaisus,
401 1760 488 1794 pirata
499 1758 625 1791 celebris,
644 1757 771 1792 oppidum
784 1755 920 1783 Barbaries

133 1808 185 1842 (sic
201 1806 348 1839 Aphricam
361 1805 526 1831 maritimam
540 1803 620 1831 hodie
638 1809 777 1834 vocamus,
803 1800 919 1835 appella-

131 1853 206 1880 tione
217 1850 351 1878 Romanis
362 1850 443 1877 etiam
456 1849 577 1877 historiis
600 1856 653 1876 non
669 1847 772 1884 ignota)
783 1846 854 1882 quod
866 1846 919 1873 Ma-

135 1897 233 1924 hadian
262 1896 347 1924 Mauri
373 1895 486 1929 dicunt,
512 1895 661 1930 Aphricam
686 1895 784 1926 nostri,
813 1899 918 1922 veteres

132 1940 339 1975 Aphrodisium,
349 1940 462 1966 solerter
477 1940 631 1974 occupavit,
646 1946 677 1966 ac
689 1939 815 1974 praesidio
828 1939 918 1965 ninni-

121 1987 181 2013 ‘vit.
195 1985 254 2018 Quo
267 1985 386 2020 cognito,
400 1985 496 2012 Karnli
516 1985 593 2019 Augu
612 1985 632 2011 ti
649 1984 745 2012 classis
759 1982 918 2019 imperator,

131 2032 254 2060 Andreas
266 2031 358 2062 Doris,
377 2036 481 2060 tuature
493 2031 643 2058 cavendum
661 2035 749 2063 ratus,
765 2037 797 2057 ne
810 2030 874 2064 quid
885 2038 916 2056 ex

131 2083 163 2104 eo
177 2077 238 2104 loco
251 2076 553 2103 barbarus-detrimenti
569 2075 734 2110 reipublicae,
760 2082 792 2102 ac
804 2083 918 2110 przcser-

126 2123 179 2150 .Iim
193 2122 377 2157 Neapolitanis
389 2126 420 2149 et
429 2122 583 2157 Hispanicis
599 2121 737 2150 littoribus
748 2121 826 2149 daret
838 2130 844 2148 :
855 2129 916 2148 euut

129 2168 218 2196 classe
232 2167 371 2201 militeque
388 2167 526 2202 profectus
539 2168 566 2194 in
593 2167 754 2202 Aphricaut,
779 2167 917 2195 Monaste—

131 2214 200 2240 ritun
214 2213 353 2248 oppidum,
366 2212 531 2248 Aphrodisia
560 2213 726 2247 proximum.
757 2217 892 2248 expugnat
908 2222 916 2247 ;

129 2259 206 2286 cassis
219 2267 252 2287 ex
269 2259 386 2286 hostium
397 2259 522 2293 praesidio
538 2258 601 2290 500,
611 2258 735 2286 abductis
761 2258 829 2286 1200
842 2266 916 2286 man~

129 2305 218 2339 cipiis.
241 2304 307 2332 lude
329 2304 484 2338 conjunctis
506 2311 569 2332 cum
597 2303 770 2332 Ferdinando
791 2304 915 2340 Gonzaga

129 2358 178 2385 pro
193 2358 255 2385 rege
272 2348 372 2377 Sicilire
384 2349 480 2384 copiis,
494 2348 689 2383 Aphrodisium
703 2349 809 2377 obsidet
822 2358 829 2376 :
842 2350 915 2385 quod

980 1755 1065 1782 tionis
1089 1755 1213 1790 equitum
1240 1755 1433 1789 Melitensium,
1459 1764 1611 1792 eorumque
1638 1757 1762 1792 pratsidio

974 1802 1121 1834 munitam,
1136 1802 1279 1830 obsidione
1293 1806 1433 1829 tentarunt
1449 1811 1456 1835 ;
1473 1810 1504 1830 ac
1521 1803 1615 1831 fraude
1638 1803 1762 1839 Dragutis

973 1853 999 1875 ct
1015 1847 1094 1880 Salax,
1112 1847 1231 1881 praefecti
1247 1847 1376 1882 Gasparis
1390 1847 1498 1875 Vallerii
1509 1848 1577 1876 Galli
1602 1849 1761 1876 credulitate

973 1894 1097 1929 Argosini
1112 1894 1220 1928 llispani
1234 1894 1387 1926 formidine,
1414 1895 1565 1929 proditione
1584 1894 1702 1930 denique
1712 1902 1760 1922 cu-

970 1941 1079 1976 jusdam
1098 1949 1129 1968 ες
1146 1949 1177 1967 ea
1192 1945 1268 1975 parte
1283 1940 1433 1975 provinciae
1456 1939 1640 1968 Narbonensis
1668 1941 1762 1967 oriun-

976 1987 1013 2019 di,
1025 1994 1084 2021 (μιαί
1099 1986 1223 2014 Romano
1240 1987 1362 2022 pontifici
1379 1987 1428 2015 sub
1454 1987 1647 2014 Avenionensi-
1661 1988 1762 2015 ditione

972 2037 1058 2065 paret,
1087 2031 1113 2059 in
1145 2025 1306 2065 potestatem
1338 2031 1511 2067 redegerunt.
1536 2032 1640 2059 Collala
1669 2033 1760 2060 tamen

972 2078 1107 2111 praecipue
1121 2077 1200 2112 culpa
1217 2077 1269 2105 fuit
1285 2078 1392 2105 amissae
1418 2080 1580 2106 munitionis
1606 2079 1699 2115 hujur,
1727 2082 1761 2108 ab

972 2122 1031 2158 ipso
1048 2121 1170 2157 equitum
1188 2122 1370 2158 Melitensium
1384 2132 1482 2160 magno
1494 2126 1634 2162 magistro,
1647 2127 1761 2162 ejusque

971 2168 1097 2203 collegio,
1115 2173 1197 2204 atque
1213 2169 1285 2202 aliis,
1302 2169 1328 2196 in
1344 2169 1559 2198 Aramoutantnu
1583 2168 1676 2200 Galliae
1690 2173 1761 2208 regis

972 2215 1080 2242 llcnrici
1101 2216 1218 2250 legatum
1238 2216 1306 2251 :qui
1323 2216 1528 2245 Solcimanisut
1562 2226 1637 2246 arma
1667 2221 1758 2246 conri-

973 2265 1044 2288 taret
1077 2261 1104 2288 iit
1134 2262 1270 2288 Karulum
1297 2261 1463 2297 Augustum,
1492 2263 1759 2300 Constantinopolim

971 2306 1081 2338 missus.
1099 2307 1151 2334 huc
1166 2308 1328 2342 appulerat;
1341 2313 1367 2335 et
1385 2309 1436 2335 sub
1450 2314 1582 2343 praetextu
1608 2311 1760 2338 conliciun-

970 2352 1010 2380 da:
1033 2352 1117 2386 pacis,
1151 2353 1358 2389 obsidionisque
1397 2354 1544 2391 solvendae,
1574 2355 1760 2384 Melitrnsibus

130 2403 222 2423 mense
236 2396 318 2423 tertio
335 2395 444 2422 tandem
459 2394 486 2422 in
497 2399 663 2430 potestatem
677 2395 760 2422 venit.
785 2395 855 2423 Casi
883 2403 915 2423 ex
933 2393 954 2420 ι)
969 2398 1057 2426 fraudi
1072 2398 1156 2427 fuisse
1169 2399 1337 2434 perhibetur.
1355 2398 1494 2435 Occupat:
1511 2400 1561 2428 fuit
1581 2401 1702 2436 Tripolis
1715 2402 1760 2430 die

129 2441 252 2470 barbaris
272 2441 393 2476 plurimi,
412 2444 490 2475 capta
510 2440 631 2475 capitum
657 2441 691 2467 ad
718 2440 797 2468 7600.
825 2440 912 2468 Vehe-

127 2493 233 2515 menter
258 2487 311 2513 hoc
331 2486 430 2514 sultani
449 2486 612 2513 Solcimanis
627 2487 758 2514 tanimum
786 2487 911 2522 pupugit,

127 2533 171 2560 cui
185 2540 215 2560 se
229 2541 282 2559 non
296 2534 330 2559 ita
349 2532 464 2566 pridem,
475 2539 642 2566 operamque
671 2539 748 2559 suam
778 2524 911 2568 Dragutes

127 2579 278 2607 addixerat.
286 2578 404 2605 Caesaris
413 2584 478 2605 vero
486 2577 578 2605 Karuli
586 2577 667 2612 jussu
676 2577 799 2606 funditus
806 2576 911 2614 Aphro-

126 2625 223 2653 disium
243 2625 294 2652 fuit
308 2631 446 2652 ever-Sunt.

159 2672 239 2699 Anno
251 2671 374 2706 sequenti
386 2669 510 2705 proximo
521 2669 645 2698 sultanus
659 2669 828 2699 Soleimancs
843 2672 910 2699 clas-

124 2724 181 2749 sem
197 2717 336 2749 instruxit,
351 2716 430 2750 eique
446 2715 577 2742 Sinanciu
593 2715 703 2743 bassam
720 2716 850 2751 praefecit,
864 2717 913 2744 ad-

123 2763 228 2797 junctis
252 2762 315 2795 huic
339 2761 466 2797 Dragute,
500 2759 620 2796 Salaque
647 2761 739 2791 Baisis
756 2771 762 2790 :
780 2763 826 2797 qui
849 2770 912 2791 cum

127 2815 216 2836 arcent
232 2807 397 2835 llelitensem
414 2807 516 2834 frustra
532 2809 695 2840 teutassent,
712 2809 863 2846 Iransjcetis
885 2810 912 2837 in

300 2855 436 2885 PATROL.
459 2856 519 2886 Gn.
544 2854 642 2885 CLIX.

967 2445 1000 2471 15
1013 2445 1114 2473 mensis
1131 2445 1258 2479 Augusti,
1285 2454 1356 2471 anno
1379 2445 1571 2473 Malunnctnnn
1597 2447 1647 2475 957
1681 2448 1758 2482 (Chr.
1803 2468 1808 2476 .

966 2490 1108 2524 1551),ρυί
1125 2491 1248 2518 sultanus
1265 2491 1432 2519 Soleimancs
1452 2492 1592 2528 Dragutem
1605 2502 1665 2521 eum
1681 2497 1762 2529 impe'

968 2537 1009 2562 rio
1024 2535 1149 2570 Sangiaci
1168 2536 1227 2570 hcgi
1246 2536 1374 2576 praefecit.
1386 2538 1409 2565 Is
1425 2538 1551 2573 deinceps
1566 2539 1682 2568 infestus
1694 2540 1760 2568 Car-
1804 2539 1807 2548 ⁵

964 2588 1059 2608 vennae
1072 2582 1138 2616 regi,
1155 2581 1232 2616 cujus
1245 2582 1312 2609 ditio
1321 2583 1372 2610 500
1388 2583 1549 2612 milliaribus
1563 2583 1663 2613 Italicis
1677 2594 1691 2612 a
1701 2585 1762 2613 Trl-

967 2627 1021 2662 poli
1038 2627 1132 2659 distat,
1149 2628 1183 2655 ob
1202 2627 1362 2664 denegatam
1385 2636 1464 2664 opem
1491 2631 1604 2658 obsesso
1626 2632 1761 2666 Aphrodi-

969 2673 1021 2705 sio,
1039 2672 1134 2709 majori
1148 2678 1224 2707 parte
1241 2672 1354 2700 ditionis
1363 2682 1425 2702 eum
1439 2675 1531 2703 exuit:
1548 2675 1655 2712 aliaque
1666 2677 1760 2712 gessit,

971 2719 1004 2746 de
1017 2718 1115 2753 quibus
1129 2726 1181 2746 suo
1199 2718 1256 2746 loco
1274 2719 1390 2747 dicetur.

1005 2763 1201 2800 Superioribus
1215 2766 1295 2793 annis
1312 2765 1387 2802 (Chr.
1399 2767 1479 2802 1518,
1491 2769 1570 2802 1519,
1579 2768 1659 2804 1550)
1669 2768 1761 2796 Ferdi-

968 2810 1074 2838 nandus
1085 2809 1186 2844 Caesar,
1198 2811 1334 2847 Ungarize,
1346 2811 1539 2850 Bohvmizque
1551 2823 1609 2848 rex,
1625 2821 1684 2851 post
1698 2815 1761 2843 obi~
