1962 3071
223 126 278 158 ’651

839 125 999 156 JOANNIS
1017 125 1248 156 LEUNCL-AVII

1798 126 1853 159 65!

231 191 290 214 tum
306 185 421 218 l'creuii,
439 184 559 219 Agriani.
578 183 702 218 Ungarim
731 184 922 218 municipium,
941 183 1014 218 quod
1030 187 1050 214 Α
1066 191 1127 210 cum
1141 189 1232 219 prater
1265 185 1471 212 (lsmattidaruui
1487 193 1590 212 morcut
1618 185 1763 212 Soleimaui
1791 187 1849 217 legi-

229 232 317 258 Erlam
329 231 406 266 vulgo
416 235 522 262 vorant,
535 230 575 256 sui
588 230 657 263 juris
671 230 786 256 fecerat:
797 235 823 256 et
834 229 1009 256 illustrissimi

227 278 341 304 (Intuitis
352 277 500 305 Satn-ensis
516 276 617 303 Nirolai
628 284 708 310 opera
717 277 890 311 Zuhraginm,
899 276 1008 309 Levant,

227 324 373 359 Zythuam,
395 323 539 349 Mur-anum
551 327 729 357 expugnarat.
742 322 797 349 Nec
821 323 907 349 ntulto
936 325 1006 356 post.

225 369 347 404 ejusdem
365 368 436 402 regis
446 367 585 400 mandato,
615 366 780 395 Zoluoccum
810 367 890 402 352
912 366 1009 394 Turcis

225 415 371 450 Agricnses
386 414 551 447 eripuerant.
564 411 619 441 llas
634 413 669 440 ob
688 420 788 441 causas
804 413 927 440 irritatus
957 413 1008 441 So-

224 459 366 490 luimancs,
383 457 581 485 Temesuarum
594 465 641 492 per
657 464 723 484 suos
738 457 856 489 obsedit,
880 463 907 485 et
929 457 1007 484 dedi-

225 505 298 531 tione
316 503 397 538 cepit,
410 503 554 530 interfecto
573 510 621 537 per
637 503 728 530 scelus
744 501 848 530 violatae
864 502 924 529 fidei
945 502 1008 529 Ste-

225 552 314 586 phano
325 550 472 581 Losoucio,
487 550 561 577 illius
582 549 634 576 loci
666 554 886 584 propugnatore;
900 548 1006 583 Lipam,

224 597 400 627 eolimosum,
414 594 604 627 Chianadiam,
619 601 682 621 cum
698 593 759 620 aliis
780 593 901 620 castellis
925 600 1006 620 occu-

222 641 294 676 pavit
308 649 316 674 ;
328 640 471 667 Erasmqu
488 638 634 671 Teifclum,
645 638 809 666 Ferdinandi
825 638 934 671 ducem,
945 645 1006 665 cum

220 687 320 715 Sfortia
334 686 499 718 Palavicino,
512 690 538 712 et
562 686 715 719 Augustino
744 684 926 717 Shardellato,
956 684 1008 712 Va-

221 733 307 762 eieusi
335 732 452 768 praesule
480 732 514 759 ad
535 732 682 765 Palastum,
698 731 755 759 Alis
776 732 860 759 liassze
874 731 1009 758 Budensis

221 780 314 811 ductu,
333 779 451 805 cecidit:
468 786 554 813 eaque
572 778 672 812 potitus
700 777 823 808 victoria,
855 777 1006 812 Drcgeltum

221 822 522 854 arcem,'Giarmatum,
543 822 687 852 Zezcnum,
704 821 810 856 aliaque
832 822 890 848 lora
919 822 1006 848 vicina

1062 231 1127 257 tintc
1142 231 1289 264 nupsisset,
1305 232 1338 258 de
1355 231 1470 258 filiorum
1490 231 1516 257 in
1547 231 1660 265 imperio
1678 233 1852 259 successione

1060 274 1190 304 sollicita.
1215 275 1353 302 Rnstemis
1364 276 1455 309 generi
1471 276 1718 309 criminationibus,
1730 282 1754 304 ct
1774 285 1849 304 renc-

1060 319 1311 354 ﬁciisquihusdam,
1328 323 1361 347 ah
1383 321 1496 348 Hebraea
1521 322 1605 356 striga
1628 321 1850 354 subministratis,

1060 365 1224 392 faselnatum
1243 366 1343 393 sultaui
1371 367 1501 399 animum,
1526 375 1539 394 a
1568 368 1707 402 Mustapha
1738 375 1851 402 prorsus

1060 410 1236 437 abalienarat.
1257 410 1376 438 Fuerant
1392 417 1419 439 et
1442 415 1530 439 bassze
1550 413 1693 447 cujusdam
1713 414 1780 446 p-ttri
1806 421 1850 440 ex—

1061 457 1154 483 hibita:
1177 457 1283 489 litterae,
1300 458 1399 491 quibus
1410 458 1443 485 ad
1460 458 1617 485 Rusteuem
1632 460 1745 494 scriptis
1763 459 1849 486 mnti—

1061 503 1185 535 nchatur,
1205 503 1237 530 de
1248 504 1427 530 matrimonio
1443 504 1514 531 inter
1528 503 1709 539 Alustapham,
1724 510 1751 531 et
1765 505 1846 532 tiliam

1060 547 1149 574 seachi
1174 547 1318 576 Persarum
1350 549 1520 582 Techmssis,
1546 558 1665 585 quocum
1698 549 1847 578 Soleimaui

1060 593 1183 627 pluribus
1211 595 1245 621 ab
1262 595 1343 622 annis
1369 595 1469 623 bellum
1494 601 1564 628 erat,
1592 596 1714 624 tractari.
1738 597 1849 625 Mirifice

1059 641 1256 675 suspiciosum,
1275 649 1307 668 ex
1324 641 1384 668 aliis
1396 650 1504 677 quoque
1519 642 1714 674 delationibus,
1727 643 1846 670 animum

1059 687 1143 720 patris
1156 694 1187 714 ea
1201 694 1243 714 res
1260 687 1437 722 perturbare:
1452 688 1523 722 quod
1538 693 1689 719 vereretur.
1701 696 1734 716 ne
1750 689 1849 716 Alusta-

1059 732 1128 766 phas
1142 732 1301 760 chhnrasis
1318 733 1430 768 adjutus
1451 734 1576 767 auxiliis,
1603 734 1719 769 imperio
1743 739 1845 769 pallent

1059 784 1207 806 excuteret.
1221 779 1314 814 Itaque
1329 779 1432 807 missus
1444 780 1495 807 fuit
1505 788 1579 808 anno
1592 780 1645 808 958
1673 779 1751 815 (Chr.
1779 781 1847 808 1552

1061 829 1087 850 et
1103 824 1183 858 1555)
1211 833 1271 851 eum
1287 826 1408 852 exercitu
1426 825 1568 853 Rustemes
1577 826 1652 857 yezir
1669 828 1846 860 azetnes,suh

221 871 376 905 subjugum
394 869 477 896 misit.
509 868 574 895 Tam
590 875 720 902 prospero
744 876 835 894 rerum
872 874 1003 894 succeSs'u
1021 865 1041 892 Β
1057 875 1190 905 praetextu
1205 870 1315 905 quidem
1329 871 1392 898 belli
1404 871 1514 899 Parthis
1527 872 1673 905 inferendi,
1687 873 1734 899 sed
1751 881 1845 907 reapse

221 917 307 943 elatus
319 914 376 941 Alis
394 913 472 940 bassa
486 912 630 945 Budeusis,
647 911 848 946 quem'Caram,
870 912 928 951 sive
956 909 1003 953 Ni-

220 970 298 998 grum
311 962 379 988 Alim
395 961 536 990 vocabant.
547 960 678 994 adjuncto
691 958 742 986 sibi
761 958 889 985 Aehmete
902 957 999 984 Roma-

219 1009 272 1034 nis:
286 1006 455 1042 beglcrbcgo,
472 1010 500 1032 et
511 1004 634 1037 Casauaa,
647 1004 761 1039 aliisque
773 1003 897 1038 pluribus
916 1002 1004 1037 begis,

220 1053 384 1081 Zolnoccum
401 1051 524 1079 adoritur
542 1059 656 1085 :eoque,
668 1050 844 1086 praesidiariis
857 1050 900 1077 die
914 1049 1005 1083 LSep-

220 1099 333 1127 tembris
346 1099 418 1126 ultro
433 1098 600 1130 cedentibus,
617 1101 646 1124 ut
661 1097 780 1131 Agriatn.
801 1103 862 1130 quae
874 1094 1003 1123 momenti

221 1146 332 1181 majoris
344 1149 414 1177 erat,
424 1145 556 1172 adversus
585 1143 691 1171 hostem
718 1141 905 1173 defenderent,
931 1141 1004 1179 poti-

220 1198 273 1220 tur.
288 1192 352 1219 lnde
367 1191 502 1227 promotis
519 1189 553 1217 ad
572 1190 680 1225 Agriani
694 1188 806 1220 castris,
822 1195 931 1215 summo
942 1187 1004 1222 qui-

218 1240 280 1266 dem
295 1239 368 1265 illam
386 1239 488 1272 impetu
503 1235 697 1272 aggrediuntur
713 1239 740 1262 et
757 1238 925 1269 oppugnant,
954 1233 1003 1260 sed

220 1286 298 1312 irrito
315 1288 427 1315 conatu,
441 1288 468 1310 et
482 1290 579 1317 magno
593 1289 656 1310 cum
678 1282 820 1309 bassarum
847 1280 980 1307 dedecore
995 1287 1002 1306 :

218 1331 292 1365 quod
308 1329 425 1357 feliciter
439 1337 453 1355 a
467 1328 613 1362 Stepltanis
629 1327 740 1355 Dobone
754 1326 893 1359 Ruscano,
914 1325 1004 1353 Μειί-

218 1376 235 1404 k
253 1377 291 1409 io,
308 1375 424 1408 Zoltaio,
441 1374 575 1410 Gregorio
609 1374 704 1405 Diaco,
734 1372 840 1400 Joanne
867 1371 1003 1407 Figedzeo.

218 1428 301 1457 atque
316 1422 377 1450 aliis
389 1421 506 1449 fortibus
519 1421 586 1448 viris
602 1420 805 1448 defenderetur.
833 1419 915 1446 Gesta
941 1419 1003 1447 fue-

218 1473 282 1496 runt
295 1468 352 1496 haec
364 1475 437 1495 anno
453 1467 643 1494 Mahumetano
656 1466 707 1494 958
727 1466 803 1500 (Chr.
817 1465 907 1500 1552).

254 1515 362 1542 Dictum
374 1514 538 1549 pauloante,
552 1513 644 1541 Galliae
653 1520 741 1549 regem
751 1512 909 1544 llenricum,
921 1512 1004 1540 misso

216 1562 317 1596 legato,
334 1561 473 1588 sultanutn
492 1559 677 1587 Soleimanem
704 1559 839 1586 adversus
873 1558 1003 1585 Karulum

217 1609 429 1642 Augustum,“
445 1606 503 1641 lege
533 1605 620 1633 mutui
651 1604 781 1636 -fwdcris,
805 1604 884 1639 cujus
910 1610 1004 1632 auctor

217 1652 381 1680 Frauciseus
399 1656 474 1687 pater
503 1651 659 1684 exstiterat,
690 1650 830 1677 incitasse.
861 1648 1004 1676 Pertuotus

217 1699 253 1726 ab
270 1699 454 1725 Aramoutano
475 1696 653 1728 Soleimanes,
668 1697 715 1731 qui
742 1695 776 1722 ad
792 1695 914 1723 Persicos
937 1695 1004 1722 lines

216 1744 361 1780 postulatis
377 1743 436 1778 ejus
452 1742 557 1775 adnuit,
574 1749 637 1769 mox
648 1742 764 1769 classem
777 1741 899 1776 expediri
915 1740 1004 1775 jubet,

215 1798 276 1826 qua!
290 1790 399 1817 Gallicis
411 1790 503 1825 juncta
517 1788 614 1823 copiis,
634 1786 727 1814 Karuli
755 1787 873 1814 ditiones
900 1786 1004 1813 mariti-

216 1844 275 1864 mas
297 1837 453 1864 infestaret.
472 1835 551 1868 Quod
563 1834 674 1869 quidem
693 1841 727 1861 ex
745 1837 807 1860 voto
823 1832 972 1868 praestitum
988 1840 1003 1859 a

215 1883 276 1910 lidis
293 1882 387 1913 sociis,
405 1880 621 1916 gravissimatu
644 1878 829 1914 Neapolitanis
857 1882 883 1906 et
904 1877 1004 1906 Siculis

213 1928 352 1957 littoribus
376 1927 449 1954 illata
466 1927 574 1953 damna.
599 1925 709 1953 Corsica
734 1931 852 1960 quoque,
874 1923 1003 1952 Genuen-

213 1975 284 2001 sium
311 1974 410 2004 insula,
425 1976 503 2007 capta
515 1971 590 2004 fuit;
609 1975 636 1998 et
660 1971 756 1998 incolae
779 1977 841 1998 cum
868 1970 1005 2005 praesidia-

210 2021 375 2054 riispattim
404 2019 478 2052 caesi,
504 2017 601 2053 partim
629 2016 777 2044 crudeliter
803 2016 886 2044 bah‘rti
903 2024 912 2050 ;
929 2015 1002 2051 quod

214 2066 324 2100 quidem
339 2056 528 2093 accidit'auno
542 2062 593 2091 959
608 2063 684 2099 (om.
700 2061 856 2097 1552).Nec
877 2062 1002 2089 restituta

213 2111 404 2139 Genucnsibus
421 2109 534 2136 Corsica
561 2109 636 2144 prius
657 2108 718 2141 fuit,
743 2115 825 2143 quam
855 2115 906 2142 pas
933 2109 1003 2135 inter

213 2158 368 2193 Philippum
406 2161 434 2183 et
454 2155 611 2187 ileuricum,
623 2154 760 2189 Hispaniae
783 2153 932 2189 Galliaeque
960 2162 1003 2181 re-

1055 923 1117 943 cum
1136 917 1248 943 secretis
1264 917 1364 945 sultani
1389 917 1534 948 mandatis,
1547 923 1576 945 ut
1604 926 1768 954 qttocunqtte
1788 927 1846 947 mo-

1056 962 1090 988 do
1105 962 1273 997 Mustapham
1288 969 1303 989 e
1319 962 1409 990 medio
1421 963 1538 990 tolleret.
1555 962 1699 992 Rustemes
1714 965 1741 991 in
1753 965 1844 992 Asiam

1056 1007 1203 1040 profectus.
1218 1006 1401 1035 Soleimanem
1419 1007 1522 1042 trepide
1542 1009 1686 1036 certiorem
1704 1009 1781 1042 facit,
1799 1018 1845 1045 per

1054 1053 1220 1080 calumniam
1233 1058 1335 1085 tamen,
1349 1054 1374 1080 iu
1401 1061 1499 1089 magno
1528 1061 1585 1081 rem
1612 1055 1718 1082 versari
1748 1056 1845 1084 discri-

1056 1098 1129 1126 mine
1146 1107 1153 1125 :
1173 1099 1329 1133 genizaros,
1341 1103 1510 1134 caeterosque
1522 1099 1624 1128 milites
1644 1101 1681 1128 ita
1698 1101 1844 1137 Mustaplm

1055 1144 1176 1176 studere,
1191 1145 1224 1172 de
1235 1145 1321 1179 patris
1336 1150 1366 1172 ut
1383 1150 1472 1172 actum
1488 1145 1603 1181 imperio
1617 1146 1752 1174 videatur.
1778 1147 1844 1175 Nul-

1056 1189 1112 1218 lum
1128 1190 1200 1217 aliud
1213 1197 1356 1225 superesse
1371 1191 1534 1223 remedium,
1568 1199 1649 1226 quam
1680 1197 1709 1219 ut
1729 1193 1844 1227 ipsemet

1056 1238 1083 1264 iu
1101 1236 1208 1272 Syriam
1227 1236 1377 1264 advolaret.
1391 1236 1516 1265 Territus
1531 1238 1584 1264 hoc
1598 1239 1693 1266 nuntio
1713 1239 1844 1268 Soleima-

1057 1290 1116 1313 nes,
1133 1282 1224 1309 subito
1236 1283 1385 1317 Cltalepum
1403 1290 1464 1310 cum
1477 1283 1599 1311 exercitu
1618 1290 1755 1319 properat,
1765 1287 1843 1320 quasi

1054 1329 1163 1357 Parthis
1176 1329 1277 1356 bellum
1293 1328 1415 1356 facturus
1431 1333 1514 1356 esset.
1531 1329 1687 1358 Arcessitur
1701 1338 1748 1366 per
1770 1332 1843 1359 litte«

1055 1381 1100 1401 ras
1112 1373 1194 1406 lilius,
1208 1373 1246 1400 uti
1266 1373 1415 1408 Chalepum
1439 1373 1470 1401 ad
1496 1379 1601 1409 patrem
1627 1375 1686 1402 sine
1714 1384 1789 1403 mora
1814 1385 1844 1404 se

1054 1419 1202 1447 conferret.
1233 1419 1391 1454 Mustaphas
1408 1438 1416 1452 ,
1443 1419 1507 1447 licet
1534 1420 1568 1448 de
1594 1422 1715 1456 paternis
1737 1422 1844 1452 insidiis

1056 1465 1219 1498 inaudisset,
1239 1465 1413 1500 monitusque
1427 1470 1536 1493 scereto
1553 1466 1650 1494 fuisset
1665 1467 1699 1495 ab
1713 1467 1844 1497 Admete

1057 1511 1148 1542 bassa,
1164 1510 1261 1538 salutis
1278 1515 1306 1537 ut
1322 1517 1377 1537 sua:
1390 1511 1523 1538 rationem
1535 1511 1649 1540 haberet
1665 1521 1672 1539 :
1688 1513 1844 1542 innocentia

1019 1541 1040 1570 ο
1059 1561 1153 1584 tamen
1169 1564 1218 1583 sua
1234 1556 1330 1589 fretus,
1342 1557 1427 1591 patris
1453 1557 1568 1592 imperio
1598 1563 1684 1594 paret.
1707 1560 1736 1586 lu
1752 1565 1842 1588 castra

1054 1609 1116 1628 eum
1130 1602 1258 1634 venisset,
1274 1603 1307 1629 ad
1323 1603 1472 1630 tentorium
1490 1608 1631 1637 paternum
1646 1609 1719 1632 recta
1733 1606 1820 1641 pergit
1833 1614 1841 1634 :

1055 1647 1100 1675 ubi
1114 1651 1191 1682 patre
1204 1647 1288 1675 mutis
1304 1648 1409 1682 aliquot
1421 1648 1553 1682 robustis,
1569 1658 1639 1685 quos
1668 1651 1767 1679 sultaoi
1790 1651 1844 1680 Os-

1054 1693 1178 1728 manigae,
1195 1692 1277 1720 veluti
1290 1692 1334 1720 hic
1351 1693 1434 1720 etiam
1463 1692 1583 1723 Murates
1610 1695 1656 1728 Ill,
1685 1696 1713 1724 in
1738 1697 1844 1726 deliciis

1055 1738 1155 1766 habere
1175 1738 1274 1770 solent,
1306 1738 1450 1767 minaciter
1483 1739 1626 1773 innuente,
1645 1744 1842 1778 prosternitur,

1054 1782 1208 1818 injectoquc
1221 1790 1305 1810 nervo
1333 1784 1529 1818 strangulatur.
1556 1785 1620 1813 Inde
1645 1786 1767 1823 Ziangir.
1793 1791 1842 1824 qui

1054 1829 1184 1863 gibbosus
1197 1834 1266 1862 erat,
1280 1830 1463 1866 minimusque
1476 1836 1540 1860 natu
1563 1832 1726 1863 Soleimttnis
1756 1837 1842 1870 titius,

1054 1882 1068 1901 a
1084 1879 1160 1910 patre
1176 1875 1254 1910 quasi
1277 1883 1325 1910 per
1341 1877 1434 1904 ludum
1446 1877 1594 1913 scjocum,
1616 1879 1765 1915 Mustaphaa
1785 1882 1842 1910 fra-

1054 1921 1099 1952 tri,
1115 1929 1196 1956 quem
1208 1928 1333 1949 necatum
1353 1922 1505 1957 ignorabat,
1521 1924 1628 1952 obriam
1641 1927 1750 1960 prodire
1763 1928 1843 1961 juhe-

1055 1971 1110 1995 tur.
1133 1967 1157 1995 ls
1179 1967 1223 1995 ubi
1241 1969 1353 2003 propius
1372 1969 1406 1995 ad
1421 1968 1573 1997 fraternum
1596 1972 1714 2000 cadaver
1746 1981 1844 2003 acces-

1053 2013 1144 2046 siSsct,
1157 2014 1282 2049 quamvis
1295 2020 1471 2042 consternato
1490 2023 1553 2044 mox
1570 2018 1724 2054 interempti
1744 2021 1842 2050 fratris

1052 2061 1126 2096 equi,
1142 2060 1286 2095 mancipia,
1298 2063 1424 2092 tentoria.
1438 2063 1568 2095 thesauri,
1586 2069 1747 2093 ornamenta
1758 2072 1842 2096 crete-

1052 2114 1093 2139 ra,
1107 2113 1167 2133 curn
1185 2106 1331 2134 Atnasiana
1349 2108 1497 2141 provincia.
1513 2110 1640 2136 mandato
1652 2111 1738 2145 patris
1755 2111 1841 2141 offer-

1052 2157 1157 2185 rentur,
1175 2157 1264 2179 tamen
1285 2153 1327 2180 Itis
1344 2154 1473 2181 omnibus
1484 2155 1594 2189 spretis,
1623 2160 1650 2183 et
1673 2157 1842 2192 exprobrata

212 2211 270 2238 ges,
302 2209 375 2229 anno
393 2205 455 2236 post
470 2206 548 2229 sexto
563 2200 702 2228 eoivisset.
726 2199 830 2234 Quippe
841 2207 893 2226 non
914 2200 1001 2228 multo
1017 2206 1039 2235 ι)
1054 2198 1122 2233 patri
1138 2197 1230 2225 verbis
1247 2199 1434 2227 acerbissimis
1446 2204 1499 2227 tam
1526 2201 1611 2235 impio
1631 2203 1746 2237 diroque
1772 2205 1844 2232 faei-

211 2255 272 2285 post
287 2245 438 2274 confectam
453 2246 523 2272 haue
548 2252 653 2280 pacem,
683 2244 828 2272 infeliciter
859 2247 995 2274 exstincto

213 2301 297 2331 patre,
312 2292 518 2326 Franciscusll,
536 2291 644 2320 Ilenrici
661 2291 684 2319 ll
710 2291 740 2318 ιτ.
769 2300 800 2320 ex
829 2293 908 2328 pacis
933 2299 994 2321 eam

212 2342 316 2375 legibus
341 2339 497 2375 reipublicu:
509 2338 644 2366 Genuensi
662 2338 790 2366 reddidit.

248 2388 312 2415 Erat
325 2386 434 2414 sultatto
461 2383 609 2412 Soleimaui
636 2384 708 2411 [ilius
734 2383 903 2419 Mustaphas,
928 2390 995 2413 natu

212 2433 357 2465 maximus,
378 2440 411 2459 ex
435 2430 595 2458 muliercula
613 2430 750 2463 Circassa,
777 2431 883 2458 servilis
902 2432 996 2458 condi-

212 2481 293 2508 tionis
307 2479 366 2507 :cui
377 2485 454 2513 pater
468 2477 546 2505 initio
557 2476 734 2511 Magnesiam.
748 2477 810 2504 inde
820 2477 993 2505 Amasianam

211 2526 377 2562 provinciam
388 2525 511 2557 dederat,
528 2523 573 2550 ubi
585 2531 645 2550 cum
664 2528 752 2550 matre
769 2522 881 2557 degeret
898 2531 906 2550 :
920 2523 994 2550 deni-

210 2581 262 2608 que
279 2571 485 2599 Carahemidam
499 2569 710 2604 Mesopotamia,
730 2568 854 2596 Persicos
875 2568 907 2595 ad
926 2568 993 2595 liucs

210 2620 302 2651 sitam,
319 2617 483 2652 assignarat.
499 2616 582 2643 Erant
592 2615 680 2643 cident
694 2620 722 2642 et
738 2614 784 2642 alii
807 2614 897 2647 liberi,
924 2622 993 2649 quos

210 2673 244 2692 ex
261 2659 364 2697 feihinq
377 2661 472 2688 forma:
489 2660 582 2695 (veluti
600 2660 709 2695 quidem
727 2659 895 2695 perhibetur)
923 2660 992 2687 libe-

209 2711 285 2742 ralis,
305 2704 413 2735 natioue
431 2706 527 2738 Rossa,
540 2707 596 2734 sive
612 2706 761 2736 Roxolaua.
773 2707 921 2734 sustulerat
936 2715 993 2734 ma-

209 2765 253 2784 res
267 2760 396 2789 quatuor,
424 2752 618 2785 Muebemetes,
646 2752 771 2787 Selimes,
796 2752 939 2786 Bajazites,
967 2758 993 2780 et

207 2801 317 2836 Ziaugir
331 2809 338 2837 ς
354 2800 434 2827 unica
445 2799 553 2827 fctnella
568 2799 725 2830 Citati-cria,
740 2807 821 2834 quam
834 2799 878 2826 alii
893 2799 992 2826 Caute-

208 2856 271 2875 nam
288 2851 395 2880 \ocaut,
418 2847 556 2874 Rustetnis
573 2846 670 2873 Vt‘lll'is
698 2854 777 2873 uxor.
803 2845 865 2874 licet;
893 2845 990 2880 ltossa,

1050 2253 1126 2278 nore,
1139 2249 1230 2274 statim
1243 2247 1302 2274 suis
1316 2247 1445 2275 matribus
1457 2248 1483 2275 lu
1498 2248 1604 2276 viscera
1624 2249 1769 2285 pugionem
1781 2251 1843 2277 :uli-

1049 2291 1098 2326 git,
1112 2296 1139 2319 et
1150 2292 1276 2319 cadaveri
1293 2291 1388 2320 fratris
1422 2292 1594 2326 incuntbcns,
1621 2296 1751 2330 esspirat.
1784 2296 1844 2323 Nec

1050 2338 1137 2365 multo
1154 2343 1226 2373 post,
1240 2338 1362 2373 ejusdem
1391 2338 1484 2366 ltossa:
1511 2340 1590 2366 malis
1620 2341 1725 2368 artibus
1754 2343 1842 2369 etiam

1049 2385 1130 2412 unico
1142 2384 1289 2418 Mustaplta:
1301 2384 1358 2412 [ilio
1375 2384 1482 2418 Murali,
1499 2387 1544 2420 qui
1558 2386 1650 2413 Prusae
1677 2387 1749 2421 apud
1780 2396 1843 2414 ma-

1049 2436 1116 2458 trem
1132 2431 1310 2463 educabatur,
1325 2437 1407 2465 opera
1429 2430 1575 2458 lbrahimis
1603 2433 1721 2460 eunuchi
1750 2433 1844 2461 bassze

1048 2475 1148 2510 injecto
1162 2483 1246 2503 nervo
1255 2480 1349 2510 guttur
1365 2475 1482 2507 eliditur.
1494 2476 1580 2510 ipsius
1599 2476 1642 2504 avi
1658 2476 1756 2509 jussu:
1772 2485 1842 2505 cum

1047 2521 1071 2548 ei
1086 2521 1249 2556 periculum,
1265 2521 1345 2557 353
1363 2522 1432 2556 quod
1449 2530 1464 2549 τι
1496 2526 1594 2556 ttt'pote
1623 2526 1715 2557 posset
1743 2523 1838 2551 immi-

1048 2575 1121 2598 ttere,
1134 2567 1212 2601 cuius
1227 2571 1331 2602 patrem
1351 2567 1471 2602 genizari
1497 2572 1638 2602 tantopere
1672 2568 1840 2602 coluissent,

1048 2620 1186 2647 nunquam
1203 2613 1248 2640 illa
1275 2613 1346 2639 furia
1372 2613 1511 2640 desineret
1542 2614 1577 2640 ob
1609 2614 1703 2641 oculos
1723 2622 1842 2649 ponere.

1046 2659 1224 2694 Coutigerunt
1239 2659 1295 2686 hme
1313 2666 1386 2686 anno
1401 2659 1452 2686 959
1470 2659 1547 2694 (Chr.
1566 2659 1657 2694 1553).

1082 2703 1147 2732 Post
1161 2704 1278 2732 solutam
1294 2712 1366 2732 anno
1379 2706 1530 2740 superiore.
1548 2714 1647 2741 magno
1662 2714 1725 2734 cunt
1743 2708 1818 2735 detri
1830 2725 1842 2730 -

1047 2757 1139 2779 mento
1155 2757 1181 2778 et
1194 2751 1343 2786 ignominia
1362 2751 1526 2786 Turcorum,
1547 2753 1716 2781 obsidionem
1730 2755 1838 2791 Agrizr,

1046 2806 1120 2825 nunc
1133 2799 1241 2826 tandem
1259 2797 1526 2833 Constantinopolim
1542 2807 1557 2826 a
1573 2799 1747 2827 Ferdinaudo
1771 2809 1841 2837 rege

1046 2844 1127 2880 legati
1158 2845 1312 2877 mittuntur,
1343 2845 1479 2873 Antonius
1515 2844 1669 2879 Verantius,
1690 2847 1841 2881 episcopus
