1962 3071
111 120 163 152 653

113 187 266 222 Agriensis,
291 192 319 216 et
347 186 513 215 Franciscus
550 185 569 213 Ζ
590 185 624 220 is,

113 234 230 268 l‘ngaria
257 233 398 268 superiore
429 233 654 268 prefectuszqui
673 233 705 260 de
735 239 803 267 pace
837 237 900 257 cum

112 281 224 306 sultano
252 279 448 307 constituenda
478 280 542 307 dum
563 279 702 310 laborant,
729 283 814 305 totum
831 276 897 304 Con-

111 325 294 361 stantinopoli
310 325 452 353 biennium
466 326 584 353 haerent.

149 382 187 411 De
201 382 297 411 Gallia
312 383 397 418 regis,
413 387 440 410 et
457 381 623 409 Soleimanis
643 381 747 409 findere
774 381 906 413 diximus,

113 430 157 457 cui
175 430 305 458 sultanus
320 433 350 456 ut
381 429 569 458 satisfaceret.
591 428 696 462 aliquot
725 428 806 454 annis
834 427 909 454 hisce

114 475 231 503 classem
242 474 379 509 ablegavit
403 474 436 500 ad
462 473 648 500 infestandum
671 479 746 499 mare
774 471 906 499 Tuscum.

114 520 152 547 Ea
173 520 260 555 prius,
277 527 360 554 quam
391 519 502 553 longius
534 526 606 546 nunc
630 518 860 553 progrederetur,
881 525 908 546 et

112 572 176 592 curii
188 565 329 592 Gallorum
345 571 375 591 se
401 564 490 591 classe
514 564 714 599 coniungeret:
736 562 907 590 Mariniauus

115 610 251 642 Marchio,
280 610 408 637 Karulini
441 609 587 644 pra-fectus
615 609 765 641 exercitus,
798 613 907 644 portum

115 655 252 688 Herculis,
265 663 346 690 quem
362 655 432 682 Galli
450 655 591 686 tenebant,
607 654 721 686 invadit,
750 660 908 688 arcemque,

116 703 296 738 praesidiariis
307 702 490 734 obtruncatis,
509 707 640 736 occupat.
660 702 818 729 Secundum
851 702 908 728 haec

116 749 199 776 Turci
214 748 388 776 Plumbinum
405 747 548 775 obsidione
567 747 691 782 cingunt,
726 753 752 774 et
767 755 822 774 non
849 747 909 773 sine

116 796 194 823 clade
211 795 317 830 rejecti.
335 794 429 822 Elbam
446 794 577 827 insulam,
596 798 695 821 conatu
711 793 805 821 itidem
818 793 908 826 irrito,

119 847 234 870 tentant.
247 841 413 870 Acciderunt
429 841 487 868 haec
500 848 574 868 anno
593 840 642 869 96l
667 840 744 876 (Chr.
779 840 871 875 1555).

156 900 258 927 Eodem
271 906 355 932 anno,
368 899 433 926 dum
455 898 532 926 missi
551 898 586 925 de
605 905 671 932 pace
697 897 777 933 legali
796 898 911 925 necdum

119 947 280 977 rediissem,
290 945 371 972 basia
382 944 528 976 Budensis,
538 944 585 978 qui
597 944 717 978 'l‘uigon,
727 943 838 971 nomine
850 950 911 970 cum

117 992 228 1021 ciconia
237 991 387 1024 communi,
398 991 565 1023 vocabatur,
575 990 664 1025 Capos
675 989 833 1022 Vbivarum,
845 996 913 1024 pra:-

117 1038 241 1066 sidiariis
251 1037 283 1064 ad
293 1037 459 1064 deditionem
481 1036 646 1070 compulsis,
668 1035 750 1070 cepit.
768 1035 863 1063 Eidem
885 1039 913 1062 et

119 1085 246 1116 Bubon,
258 1083 374 1110 necdum
385 1082 487 1117 aliquid
501 1082 537 1109 ab
551 1082 632 1109 h‘osle
644 1088 771 1116 perpessa
791 1082 912 1116 gravius,

118 1132 173 1159 lida:
181 1130 291 1158 militari
301 1129 418 1162 deserta,
432 1120 582 1156 sededidit.
590 1127 769 1155 Consimilem
779 1127 811 1155 de
818 1124 913 1162 Zigeto

116 1180 173 1208 sibi
186 1183 345 1205 successum
360 1175 551 1210 pollicebatur,
566 1174 613 1201 sed
631 1181 691 1201 cum
702 1173 810 1201 fortiter
822 1174 847 1200 in
865 1173 912 1200 ho-

117 1231 193 1253 stem
211 1222 371 1259 praesidiarii
390 1229 420 1249 se
435 1225 573 1256 gererent,
592 1221 692 1255 suique
707 1224 861 1252 monerent,
879 1227 914 1247 ne

116 1275 226 1298 temere
237 1273 367 1296 tentatam
380 1267 551 1295 obsidionem
564 1265 670 1293 solvere
683 1269 809 1297 coactus,
825 1265 913 1293 sulla-

117 1323 188 1344 num
214 1314 376 1344 oﬂenderet.
406 1313 440 1340 ab
455 1313 579 1340 instituto
608 1311 744 1340 discessit.
771 1310 834 1339 lec
866 1319 914 1346 per

114 1370 287 1392 autumnum
314 1361 388 1389 illius
404 1361 483 1392 anm,
501 1366 584 1392 quem
599 1359 733 1391 diximus,
751 1358 823 1394 apud
855 1357 913 1386 Un-

113 1418 203 1446 garos
217 1408 296 1436 (uere
310 1412 396 1443 gesta.

153 1467 288 1494 Proximo
303 1465 443 1500 sequentis
472 1464 536 1492 anni
551 1464 604 1492 962
632 1463 711 1499 thr.
734 1462 812 1498 1556)
840 1470 913 1494 vere,

113 1514 295 1543 Suleimanes
312 1512 381 1540 Alim
398 1512 509 1565 bassam
530 1519 591 1540 cum
604 1511 691 1546 copiis
707 1511 733 1538 in
764 1509 911 1562 Ungariam
927 1531 951 1565 α

111 1560 208 1593 misit,
222 1560 267 1594 qui
283 1558 405 1593 Zigctum
418 1557 562 1585 obsidione
580 1560 726 1592 premeret,
753 1563 786 1584 ac
814 1555 842 1583 in
861 1563 911 1591 po-

110 1611 248 1635 testatem
277 1605 421 1640 redigeret.
447 1603 520 1631 Nihil
538 1611 592 1630 non
616 1603 660 1630 ille
687 1601 761 1635 fecit,
792 1605 823 1629 ut
855 1601 909 1629 voti

109 1660 238 1688 compos
270 1652 357 1684 ﬁeret,
377 1652 410 1678 ad
439 1651 548 1678 tertium
581 1657 668 1684 usque
688 1656 809 1677 mensem
823 1649 912 1676 conti-

107 1703 207 1729 nuata
224 1696 446 1733 oppugnatione:
462 1697 509 1723 sed
524 1695 691 1724 Christianis
717 1702 826 1722 amnem
856 1694 912 1721 vim

107 1746 264 1778 hostilem,
284 1751 381 1779 magna
402 1750 464 1771 cum
482 1747 575 1777 strage
588 1741 756 1774 Turcorum,
777 1741 913 1776 intrepide

105 1790 335 1827 repellentibus,
353 1789 463 1825 ,infecta
476 1796 505 1816 re
534 1788 649 1815 militem
681 1794 744 1815 cum
778 1787 914 1815 machinis

107 1839 232 1868 bellicis
249 1836 382 1873 inglorius
393 1834 518 1864 abduxit.
530 1834 614 1862 Turci
644 1834 732 1869 prius,
759 1841 841 1869 quam
868 1833 915 1860 Ζὶο

104 1885 171 1921 geli
208 1882 354 1911 obsilione
383 1882 470 1909 soluta
499 1888 529 1909 se
557 1881 721 1915 reciperent,
763 1879 913 1911 Babozam,

104 1935 250 1960 sanctum
261 1928 420 1961 Martinum,
434 1926 622 1962 Getesgalum.
643 1925 767 1957 Sallium,
782 1925 812 1952 S.
842 1925 915 1952 Lau-

103 1979 258 2010 rentium,
271 1982 299 2004 et
314 1975 528 2006 Calamanciam,
543 1974 643 2009 partim
661 1972 780 2000 ﬂannnis
807 1973 915 2008 injectis

102 2027 317 2060 absumpsere,
333 2022 433 2058 partim
448 2020 506 2048 solo
517 2025 672 2056 aequarunt.

147 2080 320 2111 Secundum
338 2079 406 2111 hac,
420 2085 493 2105 anno
513 2077 564 2105 965
577 2077 652 2112 (Chr.
685 2076 753 2104 1558
780 2080 806 2103 et
823 2076 914 2110 1559),

101 2130 244 2159 Sclimes
259 2125 450 2160 Bajalitesque
465 2123 572 2156 fratres,
596 2122 759 2150 Suleimanis
788 2121 842 2149 FF.
871 2130 917 2149 su-

100 2176 243 2213 perstite
259 2171 431 2208 patre,inter
448 2178 479 2198 se
492 2171 527 2198 de
541 2170 656 2205 imperio
687 2169 917 2204 successioneque

682 117 875 149 SUPPLEM.
899 115 1036 163 ANVNAL.
1053 113 1208 145 TURCIC.

651 185 843 214 Cassoviensis
873 183 899 210 in
916 177 938 206 Α
953 175 1032 205 rique
1046 180 1143 200 omnes
1175 171 1324 206 Bajazilcm
1345 169 1419 197 hunc
1448 169 1549 197 Sclimc
1566 173 1630 196 natu
1659 170 1746 204 majo-

1683 111 1737 142 64

957 227 1027 252 rem,
1042 217 1114 253 quod
1128 217 1257 252 equidem
1269 224 1322 243 non
1342 222 1416 244 recte
1441 216 1498 242 ﬁeri
1520 221 1596 251 puto.
1623 214 1691 242 Nam
1720 217 1747 243 in

958 265 1170 293 circumcisione
1187 264 1304 291 filiorum
1328 262 1502 292 Suleimanis.
1521 262 1647 289 videlicet
1674 262 1748 289 Mus-

959 311 1057 345 laphzc,
1074 309 1254 336 Muchumctis
1271 308 1328 343 (qui
1341 308 1434 335 multis
1451 312 1515 336 ante
1538 312 1641 342 patrem
1667 309 1749 336 annis

959 357 1030 384 dicm
1044 364 1124 383 suum
1144 355 1282 387 obierunt)
1310 360 1337 382 et
1367 353 1486 386 Selimis,
1521 354 1594 382 nulla
1621 354 1749 389 Bajazilis

959 403 1042 436 hujus
1065 402 1090 428 in
1109 401 1233 428 Turcicis
1260 401 1384 428 mentio:
1400 408 1459 434 qua:
1489 401 1600 436 quidem
1629 401 1750 427 circum-

960 449 1030 477 cisio
1047 448 1182 475 Cclebrata
1200 447 1251 474 fuit
1275 454 1348 474 anno
1361 446 1554 474 Mahumctano
1572 447 1624 474 938
1640 445 1748 482 [1552}.

961 495 1096 522 Praeterea
1106 501 1169 520 cum
1183 493 1355 521 Sulcimanes
1371 501 1443 521 anno
1456 493 1508 521 949
1522 493 1628 530 [ιδ-ιη,
1643 494 1750 528 Magne-

960 541 1030 568 siam
1063 539 1240 571 Muchemeti,
1271 538 1463 567 Caramaniam
1495 539 1589 568 Selimi
1619 540 1748 573 traderet,

961 588 1034 614 nulla
1048 594 1158 614 rursum
1179 586 1307 621 Rajazitis
1324 586 1437 613 mentio.
1452 586 1490 613 Dc
1507 594 1561 620 quo
1575 594 1641 614 sane
1655 585 1749 622 liquet,

961 633 1109 668 Bajazitem
1129 633 1202 660 hunc
1214 632 1314 659 Sclime
1329 635 1395 658 natu
1416 632 1548 659 minorem
1566 632 1663 660 fuisse.

995 680 1066 706 Ante
1080 686 1134 706 non
1156 677 1256 705 mullos
1279 685 1366 705 annos
1393 677 1525 713 Tripolim
1541 679 1667 713 Aphriczu
1693 679 1752 706 Me-

960 726 1108 753 litensibus
1125 730 1245 760 ereptam
1267 724 1353 752 fuisse
1365 725 1496 757 diximus,
1509 730 1537 753 et
1554 732 1568 752 a
1597 726 1753 754 Soleimane

961 773 1149 808 sangiacatum
1180 771 1379 808 Tripolitanum
1416 771 1528 806 Draguti
1565 779 1750 802 concessum.

962 820 1040 855 cujus
1051 826 1134 854 opera
1156 819 1330 854 potissimum
1346 819 1372 845 in
1404 822 1564 853 potestatem
1587 822 1708 846 venerat.
1727 818 1752 845 Is

964 865 1022 894 suis
1037 865 1138 892 ﬁnibus
1154 865 1226 892 haud
1244 870 1399 896 contentus,
1418 872 1472 893 non
1501 865 1583 892 modo
1603 865 1754 893 Carrennse

964 919 1056 947 regem
1073 911 1211 943 Maurum,
1227 910 1305 944 cujus
1320 919 1403 946 supra
1435 912 1624 943 meminimus,
1649 911 1753 946 majore

963 957 1134 993 principatus
1144 956 1185 983 sui
1204 960 1282 991 parte
1294 957 1445 991 spoliavit:
1462 965 1554 986 verum
1574 958 1657 984 etiam
1692 964 1755 992 pro-

963 1010 1076 1038 gressus
1089 1003 1214 1034 ulterius,
1227 1002 1364 1038 corruptis
1387 1002 1545 1030 Maurorum
1566 1003 1677 1035 animis,
1705 1003 1753 1038 qui

964 1049 1132 1077 Gerbensem
1165 1049 1283 1076 insulam
1320 1048 1485 1081 incolebant,
1500 1049 1577 1084 _olim
1596 1049 1638 1085 (ut
1661 1049 1754 1084 opinio

965 1096 1112 1122 multorum
1128 1097 1181 1130 est)
1205 1102 1221 1122 a
1251 1094 1420 1130 Lolopbagis
1441 1099 1582 1130 Iantopere
1610 1096 1754 1124 celebral‘s

965 1141 1155 1174 inhabitatum,
1165 1148 1199 1169 eo
1211 1149 1267 1168 rem
1283 1146 1344 1169 astu
1362 1148 1457 1175 gerere
1470 1142 1568 1176 potuit,
1586 1146 1616 1168 ut
1639 1142 1753 1168 scccln-s

964 1190 1022 1217 sire
1054 1190 1163 1225 regulus
1207 1189 1304 1216 insula.-
1341 1191 1522 1221 .So‘ennanes,
1551 1189 1601 1216 sub
1626 1188 1753 1215 amicitiae

965 1241 1096 1272 praetextu
1112 1235 1246 1271 Tripolim
1259 1236 1461 1262 deduceretur:
1490 1235 1535 1262 ubi
1549 1235 1614 1262 dum
1639 1235 1754 1262 haarerct

964 1282 1135 1317 imprudens,
1149 1281 1348 1309 interveniente
1371 1281 1525 1316 proditione
1556 1281 1688 1317 Dragules
1708 1282 1752 1309 in-

964 1330 1051 1357 sulam
1070 1327 1224 1363 occupavit.
1242 1328 1335 1363 Neque
1353 1327 1445 1355 multls
1476 1328 1577 1363 elapsis
1589 1329 1686 1356 diebus
1701 1328 1752 1356 So-

965 1376 1110 1403 Icimauem
1141 1375 1267 1402 scechem
1298 1374 1448 1409 suspendio
1479 1375 1596 1407 necavit,
1620 1380 1647 1402 el
1675 1375 1754 1402 alteri

965 1421 1052 1452 sccbi,
1068 1429 1115 1448 sex
1130 1429 1278 1451 aureorum
1303 1421 1388 1448 millia
1416 1420 1512 1448 tributi
1537 1422 1621 1448 annui
1643 1421 1754 1449 nomine

965 1466 1096 1501 policito,
1140 1474 1189 1502 per
1211 1466 1386 1494 traditionem
1413 1466 1503 1494 vexilli
1529 1465 1633 1498 viridis,
1657 1466 1755 1493 insulae

966 1512 1122 1540 dominium
1137 1502 1274 1548 permisit.
1290 1512 1357 1540 Erat
1377 1512 1404 1540 in
1419 1519 1529 1540 onmem
1554 1512 1678 1541 intentus
1708 1519 1755 1539 oc-

966 1560 1105 1587 casionem
1119 1567 1234 1595 magnus
1247 1559 1378 1594 magister
1391 1559 1541 1587 Melttensis
1553 1579 1561 1592 ,
1586 1564 1616 1586 ut
1637 1558 1756 1593 Tripolis

966 1604 1127 1638 aliquandiu
1141 1608 1361 1640 recuperaretur.
1375 1604 1469 1640 Itaque
1501 1604 1573 1632 facta
1598 1605 1669 1633 inter
1692 1604 1754 1633 llis-

967 1658 1068 1685 panum
1079 1650 1242 1685 Gallumque
1253 1658 1330 1686 pace,
1342 1652 1416 1686 quod
1436 1650 1547 1686 Hispani
1565 1652 1638 1686 regis
1653 1652 1757 1679 anxil.o

967 1697 1022 1724 voti
1039 1704 1070 1724 se
1091 1701 1246 1732 compotem
1269 1697 1329 1724 fore
1343 1701 1475 1732 speraret.
1496 1698 1577 1732 cujus
1607 1697 1755 1732 plurimum

966 1744 1124 1776 interesset,
1147 1747 1253 1771 mature
1274 1742 1353 1771 nidos
1379 1742 1442 1771 illos
1471 1745 1635 1778 piratarum.
1661 1744 1757 1771 Turcis

966 1789 1072 1823 ejectis.
1093 1789 1120 1816 in
1139 1793 1300 1824 potestatem
1316 1788 1423 1823 redigi:
1441 1789 1536 1817 multis
1562 1789 1624 1817 duci
1643 1789 1757 1817 Medius:

966 1835 1024 1863 Celi
1039 1836 1190 1863 rationibus
1205 1835 1338 1869 ostendit,
1352 1843 1432 1871 posse
1446 1843 1500 1864 non
1519 1843 1617 1870 magno
1645 1836 1756 1871 negotio

967 1882 1100 1916 Tripolim
1117 1882 1279 1917 expugnari,
1299 1881 1456 1916 praesidium
1485 1881 1512 1909 in
1538 1889 1571 1909 eo
1588 1881 1756 1916 quingento-

969 1936 1028 1956 rum
1047 1929 1181 1956 duntaxat
1190 1928 1342 1955 Turcorum
1355 1935 1437 1955 esse:
1469 1927 1620 1955 Carvennte
1646 1934 1758 1962 quoque

967 1983 1070 2011 regem,
1087 1975 1199 2010 Draguli
1215 1983 1247 2003 ac
1262 1973 1362 2002 Turcis
1380 1974 1605 2005 infestissimum,
1631 1974 1665 2001 ad
1683 1974 1756 2009 éjun-

968 2021 1085 2057 gendam
1096 2029 1236 2048 armorum
1261 2021 1419 2049 societatem
1443 2020 1515 2048 haud
1539 2020 1685 2048 diﬂiculler
1713 2028 1746 2048 ac

967 2075 1111 2095 cessurum
1125 2076 1132 2099 ;
1147 2068 1226 2101 cujus
1238 2074 1320 2101 opera
1342 2071 1417 2094 tanto
1441 2065 1527 2102 354
1544 2066 1634 2093 futura
1663 2066 1700 2095 sit
1715 2067 1756 2095 eis

970 2114 1062 2141 utilior
1078 2118 1161 2148 atque
1171 2113 1292 2146 lidclior,
1308 2117 1412 2148 quanto
1426 2114 1537 2147 gravius
1553 2113 1598 2140 ille
1611 2121 1690 2141 suam
1703 2114 1755 2142 silu

969 2160 1107 2195 regionem
1120 2166 1241 2194 ereptam
1253 2159 1354 2194 doleat,
1372 2163 1399 2187 et
1422 2159 1525 2187 certius
1554 2159 1606 2187 sibi
1634 2160 1758 2195 polliceri

95 2206 303 2253 diunicarunt,
320 2220 464 2254 victusque
475 2217 610 2252 Bajaziles
629 2224 645 2243 e
668 2216 831 2244 Caramania
852 2223 909 2242 cun

970 2207 1067 2242 possit,
1082 2207 1217 2239 futurum,
1233 2212 1263 2234 ul
1286 2206 1391 2242 Tripoli
1405 2206 1503 2234 Turcis
1533 2211 1649 2239 extorta,
1680 2214 1757 2234 suam

96 2268 229 2303 20,000
245 2273 428 2298 armatorum,
443 2269 471 2292 et
486 2268 606 2300 quatuor
631 2263 704 2295 ﬁliis,
732 2263 766 2290 ad
782 2263 912 2290 scachum

94 2317 270 2346 Persicum
299 2312 477 2340 'l'echmasem
511 2310 643 2346 profugit.
676 2309 783 2337 Veritus
825 2313 916 2336 autem

95 2368 197 2400 pater
226 2359 413 2390 Soleimanes,
433 2357 478 2393 qui
499 2357 609 2384 Selimis
632 2360 726 2392 partes
742 2355 857 2387 foverat,
885 2362 918 2382 ne

94 2406 289 2438 'l‘cclimasis
303 2404 406 2432 auxilio
423 2404 466 2431 vel
478 2403 561 2436 filius,
577 2402 618 2430 vel
633 2402 771 2430 exstincto
786 2401 842 2429 lilio
870 2409 918 2428 ιιος

93 2462 208 2494 potes.
232 2460 280 2480 res
296 2459 382 2479 novas
406 2451 588 2478 molirentur:
619 2449 726 2483 magnis
744 2447 916 2482 pollicitatio-

94 2504 200 2532 nibus
223 2497 384 2533 impetravit
410 2504 425 2524 a
451 2495 616 2526 Techmase.
638 2494 736 2522 mortis
767 2498 796 2521 ut
821 2500 920 2527 genere

91 2547 188 2586 genti
208 2542 431 2572 Osmanidarum
447 2540 576 2568 familiari
592 2540 626 2567 de
640 2539 732 2566 medio
746 2538 918 2566 tollerentur.

93 2585 142 2625 Re
161 2599 242 2628 qua.
260 2593 349 2617 tamen
364 2589 441 2616 fraus
457 2588 648 2618 interveniret.
678 2586 780 2614 missus
806 2585 858 2612 fuit
886 2585 919 2612 ad

93 2638 292 2671 interiorem
320 2634 412 2662 Persa:
441 2633 544 2668 regiam
563 2632 724 2660 Casminum
756 2630 921 2659 Suleimanis

92 2682 300 2716 Zesclmiger
312 2680 363 2716 (sic
377 2684 600 2716 praegustatorem
620 2677 703 2705 Turci
724 2677 845 2712 vocant),
875 2677 919 2704 cui

91 2731 270 2769 Bajazites
283 2734 346 2754 cum
363 2726 427 2754 filiis
448 2731 530 2754 notus
546 2729 615 2753 erat.
644 2723 702 2752 Hoc
719 2727 852 2759 praesente
875 2730 921 2758 pa-

95 2789 145 2811 ter
159 2783 242 2806 cum
263 2772 337 2806 ﬁliis,
352 2772 475 2800 adhibito
496 2779 591 2804 nervo,
608 2770 759 2798 sullucalus
775 2769 837 2802 fuit,
849 2770 922 2797 etab

91 2826 216 2857 eodem
241 2822 408 2846 necatorum
423 2817 552 2845 cadavera
581 2814 735 2843 Sebastiam
766 2813 920 2849 deportata,

91 2878 226 2913 μτυῳιυ
247 2872 331 2894 more
342 2864 527 2893 monumentis
539 2864 625 2892 illata.
645 2862 762 2890 Faciunt
775 2869 837 2889 vero
865 2861 921 2894 plc-

969 2259 996 2281 et
1012 2255 1069 2289 ipse
1083 2254 1216 2281 ditionem
1243 2254 1365 2289 recipiat.
1396 2252 1533 2288 Hispanus
1554 2254 1630 2282 hisce
1659 2261 1757 2288 prope-

971 2302 1081 2330 modum
1120 2306 1202 2329 ccrla
1234 2299 1356 2328 victoriae
1396 2305 1536 2335 permotus
1569 2299 1759 2334 argumentis,

969 2348 1086 2375 classem
1098 2347 1209 2378 instrui,
1228 2346 1369 2381 militeque
1381 2345 1513 2380 compleri
1527 2345 1616 2378 jubet,
1631 2353 1663 2372 ac
1682 2352 1760 2371 sum-

970 2401 1020 2421 mae
1039 2400 1206 2420 rerumcum
1225 2391 1340 2427 imperio
1354 2391 1539 2419 Medincnsem
1560 2390 1681 2426 prallcit.
1709 2390 1760 2417 Fc—

971 2440 1059 2468 liciter
1081 2446 1248 2467 successura
1278 2438 1442 2466 videbantur
1461 2437 1565 2470 omnia,
1595 2437 1618 2464 si
1651 2441 1761 2465 mature

971 2487 1103 2523 Tripolim
1119 2494 1181 2514 cum
1199 2485 1285 2513 milite
1298 2485 1396 2513 classis
1419 2484 1580 2519 appulisset.
1613 2483 1665 2511 Sed
1694 2492 1760 2519 pro-

971 2534 1088 2562 fectione
1101 2533 1191 2560 varias
1201 2533 1236 2560 ob
1257 2539 1366 2564 causas,
1394 2536 1422 2558 et
1443 2531 1592 2565 praesertim
1617 2530 1705 2558 ventis
1729 2538 1761 2558 ac

972 2579 1182 2616 tempestatibus
1226 2578 1367 2610 adversis,
1405 2577 1559 2612 impedita,
1606 2577 1760 2612 Dragules,

972 2627 1110 2654 intellecto
1143 2624 1363 2653 Christianoruln
1415 2623 1564 2657 institulo‘,
1600 2623 1760 2658 praesidium

973 2673 1173 2707 Tripolitanum
1205 2671 1315 2698 duobus
1348 2670 1425 2698 aluit
1450 2670 1603 2698 Turcorum
1628 2670 1760 2697 millibus.

973 2719 1068 2753 Itaque
1078 2716 1229 2746 Christiani
1245 2723 1305 2752 spe,
1323 2716 1350 2743 in
1367 2717 1420 2742 hoc
1431 2715 1541 2750 quidem
1554 2719 1688 2749 tempore,
1701 2714 1761 2741 Tri-

974 2766 1044 2802 polis
1054 2763 1242 2800 expugnandae
1260 2763 1369 2798 dejecti,
1400 2761 1570 2790 Gerbensem
1585 2780 1592 2793 ,
1611 2768 1692 2795 quam
1722 2760 1762 2787 di-

976 2813 1075 2845 ximus,
1089 2811 1206 2839 insulam
1224 2816 1297 2838 reCIa
1321 2814 1425 2845 petunt,
1457 2817 1507 2836 nec
1535 2815 1632 2842 magno
1654 2809 1762 2841 negotio

974 2860 1102 2888 scechcm
1119 2858 1280 2886 Maurorum
1310 2857 1433 2889 adigunt,
1462 2859 1492 2882 ut
1518 2854 1617 2882 tradito
1636 2854 1759 2882 castello.
