1962 3071
115 171 167 203 657

668 172 852 202 SUPI‘LEM.
876 171 1013 203 ANNAL.
1030 173 1184 204 TURClC.

1694 173 1748 204 658

119 231 218 259 Turcis
243 230 416 266 denegasset,
448 230 632 265 adjunctoque
659 231 712 259 sibi
741 239 797 258 non
817 238 915 264 magno
932 231 952 258 Α
967 231 1093 259 Gabriele
1111 231 1236 264 Perenio,
1255 237 1404 266 contraque
1437 231 1522 266 legem
1548 232 1693 259 llCtllllOltiS
1723 231 1749 258 id

118 277 284 305 Polonorum
300 275 423 310 equitum
439 275 612 309 militumque
628 283 755 308 numero,
772 283 820 303 nec
840 283 905 303 eon-

119 323 272 350 tcmnendis
289 330 401 351 suorqu
415 322 518 349 coactis
534 322 631 356 copiis,
645 322 727 350 nimis
738 330 768 356 gr
788 330 818 349 ve
842 322 905 349 bar-

117 368 354 404 barorumjugum
371 373 498 395 excutere
516 375 672 401 conaretur,
694 376 709 396 α
740 368 906 396 fidelissimis

120 414 169 441 sibi
189 414 301 441 creditis
315 414 448 448 proditus,
461 414 506 447 qui
522 414 598 442 missi
611 414 730 445 fuerant,
745 420 775 441 ut
786 421 800 440 τι
813 418 905 441 trans—

119 460 236 494 jectione
254 460 370 487 Danubii
401 460 506 487 Tureos
521 465 657 492 arcerent,
676 460 814 494 indignam
845 468 904 486 tua-

121 505 299 540 guanimitale
313 513 362 532 sua
375 511 488 533 mortem
501 506 626 540 oppetiit.
653 505 685 532 Ei
703 505 810 538 Petrus,
841 505 908 533 ulte—

122 550 178 577 rius
196 549 331 578 Valachiae
347 551 478 588 principis
504 550 599 584 frater,
628 551 784 579 faventibus
811 550 909 578 Turcis

123 596 252 624 sull‘cclus
272 597 333 624 fuit.
349 597 401 624 Sed
414 598 486 624 enim
501 597 532 624 de
546 597 599 630 his,
616 597 667 624 ltoc
678 597 787 633 qttidem
799 597 826 624 in
836 597 910 628 loco,

124 643 190 670 satis
216 652 224 670 :
254 643 365 678 quando
387 645 420 670 ad
449 644 625 678 iliSt'qUL‘llleS
648 651 735 671 annos
763 643 911 678 pertinent.

126 689 202 716 Nune
219 690 250 716 ad
267 690 413 716 Annalium
428 690 525 716 seriem
543 691 696 718 redeamus.

159 736 238 763 Anno
253 736 304 763 970
327 737 402 770 (Chr.
426 737 516 771 l564).
535 745 628 765 mense
655 737 820 772 Septembri,
845 737 916 764 duce

126 783 219 810 Carrio
237 782 369 809 Tnlctano
400 782 517 809 feliciter
528 787 661 817 occupata
686 782 736 810 fuit
751 791 799 810 arx
817 783 842 810 in
867 790 915 810 ora

129 829 271 855 maritima:
283 828 409 863 Apbricm
423 828 481 856 sive
496 827 632 856 Barbarite
645 829 707 859 sita,
722 836 804 862 quam
817 832 917 856 vocant

129 875 277 911 Pignonem
294 875 351 902 sive
369 883 463 910 rupem
497 874 681 909 Velvzi,quod
699 874 791 909 oppidi
816 882 916 902 nolnen

128 927 179 952 est.
196 922 222 950 in
243 922 399 950 continente
412 921 467 953 siti,
481 929 496 949 a
509 929 561 955 qua
579 929 660 956 rupes
675 922 747 949 areis
770 921 916 955 disiuncta,

129 969 246 1003 undique
261 967 338 1002 aquis
353 967 610 1002 eingitnr.Turcieis
619 975 649 994 ea
657 967 759 1001 piratis,
771 966 919 1001 Hispanum

130 1016 240 1050 pelagus
256 1013 461 1046 infestuntibus,
478 1021 605 1041 securum
630 1013 764 1041 hactenus
780 1017 919 1048 receptum

131 1062 297 1095 prtebuerat:
314 1061 384 1096 quod
395 1065 466 1089 esset
481 1060 507 1087 in
523 1061 667 1095 praeruptis
688 1060 772 1094 posita
788 1060 920 1094 seopulis,

131 1113 156 1136 et
171 1108 292 1142 undique
307 1107 368 1143 (ceu
382 1107 500 1142 dictum)
524 1107 593 1135 mari
615 1106 777 1134 circumfluo
791 1107 904 1134 munita.

167 1154 224 1181 Sub
238 1154 341 1181 exitum
357 1153 479 1189 ejusdem
504 1153 580 1184 anni,
607 1157 715 1180 tnorluo
730 1153 806 1187 prius
830 1152 922 1182 Fertli-

134 1201 224 1228 nando
235 1200 370 1234 Angusto,
396 1199 439 1226 die
450 1198 485 1226 25
507 1197 583 1231 Julii,
599 1198 709 1232 lilioque
734 1197 923 1224 Maximiliano

134 1247 178 1274 vix
209 1247 351 1280 imperium
383 1245 545 1279 auspicato,
572 1243 692 1271 Joannes
727 1243 923 1278 Sigismundus

136 1293 263 1328 princeps
285 1291 509 1322 Transsilvanitc,
528 1290 569 1319 vel
584 1289 626 1325 (ut
644 1289 724 1316 Turei
745 1292 852 1323 vocant)
878 1288 926 1316 Er-

137 1339 200 1367 delii
216 1330 313 1374 begns.
329 1337 423 1366 infelix
439 1337 541 1364 sultani
553 1335 718 1364 Soleimanis
748 1334 925 1362 successione

138 1391 249 1420 paterna
261 1385 358 1417 cliens,
387 1383 473 1411 fretus
491 1383 596 1410 viribus
609 1380 715 1416 patroni
741 1385 794 1408 tam
809 1379 927 1415 potentis

139 1432 184 1468 qui
202 1436 292 1459 tamen
302 1439 394 1462 suum,
406 1437 459 1462 non
476 1428 584 1456 clientis
597 1427 771 1458 commodum
788 1426 926 1460 captabat,

140 1485 167 1506 et
179 1477 357 1514 perduellium
373 1474 554 1512 quorumdam
582 1482 740 1509 procerum,
767 1473 848 1507 inque
875 1473 929 1506 pri—

144 1526 194 1553 mis
238 1524 348 1559 Georgii
383 1523 478 1551 Bebeci
525 1521 616 1549 noxiis
664 1519 820 1555 reipublicae
850 1517 929 1545 Cbri-

966 277 1023 304 ﬁeri
1044 278 1223 305 cuusantibus
1242 286 1249 304 :
1266 278 1378 305 Suendii
1404 284 1491 305 tamen
1509 279 1681 312 anctnritate,
1705 281 1750 314 qui

961 321 1004 349 v'el
1021 330 1083 349 cum
1103 322 1193 357 aliqua
1205 323 1312 357 jactura
1328 322 1406 350 fidem
1426 323 1515 350 datam
1540 323 1666 356 religiose
1692 330 1737 349 ser

964 369 1080 395 vandam
1093 369 1208 401 diceret,
1223 369 1370 403 quominus
1383 369 1417 396 iis
1435 369 1611 404 spoliaretur,
1625 369 1753 395 obtinuit.

963 415 1029 442 lude
1053 415 1214 441 Zcrenzium
1244 415 1271 441 in
1291 420 1452 448 potestatem
1484 416 1567 447 venit,
1599 415 1755 449 Erdeliiquo

964 459 1049 494 begus
1060 460 1094 488 de
1111 460 1231 487 Zatmari
1247 460 1408 487 defensioue
1424 461 1586 495 desperans,
1614 461 1754 486 incensam

964 508 1145 534 munitionem
1159 507 1231 533 hosti
1246 507 1355 542 reliquit
1370 508 1472 533 invitus
1488 516 1494 533 :
1509 515 1590 541 quam
1605 507 1754 536 Snendins.

964 554 1000 580 ob
1017 553 1170 579 naturalem
1199 553 1268 578 situs
1281 553 1514 582 commoditatem,
1533 560 1594 578 mox
1619 553 1753 578 instaura-

965 600 1014 626 vit.
1034 599 1103 626 llinc
1132 598 1294 626 transmisso
1314 599 1438 631 Tibiseo,
1473 598 1608 629 finienda,
1639 598 1759 628 Cuvara.

967 645 1060 677 Bator,
1083 644 1208 675 Vibania,
1243 643 1407 670 Senderevia
1437 643 1528 677 (quod
1558 650 1571 668 a
1595 642 1624 668 S.
1651 642 1758 667 Andron

968 691 1115 719 deductum
1132 699 1230 718 nomen
1244 690 1309 724 est),
1324 697 1454 724 prospero
1468 688 1587 715 victoriae
1599 686 1761 713 Suentlanixc

968 747 1063 769 cursu.
1083 738 1262 765 Maximiliani
1281 738 1398 765 Catsaris
1423 736 1568 770 imperium
1585 737 1759 768 acceperunt.

970 786 1036 812 Tam
1051 786 1170 820 denique
1194 784 1287 811 felices
1303 784 1328 810 bi
1346 789 1490 810 successus
1510 781 1598 810 eran't.
1629 785 1658 807 ut
1683 787 1760 814 opem

971 832 1138 867 implorante
1159 832 1227 866 bego
1245 831 1357 862 Erdclii,
1373 829 1499 856 snltamts
1520 827 1690 854 Soleimanes
1708 833 1761 852 non

971 886 1133 907 succurrere
1146 878 1281 905 duntaxat
1295 877 1318 903 ei
1337 876 1400 904 totis
1420 876 1534 907 viribus,
1565 881 1660 901 verum
1678 873 1764 907 ipsius

973 926 1055 952 etiam
1074 925 1137 951 huic
1157 925 1182 951 in
1201 923 1349 958 Ungariam
1380 920 1548 956 expeditioni
1575 926 1692 954 praeesse
1720 919 1766 944 dc-

973 971 1099 999 creverit.
1117 969 1170 997 Sed
1188 969 1400 997 existimabatur
1414 969 1448 994 ab
1477 967 1528 994 hoc
1548 966 1673 994 instituto
1701 972 1765 991 suo-

973 1025 1033 1044 rum
1051 1016 1176 1044 consilils
1206 1015 1321 1044 retrahi.
1352 1014 1398 1048 qui
1417 1013 1581 1043 suadebant,
1609 1016 1636 1038 nt
1664 1010 1765 1045 ingenti

974 1063 1099 1098 expedita
1119 1062 1205 1089 classe
1242 1060 1349 1088 Meliten
1368 1059 1520 1090 invaderet,
1539 1063 1567 1085 et
1583 1057 1677 1084 fractis
1689 1055 1767 1091 equi-

974 1113 1033 1136 tum
1050 1108 1230 1135 Meiitensinm
1246 1107 1353 1134 viribus
1379 1105 1499 1132 insulam
1512 1107 1671 1138 occuparet.
1688 1102 1765 1135 Quod

975 1154 1085 1189 quidem
1118 1157 1149 1180 ut
1180 1153 1293 1184 faceret,
1324 1152 1352 1178 in
1369 1149 1464 1185 primis
1478 1148 1619 1176 Cbasanes
1647 1146 1769 1175 Cesairis

977 1202 1166 1236 prosnttanus,
1181 1198 1355 1227 Cbairadinis
1371 1196 1545 1224 Barbarossae
1557 1195 1639 1226 filius,
1656 1197 1683 1220 et
1700 1192 1768 1219 ϋηο

978 1253 1056 1283 gntes
1085 1247 1236 1282 Sangiacus
1266 1244 1465 1279 Tripolitanus,
1497 1241 1642 1277 urgebant.
1674 1240 1769 1272 Itaque

979 1295 1051 1321 bane
1066 1294 1093 1320 lo
1109 1292 1272 1320 sententiam
1289 1290 1380 1317 animo
1402 1287 1584 1324 propendens,
1612 1290 1642 1314 ut
1659 1285 1769 1312 interim

978 1340 1056 1367 vafro
1070 1342 1227 1366 commento
1243 1336 1327 1372 356
1340 1334 1554 1362 Maximilianum
1581 1332 1680 1366 partim
1697 1330 1771 1363 gravi

980 1389 1089 1419 sumptu
1108 1384 1170 1411 belli
1187 1383 1354 1413 exhauriret,
1380 1380 1513 1407 instinctu
1546 1377 1693 1408 Erdeliani,
1711 1383 1772 1410 par-

982 1432 1029 1459 titn
1047 1431 1193 1461 inhiberet.
1218 1427 1368 1463 quominus
1392 1426 1507 1453 ulterius
1536 1422 1772 1459 progrederetur:

983 1482 1134 1514 apostatam
1151 1475 1325 1502 Clbiuensem
1346 1473 1465 1507 ablegat,
1483 1471 1531 1508 qni
1549 1477 1611 1497 eum
1631 1468 1663 1496 ad
1680 1475 1774 1503 pacem

983 1532 1044 1551 eum
1074 1522 1221 1550 Erdeliano
1249 1520 1391 1547 colendam
1423 1518 1627 1545 exhortaretur.
1657 1513 1735 1540 Venit
1749 1518 1777 1540 et

147 1573 245 1600 slianaa
262 1570 386 1598 consiliis
406 1569 547 1601 incitatus,
562 1567 731 1598 Zatmarum,
759 1573 812 1592 non
837 1564 930 1599 exigui

988 1570 1118 1598 Viennam
1135 1576 1196 1595 cum
1222 1566 1358 1593 Erdeliaui
1381 1563 1517 1590 mandatis
1533 1562 1631 1590 eodem
1653 1566 1776 1595 tempore

145 1617 275 1646 momenti
306 1615 497 1646 munitionem,
524 1613 613 1648 ejecto
641 1612 789 1640 Melebiore
810 1610 932 1642 Balassa,

146 1663 272 1699 praefecto
284 1662 410 1695 Caesaris,
426 1669 459 1689 ac
478 1660 615 1688 thesauris
632 1659 701 1694 ejus,
712 1658 839 1693 conjuge,
868 1657 934 1683 libe-

148 1711 240 1744 risque
251 1709 350 1744 captis,
364 1715 443 1735 suam
456 1707 483 1734 in
497 1710 658 1741 potestatem
680 1704 793 1738 redegit.
809 1702 876 1735 Quae
892 1708 935 1729 res

148 1764 210 1783 ctnn
225 1754 408 1782 Maxitniliano
424 1753 546 1787 Augusto
560 1757 732 1786 nequaquam
743 1751 770 1776 in
784 1749 844 1783 ipso
859 1747 934 1781 regni

150 1802 263 1830 exordio
281 1800 392 1828 ferenda
404 1799 554 1832 videretur,
568 1806 629 1826 eutn
652 1797 720 1824 alios
734 1795 804 1823 bello
818 1793 939 1830 gerendo

151 1850 236 1878 duces
262 1849 374 1876 idoneos
398 1846 560 1877 arcessivit,
586 1850 643 1873 tum
678 1844 781 1870 Lusaro
806 1841 938 1873 Sncndio,

153 1895 253 1924 Baroni
275 1895 343 1922 Altae
363 1893 563 1927 Landispergu',
590 1891 670 1918 rebus
694 1889 801 1922 magnis
826 1888 940 1915 solerter

153 1946 182 1970 et
201 1941 332 1976 praattlare
351 1938 434 1975 gestis
455 1938 487 1965 ad
499 1944 609 1965 onmem
626 1934 792 1970 posteritatis
810 1933 941 1960 memori-

155 1995 198 2016 am
213 1986 311 2015 illustri
325 1986 394 2016 viro.
410 1991 546 2012 summam
564 1982 624 2010 belli
641 1979 863 2015 administrandi,
881 1986 942 2005 am-

156 2033 279 2068 plissima
289 2039 352 2060 eum
364 2035 510 2067 potestate,
523 2028 673 2057 commisit.
707 2027 764 2054 Sub
778 2034 822 2059 eo,
847 2029 944 2060 praeter

158 2081 293 2114 Ungaros,
306 2079 421 2106 feliciter
437 2078 489 2104 hoc
511 2075 581 2104 bello
594 2074 723 2102 Germani
739 2072 845 2107 aliquot
865 2071 944 2098 nobi-

158 2126 257 2155 lissimi
285 2125 388 2152 tribuni
418 2123 571 2150 militarunt
602 2129 610 2147 :
644 2120 792 2155 equitum,
826 2117 946 2145 Joannes

158 2174 286 2202 Buberus
311 2179 327 2199 a
344 2169 520 2201 Pixendm'fo,
549 2167 669 2195 Joannes
690 2165 724 2193 ab
752 2163 945 2197 Aseentbnrgo,

156 2219 279 2248 Jacobus
295 2225 310 2245 a
335 2215 562 2249 Sebulemburgo,
580 2211 714 2240 Henricus
731 2219 745 2238 a
769 2208 947 2241 Gleisentala;

161 2265 282 2301 peditqu
299 2270 375 2294 vero,
387 2261 507 2290 Joannes
524 2259 692 2287 Wernberus
707 2265 722 2284 ιι
738 2256 880 2286 liaitenau,
896 2255 950 2281 llu-

160 2311 254 2340 dolfus
269 2317 284 2336 a
303 2309 385 2341 Salis,
402 2308 502 2342 aliique
517 2306 684 2341 complures.
699 2303 832 2331 Suendivs
849 2302 952 2335 absque

164 2365 242 2385 utora
259 2363 313 2383 non
330 2354 444 2388 exiguas
462 2353 584 2391 equitum
601 2351 778 2386 peditumque
803 2348 954 2375 Germano-

164 2413 226 2433 rum
243 2402 338 2438 copias
352 2402 378 2430 in
390 2409 485 2437 agrum
499 2399 544 2434 qui
558 2406 572 2425 a
585 2397 708 2432 Gepidis,
718 2396 830 2430 antiqua
843 2394 955 2420 tmtione

163 2451 327 2480 Germanica
341 2469 349 2482 ,
363 2446 527 2482 CI-pisiensis
549 2444 683 2477 hodieque
714 2441 816 2469 dicitur
830 2461 835 2471 .
849 2439 953 2467 eduxit.

204 2495 426 2532 Annisequentis
444 2494 520 2529 (Cbr.
536 2492 614 2520 1565)
641 2490 730 2520 initio,
747 2489 835 2514 media
849 2489 956 2517 lnnma,

167 2545 299 2572 'l‘ocaiunt
317 2541 454 2569 Sueudils
470 2539 611 2566 celeritate
623 2534 777 2562 admirabili
793 2538 930 2567 expugnat
948 2540 955 2558 :

167 2598 225 2624 quo
233 2594 313 2624 capto
321 2595 409 2622 neque
418 2586 505 2614 multo
514 2590 575 2620 post
587 2583 642 2610 ictu
653 2580 765 2615 sclopcti
774 2580 865 2606 occiso
875 2577 960 2605 Fran-

168 2637 246 2665 cisco
265 2635 408 2663 Netnctbio
425 2632 565 2668 praefecto,
585 2638 632 2657 arx
651 2629 733 2656 etiam
748 2635 762 2653 a
784 2623 958 2660 prasidiariis

170 2683 266 2711 dedita
280 2683 341 2709 fuit.
370 2681 390 2707 li
406 2680 464 2708 suis
484 2686 546 2705 cum
570 2675 666 2711 gladiis
682 2675 813 2700 duntaxat
831 2679 864 2698 ex
880 2673 960 2704 pacto

173 2729 296 2760 dimissi,
315 2727 419 2754 caeteris
448 2725 534 2752 armis
550 2730 582 2750 ac
603 2721 685 2748 rebus
701 2719 727 2746 in
754 2724 818 2744 arce
847 2715 959 2743 relictis.

174 2774 271 2802 Vidua:
295 2771 429 2800 Netuetbii
453 2770 573 2797 mundus
602 2764 792 2794 tantummodo
820 2760 963 2790 muliebris

174 2827 338 2848 concessus.
354 2818 420 2851 Quae
439 2817 501 2844 licet
517 2814 617 2842 deinde
645 2810 736 2839 mariti
765 2815 883 2843 suosque
909 2814 963 2833 non

175 2866 272 2900 exigui
305 2865 384 2900 pretii
413 2865 558 2891 thesauri-5
586 2859 724 2889 avelicrct,
755 2854 964 2883 reclamantibus

181 2911 314 2948 Ungaris,
350 2911 454 2938 Andre:
489 2908 615 2939 Batorio.
655 2903 799 2932 Melcbiure
838 2901 963 2930 Balat’sa,

984 1615 1119 1649 Georgius
1138 1614 1275 1643 Batorius.
1291 1617 1317 1638 et
1336 1610 1505 1646 Sigismundi
1518 1608 1644 1642 Augusti.
1660 1607 1779 1633 Polonize

987 1664 1070 1699 regis,
1086 1662 1131 1697 qui
1151 1659 1286 1687 lirdeliani
1316 1657 1468 1686 avunculus
1485 1661 1555 1688 erat,
1571 1655 1688 1689 legatus.
1702 1659 1730 1681 ut
1746 1656 1778 1680 de

988 1708 1176 1744 componendo
1192 1706 1263 1733 bello
1288 1711 1350 1732 eum
1382 1703 1571 1730 Maximiliano
1592 1704 1713 1735 agerent.
1730 1699 1781 1726 Ve-

989 1763 1048 1782 rum
1066 1755 1134 1785 bmc,
1149 1753 1192 1781 uti
1211 1751 1340 1782 diximus.
1358 1754 1447 1776 astute
1463 1748 1628 1784 gerebantur
1643 1754 1657 1773 a
1669 1745 1779 1775 Turcis,

991 1807 1019 1828 nt
1031 1808 1045 1828 a
1065 1807 1147 1827 cursu
1161 1798 1282 1826 victoriae
1295 1797 1397 1826 Ca'sar,
1416 1795 1459 1822 cui
1478 1794 1561 1821 rebus
1573 1793 1700 1820 omnibus
1714 1791 1781 1818 infc—

993 1849 1047 1876 rior
1062 1851 1122 1875 erat
1148 1845 1322 1874 Erdelianus.
1350 1845 1523 1872 avocaretur,
1556 1845 1582 1866 et
1612 1839 1782 1866 Solcimancs

992 1894 1101 1922 interim
1116 1893 1187 1920 vires
1205 1898 1270 1917 suas
1288 1889 1313 1916 in
1331 1888 1486 1915 MelitcnSes
1502 1889 1595 1920 posset
1609 1889 1781 1911 convertere.

1030 1939 1155 1967 Rhodum
1175 1938 1218 1965 bis
1248 1935 1365 1963 insulam
1393 1933 1444 1961 sub
1475 1931 1583 1959 initium
1609 1929 1696 1964 regni,
1719 1936 1781 1956 eum

994 1986 1125 2014 omnibus
1155 1985 1181 2011 In
1213 1982 1316 2018 IEgaeo,
1328 1985 1354 2008 et
1384 1977 1633 2011 Asia,Grmciaque
1654 1974 1783 2005 castellis,

995 2032 1104 2060 arcibus
1117 2037 1149 2057 ac
1173 2027 1336 2059 territoriis;
1354 2032 1403 2052 nec
1418 2024 1510 2050 multis
1524 2027 1586 2049 ante
1604 2023 1654 2048 hoc
1678 2025 1786 2054 tempus

996 2078 1088 2110 anuis,
1106 2076 1238 2111 Tripolim
1259 2073 1394 2108 Apbricte,
1409 2069 1489 2098 sicuti
1510 2073 1650 2096 narratum
1665 2075 1679 2094 a
1702 2065 1781 2093 nobis

997 2131 1047 2156 est.
1067 2124 1214 2151 ademerat.
1245 2119 1350 2152 Quibus
1378 2117 1488 2151 injuriis
1509 2123 1556 2142 eos
1584 2113 1708 2141 affecisse
1732 2119 1785 2138 non

999 2174 1168 2200 contentus,
1200 2167 1282 2194 etiam
1315 2170 1430 2200 prorsus
1463 2161 1627 2195 exstirpatos
1659 2159 1787 2186 volebat:

1001 2217 1073 2253 quod
1087 2220 1114 2243 et
1126 2212 1301 2242 mercimonio
1327 2217 1437 2238 suorum
1452 2207 1629 2242 impedirent,
1649 2210 1676 2232 et
1697 2204 1790 2239 gravia

1004 2250 1075 2297 strpe
1085 2261 1249 2288 detrimenta
1266 2256 1381 2284 navibus
1398 2254 1522 2281 Turcicis
1544 2252 1686 2279 inferrent.
1708 2250 1791 2277 Aecc-

1005 2295 1085 2337 debat
1098 2307 1184 2339 altius,
1195 2304 1277 2332 animi
1300 2302 1410 2333 vulnus,
1434 2299 1507 2334 quod
1533 2299 1666 2325 bac-tenus
1689 2295 1792 2322 allleli-

1006 2354 1074 2383 tcnsi
1096 2351 1317 2380 Christianorum
1344 2345 1550 2382 propugnaculo
1567 2342 1705 2377 quoddam
1733 2341 1795 2367 libi-

1006 2401 1063 2429 dini
1085 2407 1141 2427 suze
1164 2396 1320 2432 repagulum
1349 2393 1431 2428 obiici
1458 2391 1572 2420 doleret,
1595 2388 1743 2423 quominus
1767 2387 1792 2413 in

1009 2446 1202 2481 Hispaniarum
1224 2447 1249 2469 et
1265 2441 1350 2468 Italia:
1379 2440 1485 2466 viscera
1500 2435 1660 2471 jamdudum
1687 2442 1797 2468 grassa—

1010 2499 1095 2520 retur.
1113 2491 1166 2518 llos
1188 2489 1270 2524 igitur
1302 2485 1424 2513 utibello
1454 2486 1665 2518 persequeretur
1693 2485 1720 2506 et
1747 2486 1798 2513 op-

1010 2539 1154 2574 primeret,
1191 2536 1306 2562 classem
1349 2530 1497 2562 instruxit,
1528 2536 1588 2563 qute
1631 2526 1798 2554 triremibus,

1011 2584 1156 2616 onerariis,
1175 2582 1289 2615 aliisque
1306 2577 1422 2605 diversis
1451 2575 1565 2609 navigiis
1577 2573 1632 2600 9.50
1647 2571 1798 2600 ctmstabat.

1011 2631 1187 2657 Veliebantur
1199 2628 1250 2654 hac
1265 2626 1352 2653 classe
1365 2623 1435 2650 bello
1456 2622 1615 2648 idoneorum
1628 2618 1744 2646 militum
1767 2616 1800 2641 ad

1013 2676 1046 2709 40
1077 2674 1171 2701 millia.
1205 2669 1392 2698 Turrestribus
1419 2666 1505 2701 copiis
1535 2662 1716 2696 Mnstaphas',
1748 2658 1796 2692 qui

1014 2711 1141 2755 deinceps
1153 2719 1223 2746 bello
1240 2716 1340 2751 Cyprio
1356 2722 1388 2741 ex
1407 2712 1519 2740 immani
1537 2709 1698 2737 crudelitate
1716 2704 1803 2737 magis

1015 2767 1151 2799 inclaruit,
1164 2765 1242 2792 rlazsi
1260 2763 1340 2790 l’i-ilis
1354 2761 1433 2788 bassa
1447 2766 1509 2785 cum
1533 2755 1648 2791 imperio
1660 2755 1777 2788 prmerat
1791 2759 1798 2776 ε

1017 2815 1118 2850 quibus
1131 2797 1301 2838 έυιίιὶςιιιιιιιις
1316 2807 1461 2840 llragntcm
1482 2802 1671 2837 prostlltanum
1682 2797 1803 2831 Tripolis

1018 2849 1111 2888 adesse
1134 2858 1228 2888 voluit,
1247 2855 1384 2881 hominem
1412 2851 1492 2877 rebus
1522 2853 1592 2875 terra
1616 2849 1739 2879 marique
1758 2850 1804 2878 ge—

1023 2905 1114 2934 rendis
1131 2902 1327 2931 exet-rientem,
1343 2897 1387 2929 qui
1402 2895 1538 2922 ictbaliter
1554 2893 1607 2920 hoc
1623 2892 1691 2918 ludit)
1711 2888 1804 2915 vulne—
