1962 3071
140 174 193 207 661

687 175 876 206 SUPPLEM.
898 175 1035 207 ANNAL.
1057 175 1211 206 TURCIC.

1706 174 1768 204 CG?

139 235 212 261 riore
228 232 415 261 Melitensibus
441 232 626 264 nuntiassent,
649 240 709 266 qua
733 232 760 259 in
776 239 824 259 eos
836 231 917 258 Turci
936 232 958 261 Α
973 239 1032 264 qua:
1048 231 1157 266 quidem
1170 230 1260 266 prieda
1276 238 1337 259 mos
1355 230 1530 259 obsessorum
1542 231 1687 259 commodo
1698 240 1759 259 ces-

139 279 309 306 molirentur.
326 279 440 310 Deinde,
460 278 533 313 quod
551 272 654 306 biennii
669 277 800 305 tributum
818 277 926 304 sultano

139 324 288 352 Solsimani
301 323 443 351 deberem.
469 323 496 350 Id
526 323 643 351 avaritia
660 323 753 357 legati.
768 322 926 350 Constanti-

138 369 232 403 nopoli
251 376 294 397 res
308 368 429 403 ipsorum
446 369 518 403 apud
544 369 653 397 Portam
678 369 799 404 gerentis
818 368 926 395 accide-

140 420 203 446 rat;
219 414 264 449 qui
281 414 363 442 etiam
375 414 501 441 donanda
523 413 682 441 Mecbemeti
701 414 790 441 bassae
804 413 888 440 veziri
901 418 928 440 et

138 459 202 487 aliis
216 467 341 491 munera.
356 467 423 488 suos
435 460 463 486 in
477 467 544 487 usus
563 464 689 487 verterat.
708 458 842 487 Praeterea
858 467 927 487 con-

139 504 278 533 ferebatur
300 506 328 533 in
355 513 401 533 eos
416 505 497 541 culpa
516 510 683 540 receptor-um
706 505 926 534 Christianorum

140 551 357 586 mancipiorum,
381 559 442 586 qure
471 551 594 587 quotidie
622 552 864 586 Constantinopoli
894 551 927 579 ad

140 598 215 632 ipsos
233 597 419 633 profugerent,
443 605 514 632 eque
533 597 602 626 Chio
618 597 729 625 domum
750 597 782 625 ad
798 605 864 625 suos
883 605 928 625 re-

140 644 323 671 mitterentur.
339 642 373 670 Et
403 643 484 677 paulo
515 648 579 670 ante
610 643 749 671 ferebatur
776 642 929 672 Mecheme-

141 688 176 714 tis
216 688 304 715 bassre
345 688 445 715 veziris
476 687 569 715 nobils
592 688 729 723 quoddam
761 689 926 724 mancipium

141 740 175 760 eo
190 740 220 761 se
236 732 394 765 contulisse,
418 733 496 766 cujus
516 733 574 768 ipse
589 733 632 760 Vel
652 734 869 762 restitutionem.
887 735 928 762 vel

141 779 259 811 pretium
288 778 323 806 ab
352 779 398 806 eis-
426 779 567 813 poscebat.
593 778 647 806 Has
677 779 760 814 igitur
779 780 815 808 ob
831 788 929 809 causas

142 823 225 850 l‘ialis
240 830 288 850 eos
309 823 504 857 castigaturus,
521 823 555 850 ad
571 823 689 850 insulam
708 825 838 852 universa
865 832 927 852 cum

142 870 230 897 classe
241 868 316 897 feriis
329 869 514 904 paschalibus,
532 877 601 904 quas
615 869 836 897 Christianorum
854 878 929 898 more

139 917 271 943 (Hiienses
290 920 346 942 tum
371 915 555 947 celebrabant,
582 914 714 949 appellit;
725 915 924 950 confestimque
941 911 961 938 Β

136 962 217 996 jubet
239 963 272 989 ad
299 969 328 989 se
344 961 499 996 praetoriam
522 961 549 988 in
575 961 713 989 triremem
741 962 834 989 venire
855 969 925 996 prte-

138 1009 241 1036 fectum
267 1008 362 1036 insula:
393 1015 456 1036 cum
484 1007 626 1036 duodecim
647 1007 713 1035 viris
730 1007 924 1042 rempublicam

138 1054 409 1082 administrantibus.
426 1053 542 1086 Interea,
559 1054 622 1081 dum
639 1054 666 1080 hi
684 1055 718 1080 ab
736 1053 795 1088 ipso
811 1053 837 1080 in
858 1060 925 1088 prte-

139 1101 209 1128 toria
227 1101 393 1133 detinentur,
408 1100 538 1135 palatium
553 1100 682 1132 civitatis,
699 1100 725 1126 in
740 1107 796 1135 quo
814 1105 925 1127 senatus

136 1147 366 1186 baberisolcbat,
395 1147 422 1174 in
448 1151 607 1182 potestatem
630 1155 645 1174 a
660 1146 758 1174 Turcis
787 1154 848 1174 cum
863 1154 926 1174 arce

136 1194 283 1228 redigitur,
300 1193 473 1227 magistratus
487 1194 527 1220 eis
552 1193 684 1220 Turcicus
713 1193 802 1226 datur,
827 1193 925 1228 templa

135 1240 301 1269 Christiana»
316 1240 374 1267 solo
394 1243 548 1273 aequantur.
581 1239 698 1266 Unicum
729 1239 818 1266 sancti
835 1238 926 1266 Domi-

134 1287 200 1314 uici
208 1286 346 1318 relictum,
367 1286 466 1314 ritibus
489 1285 642 1313 Turcorum
661 1285 797 1316 initiatur.
810 1289 835 1311 ut
853 1292 926 1312 mes-

133 1333 198 1360 sitse
224 1333 285 1360 loco
302 1331 399 1359 Turcis
427 1336 510 1360 esset.
527 1331 615 1366 ipsius
648 1331 778 1366 pra-fecti,
803 1338 836 1359 ac
856 1331 926 1359 duo-

133 1378 321 1407 decimvirum
353 1378 475 1410 familias,
507 1385 570 1405 cum
598 1377 658 1405 aliis
684 1377 834 1412 primariis,
854 1378 927 1406 Con.

133 1425 346 1459 stantinopolim
372 1424 532 1454 mittuntur.
563 1428 591 1451 et
617 1423 680 1450 hinc
708 1423 772 1451 inde
787 1423 881 1450 varias
898 1423 925 1450 iu

134 1472 267 1507 regiones
282 1470 475 1505 deportantur;
499 1469 588 1497 dmec
606 1468 715 1496 tandem
732 1469 925 1503 subsequenti-

132 1519 191 1547 bus
204 1517 297 1551 annis,
317 1517 503 1544 intercedente
518 1523 581 1550 rege
599 1515 687 1547 Gallo,
705 1515 810 1543 Turcis
821 1516 927 1543 confos-

967 276 1022 308 ,sit.
1041 275 1134 303 Soluta
1148 282 1245 311 praeter
1259 285 1333 311 spem
1348 277 1375 304 in
1393 277 1466 305 hunc
1479 277 1590 304 modum
1607 277 1759 310 obsidione.

977 321 1132 355 prasidium
1148 323 1220 350 arcis
1243 328 1352 350 auctum
1377 322 1438 355 fuit,
1462 326 1490 350 et
1513 323 1658 350 instaurati
1676 324 1758 354 muri,

977 367 1011 394 ab
1028 367 1106 395 hoste
1122 368 1216 395 diruti.
1753 374 1762 377 "

1013 413 1138 441 Liberata
1154 414 1295 442 obsidione
1314 415 1418 448 Palota,
1433 423 1496 443 mox
1519 415 1584 442 itum
1600 415 1632 442 ad
1646 415 1761 448 eripien-

977 459 1039 486 dam
1067 459 1138 487 hosti
1159 461 1297 487 civitatem
1323 460 1565 495 Vespriuiensem;
1590 461 1673 496 358
1689 462 1760 495 quod

977 505 1065 540 captis
1081 506 1235 534 Turcorum
1252 507 1482 541 exploratoribus,
1496 508 1663 535 intellectum
1678 512 1759 538 esset,

979 552 1060 587 bnjus
1085 552 1135 580 loci
1172 552 1282 586 begum,
1321 553 1412 581 studio
1448 555 1563 580 nocendi
1597 553 1762 581 Christianis
1809 587 1811 590 ν

976 605 1129 633 egressum,
1145 597 1259 625 meliore
1279 599 1405 633 praesidii
1420 604 1495 632 parte
1522 598 1691 634 Vesprinium
1711 607 1763 625 nu-
1809 620 1812 622 .

977 644 1070 672 dasse.
1081 643 1252 679 Quapropter
1264 645 1356 679 Egone
1368 644 1502 672 Salutensi
1519 645 1619 672 comite
1636 645 1763 672 iliustris—

978 691 1053 717 simo
1067 698 1131 718 suas
1148 699 1209 718 eum
1225 690 1395 718 Ilelfestaino
1423 697 1449 719 et
1473 691 1585 718 Nicolao
1604 691 1762 718 llatestadio

978 738 1160 772 conjungente
1187 737 1293 771 copias,
1306 737 1457 772 penultimo
1476 737 1552 764 Junii
1578 737 1621 764 die
1642 741 1760 771 coeptum

978 782 1099 810 obsideri
1117 782 1302 817 Yesprinium,
1325 783 1457 817 postridie
1479 783 1650 810 memorabili
1665 783 1762 810 celeri-

979 833 1034 856 tate
1074 829 1125 856 fuit
1158 833 1355 863 expugnatum,
1387 836 1459 862 anno
1486 829 1680 857 Mahumetano
1710 830 1763 856 8'15

979 874 1056 909 (Chr.
1074 874 1166 908 1566).
1181 874 1307 910 Quinque
1320 875 1454 902 duntaxat
1475 875 1609 908 exceptis,
1624 875 1714 902 caeteri
1729 875 1761 901 ad

976 927 1060 947 unum
1075 920 1202 947 trucidati
1229 921 1305 947 fuere
1329 920 1455 952 Barbari,
1484 921 1556 954 quod
1583 928 1636 947 non
1651 921 1690 947 ita
1707 921 1763 955 pri-

975 966 1036 993 (lem
1048 966 1170 1001 captivos
1181 974 1279 1001 magno
1292 973 1408 994 numero
1418 965 1590 993 Christianos
1607 965 1767 993 immaniter

976 1013 1150 1041 occidissent.

1010 1059 1052 1086 Ab
1066 1058 1160 1086 eodem
1180 1057 1270 1093 Egone
1294 1058 1395 1086 comite
1418 1058 1552 1086 Salmensi
1576 1061 1655 1097 capta
1672 1057 1723 1084 fuit
1736 1060 1764 1084 et

976 1105 1056 1138 Tata,
1087 1113 1180 1133 mense
1203 1105 1285 1138 Julio,
1309 1105 1388 1133 cassis
1412 1104 1607 1140 praesidiariis;
1642 1104 1764 1138 itemque

976 1152 1071 1180 Gester
1087 1151 1245 1183 castellum,
1263 1152 1297 1178 ab
1318 1151 1416 1179 incolis
1432 1150 1530 1178 Turcis
1558 1154 1633 1177 metu
1659 1150 1763 1176 adven-

976 1197 1060 1225 tantis
1074 1197 1183 1224 comitis
1204 1196 1356 1229 desertum;
1373 1204 1443 1231 quos
1467 1195 1565 1223 imitati
1590 1194 1763 1222 Vetbaimen-

977 1250 1032 1275 ses,
1058 1242 1212 1270 Iscoehiani
1242 1246 1270 1268 et
1301 1241 1427 1268 aliorum
1452 1240 1626 1268 castellorum
1656 1239 1764 1271 incolas,

976 1289 1084 1317 ﬂamma
1096 1289 1218 1317 castellis
1235 1289 1295 1316 suis
1312 1287 1424 1323 injecta,
1449 1287 1621 1322 Strigonium
1643 1294 1673 1314 se
1688 1293 1764 1313 recc-

976 1339 1090 1371 perunt;
1119 1335 1192 1370 quod
1215 1335 1394 1366 obsessurus,
1426 1334 1548 1361 victoria:
1566 1332 1765 1368 prosequenda!

977 1388 1069 1412 causa,
1087 1388 1150 1408 mox
1166 1385 1226 1408 erat
1244 1380 1398 1408 Salmcnsis
1417 1386 1522 1410 centes,
1537 1378 1590 1406 nisi
1604 1379 1638 1406 de
1652 1377 1765 1413 quibus-

977 1426 1038 1453 dam
1066 1426 1157 1454 causis
1177 1427 1252 1454 aliud
1279 1426 1438 1461 imperatori
1464 1425 1649 1452 Maxitniliano
1676 1424 1763 1451 visum

977 1473 1085 1500 fuisset.

1012 1521 1135 1555 Augusto
1153 1529 1245 1548 mense
1266 1521 1414 1551 Suendius,
1430 1521 1475 1556 qui
1493 1524 1568 1547 certo
1583 1519 1699 1547 consilio
1715 1526 1762 1559 su-

132 1565 245 1595 derato,
265 1563 359 1599 patriae
371 1562 490 1590 restituti
506 1561 627 1593 fuerunt.
641 1567 669 1590 et
686 1563 783 1590 umbra
799 1564 924 1596 quadam

980 1567 1084 1602 periore
1101 1566 1128 1594 in
1148 1565 1278 1602 Ungaria,
1298 1571 1325 1595 et
1353 1574 1419 1602 agro
1435 1566 1598 1600 Cepisiensi,
1617 1565 1681 1592 dum
1706 1564 1762 1591 Ma-

131 1608 389 1638 adntinislrationis
414 1608 637 1644 judiciorumquc
670 1609 848 1643 pristinorum
875 1609 926 1635 mi-

131 1657 209 1685 seris
226 1655 391 1683 Cbiensibus
405 1660 548 1688 concessa,
577 1655 771 1688 provocatione
794 1654 925 1682 duntaxat

131 1703 168 1730 ad
200 1702 322 1737 judicem
351 1700 500 1728 Turcicum
528 1701 659 1733 remissa;
690 1701 761 1736 quod
791 1709 823 1728 co
855 1701 925 1729 faci-

131 1750 188 1777 lius
222 1749 415 1782 impetratum,
456 1755 491 1775 ne
531 1747 698 1774 Christianis
732 1747 828 1775 incolis
872 1748 926 1774 alio

130 1793 394 1829 commigrautibus,
413 1793 503 1821 insula
528 1793 635 1820 deserta
656 1793 723 1820 nulli
740 1793 838 1821 Turcis
854 1798 927 1821 esset

130 1841 211 1869 usui.
351 1870 353 1874 ν

168 1887 213 1914 Ad
238 1894 281 1914 res
307 1886 334 1913 in
359 1885 477 1922 Ungaria
500 1892 589 1922 gestas
613 1892 642 1914 ut
664 1887 818 1920 redeamus,
848 1887 926 1914 bassa

129 1932 284 1964 Budensis,
305 1936 334 1959 ut
348 1931 465 1966 imperio
489 1932 591 1959 sultani
621 1933 786 1960 Soleimanis
808 1937 925 1967 pareret,

129 1978 217 2004 initio
234 1977 337 2005 mensis
352 1976 426 2005 Junii
457 1978 579 2005 Palotam
609 1977 727 2004 militum
745 1985 847 2005 corona
874 1977 928 2004 cir-

125 2023 269 2051 cumdare
284 2024 375 2057 coepit.
389 2022 454 2050 Eam
466 2028 579 2051 strenue
594 2031 655 2050 cum
669 2024 726 2050 suis
740 2024 928 2058 propugnabat

128 2070 275 2105 Georgius
305 2069 406 2096 Thuris
436 2068 570 2105 Uzgarus,
612 2070 652 2096 vir
685 2069 876 2103 magnanimus
900 2074 928 2096 et

127 2116 233 2143 iiiultis
250 2116 332 2143 rebus
349 2115 455 2143 fortiter
471 2116 557 2150 gestis
580 2116 683 2143 clarus.
701 2115 770 2143 Toto
782 2116 839 2150 jam
855 2116 926 2142 octi-

125 2164 188 2189 duo
202 2169 301 2189 muros
329 2162 409 2189 bassa
439 2167 638 2189 tormentorum
662 2162 803 2189 continuis
828 2161 927 2188 ictibus

126 2210 166 2236 ita
181 2207 377 2240 labefactant,
393 2208 425 2235 ad
439 2212 538 2235 terram
557 2213 587 2235 ut
613 2208 741 2243 prostrati
756 2208 928 2235 collaberen-

976 1613 1135 1640 ximilianus
1161 1614 1303 1647 Angustus
1329 1613 1430 1648 insigni
1448 1618 1475 1641 et
1494 1612 1687 1647 copiosissimo
1701 1617 1762 1637 cum

976 1658 1098 1686 exercitu
1115 1659 1213 1686 castris
1232 1659 1265 1685 ad
1289 1658 1432 1686 Jaurinum
1461 1658 1575 1693 positis,
1591 1665 1689 1685 omnes
1712 1656 1763 1684 So.

976 1705 1101 1733 leimanis
1131 1711 1223 1732 malus
1248 1710 1276 1732 et
1300 1712 1459 1740 progressus
1487 1705 1658 1737 observaret,
1674 1703 1764 1730 subsi-

976 1754 1048 1778 stere
1064 1758 1115 1778 suo
1139 1758 1200 1778 cum
1221 1751 1307 1778 milite
1326 1751 1421 1785 jussus
1445 1750 1544 1782 fuerat,
1557 1758 1618 1777 cum
1636 1750 1733 1777 excitis
1748 1757 1762 1776 a

976 1795 1142 1830 Soleimane,
1171 1800 1266 1830 rogatur
1290 1796 1440 1830 Erdeliani,
1470 1796 1577 1823 Ta'taris
1596 1803 1649 1822 non
1667 1802 1762 1829 parum

976 1841 1048 1875 quod
1067 1845 1160 1875 ageret
1181 1841 1286 1868 habuit.
1306 1841 1413 1876 Quippe
1431 1849 1492 1868 cum
1509 1848 1555 1876 per
1569 1840 1698 1874 Ungariu:
1715 1847 1763 1867 su-

976 1887 1094 1922 perioris
1107 1894 1187 1921 agros
1207 1888 1248 1915 cis
1268 1893 1295 1915 et
1311 1889 1388 1915 ultra
1399 1887 1538 1914 Tibiscum
1561 1888 1614 1914 late
1629 1887 1765 1914 discurre—

977 1937 1047 1964 rent,
1065 1933 1169 1968 praedas
1187 1933 1339 1967 abigerent,
1371 1934 1465 1961 omnia
1493 1933 1608 1960 flammis
1638 1937 1665 1959 ct
1690 1932 1764 1960 ferro

976 1983 1125 2010 vastarent,
1139 1978 1260 2013 cujusvis
1271 1979 1359 2006 aetatis
1378 1984 1406 2007 et
1422 1986 1503 2006 sexus
1521 1978 1648 2006 homines
1666 1978 1762 2012 partim

977 2024 1157 2056 trucidarent,
1173 2024 1272 2058 partim
1289 2024 1315 2051 in
1333 2025 1491 2052 servitutem
1513 2030 1656 2058 raperent;
1679 2024 1764 2050 dila!o

978 2070 1115 2097 Sucndius
1136 2070 1162 2096 in
1179 2077 1237 2102 eos,
1263 2070 1439 2097 multitudine
1462 2069 1628 2104 superiores,
1651 2070 1683 2096 ad
1714 2070 1766 2096 boe

977 2123 1064 2151 usque
1082 2120 1190 2151 tempus
1205 2115 1308 2150 pra-lio,
1322 2123 1376 2151 quo
1393 2116 1554 2150 praseocium
1571 2116 1610 2142 illi
1625 2115 1763 2143 fructuum

976 2168 1002 2190 et
1032 2171 1146 2190 uvarum
1177 2162 1305 2197 ingluvie,
1338 2163 1500 2196 semetipsos
1528 2162 1665 2196 perditum
1697 2162 1763 2188 ituri

979 2215 1058 2237 erant
1076 2209 1184 2236 tandem
1199 2216 1233 2236 ex
1253 2209 1356 2235 morbis
1372 2208 1517 2243 languidos
1534 2211 1561 2235 et
1582 2216 1696 2235 numero
1712 2216 1764 2234 non

125 2261 178 2283 tur
195 2260 226 2282 et
245 2258 459 2289 propugnatores
480 2254 507 2281 in
519 2259 644 2281 extremo
658 2254 818 2282 discrimine
834 2261 926 2281 versa-
943 2256 964 2284 υ
979 2262 1076 2290 parum
1091 2255 1247 2282 delninutos
1269 2261 1427 2289 aggressus,
1455 2254 1532 2281 nullo
1562 2261 1645 2288 prope
1659 2253 1766 2288 ncgolio

124 2306 247 2332 rentur,
264 2307 327 2326 cum
351 2307 425 2331 ecce,
453 2307 503 2326 nec
524 2300 671 2333 opinatum
687 2299 841 2327 subsidium
858 2299 928 2326 divi-

123 2349 210 2375 nitus
229 2347 269 2373 eis
288 2346 409 2373 odertur.
429 2345 547 2373 Venerat
568 2344 712 2373 Janrinum
737 2345 869 2381 Georgius
881 2353 927 2373 co-

123 2400 192 2420 mes
207 2391 406 2423 llelfestainns,
427 2391 552 2419 adductis
574 2399 666 2418 secum
683 2391 767 2426 signis
783 2391 925 2419 duodecim

124 2446 246 2474 magna
264 2438 372 2465 virtutis
388 2439 520 2472 peditum.
536 2438 563 2465 is
578 2438 622 2464 die
640 2438 747 2465 decimo
767 2443 864 2472 quarto
879 2437 929 2465 Ju-

123 2486 166 2514 nii
183 2485 313 2520 plaustra
337 2484 486 2520 nonaginta
507 2484 667 2519 pabulatum
682 2483 784 2515 emisit.
803 2491 865 2510 cum
883 2491 929 2517 pc-

121 2531 223 2559 ditum
258 2533 460 2564 nongentarum
486 2529 614 2564 praesidio
642 2537 649 2556 :
680 2535 750 2563 quos
777 2528 929 2562 conspicati

121 2576 234 2608 Turci,
249 2575 295 2610 qui
313 2575 435 2603 Palotam
453 2574 626 2607 obsidebant,
648 2574 821 2610 majorésque
836 2573 930 2610 copias

122 2622 238 2651 adesse
251 2623 314 2654 rati,
330 2629 413 2656 quam
432 2629 529 2655 reapse
554 2621 660 2654 forent;
682 2621 783 2648 missos
806 2620 930 2654 suspica-

122 2671 254 2699 bantur,
271 2672 300 2695 ut
320 2667 491 2696 obsidionem
509 2667 668 2694 Palotanam
689 2667 839 2695 solverent.
857 2666 929 2694 Con-

122 2716 231 2744 festim
244 2714 325 2741 bassa
339 2713 460 2748 trepidus
477 2714 504 2740 in
521 2713 612 2748 fugam
633 2721 693 2739 cum
708 2713 765 2740 suis
784 2720 845 2740 sese
862 2719 929 2739 con-

118 2762 234 2796 jicere,
256 2765 365 2794 prreque
388 2759 472 2786 nimia
492 2759 666 2786 festinatione
687 2758 814 2791 tentoria,
829 2758 931 2785 machi-

122 2815 179 2836 nas
198 2805 334 2838 bellicas,
354 2813 482 2840 magnum
507 2812 633 2832 vasorum
655 2812 810 2837 numerum,
829 2805 935 2840 quibus

120 2853 169 2881 vel
188 2851 299 2883 farina,
324 2851 364 2878 vel
392 2851 589 2878 tortncntarius
616 2850 705 2885 pulvis
732 2850 930 2882 contineretur,

120 2908 193 2930 cum
210 2896 282 2926 aliis
294 2901 449 2926 castrorum
465 2897 667 2930 impedimentis
677 2897 747 2925 hosti
764 2897 930 2932 relinquere,

978 2300 1071 2328 decem
1085 2300 1266 2328 Barbarorum
1282 2300 1365 2326 millia
1380 2299 1528 2334 superavit,
1543 2299 1651 2331 cecidit,
1665 2299 1766 2325 ﬁnibus

978 2345 1071 2380 eiecit;
1090 2346 1220 2380 begorum
1239 2345 1430 2377 Turcicorum,
1451 2345 1552 2379 quibus
1581 2345 1623 2372 usi
1648 2344 1768 2372 ducibus

981 2391 1101 2422 fuerant,
1122 2392 1209 2418 altero
1233 2392 1407 2425 interempto,
1433 2391 1519 2419 altero
1549 2391 1687 2418 letbaliter
1704 2398 1767 2418 sau-

980 2439 1062 2464 ciato.
1091 2437 1190 2464 Deinde
1208 2437 1317 2472 Georgii
1343 2437 1440 2464 Bubeci
1469 2437 1629 2471 perduellis,
1644 2437 1766 2471 quicum

982 2481 1131 2509 Erdcliano
1146 2485 1174 2508 et
1189 2480 1286 2508 Turcis
1306 2489 1336 2509 se
1359 2481 1552 2516 coniunxerat,
1569 2488 1646 2508 arces
1663 2481 1770 2515 aliquot

982 2527 1150 2559 Zabaticam,
1166 2525 1333 2558 Pelsozium,
1357 2526 1587 2560 Gombazzecum,
1599 2527 1769 2555 Crasnabur-

982 2581 1052 2606 cam,
1070 2573 1202 2607 Gadigen,
1221 2573 1331 2608 aliaque
1342 2573 1385 2600 bis
1397 2573 1485 2600 vicina
1501 2579 1558 2600 tum
1573 2573 1695 2605 castella,
1713 2578 1767 2599 tum

983 2620 1148 2647 munitiones
1168 2619 1345 2655 expugnavit.

1019 2665 1078 2692 Duo
1094 2665 1224 2700 deinceps
1240 2665 1344 2692 munita
1361 2670 1525 2693 nostrorum
1541 2665 1769 2692 loca‘Turcorum

982 2711 1010 2739 in
1026 2719 1124 2739 manus
1142 2719 1249 2745 venere,
1266 2711 1345 2739 Giula
1371 2717 1397 2739 et
1425 2711 1565 2746 Zigctum;
1593 2710 1682 2741 Giula,
1709 2717 1771 2744 quae

984 2759 1106 2786 secundo
1117 2759 1181 2786 Julii
1197 2759 1299 2786 mensis
1317 2767 1330 2785 a
1348 2759 1463 2786 Pertavo
1486 2759 1574 2785 vczire
1599 2757 1690 2786 bassa.
1709 2757 1771 2790 jun-

984 2804 1036 2831 ctis
1051 2808 1077 2831 et
1094 2805 1180 2831 Lassae
1195 2803 1418 2831 Temesvarcnsis
1444 2808 1468 2830 et
1493 2803 1630 2829 Erdeiiani
1654 2802 1772 2828 ’l'alaro-

984 2857 1100 2885 rumque
1126 2849 1224 2885 copiis,
1238 2855 1329 2884 coepta
1359 2850 1449 2877 fuerat
1473 2849 1611 2881 obsideri;
1640 2848 1771 2875 scelerata

986 2897 1104 2924 Ladislai
1134 2895 1269 2924 Kercsinii
1305 2895 1426 2930 praefecti
1463 2895 1630 2930 proditione,
1661 2892 1771 2925 Georgii
