1962 3071
184 187 238 220 [iiii

816 188 980 218 JOANNIS
997 189 1230 219 LEUNCLAVII

1739 162 1815 220 766%

190 246 290 274 Beltcri
307 245 455 281 perduellis
469 251 497 274 et
513 246 601 275 amnis
622 246 664 274 sui
687 245 826 280 colloquio
841 245 976 280 corrupti.
992 248 1016 278 Α
1028 246 1073 274 die
1088 252 1189 282 quarto
1207 248 1310 276 mensis
1336 245 1516 281 Septembris.
1537 244 1652 280 Agebat,
1667 251 1729 271 cum
1756 251 1814 271 mo-

186 293 250 333 licet
262 293 383 320 futurum
407 294 563 320 nuntiasset
587 292 739 326 Sueudius,
759 297 789 319 ut
807 292 893 319 hostis
908 292 979 319 intra

189 339 304 366 biduum
319 339 492 366 obsidionem
513 340 645 372 solveret,
673 339 773 366 Turcis
795 338 887 365 dedita
917 337 978 364 fuit.

188 386 254 412 Eam
271 384 368 417 Turci,
381 389 480 420 prater
502 385 638 413 Erdcliani
669 392 756 419 spem.
789 384 841 411 sibi
861 384 980 411 retinue-

186 436 266 464 runt;
282 431 460 466 hiantemque
478 439 605 463 corvum.
617 436 707 469 utlest
726 431 753 459 in
770 430 883 462 tabulis,
902 437 979 458 more

186 485 239 505 suo
255 477 390 506 delusere.
410 477 514 505 Violata
528 477 642 504 dedititii
659 477 711 505 ﬁde
725 476 874 504 crudeliter
893 477 979 503 inter-

188 522 285 556 empti,
305 523 399 557 paucis
432 524 566 551 beneﬂcio
588 523 677 551 noctis
699 528 726 550 et
749 520 978 550 arundinctorum

193 569 304 604 elapsis.
314 569 442 597 Nefarius
460 570 582 605 proditor
596 578 649 597 non
667 569 753 599 multo
769 573 829 604 post
844 570 870 596 in
887 569 980 596 vincu-

189 613 233 643 lis.
249 614 321 648 apud
336 613 476 641 sultanum
495 615 637 647 Selitnem,
657 613 823 646 Soleimanis
836 621 980 642 successo-

188 665 257 688 rem.
272 658 308 686 ob
322 659 470 686 exercitam
493 660 569 694 prius
596 660 623 687 in
646 661 771 694 captivos
795 659 979 687 Musuhnnuos

189 703 318 731 saevitiam
341 709 499 736 ceusatus,
523 706 556 731 de
583 705 720 732 sententia
747 704 858 732 Selitnis
879 705 980 732 actori-

189 749 251 781 bus,
269 754 298 776 ut
315 757 346 776 ex
371 757 466 777 eorum
491 750 607 777 arbitrio
633 758 729 785 pmttas
745 750 842 783 lueret,
865 750 981 777 traditus

191 796 260 829 fuit;
275 796 320 829 qui
337 797 477 824 hominem
495 798 550 824 vasi
573 797 661 824 clavis
681 797 822 832 perforato
837 797 876 825 sic
893 797 980 824 inalu-

190 847 297 874 serunt,
326 847 356 870 ut
381 843 455 869 dolio
483 843 517 870 de
543 848 636 870 monte
655 851 704 878 per
720 843 837 870 declivia
854 843 980 878 praecipi-

192 893 260 920 tato,
276 889 366 916 clavis
385 889 514 924 oblongis
529 893 557 917 et
574 889 664 917 acutis
681 889 804 917 conﬁxus
817 889 979 922 exspiraret.

190 933 254 961 Fuit
271 939 299 961 et
322 934 397 962 ﬁlius
412 939 533 970 paterna:
553 935 691 969 particeps
708 935 917 966 exsecrationis,
932 935 978 968 qui

191 979 301 1012 misere,
314 980 398 1009 nullis
411 980 516 1008 relictis
529 980 697 1013 heredibus,
715 980 787 1007 dietn
802 988 883 1007 suum
901 980 979 1011 obiit,

191 1025 321 1057 castellis.
339 1027 415 1061 pagis
431 1031 458 1053 et
472 1026 535 1054 aliis
552 1019 729 1054 facultatibus
744 1026 931 1061 amplissimis,
946 1026 980 1053 ad

191 1071 296 1099 alienos
310 1071 456 1099 devolutis.

223 1117 331 1145 interea
349 1115 415 1145 dum
440 1119 500 1146 hac
527 1118 644 1146 diversis
669 1127 716 1154 per
742 1118 891 1155 lingariam
912 1120 980 1148 locis

190 1168 363 1197 gererentur.
378 1164 504 1192 suitanus
532 1165 590 1199 ipse
605 1165 778 1193 Soleimanes
795 1166 914 1194 transito
928 1166 982 1201 pri-

192 1216 267 1236 mum
288 1208 374 1242 Savo,
393 1209 490 1238 deinde
512 1210 610 1245 Dravo,
628 1219 711 1246 quem
724 1217 809 1246 ponte
821 1211 914 1246 operis
933 1212 984 1239 adv

193 1256 309 1283 mirandi
333 1261 534 1290 constraverat,
563 1265 626 1286 eum
654 1258 776 1286 exercitu
802 1258 982 1286 ducentorum

193 1299 320 1334 millium,
338 1302 372 1328 ad
389 1301 577 1337 subjugamlas
592 1303 738 1336 llungaria‘.
756 1303 885 1338 reliquias
897 1304 982 1331 venit.

194 1345 322 1375 Occurrit
337 1347 497 1375 adventanti
510 1355 573 1375 eum
592 1349 671 1376 denis
687 1349 795 1376 eximiis
809 1348 982 1383 Erdelianus,

195 1391 297 1419 frustra
325 1400 436 1426 regnum
460 1392 604 1424 ambiens,
634 1393 708 1428 quod
733 1393 847 1420 avaritie
868 1394 985 1421 barbara

195 1438 366 1467 Soleitnanes
380 1439 441 1475 ipse
452 1439 508 1474 jam
526 1447 586 1474 spe,
612 1440 675 1467 licet
695 1440 783 1472 irrita,
801 1444 887 1467 totum
904 1440 986 1467 devo-

195 1490 282 1518 verat,
297 1493 329 1512 ac
343 1485 449 1513 libidini
471 1487 588 1521 propria:
601 1487 762 1514 destinarat.

232 1530 281 1557 Die
296 1531 399 1559 mensis
411 1531 526 1566 Augusti
544 1536 624 1560 sexto
649 1531 771 1567 Zigetum
788 1532 916 1560 obsidere
931 1532 987 1560 sul-

1031 298 1149 324 reretur,
1160 293 1247 320 a-tatis
1259 300 1361 320 artnnm
1376 291 1609 327 septuagesimum
1625 294 1743 318 sextum.
1763 290 1817 316 lm-

1031 339 1108 374 perio
1118 338 1223 372 pratl'uit
1234 339 1314 365 annis
1322 338 1503 374 quadraginta
1513 337 1559 364 sex
1570 341 1651 364 etsex
1659 335 1815 364 mensibus.

1067 385 1206 419 Occupato
1231 384 1336 419 Zigeto,
1362 384 1495 411 Babosam
1521 383 1708 418 oppugnaturi
1731 382 1816 410 Turni

1031 431 1165 466 quosdam
1182 438 1198 458 e
1214 430 1272 458 suis
1284 430 1407 462 mittunt,
1420 430 1469 464 qui
1482 436 1574 457 arcem
1594 429 1656 456 dedi
1676 429 1816 464 juberent.

1029 477 1057 506 ω
1074 484 1139 505 vero
1152 477 1216 504 licet
1228 475 1349 505 facturos
1361 483 1391 504 se
1403 475 1490 504 nostri
1517 479 1662 510 negarent.
1690 475 1763 510 quod
1776 479 1818 502 ta-

1029 531 1092 551 men
1105 531 1166 550 eam
1183 522 1294 550 defendi
1305 531 1359 550 non
1369 530 1451 557 posse
1467 527 1562 550 contra
1576 523 1631 549 vim
1643 527 1746 549 tantam
1764 521 1818 548 sci-

1030 574 1102 601 rent,
1119 569 1399 597 incensamdesernnt
1420 578 1427 596 :
1454 575 1572 603 quorum
1603 567 1757 602 exemplum
1769 567 1820 594 Sa-

1028 614 1111 642 chani
1126 618 1153 641 et
1169 613 1323 649 Zorgenses
1349 617 1413 641 sunt
1424 613 1534 640 imitati.

1066 660 1169 688 Eodem
1184 667 1269 692 anno,
1289 660 1333 687 die
1361 660 1467 687 mensis
1490 659 1612 694 ejusdem
1628 658 1758 686 vicesimo
1769 662 1822 686 ter-

1030 704 1216 739 tio,'sultanus
1229 706 1346 734 Selimes
1361 707 1509 738 secundus,
1523 705 1612 733 aetatis
1630 713 1731 732 annum
1749 713 1820 739 qna-

1030 752 1213 787 tlrngesimtrn
1232 752 1381 780 secundum
1394 759 1489 786 agens,
1503 752 1532 778 in
1553 751 1668 784 imperio
1686 749 1820 777 Soleima-

1031 799 1059 825 ni
1075 799 1145 832 patri
1160 799 1301 826 successit.
1319 798 1426 832 Quippe
1441 805 1504 825 curn
1521 798 1554 824 ad
1590 796 1708 831 Hagnesi
1720 803 1756 822 nm
1777 796 1820 822 in.-

1033 845 1140 872 tcllecta
1160 849 1249 872 morte
1264 844 1362 879 patris,
1391 852 1423 871 ex
1448 844 1512 871 Asia
1543 851 1648 871 summa
1678 843 1823 870 celerita'c

1032 891 1198 921 lscodaram.
1212 897 1228 918 e
1246 892 1355 925 regione
1366 889 1618 924 Constantinopolis
1649 889 1741 920 sitam,
1769 889 1821 914 hoc

1031 935 1075 963 dic
1087 936 1273 971 pervonisset:
1288 944 1351 963 mox
1367 944 1383 963 a
1400 936 1536 971 Bostange
1555 935 1648 965 bassa.
1660 934 1823 961 hortulanu-

1031 990 1092 1010 rum
1109 983 1246 1017 przelecto,
1267 989 1318 1017 pro
1331 990 1406 1010 more
1423 982 1529 1009 triremi
1552 986 1694 1015 exceptus,
1711 986 1738 1007 et
1748 980 1822 1007 Con-

1032 1029 1238 1063 stantinopolitn
1253 1034 1328 1056 trans
1339 1029 1508 1063 Bosphorum
1524 1032 1618 1054 vectus
1632 1026 1695 1053 fuit.
1712 1026 1745 1053 Et
1755 1026 1821 1060 quia

1032 1075 1147 1103 Selimes
1164 1083 1292 1110 generum
1303 1083 1395 1107 suum,
1408 1073 1597 1102 lschenderem
1609 1072 1727 1106 bassam,
1739 1079 1822 1107 quem

1032 1122 1223 1156 prosultanum
1241 1119 1481 1153 Constantinopoli
1498 1118 1644 1146 discedens
1673 1117 1824 1151 reliquerat

1033 1167 1216 1199 Soieimanes,
1231 1168 1265 1195 de
1281 1167 1400 1194 adventu
1422 1174 1472 1193 suo
1488 1166 1635 1194 certiorem
1652 1163 1823 1195 reddiderat,

1034 1221 1095 1240 cum
1114 1213 1261 1246 mandatis,
1276 1217 1307 1239 ut
1316 1212 1378 1247 ejus
1395 1217 1479 1246 opera
1510 1210 1658 1244 studioque
1672 1216 1715 1236 res
1731 1209 1763 1236 ad
1781 1209 1824 1236 in-

1034 1267 1158 1294 greSsum
1173 1259 1199 1285 in
1215 1259 1323 1290 urbem,
1333 1263 1514 1292 pompamque
1529 1256 1632 1291 regiam
1655 1255 1825 1290 pertinentes

1034 1306 1095 1332 sine
1112 1312 1187 1331 mora
1206 1309 1370 1339 pararentur
1388 1311 1395 1330 :
1411 1311 1473 1330 mox
1485 1303 1533 1330 illo
1547 1302 1607 1336 ipso
1628 1301 1674 1328 die
1688 1301 1825 1328 deductus

1035 1352 1063 1379 in
1081 1352 1215 1386 sarajum.
1235 1350 1304 1378 solio
1318 1349 1444 1378 consedit
1460 1349 1641 1384 imperatorio
1671 1348 1745 1375 illius
1772 1354 1825 1374 eta-

1035 1398 1133 1431 biculi,
1144 1397 1216 1432 quod
1231 1397 1298 1424 solis
1311 1400 1354 1424 est
1369 1395 1486 1423 sultanis
1514 1394 1729 1422 Osmanidamm
1744 1397 1828 1427 gente

1037 1444 1178 1480 prognatis
1191 1450 1327 1478 occupare
1349 1442 1525 1477 pertnissum.
1554 1440 1620 1468 inde
1647 1449 1695 1475 per
1727 1440 1826 1467 urbem

1036 1490 1266 1526 proclamationes
1283 1497 1360 1516 more
1376 1489 1511 1523 majorum
1526 1487 1614 1520 facta,
1638 1487 1739 1522 quibus
1763 1489 1826 1512 vola

1037 1537 1157 1571 primum
1170 1536 1405 1571 concipiebnntur,
1425 1540 1455 1562 ut
1485 1534 1574 1560 anima
1601 1531 1765 1560 Soleimanis
1797 1531 1826 1558 in

196 1583 278 1604 ianus
291 1577 384 1612 coepit,
407 1577 481 1612 quod
494 1578 559 1606 licet
584 1578 716 1605 acerrime
731 1582 950 1612 prupugnaretur
968 1585 983 1604 a
997 1588 1018 1616 ο
1036 1582 1163 1618 paradiso
1177 1582 1239 1609 felix
1251 1589 1338 1609 avum
1355 1585 1456 1616 ageret,
1477 1587 1509 1607 ac
1525 1580 1551 1605 in
1564 1583 1693 1613 perpetua
1728 1577 1817 1612 gloria

197 1621 312 1650 Nicolao
336 1622 436 1650 cernite
464 1622 584 1656 Zerinio,
612 1623 763 1652 fortissimo
781 1629 808 1652 et
823 1624 985 1652 immortalis

197 1668 292 1703 gloriae
327 1668 395 1701 viro,
431 1669 550 1705 praesidii
576 1670 719 1704 priuieeto;
754 1670 861 1698 tandem
894 1675 984 1698 tanten

199 1717 243 1744 die
262 1718 379 1751 septimo
396 1717 499 1745 mensis
527 1717 696 1752 Septembris
721 1717 904 1753 expugnatum
922 1717 984 1749 fuit.

201 1763 259 1796 ipso
280 1762 380 1790 comite
414 1762 536 1797 Zerinio,
564 1770 627 1791 cum
659 1763 758 1799 insigni
775 1763 907 1791 nobilium
928 1763 986 1791 Un-

199 1809 336 1844 garorium
351 1815 580 1844 strenuorumquc
612 1810 728 1838 militum
749 1817 863 1839 numero
875 1830 883 1844 ,
901 1811 941 1838 sic
970 1816 986 1837 ι

199 1855 325 1884 Barbari:
351 1856 526 1891 interempto,
553 1864 607 1883 non
635 1857 738 1884 inultus
763 1864 825 1884 cum
862 1857 922 1885 suis
956 1860 988 1884 ut

200 1903 364 1930 occubuisse
374 1903 429 1930 dici
445 1903 541 1938 possit.
563 1902 669 1938 Quippe
691 1911 744 1931 non
766 1904 877 1939 triginta
902 1903 987 1930 millia

199 1956 315 1976 suorum
325 1949 460 1977 duntaxat
472 1949 565 1977 hostes
579 1949 783 1982 desiderarunt,
798 1957 892 1976 verum
904 1949 986 1976 etiam

200 1994 291 2022 triduo
306 1998 369 2021 ante
386 2001 542 2029 supremam
567 1999 725 2022 nostrorum
741 1993 846 2022 cladem
860 1995 987 2022 sullanus

201 2038 381 2072 Suleimanes,
396 2039 511 2067 necdum
530 2038 644 2067 victoria
662 2039 697 2066 de
720 2039 859 2073 Zigctanis
873 2039 975 2073 potitus

200 2085 321 2113 [vemens
341 2090 369 2112 et
392 2085 521 2114 frendens
548 2085 685 2113 infelicem
700 2086 840 2113 exhalavit
854 2085 974 2112 animam

201 2131 267 2166 Ejus
288 2131 379 2160 obitus
407 2132 538 2167 tantisper
565 2132 719 2160 occultatus
746 2132 797 2159 luit
821 2137 881 2159 astu
901 2132 988 2158 vafer-

201 2177 263 2204 rimi
279 2178 378 2205 veziris
397 2179 484 2206 bassat
501 2177 689 2210 liccltemetis,
707 2181 788 2205 noctu
804 2177 886 2205 etiam
902 2177 988 2204 Solui-

202 2223 291 2250 tuauis
304 2223 441 2251 arcbiatro
457 2223 528 2251 clam
550 2229 657 2255 necato,
684 2231 717 2251 ne
742 2231 791 2257 per
809 2230 872 2250 eum
886 2222 986 2250 sultani

202 2278 278 2298 mors
294 2278 413 2298 cmanm
425 2275 446 2302 t,
464 2271 529 2298 dum
546 2277 625 2299 socer
643 2269 704 2304 ejus
716 2269 841 2301 Selimes,
855 2268 985 2296 Soleima-
1005 2261 1027 2289 υ

202 2317 246 2344 uis
268 2316 351 2349 ﬁlius,
383 2321 518 2351 occupato
541 2316 611 2343 citra
638 2314 785 2342 tumultum
814 2314 939 2349 imperio,
955 2315 989 2342 ad

201 2364 352 2392 exercitum
365 2363 390 2390 in
405 2366 495 2390 castra
510 2362 639 2390 vertisset.
654 2361 723 2389 Nam
740 2362 761 2390 si
781 2366 834 2388 tam
859 2362 989 2397 geuizari,

203 2417 284 2444 quam
300 2409 397 2446 reliqui
417 2410 529 2440 milites.
556 2409 591 2437 de
617 2414 706 2436 morte
728 2409 830 2437 sultani
844 2409 886 2436 sui
903 2413 992 2435 rnatu-

203 2456 262 2484 rius
277 2458 410 2484 certiorca
433 2456 497 2484 facti
513 2457 647 2489 fuissent,
668 2463 766 2490 magno
784 2457 811 2483 in
827 2455 926 2484 castris
945 2463 992 2482 er-

204 2503 288 2530 citalo
305 2503 434 2537 tumultu,
454 2502 573 2530 tentoria
595 2502 794 2536 thesaurosque
811 2501 911 2536 regios,
929 2508 991 2527 rum

203 2549 423 2577 Christianorum
441 2553 468 2576 et
483 2548 661 2576 Ilebmorum
686 2548 778 2580 rebus,
803 2555 853 2582 pro
866 2555 943 2575 more
961 2547 991 2573 li-

204 2597 352 2630 bidinequc
369 2603 419 2624 sua
438 2596 636 2631 diripuissent,
653 2603 686 2623 ac
699 2595 794 2631 spoliis
811 2595 888 2622 hisce
900 2595 989 2627 dilati,

205 2642 324 2670 neminis
338 2643 504 2670 auctoritate
517 2643 653 2670 contineri
678 2650 708 2670 se
727 2642 884 2676 ampliusin
901 2641 992 2669 cilicio

205 2690 278 2725 paesi
295 2689 420 2717 fuiSsent.
437 2689 502 2722 Qua:
525 2697 592 2716 sane
617 2696 708 2716 rerum
724 2689 796 2723 apud
813 2689 905 2716 hostes
923 2696 991 2715 cort-

205 2739 278 2767 [usio
295 2737 479 2772 militarisque
508 2736 634 2768 licentia,
664 2736 852 2763 Maximiliano
875 2735 989 2766 Caesari,

191 2783 361 2819 _numerosis
375 2782 458 2818 359
482 2786 509 2809 et
536 2781 680 2816 exquisitis
709 2786 766 2808 toto
788 2789 819 2808 ex
832 2781 900 2808 orbe
914 2779 991 2807 Chri-

207 2833 298 2858 stiano
314 2830 402 2865 copiis
418 2830 564 2860 instructo,
585 2830 705 2863 prtebere
722 2832 894 2863 peroptatam
912 2833 992 2852 ncca-

206 2879 311 2906 sionem
333 2878 371 2904 rei
397 2877 510 2904 ieliciter
527 2876 651 2909 gerenda:
672 2875 815 2910 potuisset.
832 2873 991 2901 Exstinctus

205 2926 256 2954 fuit
270 2923 440 2955 Soleimanes
455 2930 527 2951 anno
538 2923 727 2951 hlabttmelanu
739 2922 791 2950 973
804 2920 882 2955 (Chr.
902 2919 990 2953 1566),

1036 1631 1190 1666 quiesceret
1204 1638 1211 1657 :
1225 1630 1336 1661 deinde,
1351 1628 1450 1655 ntultos
1470 1632 1499 1654 ut
1513 1633 1601 1654 annos
1623 1626 1727 1653 viveret
1742 1625 1825 1651 sulta-

1036 1684 1088 1705 nus
1105 1676 1220 1704 Selimes
1237 1675 1325 1705 Chan.
1347 1673 1527 1709 prosper-ique
1541 1677 1629 1701 status
1655 1671 1826 1699 incremento

1036 1722 1166 1749 continuo
1185 1721 1330 1749 frueretur.

1073 1768 1220 1800 Postridie.
1238 1769 1283 1803 qui
1299 1769 1357 1795 dies
1371 1772 1431 1794 erat
1452 1767 1602 1794 vicesimus
1630 1769 1743 1800 quartus
1760 1765 1817 1798 Sep

1037 1813 1164 1844 tembris,
1185 1819 1201 1840 e
1219 1814 1312 1846 sarajo
1324 1812 1436 1848 prodiit.
1453 1819 1538 1847 seque
1554 1818 1602 1847 per
1615 1810 1709 1838 urbem
1723 1810 1826 1845 populo

1038 1859 1217 1893 spectandum
1234 1858 1368 1886 exhibuit.
1381 1858 1491 1893 Pet-egit
1504 1862 1530 1886 et
1544 1862 1671 1893 paternas
1680 1856 1825 1890 exsequias

1037 1914 1070 1933 ae
1087 1913 1185 1941 magno
1199 1905 1494 1939 animaliumvnumero
1513 1911 1594 1936 caeso,
1629 1903 1753 1938 cibisque
1777 1910 1826 1929 co-

1037 1951 1362 1985 ctisitideminnumeris,
1386 1951 1496 1986 epulum
1527 1950 1643 1978 funebre
1672 1949 1826 1985 quibusvis,

1020 2007 1101 2036 lcum
1122 1998 1240 2033 ingentis
1252 2006 1365 2025 summa:
1388 2005 1531 2032 asprorum
1559 1996 1729 2031 erogatione,
1757 2003 1828 2030 pra:-

1038 2045 1108 2073 buit.
1120 2045 1186 2072 “inde
1203 2043 1319 2072 solemni
1334 2050 1444 2078 pompa,
1463 2042 1638 2077 maximoque
1653 2048 1765 2069 suorum
1779 2048 1828 2075 ap-

1039 2092 1147 2127 plausu.
1159 2091 1188 2117 in
1208 2090 1330 2125 sarajum
1346 2090 1438 2117 rediit.

1075 2138 1227 2170 Antequam
1244 2135 1302 2163 hinc
1316 2135 1421 2168 ﬂerent,
1435 2142 1482 2169 per
1501 2133 1690 2161 lschendcrem
1716 2133 1827 2160 bassam

1039 2183 1227 2217 prosultanum
1253 2181 1361 2209 evocari
1380 2189 1412 2208 ex
1430 2180 1559 2208 erunibus
1581 2180 1648 2208 lacis
1675 2179 1829 2215 genizaros.

1039 2230 1159 2260 paternae
1173 2226 1269 2252 mortis
1284 2225 1374 2252 adhuc
1385 2228 1505 2259 ignaros,
1517 2224 1544 2250 in
1557 2223 1687 2258 oppidum
1697 2230 1752 2249 non
1766 2230 1832 2257 pro-

1041 2266 1084 2300 cul
1095 2279 1109 2298 a
1120 2270 1358 2305 Constantinopoli
1376 2270 1471 2302 situm,
1490 2269 1542 2297 sub
1559 2273 1691 2304 praetextu
1704 2268 1831 2296 mittendi

1042 2318 1075 2345 ad
1091 2318 1261 2345 obsidionem
1291 2316 1450 2351 Zigetanant
1480 2315 1608 2342 militaris
1636 2313 1831 2349 supplementi.

1039 2365 1168 2400 iusserat.
1186 2364 1224 2391 Ad
1237 2371 1284 2390 cos
1301 2363 1448 2390 lsrhender
1482 2362 1575 2394 bassa,
1607 2360 1772 2395 Seiimcjam
1784 2366 1833 2394 pa-

1043 2415 1150 2438 ternum
1164 2410 1190 2436 in
1209 2409 1310 2437 solium
1326 2408 1470 2441 collocato,
1498 2408 1532 2435 de
1557 2407 1667 2435 Selimis
1691 2405 1831 2434 voluntate

1043 2456 1203 2492 profectus,
1234 2455 1341 2482 obitum
1371 2453 1544 2483 Soleintanis.
1568 2457 1594 2481 et
1626 2452 1831 2480 successionem

1043 2504 1155 2531 Selimis
1168 2504 1290 2537 exponit.
1310 2501 1376 2528 Inde
1393 2509 1443 2536 pro
1457 2499 1661 2535 direptionibus
1686 2505 1740 2526 usu
1757 2505 1834 2525 rece-

1044 2550 1096 2584 ptis
1110 2549 1136 2575 in
1159 2548 1232 2575 obitu
1246 2547 1376 2582 principis
1404 2546 1570 2578 Osmanidte,
1606 2549 1716 2572 centum
1745 2544 1833 2572 millia

1044 2594 1245 2626 sultaniuorum
1262 2593 1302 2619 eis
1332 2591 1422 2619 otTert.
1451 2590 1510 2618 Non
1536 2591 1641 2625 ingrata
1668 2589 1719 2616 fuit
1740 2589 1833 2616 oratio

1043 2639 1131 2666 bassat
1146 2638 1292 2673 genizaris,
1311 2644 1342 2664 ea
1360 2637 1416 2672 lege
1434 2641 1524 2663 tamen
1553 2634 1777 2666 assentientibus,
1801 2638 1834 2662 ut

1043 2684 1176 2719 largiores
1187 2691 1304 2710 annona:
1316 2683 1476 2709 militaturis
1488 2683 1630 2708 darentur.

1079 2730 1194 2758 Selimes
1219 2738 1284 2765 ergo
1294 2729 1430 2764 genizaris
1446 2727 1660 2761 inattctoritatis,
1673 2727 1718 2754 die
1730 2727 1835 2755 mensis

1043 2777 1210 2812 Septembris
1221 2776 1350 2803 VlCL'SileO
1366 2775 1482 2808 septimo
1493 2774 1729 2809 Constantinopoli
1744 2773 1834 2801 disce-

1043 2824 1093 2855 dit,
1107 2829 1134 2850 ut
1151 2823 1256 2857 magnis
1273 2822 1416 2849 itineribus
1432 2822 1527 2848 Albam
1539 2820 1661 2848 Graecam
1676 2819 1832 2847 contendit.

1044 2870 1111 2896 Cum
1128 2870 1197 2895 istm:
1215 2869 1325 2894 allatum
1358 2873 1450 2902 postea
1478 2866 1640 2894 Snlcimanis
1664 2865 1781 2892 cadaver
1805 2866 1832 2892 in

1048 2916 1143 2942 urbem
1159 2914 1349 2947 deduceretur,
1372 2914 1454 2948 pedes
1481 2918 1545 2940 ante
1574 2917 1718 2948 paternum
1749 2912 1834 2939 {unus
