1962 3071
114 187 170 220 665

658 191 851 222 SUPPLEM.
872 191 1015 223 ANNAL.
1029 191 1180 222 TURCIC.

1685 191 1738 222 666

116 241 258 271 iocealcbat
274 241 366 268 habitu
379 242 489 277 lugubri
520 243 645 272 sultauus
670 244 797 278 Sclimes,
812 237 897 273 eomi-
914 248 937 277 Α
953 249 1077 279 peralorc
1090 244 1272 272 Mavimiliano
1301 245 1424 273 subsidia
1441 245 1543 280 majora
1569 246 1699 281 postulat.
1714 247 1739 275 ls

116 289 238 316 tantibus
259 287 356 319 bassis,
376 288 586 324 Cadilescberis,
615 291 776 326 cretei-isque
811 291 900 326 begis.

115 335 181 362 Inde
192 333 292 362 Cadios
306 335 423 369 popuiis,
435 340 594 363 consuetum
607 336 762 364 donativum
771 337 905 372 genizaris

115 381 202 409 dedit.
218 381 321 412 Ouibus
336 381 465 415 peractis,
495 381 762 417 Constantinopolim
788 383 904 410 cadaver

116 433 260 463 paternum
272 428 351 456 avehi
364 427 457 461 jussit,
475 432 501 454 et
520 428 546 455 in
565 427 652 460 luna,
676 436 756 463 quam
776 430 833 463 ipsc
849 430 902 457 sibi

116 473 194 502 rivus
208 478 390 505 exstruxerat,
401 472 594 501 eondi.Curata
612 474 663 501 fuit
675 482 706 502 ea
723 482 766 501 res
779 476 813 502 ab
827 476 897 502 Ach-

116 524 187 546 mete
203 519 295 550 bassa,
307 518 476 552 Ferhateque
490 518 716 553 Capizilariorum
735 521 802 555 Δίῳ,
816 521 901 548 dedu-

115 564 240 597 centibu;
266 564 342 599 begis
360 569 387 591 et
411 565 555 599 genizaris,
580 572 641 592 cum
675 565 772 592 vexillo
798 567 898 602 regio:

117 609 280 644 tandemque
294 610 337 636 die
349 609 479 636 vicesimo
497 610 618 638 secundo
645 610 807 639 Novembris
834 620 898 647 per-

116 664 226 683 ventum
242 655 516 690 Constantinopolim.
531 656 570 683 lbi
585 656 667 684 funus
683 661 825 691 exceptum
849 658 899 686 fuit

115 701 338 736 frequentissimo
350 709 485 730 concursu
500 703 667 734 mortalium,
687 709 824 737 prieeunte
840 704 897 731 Ilu-

114 747 185 781 phti,
193 747 239 781 qui
252 747 323 782 apud
331 747 518 775 Musulmauos
536 752 563 774 et
571 748 640 781 juris
649 753 675 775 et
686 749 823 784 rcligionis
836 757 897 777 orn~

113 792 241 826 triumque
252 799 391 819 sacrorum
406 800 450 818 rex
461 796 502 819 est
514 801 521 819 :
533 792 763 827 subsequentibus
785 793 895 820 lsehcn-

112 838 176 864 dore
185 837 263 865 bassa
272 838 441 872 prosultauo,
453 838 652 872 Dcphtetdaris,
661 839 706 873 qui
720 839 840 872 Camerar:
852 840 892 868 vel

111 883 200 910 aerarii
213 883 330 917 praefecti
345 888 417 915 sunt,
429 883 542 918 aliisque
554 884 627 919 Degis
638 885 764 912 omnibus
776 886 893 920 pullatis,

111 937 228 963 quorum
245 934 316 963 terga
335 929 420 964 plebis
437 929 541 956 inﬁnita
565 930 712 957 multitudo
741 931 893 960 claudebat.

111 974 271 1009 Exemptam
286 983 300 1002 e
321 983 401 1002 currtt
414 975 580 1010 sandapilam
599 977 639 1002 vel
669 984 759 1004 arcam
777 977 893 1011 ligneam

111 1021 239 1055 praecipui
252 1020 311 1055 begi
329 1028 377 1055 per
388 1021 473 1053 vices,
487 1026 639 1058 erectarum
653 1021 679 1048 in
700 1022 818 1049 sublime
834 1029 894 1048 nta-

112 1074 195 1092 unum
205 1066 302 1101 palmis
314 1066 479 1098 sustinuere,
505 1066 601 1100 sicque
620 1074 669 1101 per
681 1067 775 1093 urbem
806 1071 894 1101 gesta-

111 1116 173 1138 runl
190 1120 198 1139 :
214 1111 495 1147 ejulantibusinterim
507 1112 681 1143 Talismanis,
699 1117 727 1139 et
736 1111 767 1139 ad
782 1112 891 1140 Zunam

111 1165 198 1191 usque
214 1158 315 1184 lessnm
337 1157 493 1192 quemdam,
509 1157 701 1184 Mahumetano
714 1157 778 1188 ritu,
791 1157 893 1184 lamen-

111 1202 186 1229 tabili
204 1209 268 1228 voce
285 1201 502 1229 concinentibus.
517 1201 584 1229 lliuc
600 1201 752 1235 depositum
774 1202 799 1228 in
816 1201 891 1229 Zuna

111 1250 235 1281 cadavtrr,
252 1249 382 1276 instrattts
396 1248 541 1284 sandapila:
554 1256 659 1282 pannus
674 1248 808 1284 cymatilis
822 1256 892 1283 pra!-

110 1295 304 1327 stantissimus,
321 1299 348 1322 et
363 1302 445 1329 supra
457 1295 530 1322 hunc
540 1294 611 1321 alius
621 1301 690 1320 auro
707 1294 888 1327 intertextus;

110 1341 142 1368 ad
161 1341 233 1368 latus
247 1341 344 1370 acina:
362 1339 476 1375 positus,
492 1339 574 1367 index
588 1340 707 1375 profusae
723 1339 795 1367 bello
808 1340 890 1374 vitae;

108 1390 141 1416 a-l
160 1393 243 1423 caput
267 1389 427 1416 collocatum
442 1396 456 1416 e
469 1389 523 1415 lino
538 1388 728 1421 subtilissimo,
745 1388 826 1423 spiris
845 1395 891 1423 ap-

108 1442 192 1464 tatum
209 1435 410 1463 candidissimis
429 1435 602 1469 tulipantum,
616 1443 668 1468 quo
680 1435 757 1462 vivus
770 1436 807 1461 uti
826 1443 892 1462 con-

107 1486 209 1512 suerat,
231 1488 292 1508 cum
312 1481 396 1515 nigris
412 1480 556 1508 ardearum
574 1481 670 1515 pennis
688 1481 888 1514 selectissimis;

107 1536 176 1563 pone
192 1533 284 1563 caput,
301 1527 327 1554 in
349 1528 507 1562 pavimento
521 1527 602 1562 positi
630 1535 692 1554 cum
716 1527 889 1555 caudelabris

107 1575 240 1609 ingentes,
259 1573 420 1609 pyramidali
438 1573 538 1606 forma,
569 1573 679 1600 rotundi
706 1573 886 1600 nihilominus
902 1585 924 1614 ο

107 1620 245 1654 ενι-εἰμιιιί
258 1625 346 1646 tamen
363 1627 503 1653 nunquam
513 1618 623 1645 accendi
636 1619 733 1646 solent.
748 1618 806 1646 Mox
815 1619 890 1646 adbi-

105 1666 153 1693 lnti
166 1665 313 1693 Talismani
326 1669 353 1693 et
364 1664 472 1700 Hoggiae
484 1666 664 1701 (sacerdotum
677 1666 734 1692 lucc
745 1663 892 1692 Musulma-

106 1712 148 1738 nis
165 1711 361 1746 suatnomina)
377 1711 423 1744 qui
440 1719 515 1738 ntere
530 1710 622 1746 gentis
642 1710 716 1737 humi
736 1710 891 1737 divaricat's

105 1757 232 1784 sedentes
254 1757 391 1788 cruribus,
415 1762 547 1790 perpetuo
573 1764 669 1791 preces
692 1757 824 1792 quasdam
860 1757 886 1783 in

104 1803 162 1838 ejus
175 1802 250 1830 Zuna
268 1802 460 1829 murmurando
476 1802 684 1830 deblaterarent.
706 1801 767 1829 Haec
785 1801 887 1835 omnia,

105 1857 167 1876 cum
183 1849 276 1876 multis
294 1853 355 1884 post
382 1849 459 1876 annis
478 1848 713 1883 Constantinopoli
751 1856 885 1879 essemus,

105 1902 196 1921 coram
210 1895 388 1929 inspeximus.
406 1894 517 1921 Circum
546 1894 713 1928 sandapilam
746 1893 844 1927 ipsius,
861 1897 888 1919 ct

105 1941 162 1967 alim
177 1945 242 1968 sunt
258 1939 417 1975 sandapila,
438 1945 490 1967 tam
507 1940 623 1967 sultame
637 1939 680 1974 (de
691 1947 743 1974 qua
756 1939 886 1973 diximus)

104 1986 208 2017 Ιὶίιςςπξ,
231 1994 314 2021 quam
349 1986 495 2014 liberorum
520 1986 693 2014 Soleimanis.
718 1986 884 2013 Acciderunt

104 2033 161 2060 haec
178 2042 250 2060 anno
261 2032 450 2060 Mahumctano
465 2033 517 2061 975
538 2033 612 2068 (Chr.
633 2033 723 2067 1566).

139 2080 243 2107 lnterca
260 2079 385 2113 Selimcs,
402 2081 436 2107 ob
452 2080 550 2107 hiemis
564 2079 729 2107 iunuiucntis
751 2080 885 2114 asperita-

103 2131 168 2158 tem,
180 2125 326 2159 ngariam
343 2126 453 2160 reliquit
469 2134 476 2152 :
494 2131 518 2152 et
534 2126 677 2152 Pcrtavnm
697 2126 818 2156 hassam,
841 2133 884 2152 sa-

104 2172 137 2197 lis
163 2171 270 2202 magnis
306 2179 366 2197 cum
395 2170 555 2203 'l‘urcornm,
587 2171 669 2206 360
693 2169 882 2203 Valachornm,

103 2216 320 2251 Tatarorumque
333 2217 430 2251 copiis,
449 2217 592 2243 Erdeliano
616 2217 692 2250 bcgo.
707 2217 753 2250 qui
785 2216 882 2243 bellum

957 290 1102 317 lleuricum
1121 290 1303 325 Staupicium,
1318 298 1379 318 cum
1395 291 1469 318 mille
1479 292 1622 319 Germanis
1641 292 1737 327 equiti-

956 337 1017 367 bus,
1031 344 1077 363 sex
1093 335 1211 370 peditum
1226 336 1342 367 vexillis,
1354 336 1508 371 stipendiis,
1524 341 1549 363 et
1566 345 1674 364 annona
1687 345 1737 364 ne-

954 380 1084 412 cessaria,
1102 380 1192 407 mittit.
1208 380 1259 407 Sed
1277 380 1353 414 prius
1369 389 1450 414 quam
1464 381 1610 409 auxiliares
1639 382 1679 409 hac
1689 390 1737 409 eo-

953 426 1004 459 pirc
1017 425 1146 452 Tocaium
1161 425 1360 459 pervenissent,
1394 432 1488 459 sparsa
1517 425 1568 452 fuit
1582 426 1609 452 in
1639 428 1737 454 castris

952 470 1088 498 Erdeliani
1102 470 1184 503 fama,
1198 470 1289 497 decem
1310 471 1392 498 millia
1407 470 1581 504 Tatarorutn,
1598 479 1612 497 a
1624 471 1735 504 Selime,

951 515 1113 543 defendendi
1132 516 1190 551 ejus
1201 523 1294 547 causa,
1309 523 1370 543 cum
1387 515 1484 543 Turcis
1498 521 1524 544 et
1551 516 1676 544 Valachis
1694 525 1735 544 re-

950 561 1089 593 lictarum.
1107 569 1155 596 per
1168 561 1333 590 seditionem
1351 567 1435 589 totum
1448 563 1570 597 populari
1584 562 1734 596 Erdelium,

950 616 982 636 ac
1000 608 1120 635 inaudita
1140 608 1304 636 crudelitate
1319 608 1420 642 passim
1433 609 1459 635 iu
1482 608 1610 636 fortunas
1626 614 1652 636 et
1671 617 1734 636 cor-

948 662 1016 688 pora
1032 654 1206 685 miserorum,
1221 653 1344 688 cujusvis
1355 655 1442 681 aetatis
1457 658 1484 680 et
1497 661 1580 681 sexus
1599 655 1733 689 grassari.

948 701 1118 734 Quapropter
1144 700 1314 727 obsidionem
1341 700 1446 727 solvere
1469 705 1581 726 coactus
1613 701 1673 733 fuit,
1702 709 1734 728 ne

948 745 1011 772 dum
1026 743 1087 771 istic
1099 744 1156 779 ipse
1171 744 1338 779 pertinacius
1352 745 1478 776 barrerct,
1490 753 1554 772 suos
1571 745 1602 772 ad
1617 746 1734 773 interne-

946 791 1051 819 cionem
1073 791 1155 818 deleri
1171 791 1281 819 sineret.
1315 791 1442 820 Liberato
1472 793 1505 819 ab
1530 793 1620 819 hostili
1648 801 1733 828 oppu-

946 839 1073 872 gnatione
1084 838 1193 872 Tocaio,
1221 838 1401 874 Bamingerus
1412 840 1438 866 in
1452 840 1629 869 abscedentes
1639 849 1733 868 erum-

946 893 1024 920 pens,
1035 885 1159 920 pluribus
1172 885 1260 915 caesis.
1279 885 1399 920 reliquos
1424 886 1545 920 palantes
1559 891 1585 913 et
1612 887 1732 921 trepidos

947 930 1058 964 fugavit.
1075 930 1130 958 Nec
1146 938 1240 965 parum
1252 930 1395 957 Erdcliano
1413 939 1474 958 curn
1494 933 1569 959 hisce
1586 931 1730 966 Tutaricis,

945 975 1300 1010 Turcicis,Valachicisque
1331 977 1418 1011 copiis
1452 977 1552 1011 negotii
1582 978 1640 1011 fuit,
1666 986 1728 1006 cum

944 1022 1150 1055 aliquoteorum
1165 1022 1249 1048 millia
1269 1022 1427 1055 trucidaret,
1447 1031 1479 1051 ac
1494 1023 1623 1051 Varatliui
1642 1026 1729 1052 vicis-

944 1067 994 1094 sim
1013 1068 1046 1094 ah
1059 1068 1098 1095 eis
1112 1067 1298 1095 obsideretur.
1316 1067 1394 1094 Unde
1408 1069 1471 1103 fuga
1482 1069 1616 1104 dilapsus,
1626 1071 1728 1098 recenti

943 1119 1035 1141 coacta
1049 1122 1160 1142 suorum
1176 1122 1270 1147 manu,
1291 1122 1388 1142 rursus
1417 1116 1488 1143 haud
1501 1117 1627 1150 exiguam
1657 1118 1729 1151 ipso-

943 1168 1002 1188 rum
1018 1164 1136 1195 stragem
1147 1160 1233 1188 edidit
1252 1169 1259 1187 :
1287 1169 1341 1196 qua
1359 1161 1469 1189 demum
1485 1162 1585 1196 territi,
1603 1170 1687 1191 semet
1700 1165 1726 1191 in

941 1204 1080 1233 Podoliam
1094 1209 1123 1232 et
1145 1203 1271 1233 Rossiam
1306 1205 1470 1237 effuderunt,
1498 1206 1542 1233 ubi
1574 1206 1725 1234 crudelium

941 1251 1090 1280 belluaruin
1101 1251 1235 1279 immanes
1245 1251 1365 1285 reliquiae
1381 1250 1488 1278 fortiter
1498 1259 1515 1279 a
1523 1251 1644 1280 Palatino
1659 1252 1728 1280 Ros-

941 1303 1033 1323 so-um
1050 1296 1200 1330 debellatae,
1220 1298 1371 1331 perierunt.

976 1342 1038 1369 Post
1058 1343 1208 1369 discessum
1224 1342 1430 1370 barbaricarutn
1449 1347 1474 1370 ct
1487 1342 1725 1379 Erdeliauicopia-

941 1396 1012 1419 rum,
1028 1388 1165 1416 Suendius
1180 1388 1237 1416 suis
1247 1389 1335 1416 media
1347 1389 1444 1416 bruma
1460 1389 1612 1423 productis,
1625 1391 1658 1417 ad
1678 1392 1727 1418 ob-

939 1433 1081 1462 sidendum
1098 1433 1244 1461 Zatuarum
1262 1434 1400 1469 profectus
1437 1440 1489 1466 est,
1516 1443 1635 1463 castrum
1668 1445 1727 1464 mo-

940 1481 1020 1508 menti
1032 1489 1084 1507 non
1097 1480 1174 1512 levis,
1184 1480 1211 1507 in
1223 1480 1321 1508 Erdelii
1334 1481 1433 1508 finibus
1454 1483 1548 1515 situm,
1562 1483 1632 1515 quod
1645 1484 1729 1510 fleor-

939 1527 973 1561 gii
987 1525 1081 1553 Bcbeci
1097 1518 1208 1553 ditionis
1221 1531 1289 1559 erat,
1308 1527 1427 1554 hominis
1456 1527 1566 1561 nefarii,
1599 1530 1645 1562 qui
1669 1529 1726 1562 pri-

940 1579 1001 1598 mus
1019 1575 1114 1598 auctor
1135 1571 1216 1606 hujus
1240 1571 1309 1598 inter
1323 1571 1457 1599 Caesarem
1490 1572 1722 1608 Erdclianumque

943 1617 1002 1644 belli
1014 1617 1166 1644 exstiterat.
1184 1616 1306 1644 Bcbecus
1318 1617 1374 1652 jam
1394 1622 1457 1644 ante
1471 1623 1612 1652 perspecta
1621 1618 1725 1646 victrici

943 1663 1020 1690 toties
1035 1662 1134 1690 virtute
1147 1662 1311 1697 fortunaque
1329 1663 1455 1694 Suendii,
1469 1664 1541 1698 quod
1562 1672 1726 1700 magnopere

941 1712 1083 1739 tnrtuerrl,
1101 1715 1133 1735 ue
1149 1713 1240 1735 castro
1255 1714 1422 1742 expugnato,
1436 1709 1461 1735 in
1474 1709 1650 1736 Maximiliani
1670 1718 1727 1736 ma-

942 1762 1002 1784 nus,
1020 1762 1080 1780 cum
1103 1754 1302 1788 praesentivitae
1328 1754 1460 1789 periculo,
1487 1756 1590 1783 veniret
1610 1764 1616 1782 :
1642 1763 1728 1784 uxore

942 1799 1097 1833 familiaque
1113 1798 1221 1826 Zatunri
1234 1807 1296 1825 cum
1315 1799 1443 1832 presidio
1464 1799 1573 1830 relicla,
1592 1800 1661 1834 fuga
1678 1801 1724 1827 be-

940 1846 1036 1873 neficio
1056 1845 1138 1873 saluti
1164 1853 1220 1872 suae
1246 1850 1351 1872 mature
1378 1845 1529 1872 consuluit.
1558 1846 1723 1880 Aliquandiu

939 1892 1115 1927 pvrstiterunt
1140 1892 1166 1918 in
1210 1891 1350 1918 obsidione
1384 1891 1523 1919 toleranda
1551 1892 1724 1926 prasidiarii,

937 1938 1010 1975 quod
1026 1938 1156 1966 machinae
1170 1937 1272 1965 bellica:
1285 1938 1352 1964 nihil
1380 1946 1429 1965 nec
1455 1938 1534 1972 ipsis,
1560 1947 1610 1965 nee
1631 1945 1727 1966 castro

937 1985 1028 2013 damni
1041 1985 1242 2019 dareposseut.
1259 1983 1309 2011 Cui
1328 1983 1400 2011 Suuu
1408 1985 1468 2011 lius
1492 1985 1663 2012 incommodo
1678 1994 1722 2012 re-

934 2031 1055 2057 ‘uiedium
1069 2031 1245 2065 quaesiturus,
1261 2031 1325 2057 dum
1345 2030 1462 2065 ipsemet
1493 2031 1585 2057 omnia
1614 2030 1721 2058 circum

936 2084 1026 2105 arcem
1042 2077 1100 2103 loca
1117 2077 1302 2111 perlustratet
1314 2077 1448 2111 explorat,
1462 2077 1569 2111 agnitus
1583 2077 1617 2104 ab
1635 2077 1723 2105 hosti-

937 2123 986 2151 bus
1003 2132 1034 2151 ex
1047 2123 1143 2159 insigni
1155 2124 1314 2158 proceritate
1330 2124 1460 2158 corporis,
1474 2132 1526 2158 qua
1541 2124 1621 2159 longe
1637 2132 1724 2159 supra

936 2174 1047 2197 ctnteros
1063 2170 1209 2200 eminebat,
1221 2170 1309 2205 deque
1323 2170 1470 2198 comitatus
1485 2170 1653 2205 frequentia,
1672 2179 1722 2206 pa-

936 2224 996 2242 rmn
1014 2216 1125 2243 omnino
1145 2215 1242 2248 abfuit,
1269 2216 1332 2251 quin
1359 2216 1507 2244 discrimen
1529 2217 1592 2243 vite
1620 2217 1720 2244 adiret.

102 2269 196 2289 contra
218 2249 429 2289 Alaximilianum
460 2249 685 2298 prosequebatur.
716 2249 813 2289 adesse
827 2249 1122 2295 jus-Dl‘ctituscnim
1148 2262 1236 2296 globis
1266 2249 1371 2297 aliquot
1400 2263 1586 2290 tormentariis
1611 2263 1672 2295 fuit,
1707 2271 1722 2290 e

102 2311 146 2337 sit.
164 2309 277 2336 Dolebat
294 2308 450 2341 Erdeliano,
466 2309 617 2335 Sucudium
644 2315 717 2335 attno
743 2308 884 2342 superiore

102 2356 359 2390 rcpisse'l‘ocaium,
377 2356 467 2390 inquo
482 2355 590 2389 triginta
607 2355 712 2388 majora
724 2354 885 2388 minoraque

103 2406 238 2428 tormenta
254 2401 362 2434 bellica,
380 2406 476 2435 praeter
490 2401 626 2435 ingentem
639 2407 728 2427 rerum
754 2399 825 2426 bello
841 2408 886 2426 ne-

102 2447 294 2477 cessariarum,
312 2453 482 2480 annomrque
500 2446 606 2481 copiam
623 2445 780 2480 reperisset.
811 2445 884 2478 Qua-

102 2498 213 2527 propter
230 2500 289 2519 eam
301 2500 391 2519 arcem
406 2500 570 2526 recuperare
583 2493 692 2524 statuit,
703 2493 792 2527 uiagni
808 2492 884 2519 scili-

101 2544 143 2566 cct
160 2547 224 2566 suas
232 2539 263 2565 ad
274 2546 319 2566 res
333 2539 472 2571 tutandae,
489 2539 529 2565 vel
541 2539 714 2573 prolataudas
733 2539 883 2567 momenti:

101 2585 170 2619 quod
187 2585 298 2612 essetin
318 2584 441 2619 Ungariz
455 2585 506 2611 sita
535 2584 679 2616 limitibus,
704 2589 732 2612 et
758 2584 882 2618 Erdelii;

99 2630 210 2657 duobus
219 2630 345 2657 anuiibus
367 2630 547 2662 circumdata,
575 2629 684 2657 'l‘ihisco
701 2635 727 2657 et
746 2629 882 2665 Bodrogo.

101 2675 212 2702 Militem
228 2683 304 2709 ergo,
314 2684 375 2702 cum
392 2676 541 2709 majoribus
551 2676 644 2703 decem
657 2676 790 2703 machinis
802 2677 883 2704 adhi-

100 2721 156 2751 bet.
174 2721 304 2754 omnique
321 2721 345 2746 vi
359 2725 384 2746 et
396 2720 495 2755 impetu
517 2728 674 2755 oppugnare
704 2721 883 2748 munitionem

100 2767 208 2801 incipit.
222 2766 259 2792 Ex
276 2766 359 2792 altera
375 2771 450 2801 parte
467 2766 603 2794 Sucudins
622 2774 681 2793 eam
709 2767 822 2794 minime
837 2766 884 2794 de-

100 2812 243 2839 serendum
261 2816 344 2840 ratus.
361 2819 423 2839 cum
437 2812 488 2839 alia
507 2811 658 2838 defensioni
679 2817 758 2846 parat
775 2812 882 2844 idonea,

98 2859 199 2894 quibus
209 2857 312 2885 Iacobo
331 2858 503 2893 llamingero,
516 2858 595 2892 cujus
609 2859 665 2892 ipse
680 2858 741 2885 ﬁdei
752 2857 882 2886 Tocaium

99 2905 288 2934 commiserat,
310 2903 337 2930 in
349 2908 470 2939 tempore
486 2909 659 2931 succurreret
673 2911 679 2929 ί
712 2908 768 2931 tum
785 2904 819 2931 ab
833 2905 883 2931 im-

937 2308 1069 2335 machinis
1090 2315 1143 2334 non
1161 2307 1288 2340 modicis,
1304 2308 1420 2342 quorum
1438 2308 1664 2335 unushnmerum
1682 2309 1718 2335 ita

935 2354 1054 2385 strinxit,
1072 2358 1101 2380 ut
1120 2354 1201 2380 ctiam
1215 2353 1296 2380 vestis
1314 2353 1373 2388 ejus
1397 2353 1458 2387 igne
1490 2357 1632 2387 concepto,
1649 2355 1719 2386 quoii

935 2406 1006 2429 esset
1021 2402 1052 2428 ad
1069 2401 1219 2436 pellendum
1240 2401 1326 2436 frigus
1341 2401 1486 2428 hibernum
1501 2401 1611 2428 suffulta
1644 2400 1721 2436 pclli-

935 2447 995 2478 bus,
1013 2447 1130 2474 arderet.
1147 2445 1332 2473 Nihilominus
1348 2445 1538 2472 commodiore
1550 2453 1598 2476 pro
1611 2445 1717 2473 machi-

935 2493 977 2520 nis
994 2497 1101 2526 reperto
1114 2491 1184 2524 loco,
1198 2496 1224 2518 et
1241 2491 1274 2519 iis
1290 2499 1352 2518 mox
1366 2491 1393 2518 iu
1411 2491 1498 2522 illum.
1529 2499 1626 2525 magno
1655 2500 1716 2518 cum

935 2539 1052 2566 militum
1070 2538 1172 2570 labore,
1186 2545 1253 2572 quos
1271 2538 1296 2564 iu
1313 2537 1412 2570 oilicio,
1430 2537 1452 2565 si
1472 2538 1619 2572 quisquam
1635 2539 1717 2570 alius,

935 2585 979 2612 hic
988 2592 1054 2612 sane
1068 2584 1121 2611 dux
1138 2585 1279 2612 continere
1295 2585 1391 2619 potuit,
1406 2585 1563 2616 translatis;
1581 2585 1614 2612 ad
1628 2590 1720 2612 extre-

936 2637 1006 2657 mam
1041 2629 1141 2656 redacti
1164 2629 1382 2664 desperationem
1407 2630 1582 2664 praesidiarii,
1607 2629 1717 2665 cobjngi

935 2674 1080 2710 perduellis
1096 2682 1127 2701 ac
1144 2673 1251 2700 familia:
1271 2674 1377 2709 sibique
1391 2675 1507 2701 salutem
1522 2679 1548 2702 et
1574 2675 1720 2702 incolumis

936 2724 1017 2747 latent
1035 2720 1205 2754 pepigerunt,
1224 2725 1305 2754 atque
1321 2719 1358 2746 ita
1378 2725 1499 2747 castrum
1511 2719 1717 2747 Suentliodcdi-

934 2766 1042 2793 derunt.
1057 2765 1080 2792 ls
1096 2774 1158 2792 vero
1175 2773 1225 2792 non
1240 2770 1341 2792 tantum
1352 2771 1426 2800 pacta
1440 2771 1572 2794 cmrvcnta
1587 2765 1718 2792 dudilitiis

935 2811 1004 2839 bona
1021 2811 1071 2838 [ide
1089 2811 1218 2842 servavit,
1228 2811 1273 2838 sed
1291 2810 1372 2838 ctiam
1388 2811 1483 2838 liebeci
1494 2812 1635 2846 conjngem
1655 2818 1716 2837 cum

935 2857 1035 2883 mundo
1049 2865 1099 2883 suo
1110 2857 1233 2883 mulir-bri
1243 2861 1268 2884 et
1279 2856 1432 2884 atiisrcbus
1449 2865 1516 2892 quas
1526 2858 1623 2884 charas
1634 2857 1715 2884 habe-

935 2904 980 2931 bat
997 2903 1071 2931 abirc
1086 2895 1159 2931 omni
1172 2903 1273 2940 absque
1293 2902 1391 2939 injuria
1421 2912 1517 2939 passus
1527 2908 1577 2931 est.
1606 2904 1714 2931 Potitus
