1962 3071
220 187 273 219 667

816 192 979 223 JOANNIS
995 195 1224 226 LEUNCLAVII

1785 192 1839 225 668

220 239 270 269 fuit
290 242 406 270 Zatuaro
419 242 555 271 Suendius
573 243 624 270 sub
638 243 756 271 medium
771 252 891 273 mensem
906 246 1005 274 Janua-
1018 248 1042 277 Α
1055 257 1106 282 qua
1123 250 1282 279 Εμιριῑηηυε
1297 250 1377 279 etiam
1391 249 1679 286 comprehendebatttt'.
1699 249 1761 284 Ejus
1775 256 1837 277 cum

219 289 290 315 rium
307 296 380 316 anno
396 288 586 316 Mahnmetano
601 289 654 316 974
669 290 744 325 (Chr.
757 291 849 326 1567).

255 333 313 360 Non
327 338 492 368 magnopost
505 339 611 368 captum
622 335 767 364 Zatuarum
781 337 911 372 temporis
922 338 1005 365 inter-

218 380 293 414 jccto
303 381 392 414 spatio
413 379 550 408 Suendius
566 382 612 416 qui
640 382 738 409 bellum
761 383 787 409 in
828 383 927 410 Erdelii
945 383 1005 410 tini-

220 425 273 452 bus
287 433 380 459 gerere
395 434 449 453 non
464 426 616 459 desinebat,
628 428 700 455 nulla
714 428 823 463 frigoris
842 429 948 456 hiberni
963 438 1005 456 ra~

221 471 293 497 tione
311 471 413 504 habita,
430 472 599 500 Muncazium
615 481 677 501 cum
691 474 748 502 suis
765 475 885 507 obsedit,
914 475 1003 502 locum

223 517 436 544 munitissimum
453 523 480 545 et
496 518 558 546 huic
570 519 640 546 bello
652 520 823 548 conticiuudo
833 527 893 547 cum
908 521 1003 555 primis

222 561 368 589 idoneum:
395 564 473 598 cujus
500 564 660 598 praesidiarii
691 566 772 592 vitam
806 566 1004 602 facultatesque

221 608 309 634 salvas
326 608 397 643 pacti
414 609 578 637 deditionem
606 610 740 639 fecerunt.
761 610 797 638 Ea
815 619 857 639 res
881 613 1002 639 animum

221 653 358 680 Erdetiani
375 654 488 681 miritice
502 656 683 690 perturbavit,
699 664 748 684 nec
773 658 863 685 minus
879 659 1004 686 accendit

222 701 329 728 ttttntis
344 701 448 729 viribus
475 703 604 730 amissam
634 704 813 732 munitionem
839 712 1004 740 recuperan-

220 746 282 772 dam
305 751 444 774 statueret.
462 746 520 774 Non
541 750 611 776 enim
639 749 733 784 ignora
753 750 808 782 bat,
836 751 886 778 bac
911 755 1003 786 patere

220 791 366 818 transitum
382 791 408 818 in
421 791 559 820 Poloniam
573 799 600 821 et
611 794 733 822 Rossiam
746 803 845 830 :seque
859 796 1001 831 pra-pediri

220 842 354 871 occupato
368 837 519 871 Muucazio,
538 847 592 874 quo
608 840 697 867 minus
712 841 738 868 in
756 846 894 876 posterum
913 843 1003 870 subsi-

220 882 324 910 diarias
338 891 354 910 e
369 891 454 918 regno
469 884 588 913 Polonim
600 887 694 920 copias
706 887 806 915 habere
817 893 908 923 posset
924 898 931 917 :
948 890 1001 918 nisi

221 937 269 956 cas
285 937 333 964 per
343 930 503 958 Moldaviam
520 933 603 960 variis
620 933 814 969 ambagibuset
825 935 922 964 itinere
935 936 1003 965 dim-

220 976 265 1003 cili
294 978 386 1004 venire
399 978 488 1005 vellet.
518 980 630 1006 At~non
651 984 797 1008 contentus
825 982 1004 1016 occupati-tne

222 1021 355 1049 Muncazii
372 1024 520 1055 Sueudius,
537 1032 599 1052 mox
613 1025 692 1053 etiam
704 1033 806 1053 corona
820 1027 931 1055 militari
945 1036 1004 1055 ntu-

219 1067 350 1094 nitioocm
365 1068 524 1097 Hustianam
534 1071 642 1106 cingere
657 1073 786 1106 perrexit.
801 1073 877 1107 Quod
893 1074 1002 1110 quidem

221 1120 273 1140 non
289 1113 449 1142 Erdelianus
465 1120 569 1143 tantum
595 1118 714 1152 graviter
726 1126 757 1145 ac
785 1119 897 1147 moleste
920 1120 981 1147 tulit
993 1140 1001 1154 ,

219 1167 314 1187 verum
331 1162 412 1188 etiam
430 1161 563 1190 Budeusis
575 1163 653 1191 bassa
667 1173 673 1191 :
692 1166 739 1198 qui
754 1164 825 1192 datis
835 1165 868 1192 ad
882 1165 1002 1201 impera-

220 1211 305 1234 torem
325 1207 539 1235 Maximiliauum
554 1208 742 1243 frequentibus
771 1210 871 1238 litteris
899 1211 1001 1239 hortari

219 1260 273 1280 non
289 1253 415 1281 cessabat
426 1259 476 1281 uta
490 1259 578 1290 empta
592 1255 735 1283 obsidione
750 1255 900 1283 Suendium
915 1257 1003 1284 disce-

218 1301 283 1327 dere
293 1300 402 1334 juberet
415 1309 447 1327 ne
461 1301 619 1328 ineboatutn
630 1302 706 1336 pacis
714 1302 910 1336 componendas
922 1310 1002 1338 nego-

219 1347 288 1373 tium
306 1346 591 1381 impediretur.Situul
612 1347 693 1374 etiam
720 1347 778 1375 suis
798 1348 824 1376 itt
854 1349 1001 1376 cousiiium

221 1393 350 1421 adhibitis
364 1393 556 1425 deliberabat;
572 1399 690 1427 quanam
702 1394 743 1419 via
758 1399 851 1428 posset
882 1394 1001 1422 obsessis

219 1447 298 1474 opem
319 1439 399 1466 l'erre.
417 1439 539 1473 Cumque
554 1439 608 1474 iam
634 1439 738 1474 pridem
755 1439 789 1466 de
820 1439 895 1466 hisce
921 1440 1001 1469 rebus

219 1486 347 1513 munibus
362 1486 396 1513 ad
417 1487 555 1513 sultanum
585 1485 710 1513 Selimcm
725 1486 860 1518 retuliset,
878 1486 1002 1522 indigna-

220 1537 265 1559 tus
282 1532 327 1559 ille
339 1530 486 1559 Pertavum
509 1532 617 1559 bassam
650 1533 802 1560 exercitum
829 1541 908 1560 suum
936 1541 998 1561 cum

1056 295 1116 322 alia:
1131 296 1202 329 leges
1217 302 1245 324 et
1256 297 1426 324 conditiones
1438 301 1524 329 erant,
1535 303 1591 324 tum
1608 296 1645 324 uti
1657 296 1772 330 quisque
1787 295 1837 322 sibi

1058 341 1185 369 retineret
1200 342 1333 378 quidquid
1352 351 1384 370 co
1401 343 1472 371 bello
1487 344 1615 378 cepisset.
1629 342 1659 370 l‘d
1688 350 1753 369 vero
1779 342 1838 376 plu-

1056 388 1154 414 rimum
1174 389 1351 416 Maximiliaui
1373 389 1454 416 rebus
1468 389 1578 424 profuit.
1600 388 1666 415 Nam
1682 389 1750 415 lines
1772 395 1838 415 suos

1056 441 1136 468 opera
1151 434 1265 462 Suendii
1289 436 1328 463 sic
1361 435 1515 471 ampli-arat,
1544 440 1572 462 ut
1603 435 1636 462 ad
1659 433 1837 470 quadraginta

1057 479 1181 506 milliaria
1193 480 1354 508 Germanica
1371 481 1411 509 cis
1427 487 1454 508 et
1469 481 1541 508 ultra
1563 480 1702 508 Tibiscum
1721 480 1835 507 late-dm

1056 526 1294 561 minaretur:qua
1322 527 1430 561 quidem
1458 527 1485 553 in
1515 527 1626 562 regione
1654 526 1746 553 multa:
1773 529 1839 552 sunt

1056 579 1143 604 arces,
1160 572 1249 599 mutue
1261 573 1425 599 munitiones
1437 573 1569 607 insignes,
1597 573 1692 606 partiti:
1713 573 1748 599 ab
1758 573 1839 598 hoste

1056 623 1151 652 capue,
1177 619 1276 652 partim
1306 618 1382 646 facta;
1416 618 1554 653 diligentia
1588 617 1713 650 Suendii,
1739 618 1838 653 partim

1056 664 1287 692 inchoatatJdem
1318 670 1345 692 et
1362 664 1452 692 aerarii
1481 665 1541 691 novi
1570 664 1723 696 (Cameram
1757 664 1840 698 vulgo

1056 712 1166 743 vocant)
1183 711 1208 737 iu
1227 711 1260 738 iis
1275 711 1342 739 locis
1360 715 1457 738 auctor
1467 711 1584 741 exstitit,
1598 711 1631 738 de
1644 718 1698 744 quo
1711 718 1764 737 non
1780 711 1839 737 leve

1055 757 1207 784 subsidium
1222 757 1336 792 publicis
1352 757 1434 784 rebus
1446 758 1571 789 accessit,
1602 756 1709 787 castris,
1722 756 1839 789 aliisque

1057 802 1335 836 tnunitislocis,cum
1371 803 1485 838 imperio
1513 802 1673 833 Germanos,
1702 802 1783 835 justis
1811 806 1840 828 ct

1057 847 1184 882 gravibus
1202 847 1236 875 de
1251 848 1351 880 causis,
1370 848 1491 883 praefecit
1503 857 1509 864 -
1541 852 1623 875 totam
1640 848 1755 881 denique
1780 855 1838 874 rem

1059 894 1225 922 limitaneam
1245 901 1354 922 matura
1372 894 1551 928 providentia.
1578 894 1674 921 tamin
1698 893 1838 928 Ungarias,

1056 947 1136 974 quam
1153 940 1247 967 vicinae
1263 940 1362 975 Styrize
1374 940 1472 967 ﬁnibus
1486 940 1628 968 constituit
1642 946 1739 967 :-anno
1771 939 1839 972 975,

1054 990 1082 1013 et
1090 985 1142 1013 976
1157 985 1234 1020 (Chr.
1255 985 1324 1013 I568
1340 990 1364 1013 et
1382 985 1474 1020 i569).

1091 1041 1146 1069 lloc
1160 1049 1233 1069 anno
1252 1041 1304 1070 976
1330 1042 1406 1074 (Chr.
1422 1042 1501 1074 1569)
1533 1041 1781 1076 splendidissimum
1810 1045 1842 1069 et

1055 1087 1295 1115 instructissimum
1310 1087 1430 1115 chetiis
1441 1087 1546 1118 navale,
1561 1087 1612 1115 sub
1622 1087 1740 1132 mediu.m
1759 1095 1837 1114 men-

1054 1141 1112 1161 sem
1137 1133 1336 1168 Septembrem,
1365 1141 1481 1161 accenso
1506 1133 1684 1160 tormentario
1712 1132 1839 1166 pulvere,

1055 1179 1174 1206 maximo
1189 1186 1249 1206 cum
1274 1179 1429 1213 reipublicae
1457 1178 1620 1206 detrimento
1646 1177 1838 1213 conﬂagravit.

1054 1221 1154 1250 Ibidem
1170 1228 1224 1250 tam
1238 1224 1264 1250 in
1282 1224 1361 1255 urbe,
1379 1231 1461 1259 quam
1478 1228 1550 1251 terra
1580 1223 1749 1253 continente,
1777 1222 1841 1249 diu—

1053 1272 1173 1296 turnact
1193 1269 1323 1297 inusitata
1341 1270 1463 1304 quaedam
1492 1272 1551 1296 erat
1566 1276 1681 1295 annona:
1703 1268 1837 1295 cliaritas.

1052 1313 1233 1346 Quamobrem
1256 1314 1382 1341 sultanus
1409 1313 1534 1346 Selimes,
1563 1313 1627 1340 licet
1658 1313 1736 1340 initio
1760 1313 1838 1347 regni

1053 1367 1159 1393 pacem,
1173 1367 1187 1386 a
1202 1360 1356 1387 Soleima‘ue
1365 1364 1442 1395 patre
1454 1367 1516 1388 cum
1527 1359 1638 1387 Venetis
1656 1359 1761 1391 initam,
1773 1368 1839 1387 con-

1053 1406 1186 1437 ﬁrmasse.
1204 1411 1293 1434 tamen
1311 1406 1353 1433 vel
1368 1407 1518 1434 ambitione
1529 1406 1650 1442 propria,
1666 1406 1706 1434 vel
1721 1414 1836 1433 suorum

1053 1453 1184 1487 impulsu,
1195 1453 1236 1480 vel
1247 1453 1297 1480 hoc
1307 1451 1470 1480 Venetorum
1483 1453 1597 1480 adverso
1607 1459 1671 1478 casu
1683 1458 1837 1485 permotus.

1052 1498 1152 1526 bellum
1170 1498 1208 1525 eis
1226 1498 1327 1526 iul'erre
1342 1498 1447 1530 statuit,
1461 1497 1576 1532 quaesito
1592 1501 1736 1532 praetextu,
1754 1495 1834 1530 quasi

1052 1544 1171 1580 Cyprum
1188 1545 1262 1572 nullo
1276 1544 1337 1578 jure
1351 1543 1534 1578 possiderent.
1553 1550 1614 1578 qua:
1629 1543 1664 1570 ob
1679 1543 1837 1570 successio-

221 1576 359 1625 'loma'ji?
376 1577 534 1625 bcﬁ'crh"3i_
559 1577 645 1625 NP“?
656 1577 832 1611 conju'mm'“
860 1578 885 1605 in
911 1578 1036 1625 “"334:
1054 1576 1121 1618 net-ni
1146 1591 1234 1625 gentis
1262 1576 1472 1618 dsrnanidarum
1501 1589 1528 1616 in
1559 1576 1622 1623 iura
1660 1588 1836 1615 sultanorum

220 1623 287 1650 riam
303 1623 382 1658 361
399 1623 498 1650 ducvre
525 1623 618 1658 jussit.
635 1623 786 1658 Utrumque
804 1629 893 1650 tamen
908 1625 942 1651 ab
958 1624 999 1652 in—

221 1669 315 1696 stituta
332 1669 447 1696 Selimcs
459 1669 631 1703 expeditione
647 1677 709 1696 mox
723 1672 869 1703 revocavit,
884 1679 947 1699 cum
959 1672 1001 1699 in-

219 1715 377 1746 tclletisset,
407 1715 564 1742 \‘erantiuni
601 1715 758 1749 Agriensem
790 1717 944 1751 praesulem,
973 1722 1002 1745 et

218 1760 444 1793 Ct.r.s‘0p|iorum
455 1760 661 1788 'l‘il‘urnb.tclnun
669 1760 922 1795 baronem,Vienna
930 1762 1001 1791 Con-

217 1806 422 1839 stantinOpolim
438 1806 587 1841 ablegatos,
614 1807 646 1833 ad
660 1814 690 1834 se
703 1808 878 1836 contendere.
897 1808 999 1842 Quam-

219 1852 312 1879 (tbl‘t‘lll
333 1858 360 1879 et
376 1852 509 1880 Budensis
529 1853 618 1884 bassa,
635 1853 727 1880 missis
751 1853 784 1880 ad
810 1854 1000 1888 imperatorem

220 1899 434 1926 Maximilianum
448 1899 607 1926 muneribus
619 1899 806 1933 amplissimis,
837 1899 914 1934 petiit
930 1920 938 1932 ,
966 1908 1001 1927 ne

219 1945 324 1972 turbari
339 1945 413 1979 pacis
429 1945 618 1972 tractationem
647 1949 794 1980 pateretur.
813 1945 868 1972 Sua
889 1946 1000 1980 quidem

217 2000 250 2019 ex
264 1995 338 2025 parte
352 1991 473 2019 futurum
489 1992 596 2024 agebat,
624 1997 652 2018 ut
675 1991 744 2026 palis
772 1991 1000 2026 trattsﬁgereutur

217 2045 323 2067 mones.
337 2037 382 2072 qui
395 2036 566 2071 perCaesaris
580 2037 649 2064 lines
675 2037 846 2065 excurrendo
869 2037 999 2065 damnum

217 2082 365 2109 dedissent.
394 2081 455 2109 time
479 2082 523 2109 ille
549 2082 685 2108 multotics
708 2082 896 2117 pollicebatur,
923 2083 969 2110 sed
985 2090 1001 2111 e

216 2130 325 2156 divi-rso
341 2129 426 2155 duces
441 2127 589 2159 Erdcliani,
618 2135 680 2155 cum
706 2128 856 2155 bucndium
875 2128 999 2157 viderent

217 2176 316 2203 abiisse
340 2175 511 2203 Cassoviam.
527 2181 560 2201 ne
579 2181 654 2208 spem
684 2175 758 2208 pacis
784 2174 997 2203 interturbarct:

217 2220 337 2248 collectis
349 2227 400 2246 non
411 2219 516 2253 magnis
526 2219 623 2253 capiis.
636 2218 814 2253 impressione
824 2227 872 2246 ncc
888 2221 997 2254 opinata

218 2268 365 2295 ltisnarum
384 2266 473 2293 adorti
490 2270 628 2300 ceperunt,
639 2266 777 2300 occupatis
790 2266 869 2293 etiam
885 2267 998 2295 thermis

216 2322 285 2349 quas
299 2313 410 2340 Rivulos
421 2312 596 2340 Dominarum
609 2312 753 2347 appellant.
764 2311 817 2339 Has
831 2312 904 2339 enim
914 2312 999 2341 Sucu-

217 2361 280 2388 tlltls
303 2364 366 2387 ante
385 2358 525 2386 biennium
541 2358 580 2386 eis
593 2358 740 2386 ademerat.
769 2358 798 2385 ld
823 2358 869 2385 ubi
897 2358 998 2386 factum

219 2405 342 2431 ltuberus
358 2404 471 2439 accepit,
483 2403 587 2439 legatus
601 2403 725 2435 Sucndii,
740 2407 852 2439 Lmagnaa
868 2404 908 2431 vir
923 2404 999 2431 belli-

216 2452 256 2478 cis
271 2451 298 2478 in
314 2451 394 2478 rebus
406 2451 557 2483 industriae,
572 2457 634 2478 mox
649 2457 710 2478 cuin
724 2450 805 2484 justis
817 2451 937 2485 equitum
954 2458 999 2485 pc-

216 2498 357 2531 ditumque
371 2497 458 2531 copiis
470 2497 599 2530 accurrit,
613 2501 639 2524 et
655 2497 779 2524 hostibus
807 2496 997 2531 inexspectato

218 2551 268 2570 suo
282 2543 384 2570 territis
392 2544 521 2573 adventu.
534 2542 693 2575 Risuarum,
707 2541 828 2569 adhibita
844 2543 868 2569 vi
880 2543 999 2570 maxima

219 2594 371 2625 recuperat,
388 2589 573 2624 praesidiarios
588 2588 727 2620 interﬁcit,
742 2595 860 2623 moxque
885 2588 999 2617 Rivulos

217 2638 298 2665 etiam
308 2637 382 2665 nullo
395 2637 501 2671 negotio
510 2636 614 2670 recipit.
625 2635 730 2670 Quippe
741 2642 804 2662 casu
821 2635 937 2670 quodam
953 2643 999 2663 ac—

218 2690 300 2710 censo
315 2683 425 2717 pulvere
436 2680 628 2712 tormentario,
644 2685 765 2708 castrum
778 2679 875 2707 ardere
898 2680 998 2715 erepit:

219 2730 333 2762 ideoque
349 2726 445 2762 majori
459 2731 536 2761 parte
551 2730 782 2760 propugnatorum
812 2726 959 2757 exstincta,
973 2726 999 2752 iu

218 2773 319 2802 Ruberi
335 2777 496 2808 potestatem
513 2771 596 2798 vruit.

254 2820 333 2847 Anno
360 2818 478 2853 denique
510 2817 700 2844 Maltumctano
729 2817 782 2846 975
817 2817 893 2854 (Chr.
921 2817 1000 2851 1568)

220 2874 269 2901 pax
287 2871 385 2892 octavo
400 2873 510 2900 quoque
526 2858 598 2892 anno
610 2865 768 2891 renovanda
781 2865 851 2891 inter
881 2863 1001 2890 Maximi-

219 2913 321 2940 lianutu
345 2912 508 2947 Angustum,
545 2912 737 2946 sulttnumquc
767 2911 895 2938 belimcm
925 2909 999 2939 coiit,

1052 1634 1173 1671 Egypti,
1190 1635 1226 1663 ad'
1237 1643 1266 1663 se
1278 1635 1382 1662 directo
1406 1634 1563 1669 pertineret.
1579 1633 1655 1660 Licet
1683 1633 1754 1660 enim
1768 1632 1838 1659 Seli-

1051 1688 1111 1708 mes
1126 1689 1193 1709 avus
1207 1686 1233 1709 et
1252 1681 1422 1710 Soleimancs
1436 1685 1523 1715 pater,
1540 1680 1623 1707 annui
1645 1680 1748 1707 tributi.
1762 1678 1839 1714 quod

1051 1733 1067 1754 a
1084 1725 1196 1754 Venetis
1209 1726 1268 1760 ejus
1284 1726 1359 1761 regni
1370 1725 1479 1752 nomine
1499 1725 1679 1759 pendebatur,
1697 1725 1837 1754 solutione

1051 1772 1183 1804 contenti,
1199 1772 1403 1807 possessionem
1427 1772 1524 1800 insulae
1556 1771 1669 1800 Venetis
1700 1772 1837 1800 hactenus

1051 1820 1227 1853 reliquissent
1241 1828 1248 1847 :
1262 1820 1366 1848 nullum
1383 1825 1471 1847 tamen
1490 1820 1542 1847 hoc
1563 1820 1616 1848 sibi
1637 1820 1748 1855 gignere
1764 1829 1836 1856 prae-

1049 1865 1181 1901 iudicium
1201 1872 1280 1900 posse
1290 1864 1409 1896 dicebat,
1426 1866 1572 1900 quominus
1590 1866 1647 1902 jam
1664 1866 1767 1893 tributo
1794 1874 1836 1893 re-

1053 1911 1173 1946 pudiato,
1191 1918 1303 1945 regnum
1317 1911 1360 1938 sui
1375 1910 1444 1945 juris
1467 1916 1624 1947 occuparet,
1645 1919 1676 1939 ac
1691 1911 1743 1940 sibi
1770 1912 1836 1939 reti-

1052 1961 1138 1984 neret.

1086 2015 1182 2049 Itaque
1195 2022 1287 2043 mense
1312 2014 1463 2043 Februario
1480 2015 1619 2050 sequentis
1645 2015 1722 2047 anni,
1748 2016 1839 2044 Cuba-

1052 2065 1104 2088 tem
1121 2060 1252 2088 Zausium
1275 2061 1509 2095 Constantinopoli
1533 2061 1661 2089 Venelias
1690 2062 1836 2097 ablegavit,

1051 2107 1130 2142 quia
1146 2113 1242 2135 senatu
1273 2107 1393 2143 Cyprum
1421 2112 1577 2142 repeteret,
1609 2115 1641 2135 ac
1668 2109 1839 2137 recursaturis

1052 2154 1153 2182 bellum
1166 2153 1350 2181 denuntiaret.
1365 2154 1476 2188 Appulit
1490 2154 1513 2181 is
1525 2154 1649 2182 Venotias
1663 2155 1714 2182 sub
1729 2155 1836 2182 initium

1051 2200 1154 2228 mensis
1168 2200 1280 2233 Aprilis,
1297 2207 1369 2227 anno
1385 2200 1438 2228 977
1451 2201 1529 2233 (Chr.
1552 2199 1642 2236 1570),
1670 2205 1696 2228 ct
1710 2201 1841 2229 mandato

1014 2249 1038 2279 D
1052 2246 1161 2274 Sclimis
1173 2247 1308 2281 exposito,
1318 2246 1453 2280 repulsam
1469 2246 1540 2273 tulit.

1086 2301 1255 2336 Quapropter
1269 2309 1360 2328 mense
1377 2300 1447 2328 Maio
1462 2301 1537 2329 missi
1557 2309 1617 2328 cum
1636 2301 1725 2329 classe
1740 2302 1839 2330 mditc-

1044 2342 1106 2381 ‘que
1121 2346 1240 2379 fuerunt,
1253 2347 1298 2381 qui
1320 2346 1420 2374 bellum
1433 2346 1562 2381 Cyprium
1575 2352 1711 2382 gererent,
1737 2346 1839 2375 Μειδία-

1053 2393 1122 2428 phas
1140 2392 1230 2426 bassa,
1250 2392 1391 2426 copiarum
1406 2392 1590 2425 terrestrium,
1605 2397 1631 2418 et
1658 2392 1742 2419 l’ialis
1763 2393 1839 2420 Alis-

1052 2446 1106 2474 que
1118 2438 1216 2471 bassm,
1231 2438 1434 2466 classiariorum
1451 2437 1581 2473 praefecti.
1594 2437 1676 2465 Dialis
1688 2444 1837 2472 provectus

1053 2491 1115 2510 cum
1131 2484 1188 2511 suis
1203 2483 1236 2510 ad
1254 2482 1372 2516 Tenum,
1391 2483 1507 2510 insulam
1519 2483 1683 2510 Venetorum
1698 2483 1723 2509 in
1735 2482 1840 2517 Egzeo,

1054 2529 1126 2557 l‘erro
1136 2537 1168 2557 ac
1180 2529 1297 2558 llamntis
1308 2537 1379 2560 eam,
1391 2537 1445 2557 non
1459 2530 1518 2557 sine
1533 2530 1607 2564 gravi
1624 2535 1712 2556 tamen
1727 2537 1840 2557 suorum

1051 2575 1169 2610 jactura,
1189 2576 1321 2611 direptam
1353 2575 1482 2604 vastavit.

1090 2632 1181 2660 Mense
1195 2632 1276 2660 Junio
1286 2632 1466 2660 Sebastianus
1482 2632 1626 2665 Venerius,
1653 2631 1748 2659 insulae
1773 2631 1840 2659 Cur-

1056 2687 1126 2715 cyrtu
1138 2680 1254 2706 maxima
1272 2686 1332 2706 cum
1365 2683 1498 2713 potestate
1527 2685 1640 2713 prases,
1667 2677 1840 2712 Soppotount

1054 2730 1173 2752 castrum
1192 2725 1325 2755 Albania,
1348 2731 1402 2750 non
1436 2724 1530 2758 procul
1557 2731 1571 2750 a
1593 2723 1712 2758 Corcyra
1742 2723 1840 2753 situm,

1054 2771 1228 2805 expugnavit,
1242 2770 1322 2804 eique
1334 2769 1461 2804 przcsidio
1475 2769 1614 2803 imposito,
1630 2777 1662 2796 ac
1679 2769 1760 2796 rebus
1793 2776 1840 2795 ne.

1055 2818 1185 2845 ccssariis
1196 2817 1312 2849 munito,
1325 2815 1475 2843 Manuelem
1493 2814 1673 2842 Murmuriunt
1687 2815 1839 2840 oriundum

1055 2872 1070 2890 e
1089 2862 1203 2896 Napolio
1218 2861 1358 2889 Romaniae
1374 2860 1529 2896 (Naupliam
1544 2860 1633 2895 Argia:
1657 2864 1764 2887 veteres
1790 2867 1840 2895 Ἄρα

1058 2909 1201 2941 pellavcrc)
1229 2907 1358 2942 praefecit.
