  <div class='ocr_page' id='page_1' title='image "/cluster/home/n/w/nwhite01/storage/ocr_20150623/159/njp.32101077773248/346.png"; bbox 0 0 1962 3071; ppageno 0'>
   <div class='ocr_carea' id='block_1_1' title="bbox 101 175 154 208">
    <p class='ocr_par' dir='ltr' id='par_1_1' title="bbox 101 175 154 208">
     <span class='ocr_line' id='line_1_1' title="bbox 101 175 154 208; baseline -0.019 0"><span class='ocrx_word' id='word_1_1' title='bbox 101 175 154 208; x_wconf 84' lang='lat'><strong>669</strong></span> 
     </span>
    </p>
   </div>
   <div class='ocr_carea' id='block_1_2' title="bbox 650 180 1163 214">
    <p class='ocr_par' dir='ltr' id='par_1_2' title="bbox 650 180 1163 214">
     <span class='ocr_line' id='line_1_2' title="bbox 650 180 1163 214; baseline 0.008 -4"><span class='ocrx_word' id='word_1_2' title='bbox 650 180 840 213; x_wconf 83' lang='lat' dir='ltr'><strong>SUPPLEM.</strong></span> <span class='ocrx_word' id='word_1_3' title='bbox 861 182 1000 214; x_wconf 81' lang='lat' dir='ltr'><strong>ANNAL.</strong></span> <span class='ocrx_word' id='word_1_4' title='bbox 1011 182 1163 214; x_wconf 82' lang='lat' dir='ltr'><strong>TURCIC.</strong></span> 
     </span>
    </p>
   </div>
   <div class='ocr_carea' id='block_1_3' title="bbox 1663 185 1717 218">
    <p class='ocr_par' dir='ltr' id='par_1_3' title="bbox 1663 185 1717 218">
     <span class='ocr_line' id='line_1_3' title="bbox 1663 185 1717 218; baseline 0 -1"><span class='ocrx_word' id='word_1_5' title='bbox 1663 185 1717 218; x_wconf 80' lang='lat'><strong>670</strong></span> 
     </span>
    </p>
   </div>
   <div class='ocr_carea' id='block_1_4' title="bbox 135 228 1718 276">
    <p class='ocr_par' dir='ltr' id='par_1_4' title="bbox 135 228 1718 276">
     <span class='ocr_line' id='line_1_4' title="bbox 135 228 1718 276; baseline 0.004 -14"><span class='ocrx_word' id='word_1_6' title='bbox 135 229 193 276; x_wconf 48' lang='lat' dir='ltr'><strong>sub</strong></span> <span class='ocrx_word' id='word_1_7' title='bbox 208 228 329 276; x_wconf 51' lang='lat' dir='ltr'><strong>9i&quot;§t&#39;el&quot;</strong></span> <span class='ocrx_word' id='word_1_8' title='bbox 358 230 457 258; x_wconf 69' lang='grc' dir='ltr'><strong>ιηεηεῖδ</strong></span> <span class='ocrx_word' id='word_1_9' title='bbox 484 231 587 260; x_wconf 55' lang='lat' dir='ltr'><strong>“ilum</strong></span> <span class='ocrx_word' id='word_1_10' title='bbox 609 232 716 261; x_wconf 63' lang='lat' dir='ltr'><strong>Marcus</strong></span> <span class='ocrx_word' id='word_1_11' title='bbox 742 234 883 267; x_wconf 72' lang='grc' dir='ltr'><strong>Ωυίῐίιιυεο</strong></span> <span class='ocrx_word' id='word_1_12' title='bbox 899 248 921 276; x_wconf 68' lang='grc' dir='ltr'><strong>Α</strong></span> <span class='ocrx_word' id='word_1_13' title='bbox 938 239 1038 266; x_wconf 87' lang='lat' dir='ltr'><strong>Christi</strong></span> <span class='ocrx_word' id='word_1_14' title='bbox 1055 238 1134 271; x_wconf 64' lang='lat'><strong>1470,</strong></span> <span class='ocrx_word' id='word_1_15' title='bbox 1149 237 1194 273; x_wconf 89' lang='lat' dir='ltr'><strong>qui</strong></span> <span class='ocrx_word' id='word_1_16' title='bbox 1213 237 1420 266; x_wconf 78' lang='lat' dir='ltr'><strong>Mahumctanus</strong></span> <span class='ocrx_word' id='word_1_17' title='bbox 1442 243 1500 267; x_wconf 89' lang='lat' dir='ltr'><strong>erat</strong></span> <span class='ocrx_word' id='word_1_18' title='bbox 1514 238 1576 267; x_wconf 70' lang='grc'><strong>874.</strong></span> <span class='ocrx_word' id='word_1_19' title='bbox 1609 238 1718 268; x_wconf 80' lang='lat' dir='ltr'><strong>Exstin-</strong></span> 
     </span>
    </p>
   </div>
   <div class='ocr_carea' id='block_1_5' title="bbox 103 273 883 312">
    <p class='ocr_par' dir='ltr' id='par_1_5' title="bbox 103 273 883 312">
     <span class='ocr_line' id='line_1_5' title="bbox 103 273 883 312; baseline 0.009 -12"><span class='ocrx_word' id='word_1_20' title='bbox 103 273 199 302; x_wconf 86' lang='lat' dir='ltr'><strong>classis</strong></span> <span class='ocrx_word' id='word_1_21' title='bbox 215 275 242 301; x_wconf 87' lang='lat' dir='ltr'><strong>i-u</strong></span> <span class='ocrx_word' id='word_1_22' title='bbox 258 274 416 303; x_wconf 87' lang='lat' dir='ltr'><strong>Hadriatico</strong></span> <span class='ocrx_word' id='word_1_23' title='bbox 429 277 585 312; x_wconf 77' lang='lat' dir='ltr'><strong>praefectus.</strong></span> <span class='ocrx_word' id='word_1_24' title='bbox 599 286 692 306; x_wconf 83' lang='lat' dir='ltr'><strong>arcem</strong></span> <span class='ocrx_word' id='word_1_25' title='bbox 707 280 784 307; x_wconf 89' lang='lat' dir='ltr'><strong>sinus</strong></span> <span class='ocrx_word' id='word_1_26' title='bbox 815 280 883 307; x_wconf 80' lang='lat' dir='ltr'><strong>Mai~</strong></span> 
     </span>
    </p>
   </div>
   <div class='ocr_carea' id='block_1_6' title="bbox 102 320 882 361">
    <p class='ocr_par' dir='ltr' id='par_1_6' title="bbox 102 320 882 361">
     <span class='ocr_line' id='line_1_6' title="bbox 102 320 882 361; baseline 0.008 -15"><span class='ocrx_word' id='word_1_27' title='bbox 102 321 194 348; x_wconf 86' lang='lat' dir='ltr'><strong>nensis</strong></span> <span class='ocrx_word' id='word_1_28' title='bbox 206 320 333 355; x_wconf 83' lang='lat' dir='ltr'><strong>(Mainam</strong></span> <span class='ocrx_word' id='word_1_29' title='bbox 350 327 414 350; x_wconf 87' lang='lat' dir='ltr'><strong>sunt</strong></span> <span class='ocrx_word' id='word_1_30' title='bbox 429 323 475 358; x_wconf 87' lang='lat' dir='ltr'><strong>qui</strong></span> <span class='ocrx_word' id='word_1_31' title='bbox 490 323 606 352; x_wconf 75' lang='lat' dir='ltr'><strong>Leuctra</strong></span> <span class='ocrx_word' id='word_1_32' title='bbox 617 326 758 354; x_wconf 76' lang='lat' dir='ltr'><strong>veteribus</strong></span> <span class='ocrx_word' id='word_1_33' title='bbox 788 327 882 361; x_wconf 81' lang='lat' dir='ltr'><strong>appel-</strong></span> 
     </span>
    </p>
   </div>
   <div class='ocr_carea' id='block_1_7' title="bbox 103 366 885 405">
    <p class='ocr_par' dir='ltr' id='par_1_7' title="bbox 103 366 885 405">
     <span class='ocr_line' id='line_1_7' title="bbox 103 366 885 405; baseline 0.013 -14"><span class='ocrx_word' id='word_1_34' title='bbox 103 366 183 392; x_wconf 96' lang='lat' dir='ltr'><strong>latam</strong></span> <span class='ocrx_word' id='word_1_35' title='bbox 205 371 311 400; x_wconf 86' lang='lat' dir='ltr'><strong>putant,</strong></span> <span class='ocrx_word' id='word_1_36' title='bbox 328 368 416 402; x_wconf 89' lang='lat' dir='ltr'><strong>ipsum</strong></span> <span class='ocrx_word' id='word_1_37' title='bbox 435 377 500 397; x_wconf 91' lang='lat' dir='ltr'><strong>vero</strong></span> <span class='ocrx_word' id='word_1_38' title='bbox 514 371 606 398; x_wconf 89' lang='lat' dir='ltr'><strong>sinum</strong></span> <span class='ocrx_word' id='word_1_39' title='bbox 625 371 885 405; x_wconf 82' lang='lat' dir='ltr'><strong>Maincnsem,Mes-</strong></span> 
     </span>
    </p>
   </div>
   <div class='ocr_carea' id='block_1_8' title="bbox 103 410 882 451">
    <p class='ocr_par' dir='ltr' id='par_1_8' title="bbox 103 410 882 451">
     <span class='ocr_line' id='line_1_8' title="bbox 103 410 882 451; baseline 0.01 -15"><span class='ocrx_word' id='word_1_40' title='bbox 103 410 269 446; x_wconf 81' lang='lat' dir='ltr'><strong>seniacum),</strong></span> <span class='ocrx_word' id='word_1_41' title='bbox 287 413 322 440; x_wconf 87' lang='lat' dir='ltr'><strong>ad</strong></span> <span class='ocrx_word' id='word_1_42' title='bbox 350 418 472 448; x_wconf 87' lang='lat' dir='ltr'><strong>portum,</strong></span> <span class='ocrx_word' id='word_1_43' title='bbox 498 423 580 450; x_wconf 89' lang='lat' dir='ltr'><strong>quem</strong></span> <span class='ocrx_word' id='word_1_44' title='bbox 599 417 687 451; x_wconf 38' lang='lat' dir='ltr'><strong>\vulgo</strong></span> <span class='ocrx_word' id='word_1_45' title='bbox 713 416 882 449; x_wconf 88' lang='lat' dir='ltr'><strong>Qualliarum</strong></span> 
     </span>
    </p>
   </div>
   <div class='ocr_carea' id='block_1_9' title="bbox 103 456 886 497">
    <p class='ocr_par' dir='ltr' id='par_1_9' title="bbox 103 456 886 497">
     <span class='ocr_line' id='line_1_9' title="bbox 103 456 886 497; baseline 0.011 -16"><span class='ocrx_word' id='word_1_46' title='bbox 103 456 160 482; x_wconf 82' lang='lat' dir='ltr'><strong>sive</strong></span> <span class='ocrx_word' id='word_1_47' title='bbox 173 456 345 484; x_wconf 91' lang='lat' dir='ltr'><strong>coturnicum</strong></span> <span class='ocrx_word' id='word_1_48' title='bbox 358 464 468 493; x_wconf 82' lang='lat' dir='ltr'><strong>vocant,</strong></span> <span class='ocrx_word' id='word_1_49' title='bbox 486 462 602 495; x_wconf 85' lang='lat' dir='ltr'><strong>positam</strong></span> <span class='ocrx_word' id='word_1_50' title='bbox 616 461 733 489; x_wconf 81' lang='lat' dir='ltr'><strong>feliciter</strong></span> <span class='ocrx_word' id='word_1_51' title='bbox 745 470 886 497; x_wconf 80' lang='lat' dir='ltr'><strong>expugna-</strong></span> 
     </span>
    </p>
   </div>
   <div class='ocr_carea' id='block_1_10' title="bbox 102 500 885 541">
    <p class='ocr_par' dir='ltr' id='par_1_10' title="bbox 102 500 885 541">
     <span class='ocr_line' id='line_1_10' title="bbox 102 500 885 541; baseline 0.01 -15"><span class='ocrx_word' id='word_1_52' title='bbox 102 500 150 532; x_wconf 91' lang='lat' dir='ltr'><strong>vit,</strong></span> <span class='ocrx_word' id='word_1_53' title='bbox 175 502 299 535; x_wconf 80' lang='lat' dir='ltr'><strong>actisque</strong></span> <span class='ocrx_word' id='word_1_54' title='bbox 312 503 363 530; x_wconf 89' lang='lat' dir='ltr'><strong>sub</strong></span> <span class='ocrx_word' id='word_1_55' title='bbox 389 511 420 531; x_wconf 88' lang='lat' dir='ltr'><strong>ea</strong></span> <span class='ocrx_word' id='word_1_56' title='bbox 447 505 591 538; x_wconf 83' lang='lat' dir='ltr'><strong>cuniculis,</strong></span> <span class='ocrx_word' id='word_1_57' title='bbox 616 511 643 534; x_wconf 91' lang='lat' dir='ltr'><strong>et</strong></span> <span class='ocrx_word' id='word_1_58' title='bbox 669 508 811 541; x_wconf 87' lang='lat' dir='ltr'><strong>supposito</strong></span> <span class='ocrx_word' id='word_1_59' title='bbox 842 508 885 534; x_wconf 91' lang='lat' dir='ltr'><strong>iu-</strong></span> 
     </span>
    </p>
   </div>
   <div class='ocr_carea' id='block_1_11' title="bbox 103 548 884 585">
    <p class='ocr_par' dir='ltr' id='par_1_11' title="bbox 103 548 884 585">
     <span class='ocr_line' id='line_1_11' title="bbox 103 548 884 585; baseline 0.012 -13"><span class='ocrx_word' id='word_1_60' title='bbox 103 554 242 582; x_wconf 81' lang='lat' dir='ltr'><strong>censoque</strong></span> <span class='ocrx_word' id='word_1_61' title='bbox 255 548 367 582; x_wconf 86' lang='lat' dir='ltr'><strong>pulvere</strong></span> <span class='ocrx_word' id='word_1_62' title='bbox 394 552 583 585; x_wconf 84' lang='lat' dir='ltr'><strong>torntentario,</strong></span> <span class='ocrx_word' id='word_1_63' title='bbox 613 552 737 581; x_wconf 82' lang='lat' dir='ltr'><strong>funditus</strong></span> <span class='ocrx_word' id='word_1_64' title='bbox 761 560 884 580; x_wconf 80' lang='lat' dir='ltr'><strong>eversam</strong></span> 
     </span>
    </p>
   </div>
   <div class='ocr_carea' id='block_1_12' title="bbox 104 591 884 633">
    <p class='ocr_par' dir='ltr' id='par_1_12' title="bbox 104 591 884 633">
     <span class='ocr_line' id='line_1_12' title="bbox 104 591 884 633; baseline 0.01 -15"><span class='ocrx_word' id='word_1_65' title='bbox 104 591 212 626; x_wconf 86' lang='lat' dir='ltr'><strong>diruit,</strong></span> <span class='ocrx_word' id='word_1_66' title='bbox 232 600 266 620; x_wconf 86' lang='lat' dir='ltr'><strong>ne</strong></span> <span class='ocrx_word' id='word_1_67' title='bbox 280 593 404 622; x_wconf 86' lang='lat' dir='ltr'><strong>barbaris</strong></span> <span class='ocrx_word' id='word_1_68' title='bbox 427 596 547 630; x_wconf 80' lang='lat' dir='ltr'><strong>amplius</strong></span> <span class='ocrx_word' id='word_1_69' title='bbox 567 602 708 632; x_wconf 89' lang='lat' dir='ltr'><strong>receptum</strong></span> <span class='ocrx_word' id='word_1_70' title='bbox 740 599 884 633; x_wconf 71' lang='lat' dir='ltr'><strong>praeberet.</strong></span> 
     </span>
    </p>
   </div>
   <div class='ocr_carea' id='block_1_13' title="bbox 138 636 885 676">
    <p class='ocr_par' dir='ltr' id='par_1_13' title="bbox 138 636 885 676">
     <span class='ocr_line' id='line_1_13' title="bbox 138 636 885 676; baseline 0.013 -13"><span class='ocrx_word' id='word_1_71' title='bbox 138 636 259 672; x_wconf 83' lang='lat' dir='ltr'><strong>Nicosia,</strong></span> <span class='ocrx_word' id='word_1_72' title='bbox 272 638 352 674; x_wconf 82' lang='lat' dir='ltr'><strong>Cypri</strong></span> <span class='ocrx_word' id='word_1_73' title='bbox 364 642 534 676; x_wconf 88' lang='lat' dir='ltr'><strong>metropolis,</strong></span> <span class='ocrx_word' id='word_1_74' title='bbox 546 643 598 670; x_wconf 90' lang='lat' dir='ltr'><strong>sub</strong></span> <span class='ocrx_word' id='word_1_75' title='bbox 611 645 713 671; x_wconf 83' lang='lat' dir='ltr'><strong>exitum</strong></span> <span class='ocrx_word' id='word_1_76' title='bbox 726 644 790 672; x_wconf 79' lang='lat' dir='ltr'><strong>Julii</strong></span> <span class='ocrx_word' id='word_1_77' title='bbox 807 652 885 672; x_wconf 82' lang='lat' dir='ltr'><strong>men-</strong></span> 
     </span>
    </p>
   </div>
   <div class='ocr_carea' id='block_1_14' title="bbox 104 681 886 727">
    <p class='ocr_par' dir='ltr' id='par_1_14' title="bbox 104 681 886 727">
     <span class='ocr_line' id='line_1_14' title="bbox 104 681 886 727; baseline 0.014 -21"><span class='ocrx_word' id='word_1_78' title='bbox 104 681 141 708; x_wconf 83' lang='lat' dir='ltr'><strong>sis</strong></span> <span class='ocrx_word' id='word_1_79' title='bbox 161 689 175 708; x_wconf 93' lang='lat' dir='ltr'><strong>a</strong></span> <span class='ocrx_word' id='word_1_80' title='bbox 192 682 335 718; x_wconf 80' lang='lat' dir='ltr'><strong>Mustapha</strong></span> <span class='ocrx_word' id='word_1_81' title='bbox 349 685 428 712; x_wconf 85' lang='lat' dir='ltr'><strong>bassa</strong></span> <span class='ocrx_word' id='word_1_82' title='bbox 442 687 563 714; x_wconf 88' lang='lat' dir='ltr'><strong>obsideri</strong></span> <span class='ocrx_word' id='word_1_83' title='bbox 574 693 674 723; x_wconf 72' lang='lat' dir='ltr'><strong>empta,</strong></span> <span class='ocrx_word' id='word_1_84' title='bbox 699 694 725 716; x_wconf 87' lang='lat' dir='ltr'><strong>et</strong></span> <span class='ocrx_word' id='word_1_85' title='bbox 751 690 886 727; x_wconf 82' lang='lat' dir='ltr'><strong>acerrime</strong></span> 
     </span>
    </p>
   </div>
   <div class='ocr_carea' id='block_1_15' title="bbox 110 731 887 765">
    <p class='ocr_par' dir='ltr' id='par_1_15' title="bbox 110 731 887 765">
     <span class='ocr_line' id='line_1_15' title="bbox 110 731 887 765; baseline 0.015 -13"><span class='ocrx_word' id='word_1_86' title='bbox 110 731 164 753; x_wconf 88' lang='lat' dir='ltr'><strong>tam</strong></span> <span class='ocrx_word' id='word_1_87' title='bbox 178 734 347 764; x_wconf 70' lang='lat' dir='ltr'><strong>oppugnata,</strong></span> <span class='ocrx_word' id='word_1_88' title='bbox 361 739 443 765; x_wconf 86' lang='lat' dir='ltr'><strong>quam</strong></span> <span class='ocrx_word' id='word_1_89' title='bbox 459 731 584 765; x_wconf 79' lang='lat' dir='ltr'><strong>defensa,</strong></span> <span class='ocrx_word' id='word_1_90' title='bbox 601 734 709 762; x_wconf 80' lang='lat' dir='ltr'><strong>tandem</strong></span> <span class='ocrx_word' id='word_1_91' title='bbox 720 734 763 762; x_wconf 88' lang='lat' dir='ltr'><strong>die</strong></span> <span class='ocrx_word' id='word_1_92' title='bbox 779 735 887 764; x_wconf 87' lang='lat' dir='ltr'><strong>decimo</strong></span> 
     </span>
    </p>
   </div>
   <div class='ocr_carea' id='block_1_16' title="bbox 106 772 887 813">
    <p class='ocr_par' dir='ltr' id='par_1_16' title="bbox 106 772 887 813">
     <span class='ocr_line' id='line_1_16' title="bbox 106 772 887 813; baseline 0.014 -15"><span class='ocrx_word' id='word_1_93' title='bbox 106 772 273 807; x_wconf 83' lang='lat' dir='ltr'><strong>Septembris</strong></span> <span class='ocrx_word' id='word_1_94' title='bbox 289 775 316 801; x_wconf 90' lang='lat' dir='ltr'><strong>in</strong></span> <span class='ocrx_word' id='word_1_95' title='bbox 334 775 452 804; x_wconf 90' lang='lat' dir='ltr'><strong>hostium</strong></span> <span class='ocrx_word' id='word_1_96' title='bbox 467 783 627 813; x_wconf 87' lang='lat' dir='ltr'><strong>potestatem</strong></span> <span class='ocrx_word' id='word_1_97' title='bbox 657 781 742 811; x_wconf 86' lang='lat' dir='ltr'><strong>venit.</strong></span> <span class='ocrx_word' id='word_1_98' title='bbox 774 781 887 810; x_wconf 84' lang='lat' dir='ltr'><strong>misere-</strong></span> 
     </span>
    </p>
   </div>
   <div class='ocr_carea' id='block_1_17' title="bbox 105 819 888 858">
    <p class='ocr_par' dir='ltr' id='par_1_17' title="bbox 105 819 888 858">
     <span class='ocr_line' id='line_1_17' title="bbox 105 819 888 858; baseline 0.015 -15"><span class='ocrx_word' id='word_1_99' title='bbox 105 826 157 852; x_wconf 88' lang='lat' dir='ltr'><strong>que</strong></span> <span class='ocrx_word' id='word_1_100' title='bbox 170 819 273 855; x_wconf 85' lang='lat' dir='ltr'><strong>dircpta</strong></span> <span class='ocrx_word' id='word_1_101' title='bbox 290 820 341 848; x_wconf 87' lang='lat' dir='ltr'><strong>l‘uit</strong></span> <span class='ocrx_word' id='word_1_102' title='bbox 354 830 361 855; x_wconf 87' lang='lat'>;</span> <span class='ocrx_word' id='word_1_103' title='bbox 376 823 453 851; x_wconf 66' lang='lat' dir='ltr'><strong>caesis</strong></span> <span class='ocrx_word' id='word_1_104' title='bbox 467 825 656 858; x_wconf 76' lang='lat' dir='ltr'><strong>pratsidiariis,</strong></span> <span class='ocrx_word' id='word_1_105' title='bbox 672 827 808 854; x_wconf 81' lang='lat' dir='ltr'><strong>exstincta</strong></span> <span class='ocrx_word' id='word_1_106' title='bbox 839 835 888 855; x_wconf 75' lang='lat' dir='ltr'><strong>no-</strong></span> 
     </span>
    </p>
   </div>
   <div class='ocr_carea' id='block_1_18' title="bbox 105 863 885 908">
    <p class='ocr_par' dir='ltr' id='par_1_18' title="bbox 105 863 885 908">
     <span class='ocr_line' id='line_1_18' title="bbox 105 863 885 908; baseline 0.015 -18"><span class='ocrx_word' id='word_1_107' title='bbox 105 863 222 898; x_wconf 84' lang='lat' dir='ltr'><strong>bilitate.</strong></span> <span class='ocrx_word' id='word_1_108' title='bbox 235 868 390 901; x_wconf 74' lang='lat' dir='ltr'><strong>perexiguis</strong></span> <span class='ocrx_word' id='word_1_109' title='bbox 415 869 539 905; x_wconf 87' lang='lat' dir='ltr'><strong>reliquiis</strong></span> <span class='ocrx_word' id='word_1_110' title='bbox 555 872 681 899; x_wconf 80' lang='lat' dir='ltr'><strong>servituti</strong></span> <span class='ocrx_word' id='word_1_111' title='bbox 711 874 885 908; x_wconf 83' lang='lat' dir='ltr'><strong>mancipatis.</strong></span> 
     </span>
    </p>
   </div>
   <div class='ocr_carea' id='block_1_19' title="bbox 106 910 887 954">
    <p class='ocr_par' dir='ltr' id='par_1_19' title="bbox 106 910 887 954">
     <span class='ocr_line' id='line_1_19' title="bbox 106 910 887 954; baseline 0.014 -17"><span class='ocrx_word' id='word_1_112' title='bbox 106 910 170 939; x_wconf 83' lang='lat' dir='ltr'><strong>Erat</strong></span> <span class='ocrx_word' id='word_1_113' title='bbox 182 912 247 940; x_wconf 87' lang='lat' dir='ltr'><strong>olim</strong></span> <span class='ocrx_word' id='word_1_114' title='bbox 262 911 343 948; x_wconf 84' lang='lat' dir='ltr'><strong>Cypri</strong></span> <span class='ocrx_word' id='word_1_115' title='bbox 359 915 445 950; x_wconf 72' lang='lat' dir='ltr'><strong>regia,</strong></span> <span class='ocrx_word' id='word_1_116' title='bbox 461 924 522 950; x_wconf 67' lang='lat' dir='ltr'><strong>quae</strong></span> <span class='ocrx_word' id='word_1_117' title='bbox 531 922 642 945; x_wconf 88' lang='lat' dir='ltr'><strong>centum</strong></span> <span class='ocrx_word' id='word_1_118' title='bbox 655 922 682 945; x_wconf 90' lang='lat' dir='ltr'><strong>et</strong></span> <span class='ocrx_word' id='word_1_119' title='bbox 692 919 808 954; x_wconf 79' lang='lat' dir='ltr'><strong>amplius</strong></span> <span class='ocrx_word' id='word_1_120' title='bbox 823 925 887 948; x_wconf 83' lang='lat' dir='ltr'><strong>ante</strong></span> 
     </span>
    </p>
   </div>
   <div class='ocr_carea' id='block_1_20' title="bbox 105 957 886 1000">
    <p class='ocr_par' dir='ltr' id='par_1_20' title="bbox 105 957 886 1000">
     <span class='ocr_line' id='line_1_20' title="bbox 105 957 886 1000; baseline 0.013 -17"><span class='ocrx_word' id='word_1_121' title='bbox 105 957 156 984; x_wconf 88' lang='lat' dir='ltr'><strong>hoc</strong></span> <span class='ocrx_word' id='word_1_122' title='bbox 171 961 277 992; x_wconf 85' lang='lat' dir='ltr'><strong>tempus</strong></span> <span class='ocrx_word' id='word_1_123' title='bbox 305 960 386 987; x_wconf 83' lang='lat' dir='ltr'><strong>annis</strong></span> <span class='ocrx_word' id='word_1_124' title='bbox 410 961 518 989; x_wconf 85' lang='lat' dir='ltr'><strong>redacta</strong></span> <span class='ocrx_word' id='word_1_125' title='bbox 543 962 632 991; x_wconf 79' lang='lat' dir='ltr'><strong>fuerat</strong></span> <span class='ocrx_word' id='word_1_126' title='bbox 658 964 710 991; x_wconf 85' lang='lat' dir='ltr'><strong>sub</strong></span> <span class='ocrx_word' id='word_1_127' title='bbox 739 964 886 1000; x_wconf 87' lang='lat' dir='ltr'><strong>imperium</strong></span> 
     </span>
    </p>
   </div>
   <div class='ocr_carea' id='block_1_21' title="bbox 104 1004 885 1044">
    <p class='ocr_par' dir='ltr' id='par_1_21' title="bbox 104 1004 885 1044">
     <span class='ocr_line' id='line_1_21' title="bbox 104 1004 885 1044; baseline 0.014 -14"><span class='ocrx_word' id='word_1_128' title='bbox 104 1004 206 1032; x_wconf 84' lang='lat' dir='ltr'><strong>sultani</strong></span> <span class='ocrx_word' id='word_1_129' title='bbox 227 1006 465 1044; x_wconf 78' lang='lat' dir='ltr'><strong>(‘.airensis,eique</strong></span> <span class='ocrx_word' id='word_1_130' title='bbox 478 1010 530 1038; x_wconf 89' lang='lat' dir='ltr'><strong>hoc</strong></span> <span class='ocrx_word' id='word_1_131' title='bbox 543 1012 623 1039; x_wconf 89' lang='lat' dir='ltr'><strong>modo</strong></span> <span class='ocrx_word' id='word_1_132' title='bbox 641 1011 711 1040; x_wconf 80' lang='lat' dir='ltr'><strong>facta</strong></span> <span class='ocrx_word' id='word_1_133' title='bbox 728 1012 885 1040; x_wconf 81' lang='lat' dir='ltr'><strong>tributaria.</strong></span> 
     </span>
    </p>
   </div>
   <div class='ocr_carea' id='block_1_22' title="bbox 105 1049 885 1090">
    <p class='ocr_par' dir='ltr' id='par_1_22' title="bbox 105 1049 885 1090">
     <span class='ocr_line' id='line_1_22' title="bbox 105 1049 885 1090; baseline 0.01 -13"><span class='ocrx_word' id='word_1_134' title='bbox 105 1049 185 1078; x_wconf 77' lang='lat' dir='ltr'><strong>Anno</strong></span> <span class='ocrx_word' id='word_1_135' title='bbox 196 1051 355 1082; x_wconf 85' lang='lat' dir='ltr'><strong>Christiano</strong></span> <span class='ocrx_word' id='word_1_136' title='bbox 372 1054 440 1082; x_wconf 73' lang='grc'><strong>1425</strong></span> <span class='ocrx_word' id='word_1_137' title='bbox 456 1055 557 1083; x_wconf 88' lang='lat' dir='ltr'><strong>bellum</strong></span> <span class='ocrx_word' id='word_1_138' title='bbox 573 1062 631 1084; x_wconf 84' lang='lat' dir='ltr'><strong>erat</strong></span> <span class='ocrx_word' id='word_1_139' title='bbox 648 1056 717 1085; x_wconf 86' lang='lat' dir='ltr'><strong>Jano</strong></span> <span class='ocrx_word' id='word_1_140' title='bbox 731 1057 805 1085; x_wconf 85' lang='lat' dir='ltr'><strong>Petri</strong></span> <span class='ocrx_word' id='word_1_141' title='bbox 819 1057 885 1090; x_wconf 82' lang='lat' dir='ltr'><strong>ﬁlio,</strong></span> 
     </span>
    </p>
   </div>
   <div class='ocr_carea' id='block_1_23' title="bbox 105 1096 887 1137">
    <p class='ocr_par' dir='ltr' id='par_1_23' title="bbox 105 1096 887 1137">
     <span class='ocr_line' id='line_1_23' title="bbox 105 1096 887 1137; baseline 0.009 -13"><span class='ocrx_word' id='word_1_142' title='bbox 105 1097 160 1130; x_wconf 66' lang='lat' dir='ltr'><strong>regi</strong></span> <span class='ocrx_word' id='word_1_143' title='bbox 171 1096 284 1133; x_wconf 85' lang='lat' dir='ltr'><strong>Cyprio,</strong></span> <span class='ocrx_word' id='word_1_144' title='bbox 299 1099 346 1134; x_wconf 88' lang='lat' dir='ltr'><strong>qui</strong></span> <span class='ocrx_word' id='word_1_145' title='bbox 372 1101 540 1135; x_wconf 88' lang='lat' dir='ltr'><strong>penultimus</strong></span> <span class='ocrx_word' id='word_1_146' title='bbox 567 1102 620 1130; x_wconf 76' lang='lat' dir='ltr'><strong>fuit</strong></span> <span class='ocrx_word' id='word_1_147' title='bbox 647 1103 719 1130; x_wconf 87' lang='lat' dir='ltr'><strong>inter</strong></span> <span class='ocrx_word' id='word_1_148' title='bbox 749 1103 887 1137; x_wconf 74' lang='lat' dir='ltr'><strong>legitimos</strong></span> 
     </span>
    </p>
   </div>
   <div class='ocr_carea' id='block_1_24' title="bbox 103 1142 886 1184">
    <p class='ocr_par' dir='ltr' id='par_1_24' title="bbox 103 1142 886 1184">
     <span class='ocr_line' id='line_1_24' title="bbox 103 1142 886 1184; baseline 0.008 -14"><span class='ocrx_word' id='word_1_149' title='bbox 103 1142 184 1178; x_wconf 71' lang='lat'><strong>362</strong></span> <span class='ocrx_word' id='word_1_150' title='bbox 201 1152 280 1179; x_wconf 70' lang='lat' dir='ltr'><strong>reges</strong></span> <span class='ocrx_word' id='word_1_151' title='bbox 295 1153 328 1172; x_wconf 80' lang='lat' dir='ltr'><strong>ex</strong></span> <span class='ocrx_word' id='word_1_152' title='bbox 343 1145 496 1181; x_wconf 75' lang='lat' dir='ltr'><strong>Lusignana</strong></span> <span class='ocrx_word' id='word_1_153' title='bbox 520 1148 635 1180; x_wconf 80' lang='lat' dir='ltr'><strong>familia,</strong></span> <span class='ocrx_word' id='word_1_154' title='bbox 670 1156 732 1176; x_wconf 89' lang='lat' dir='ltr'><strong>cum</strong></span> <span class='ocrx_word' id='word_1_155' title='bbox 758 1148 886 1184; x_wconf 69' lang='lat' dir='ltr'><strong>Egyptio</strong></span> 
     </span>
    </p>
   </div>
   <div class='ocr_carea' id='block_1_25' title="bbox 105 1187 886 1229">
    <p class='ocr_par' dir='ltr' id='par_1_25' title="bbox 105 1187 886 1229">
     <span class='ocr_line' id='line_1_25' title="bbox 105 1187 886 1229; baseline 0.009 -14"><span class='ocrx_word' id='word_1_156' title='bbox 105 1187 163 1216; x_wconf 80' lang='lat' dir='ltr'><strong>sive</strong></span> <span class='ocrx_word' id='word_1_157' title='bbox 176 1188 300 1223; x_wconf 84' lang='lat' dir='ltr'><strong>Cairepsi</strong></span> <span class='ocrx_word' id='word_1_158' title='bbox 317 1192 427 1220; x_wconf 85' lang='lat' dir='ltr'><strong>sultano</strong></span> <span class='ocrx_word' id='word_1_159' title='bbox 449 1191 607 1222; x_wconf 79' lang='lat' dir='ltr'><strong>Melechella</strong></span> <span class='ocrx_word' id='word_1_160' title='bbox 623 1202 631 1222; x_wconf 87' lang='lat'><strong>:</strong></span> <span class='ocrx_word' id='word_1_161' title='bbox 645 1194 778 1229; x_wconf 87' lang='lat' dir='ltr'><strong>quobello</strong></span> <span class='ocrx_word' id='word_1_162' title='bbox 792 1200 886 1228; x_wconf 84' lang='lat' dir='ltr'><strong>captus</strong></span> 
     </span>
    </p>
   </div>
   <div class='ocr_carea' id='block_1_26' title="bbox 105 1234 885 1276">
    <p class='ocr_par' dir='ltr' id='par_1_26' title="bbox 105 1234 885 1276">
     <span class='ocr_line' id='line_1_26' title="bbox 105 1234 885 1276; baseline 0.009 -15"><span class='ocrx_word' id='word_1_163' title='bbox 105 1234 138 1262; x_wconf 87' lang='lat' dir='ltr'><strong>ab</strong></span> <span class='ocrx_word' id='word_1_164' title='bbox 163 1235 242 1263; x_wconf 85' lang='lat' dir='ltr'><strong>hoste</strong></span> <span class='ocrx_word' id='word_1_165' title='bbox 273 1236 400 1272; x_wconf 83' lang='lat' dir='ltr'><strong>Cyprius,</strong></span> <span class='ocrx_word' id='word_1_166' title='bbox 423 1238 567 1273; x_wconf 83' lang='lat' dir='ltr'><strong>persolutis</strong></span> <span class='ocrx_word' id='word_1_167' title='bbox 594 1245 704 1268; x_wconf 90' lang='lat' dir='ltr'><strong>centum</strong></span> <span class='ocrx_word' id='word_1_168' title='bbox 728 1241 885 1276; x_wconf 81' lang='lat' dir='ltr'><strong>quindecim</strong></span> 
     </span>
    </p>
   </div>
   <div class='ocr_carea' id='block_1_27' title="bbox 106 1280 884 1322">
    <p class='ocr_par' dir='ltr' id='par_1_27' title="bbox 106 1280 884 1322">
     <span class='ocr_line' id='line_1_27' title="bbox 106 1280 884 1322; baseline 0.01 -16"><span class='ocrx_word' id='word_1_169' title='bbox 106 1280 225 1309; x_wconf 86' lang='lat' dir='ltr'><strong>millibus</strong></span> <span class='ocrx_word' id='word_1_170' title='bbox 237 1281 464 1317; x_wconf 86' lang='lat' dir='ltr'><strong>Seraphinorum,</strong></span> <span class='ocrx_word' id='word_1_171' title='bbox 480 1284 510 1311; x_wconf 85' lang='lat' dir='ltr'><strong>in</strong></span> <span class='ocrx_word' id='word_1_172' title='bbox 527 1293 639 1320; x_wconf 70' lang='lat' dir='ltr'><strong>regnum</strong></span> <span class='ocrx_word' id='word_1_173' title='bbox 656 1293 718 1313; x_wconf 88' lang='lat' dir='ltr'><strong>cum</strong></span> <span class='ocrx_word' id='word_1_174' title='bbox 730 1291 808 1322; x_wconf 87' lang='lat' dir='ltr'><strong>pacto</strong></span> <span class='ocrx_word' id='word_1_175' title='bbox 834 1287 884 1314; x_wconf 88' lang='lat' dir='ltr'><strong>tri-</strong></span> 
     </span>
    </p>
   </div>
   <div class='ocr_carea' id='block_1_28' title="bbox 104 1326 882 1360">
    <p class='ocr_par' dir='ltr' id='par_1_28' title="bbox 104 1326 882 1360">
     <span class='ocr_line' id='line_1_28' title="bbox 104 1326 882 1360; baseline 0.008 -6"><span class='ocrx_word' id='word_1_176' title='bbox 104 1326 160 1354; x_wconf 89' lang='lat' dir='ltr'><strong>buli</strong></span> <span class='ocrx_word' id='word_1_177' title='bbox 177 1328 259 1354; x_wconf 81' lang='lat' dir='ltr'><strong>annui</strong></span> <span class='ocrx_word' id='word_1_178' title='bbox 276 1328 438 1356; x_wconf 81' lang='lat' dir='ltr'><strong>restituitur.</strong></span> <span class='ocrx_word' id='word_1_179' title='bbox 454 1329 479 1358; x_wconf 87' lang='lat' dir='ltr'><strong>Is</strong></span> <span class='ocrx_word' id='word_1_180' title='bbox 494 1331 614 1358; x_wconf 83' lang='lat' dir='ltr'><strong>moriens</strong></span> <span class='ocrx_word' id='word_1_181' title='bbox 631 1331 716 1359; x_wconf 90' lang='lat' dir='ltr'><strong>lilium</strong></span> <span class='ocrx_word' id='word_1_182' title='bbox 747 1332 882 1360; x_wconf 77' lang='lat' dir='ltr'><strong>Joannem</strong></span> 
     </span>
    </p>
   </div>
   <div class='ocr_carea' id='block_1_29' title="bbox 105 1371 886 1412">
    <p class='ocr_par' dir='ltr' id='par_1_29' title="bbox 105 1371 886 1412">
     <span class='ocr_line' id='line_1_29' title="bbox 105 1371 886 1412; baseline 0.008 -14"><span class='ocrx_word' id='word_1_183' title='bbox 105 1371 406 1407; x_wconf 81' lang='lat' dir='ltr'><strong>reliquitimpuberem.</strong></span> <span class='ocrx_word' id='word_1_184' title='bbox 421 1373 464 1402; x_wconf 90' lang='lat' dir='ltr'><strong>cui</strong></span> <span class='ocrx_word' id='word_1_185' title='bbox 489 1375 576 1408; x_wconf 88' lang='lat' dir='ltr'><strong>primo</strong></span> <span class='ocrx_word' id='word_1_186' title='bbox 590 1376 778 1407; x_wconf 88' lang='lat' dir='ltr'><strong>matrimonio,</strong></span> <span class='ocrx_word' id='word_1_187' title='bbox 812 1380 886 1412; x_wconf 88' lang='lat' dir='ltr'><strong>post-</strong></span> 
     </span>
    </p>
   </div>
   <div class='ocr_carea' id='block_1_30' title="bbox 104 1419 885 1453">
    <p class='ocr_par' dir='ltr' id='par_1_30' title="bbox 104 1419 885 1453">
     <span class='ocr_line' id='line_1_30' title="bbox 104 1419 885 1453; baseline 0.008 -8"><span class='ocrx_word' id='word_1_188' title='bbox 104 1426 186 1453; x_wconf 83' lang='lat' dir='ltr'><strong>quam</strong></span> <span class='ocrx_word' id='word_1_189' title='bbox 200 1419 374 1452; x_wconf 83' lang='lat' dir='ltr'><strong>adolevisset,</strong></span> <span class='ocrx_word' id='word_1_190' title='bbox 391 1420 447 1448; x_wconf 84' lang='lat' dir='ltr'><strong>ﬁlia</strong></span> <span class='ocrx_word' id='word_1_191' title='bbox 464 1420 631 1449; x_wconf 87' lang='lat' dir='ltr'><strong>Marehionis</strong></span> <span class='ocrx_word' id='word_1_192' title='bbox 651 1423 710 1449; x_wconf 87' lang='lat' dir='ltr'><strong>ltali</strong></span> <span class='ocrx_word' id='word_1_193' title='bbox 730 1422 885 1451; x_wconf 63' lang='lat' dir='ltr'><strong>“entister-</strong></span> 
     </span>
    </p>
   </div>
   <div class='ocr_carea' id='block_1_31' title="bbox 104 1465 885 1505">
    <p class='ocr_par' dir='ltr' id='par_1_31' title="bbox 104 1465 885 1505">
     <span class='ocr_line' id='line_1_31' title="bbox 104 1465 885 1505; baseline 0.009 -14"><span class='ocrx_word' id='word_1_194' title='bbox 104 1465 221 1492; x_wconf 81' lang='lat' dir='ltr'><strong>ratensis</strong></span> <span class='ocrx_word' id='word_1_195' title='bbox 235 1466 330 1500; x_wconf 86' lang='lat' dir='ltr'><strong>nupsit</strong></span> <span class='ocrx_word' id='word_1_196' title='bbox 344 1475 352 1499; x_wconf 66' lang='grc' dir='ltr'>ς</span> <span class='ocrx_word' id='word_1_197' title='bbox 369 1473 422 1501; x_wconf 88' lang='lat' dir='ltr'><strong>qua</strong></span> <span class='ocrx_word' id='word_1_198' title='bbox 442 1472 559 1501; x_wconf 85' lang='lat' dir='ltr'><strong>mortua,</strong></span> <span class='ocrx_word' id='word_1_199' title='bbox 581 1468 710 1497; x_wconf 81' lang='lat' dir='ltr'><strong>Helenam</strong></span> <span class='ocrx_word' id='word_1_200' title='bbox 726 1469 885 1505; x_wconf 72' lang='lat' dir='ltr'><strong>Palreologi-</strong></span> 
     </span>
    </p>
   </div>
   <div class='ocr_carea' id='block_1_32' title="bbox 103 1510 884 1548">
    <p class='ocr_par' dir='ltr' id='par_1_32' title="bbox 103 1510 884 1548">
     <span class='ocr_line' id='line_1_32' title="bbox 103 1510 884 1548; baseline 0.009 -12"><span class='ocrx_word' id='word_1_201' title='bbox 103 1517 165 1537; x_wconf 87' lang='lat' dir='ltr'><strong>nam</strong></span> <span class='ocrx_word' id='word_1_202' title='bbox 181 1510 269 1538; x_wconf 78' lang='lat' dir='ltr'><strong>duxit.</strong></span> <span class='ocrx_word' id='word_1_203' title='bbox 282 1510 318 1538; x_wconf 78' lang='lat' dir='ltr'><strong>Ex</strong></span> <span class='ocrx_word' id='word_1_204' title='bbox 333 1519 364 1538; x_wconf 84' lang='lat' dir='ltr'><strong>ea</strong></span> <span class='ocrx_word' id='word_1_205' title='bbox 387 1517 449 1539; x_wconf 88' lang='lat' dir='ltr'><strong>nata</strong></span> <span class='ocrx_word' id='word_1_206' title='bbox 477 1512 528 1541; x_wconf 82' lang='lat' dir='ltr'><strong>fuit</strong></span> <span class='ocrx_word' id='word_1_207' title='bbox 555 1513 635 1541; x_wconf 86' lang='lat' dir='ltr'><strong>unica</strong></span> <span class='ocrx_word' id='word_1_208' title='bbox 667 1514 721 1542; x_wconf 91' lang='lat' dir='ltr'><strong>ﬁlia</strong></span> <span class='ocrx_word' id='word_1_209' title='bbox 745 1514 884 1548; x_wconf 79' lang='lat' dir='ltr'><strong>Karulota,</strong></span> 
     </span>
    </p>
   </div>
   <div class='ocr_carea' id='block_1_33' title="bbox 103 1556 883 1595">
    <p class='ocr_par' dir='ltr' id='par_1_33' title="bbox 103 1556 883 1595">
     <span class='ocr_line' id='line_1_33' title="bbox 103 1556 883 1595; baseline 0.006 -12"><span class='ocrx_word' id='word_1_210' title='bbox 103 1564 162 1589; x_wconf 74' lang='lat' dir='ltr'><strong>aure</strong></span> <span class='ocrx_word' id='word_1_211' title='bbox 178 1556 274 1585; x_wconf 80' lang='lat' dir='ltr'><strong>Jounni</strong></span> <span class='ocrx_word' id='word_1_212' title='bbox 288 1557 420 1585; x_wconf 78' lang='lat' dir='ltr'><strong>Lusitano</strong></span> <span class='ocrx_word' id='word_1_213' title='bbox 434 1559 552 1593; x_wconf 93' lang='lat' dir='ltr'><strong>primum</strong></span> <span class='ocrx_word' id='word_1_214' title='bbox 565 1560 668 1594; x_wconf 79' lang='lat' dir='ltr'><strong>nupsit,</strong></span> <span class='ocrx_word' id='word_1_215' title='bbox 683 1561 726 1587; x_wconf 85' lang='lat' dir='ltr'><strong>cui</strong></span> <span class='ocrx_word' id='word_1_216' title='bbox 740 1561 883 1595; x_wconf 66' lang='lat' dir='ltr'><strong>praebitum</strong></span> 
     </span>
    </p>
   </div>
   <div class='ocr_carea' id='block_1_34' title="bbox 103 1604 884 1635">
    <p class='ocr_par' dir='ltr' id='par_1_34' title="bbox 103 1604 884 1635">
     <span class='ocr_line' id='line_1_34' title="bbox 103 1604 884 1635; baseline 0.008 -6"><span class='ocrx_word' id='word_1_217' title='bbox 103 1610 240 1630; x_wconf 87' lang='lat' dir='ltr'><strong>venenum</strong></span> <span class='ocrx_word' id='word_1_218' title='bbox 256 1607 370 1630; x_wconf 91' lang='lat' dir='ltr'><strong>mortem</strong></span> <span class='ocrx_word' id='word_1_219' title='bbox 386 1605 490 1632; x_wconf 88' lang='lat' dir='ltr'><strong>attulit.</strong></span> <span class='ocrx_word' id='word_1_220' title='bbox 503 1604 567 1632; x_wconf 81' lang='lat' dir='ltr'><strong>Erat</strong></span> <span class='ocrx_word' id='word_1_221' title='bbox 579 1605 716 1633; x_wconf 66' lang='lat' dir='ltr'><strong>Karulolae</strong></span> <span class='ocrx_word' id='word_1_222' title='bbox 728 1606 789 1635; x_wconf 84' lang='lat' dir='ltr'><strong>Jac.</strong></span> <span class='ocrx_word' id='word_1_223' title='bbox 827 1607 884 1634; x_wconf 77' lang='lat' dir='ltr'><strong>fra-</strong></span> 
     </span>
    </p>
   </div>
   <div class='ocr_carea' id='block_1_35' title="bbox 104 1648 887 1687">
    <p class='ocr_par' dir='ltr' id='par_1_35' title="bbox 104 1648 887 1687">
     <span class='ocr_line' id='line_1_35' title="bbox 104 1648 887 1687; baseline 0.006 -12"><span class='ocrx_word' id='word_1_224' title='bbox 104 1653 154 1680; x_wconf 68' lang='lat' dir='ltr'><strong>ter,</strong></span> <span class='ocrx_word' id='word_1_225' title='bbox 170 1648 313 1683; x_wconf 73' lang='lat' dir='ltr'><strong>illegitimo</strong></span> <span class='ocrx_word' id='word_1_226' title='bbox 329 1654 388 1677; x_wconf 89' lang='lat' dir='ltr'><strong>toro</strong></span> <span class='ocrx_word' id='word_1_227' title='bbox 399 1654 491 1682; x_wconf 88' lang='lat' dir='ltr'><strong>natus,</strong></span> <span class='ocrx_word' id='word_1_228' title='bbox 510 1651 553 1678; x_wconf 91' lang='lat' dir='ltr'><strong>cui</strong></span> <span class='ocrx_word' id='word_1_229' title='bbox 584 1652 670 1679; x_wconf 85' lang='lat' dir='ltr'><strong>sacris</strong></span> <span class='ocrx_word' id='word_1_230' title='bbox 683 1651 759 1679; x_wconf 90' lang='lat' dir='ltr'><strong>initia</strong></span> <span class='ocrx_word' id='word_1_231' title='bbox 773 1659 790 1680; x_wconf 95' lang='grc' dir='ltr'><strong>ο</strong></span> <span class='ocrx_word' id='word_1_232' title='bbox 810 1657 887 1687; x_wconf 81' lang='lat' dir='ltr'><strong>pater</strong></span> 
     </span>
    </p>
   </div>
   <div class='ocr_carea' id='block_1_36' title="bbox 103 1694 887 1733">
    <p class='ocr_par' dir='ltr' id='par_1_36' title="bbox 103 1694 887 1733">
     <span class='ocr_line' id='line_1_36' title="bbox 103 1694 887 1733; baseline 0.006 -13"><span class='ocrx_word' id='word_1_233' title='bbox 103 1694 370 1729; x_wconf 84' lang='lat' dir='ltr'><strong>archiepiscopatum</strong></span> <span class='ocrx_word' id='word_1_234' title='bbox 396 1694 751 1733; x_wconf 77' lang='lat' dir='ltr'><strong>Nicosianumassignarat.</strong></span> <span class='ocrx_word' id='word_1_235' title='bbox 781 1698 807 1725; x_wconf 82' lang='lat' dir='ltr'><strong>ls</strong></span> <span class='ocrx_word' id='word_1_236' title='bbox 837 1698 887 1725; x_wconf 88' lang='lat' dir='ltr'><strong>im-</strong></span> 
     </span>
    </p>
   </div>
   <div class='ocr_carea' id='block_1_37' title="bbox 103 1741 886 1779">
    <p class='ocr_par' dir='ltr' id='par_1_37' title="bbox 103 1741 886 1779">
     <span class='ocr_line' id='line_1_37' title="bbox 103 1741 886 1779; baseline 0.005 -12"><span class='ocrx_word' id='word_1_237' title='bbox 103 1741 217 1776; x_wconf 66' lang='lat' dir='ltr'><strong>perandi</strong></span> <span class='ocrx_word' id='word_1_238' title='bbox 244 1741 356 1769; x_wconf 79' lang='lat' dir='ltr'><strong>libidine</strong></span> <span class='ocrx_word' id='word_1_239' title='bbox 396 1742 507 1776; x_wconf 88' lang='lat' dir='ltr'><strong>ductus,</strong></span> <span class='ocrx_word' id='word_1_240' title='bbox 539 1744 727 1772; x_wconf 77' lang='lat' dir='ltr'><strong>ecclesiastica</strong></span> <span class='ocrx_word' id='word_1_241' title='bbox 756 1744 886 1779; x_wconf 74' lang='lat' dir='ltr'><strong>dignitate</strong></span> 
     </span>
    </p>
   </div>
   <div class='ocr_carea' id='block_1_38' title="bbox 103 1787 885 1824">
    <p class='ocr_par' dir='ltr' id='par_1_38' title="bbox 103 1787 885 1824">
     <span class='ocr_line' id='line_1_38' title="bbox 103 1787 885 1824; baseline 0.006 -13"><span class='ocrx_word' id='word_1_242' title='bbox 103 1791 205 1820; x_wconf 81' lang='lat' dir='ltr'><strong>spreta,</strong></span> <span class='ocrx_word' id='word_1_243' title='bbox 222 1795 334 1821; x_wconf 72' lang='lat' dir='ltr'><strong>regnum</strong></span> <span class='ocrx_word' id='word_1_244' title='bbox 353 1787 456 1815; x_wconf 79' lang='lat' dir='ltr'><strong>invadit</strong></span> <span class='ocrx_word' id='word_1_245' title='bbox 473 1793 508 1820; x_wconf 69' lang='lat' dir='ltr'><strong>;&#39;a</strong></span> <span class='ocrx_word' id='word_1_246' title='bbox 532 1797 586 1823; x_wconf 91' lang='lat' dir='ltr'><strong>quo</strong></span> <span class='ocrx_word' id='word_1_247' title='bbox 606 1793 727 1824; x_wconf 86' lang='lat' dir='ltr'><strong>tempore</strong></span> <span class='ocrx_word' id='word_1_248' title='bbox 756 1789 844 1818; x_wconf 89' lang='lat' dir='ltr'><strong>dictus</strong></span> <span class='ocrx_word' id='word_1_249' title='bbox 871 1797 885 1816; x_wconf 87' lang='lat' dir='ltr'><strong>a</strong></span> 
     </span>
    </p>
   </div>
   <div class='ocr_carea' id='block_1_39' title="bbox 103 1833 884 1871">
    <p class='ocr_par' dir='ltr' id='par_1_39' title="bbox 103 1833 884 1871">
     <span class='ocr_line' id='line_1_39' title="bbox 103 1833 884 1871; baseline 0.004 -11"><span class='ocrx_word' id='word_1_250' title='bbox 103 1833 205 1861; x_wconf 65' lang='lat' dir='ltr'><strong>Graecis</strong></span> <span class='ocrx_word' id='word_1_251' title='bbox 223 1833 328 1869; x_wconf 75' lang='lat' dir='ltr'><strong>Cypriis</strong></span> <span class='ocrx_word' id='word_1_252' title='bbox 349 1834 401 1861; x_wconf 78' lang='lat' dir='ltr'><strong>fult</strong></span> <span class='ocrx_word' id='word_1_253' title='bbox 415 1833 453 1861; x_wconf 80' lang='lat' dir='ltr'><strong>Re</strong></span> <span class='ocrx_word' id='word_1_254' title='bbox 465 1834 550 1871; x_wconf 67' lang='lat' dir='ltr'><strong>luges</strong></span> <span class='ocrx_word' id='word_1_255' title='bbox 568 1835 620 1870; x_wconf 87' lang='lat' dir='ltr'><strong>(sic</strong></span> <span class='ocrx_word' id='word_1_256' title='bbox 631 1835 704 1862; x_wconf 89' lang='lat' dir='ltr'><strong>enim</strong></span> <span class='ocrx_word' id='word_1_257' title='bbox 722 1835 749 1863; x_wconf 92' lang='lat' dir='ltr'><strong>in</strong></span> <span class='ocrx_word' id='word_1_258' title='bbox 767 1837 884 1870; x_wconf 87' lang='lat' dir='ltr'><strong>quodam</strong></span> 
     </span>
    </p>
   </div>
   <div class='ocr_carea' id='block_1_40' title="bbox 104 1880 885 1917">
    <p class='ocr_par' dir='ltr' id='par_1_40' title="bbox 104 1880 885 1917">
     <span class='ocr_line' id='line_1_40' title="bbox 104 1880 885 1917; baseline 0.004 -11"><span class='ocrx_word' id='word_1_259' title='bbox 104 1881 290 1914; x_wconf 78' lang='lat' dir='ltr'><strong>manuscripto</strong></span> <span class='ocrx_word' id='word_1_260' title='bbox 306 1880 395 1908; x_wconf 63' lang='lat' dir='ltr'><strong>libello</strong></span> <span class='ocrx_word' id='word_1_261' title='bbox 407 1888 467 1908; x_wconf 85' lang='lat' dir='ltr'><strong>meo</strong></span> <span class='ocrx_word' id='word_1_262' title='bbox 482 1881 578 1908; x_wconf 71' lang='lat' dir='ltr'><strong>Graeco</strong></span> <span class='ocrx_word' id='word_1_263' title='bbox 592 1881 712 1917; x_wconf 76' lang='lat' dir='ltr'><strong>legitur),</strong></span> <span class='ocrx_word' id='word_1_264' title='bbox 724 1881 885 1917; x_wconf 79' lang='lat' dir='ltr'><strong>appellatio-</strong></span> 
     </span>
    </p>
   </div>
   <div class='ocr_carea' id='block_1_41' title="bbox 104 1926 888 1961">
    <p class='ocr_par' dir='ltr' id='par_1_41' title="bbox 104 1926 888 1961">
     <span class='ocr_line' id='line_1_41' title="bbox 104 1926 888 1961; baseline 0.005 -9"><span class='ocrx_word' id='word_1_265' title='bbox 104 1934 138 1953; x_wconf 90' lang='lat' dir='ltr'><strong>ne</strong></span> <span class='ocrx_word' id='word_1_266' title='bbox 155 1927 253 1959; x_wconf 86' lang='lat' dir='ltr'><strong>partim</strong></span> <span class='ocrx_word' id='word_1_267' title='bbox 269 1926 372 1959; x_wconf 88' lang='lat' dir='ltr'><strong>ltalica,</strong></span> <span class='ocrx_word' id='word_1_268' title='bbox 389 1927 486 1961; x_wconf 83' lang='lat' dir='ltr'><strong>partim</strong></span> <span class='ocrx_word' id='word_1_269' title='bbox 498 1927 612 1955; x_wconf 89' lang='lat' dir='ltr'><strong>Gallica.</strong></span> <span class='ocrx_word' id='word_1_270' title='bbox 640 1928 708 1954; x_wconf 88' lang='lat' dir='ltr'><strong>Nam</strong></span> <span class='ocrx_word' id='word_1_271' title='bbox 724 1928 808 1956; x_wconf 84' lang='lat' dir='ltr'><strong>Gallis</strong></span> <span class='ocrx_word' id='word_1_272' title='bbox 839 1928 888 1956; x_wconf 85' lang='lat' dir='ltr'><strong>Roi</strong></span> 
     </span>
    </p>
   </div>
   <div class='ocr_carea' id='block_1_42' title="bbox 103 1971 887 2008">
    <p class='ocr_par' dir='ltr' id='par_1_42' title="bbox 103 1971 887 2008">
     <span class='ocr_line' id='line_1_42' title="bbox 103 1971 887 2008; baseline 0.004 -10"><span class='ocrx_word' id='word_1_273' title='bbox 103 1971 213 2007; x_wconf 72' lang='lat' dir='ltr'><strong>laques,</strong></span> <span class='ocrx_word' id='word_1_274' title='bbox 229 1979 274 1999; x_wconf 82' lang='lat' dir='ltr'><strong>rex</strong></span> <span class='ocrx_word' id='word_1_275' title='bbox 292 1971 411 2000; x_wconf 78' lang='lat' dir='ltr'><strong>Jacobus</strong></span> <span class='ocrx_word' id='word_1_276' title='bbox 424 1978 475 2000; x_wconf 88' lang='lat' dir='ltr'><strong>est.</strong></span> <span class='ocrx_word' id='word_1_277' title='bbox 509 1973 640 2001; x_wconf 82' lang='lat' dir='ltr'><strong>Karulota</strong></span> <span class='ocrx_word' id='word_1_278' title='bbox 656 1974 791 2001; x_wconf 78' lang='lat' dir='ltr'><strong>secundas</strong></span> <span class='ocrx_word' id='word_1_279' title='bbox 819 1983 887 2008; x_wconf 84' lang='lat' dir='ltr'><strong>nup-</strong></span> 
     </span>
    </p>
   </div>
   <div class='ocr_carea' id='block_1_43' title="bbox 103 2017 886 2048">
    <p class='ocr_par' dir='ltr' id='par_1_43' title="bbox 103 2017 886 2048">
     <span class='ocr_line' id='line_1_43' title="bbox 103 2017 886 2048; baseline 0.005 -4"><span class='ocrx_word' id='word_1_280' title='bbox 103 2017 156 2045; x_wconf 85' lang='lat' dir='ltr'><strong>tias</strong></span> <span class='ocrx_word' id='word_1_281' title='bbox 167 2025 228 2045; x_wconf 92' lang='lat' dir='ltr'><strong>cum</strong></span> <span class='ocrx_word' id='word_1_282' title='bbox 249 2018 387 2046; x_wconf 82' lang='lat' dir='ltr'><strong>Ludovico</strong></span> <span class='ocrx_word' id='word_1_283' title='bbox 405 2018 524 2047; x_wconf 87' lang='lat' dir='ltr'><strong>Sabaudi</strong></span> <span class='ocrx_word' id='word_1_284' title='bbox 555 2021 635 2048; x_wconf 89' lang='lat' dir='ltr'><strong>ducis</strong></span> <span class='ocrx_word' id='word_1_285' title='bbox 660 2020 716 2047; x_wconf 90' lang='lat' dir='ltr'><strong>ﬁlio</strong></span> <span class='ocrx_word' id='word_1_286' title='bbox 739 2021 886 2048; x_wconf 83' lang='lat' dir='ltr'><strong>contrahit.</strong></span> 
     </span>
    </p>
   </div>
   <div class='ocr_carea' id='block_1_44' title="bbox 104 2063 889 2100">
    <p class='ocr_par' dir='ltr' id='par_1_44' title="bbox 104 2063 889 2100">
     <span class='ocr_line' id='line_1_44' title="bbox 104 2063 889 2100; baseline 0.005 -10"><span class='ocrx_word' id='word_1_287' title='bbox 104 2063 128 2090; x_wconf 89' lang='lat' dir='ltr'><strong>Is</strong></span> <span class='ocrx_word' id='word_1_288' title='bbox 144 2063 259 2091; x_wconf 84' lang='lat' dir='ltr'><strong>classem</strong></span> <span class='ocrx_word' id='word_1_289' title='bbox 278 2063 415 2097; x_wconf 82' lang='lat' dir='ltr'><strong>intruens,</strong></span> <span class='ocrx_word' id='word_1_290' title='bbox 432 2065 457 2091; x_wconf 92' lang='lat' dir='ltr'><strong>iu</strong></span> <span class='ocrx_word' id='word_1_291' title='bbox 473 2065 590 2100; x_wconf 88' lang='lat' dir='ltr'><strong>Cyprum</strong></span> <span class='ocrx_word' id='word_1_292' title='bbox 603 2073 664 2092; x_wconf 92' lang='lat' dir='ltr'><strong>eum</strong></span> <span class='ocrx_word' id='word_1_293' title='bbox 674 2065 806 2094; x_wconf 81' lang='lat' dir='ltr'><strong>Karulota</strong></span> <span class='ocrx_word' id='word_1_294' title='bbox 823 2074 889 2094; x_wconf 80' lang='lat' dir='ltr'><strong>con-</strong></span> 
     </span>
    </p>
   </div>
   <div class='ocr_carea' id='block_1_45' title="bbox 100 2109 886 2146">
    <p class='ocr_par' dir='ltr' id='par_1_45' title="bbox 100 2109 886 2146">
     <span class='ocr_line' id='line_1_45' title="bbox 100 2109 886 2146; baseline 0.006 -11"><span class='ocrx_word' id='word_1_295' title='bbox 100 2109 166 2144; x_wconf 71' lang='lat' dir='ltr'><strong>juge</strong></span> <span class='ocrx_word' id='word_1_296' title='bbox 191 2109 383 2144; x_wconf 89' lang='lat' dir='ltr'><strong>proﬁciscitur.</strong></span> <span class='ocrx_word' id='word_1_297' title='bbox 408 2110 549 2138; x_wconf 76' lang='lat' dir='ltr'><strong>Redeunte</strong></span> <span class='ocrx_word' id='word_1_298' title='bbox 572 2111 691 2146; x_wconf 81' lang='lat' dir='ltr'><strong>legitima</strong></span> <span class='ocrx_word' id='word_1_299' title='bbox 714 2113 787 2146; x_wconf 68' lang='lat' dir='ltr'><strong>regis</strong></span> <span class='ocrx_word' id='word_1_300' title='bbox 821 2113 886 2146; x_wconf 88' lang='lat' dir='ltr'><strong>ﬁlia,</strong></span> 
     </span>
    </p>
   </div>
   <div class='ocr_carea' id='block_1_46' title="bbox 101 2156 887 2193">
    <p class='ocr_par' dir='ltr' id='par_1_46' title="bbox 101 2156 887 2193">
     <span class='ocr_line' id='line_1_46' title="bbox 101 2156 887 2193; baseline 0.003 -9"><span class='ocrx_word' id='word_1_301' title='bbox 101 2156 230 2191; x_wconf 79' lang='lat' dir='ltr'><strong>iustaque</strong></span> <span class='ocrx_word' id='word_1_302' title='bbox 246 2157 321 2191; x_wconf 74' lang='lat' dir='ltr'><strong>regni</strong></span> <span class='ocrx_word' id='word_1_303' title='bbox 338 2156 454 2188; x_wconf 65' lang='lat' dir='ltr'><strong>haerede,</strong></span> <span class='ocrx_word' id='word_1_304' title='bbox 470 2157 588 2185; x_wconf 82' lang='lat' dir='ltr'><strong>Jacobus</strong></span> <span class='ocrx_word' id='word_1_305' title='bbox 604 2158 706 2185; x_wconf 88' lang='lat' dir='ltr'><strong>nothus</strong></span> <span class='ocrx_word' id='word_1_306' title='bbox 722 2166 805 2192; x_wconf 80' lang='lat' dir='ltr'><strong>regno</strong></span> <span class='ocrx_word' id='word_1_307' title='bbox 831 2160 887 2193; x_wconf 86' lang='lat' dir='ltr'><strong>pet-</strong></span> 
     </span>
    </p>
   </div>
   <div class='ocr_carea' id='block_1_47' title="bbox 101 2201 887 2239">
    <p class='ocr_par' dir='ltr' id='par_1_47' title="bbox 101 2201 887 2239">
     <span class='ocr_line' id='line_1_47' title="bbox 101 2201 887 2239; baseline 0.005 -11"><span class='ocrx_word' id='word_1_308' title='bbox 101 2202 178 2229; x_wconf 76' lang='lat' dir='ltr'><strong>}itur.</strong></span> <span class='ocrx_word' id='word_1_309' title='bbox 191 2201 301 2235; x_wconf 85' lang='lat' dir='ltr'><strong>Ejectus</strong></span> <span class='ocrx_word' id='word_1_310' title='bbox 315 2201 348 2229; x_wconf 87' lang='lat' dir='ltr'><strong>ad</strong></span> <span class='ocrx_word' id='word_1_311' title='bbox 365 2203 504 2230; x_wconf 87' lang='lat' dir='ltr'><strong>sultanum</strong></span> <span class='ocrx_word' id='word_1_312' title='bbox 518 2202 625 2239; x_wconf 65' lang='lat' dir='ltr'><strong>(Egypti</strong></span> <span class='ocrx_word' id='word_1_313' title='bbox 655 2204 796 2239; x_wconf 60' lang='lat' dir='ltr'><strong>Syrimque</strong></span> <span class='ocrx_word' id='word_1_314' title='bbox 822 2212 887 2232; x_wconf 65' lang='lat' dir='ltr'><strong>con&lt;</strong></span> 
     </span>
    </p>
   </div>
   <div class='ocr_carea' id='block_1_48' title="bbox 104 2247 926 2285">
    <p class='ocr_par' dir='ltr' id='par_1_48' title="bbox 104 2247 926 2285">
     <span class='ocr_line' id='line_1_48' title="bbox 104 2247 926 2285; baseline 0.006 -12"><span class='ocrx_word' id='word_1_315' title='bbox 104 2247 184 2282; x_wconf 80' lang='lat' dir='ltr'><strong>fugit,</strong></span> <span class='ocrx_word' id='word_1_316' title='bbox 198 2248 421 2283; x_wconf 80' lang='lat' dir='ltr'><strong>Alesseraphum,</strong></span> <span class='ocrx_word' id='word_1_317' title='bbox 435 2253 462 2276; x_wconf 91' lang='lat' dir='ltr'><strong>et</strong></span> <span class='ocrx_word' id='word_1_318' title='bbox 472 2256 550 2283; x_wconf 87' lang='lat' dir='ltr'><strong>opem</strong></span> <span class='ocrx_word' id='word_1_319' title='bbox 557 2249 616 2282; x_wconf 84' lang='lat' dir='ltr'><strong>ejus</strong></span> <span class='ocrx_word' id='word_1_320' title='bbox 625 2250 658 2277; x_wconf 92' lang='lat' dir='ltr'><strong>ad</strong></span> <span class='ocrx_word' id='word_1_321' title='bbox 669 2251 886 2285; x_wconf 77' lang='lat' dir='ltr'><strong>rec-Iperandum</strong></span> <span class='ocrx_word' id='word_1_322' title='bbox 905 2257 926 2285; x_wconf 78' lang='grc' dir='ltr'><strong>ῐ)</strong></span> 
     </span>
    </p>
   </div>
   <div class='ocr_carea' id='block_1_49' title="bbox 103 2294 888 2330">
    <p class='ocr_par' dir='ltr' id='par_1_49' title="bbox 103 2294 888 2330">
     <span class='ocr_line' id='line_1_49' title="bbox 103 2294 888 2330; baseline 0.005 -9"><span class='ocrx_word' id='word_1_323' title='bbox 103 2302 218 2329; x_wconf 75' lang='lat' dir='ltr'><strong>regnum</strong></span> <span class='ocrx_word' id='word_1_324' title='bbox 234 2294 371 2329; x_wconf 90' lang='lat' dir='ltr'><strong>implorat.</strong></span> <span class='ocrx_word' id='word_1_325' title='bbox 387 2294 523 2323; x_wconf 83' lang='lat' dir='ltr'><strong>Assensus</strong></span> <span class='ocrx_word' id='word_1_326' title='bbox 545 2296 688 2330; x_wconf 77' lang='lat' dir='ltr'><strong>postulatis</strong></span> <span class='ocrx_word' id='word_1_327' title='bbox 711 2296 805 2324; x_wconf 85' lang='lat' dir='ltr'><strong>Jacobi</strong></span> <span class='ocrx_word' id='word_1_328' title='bbox 831 2298 888 2325; x_wconf 90' lang='lat' dir='ltr'><strong>sul-</strong></span> 
     </span>
    </p>
   </div>
   <div class='ocr_carea' id='block_1_50' title="bbox 103 2341 886 2378">
    <p class='ocr_par' dir='ltr' id='par_1_50' title="bbox 103 2341 886 2378">
     <span class='ocr_line' id='line_1_50' title="bbox 103 2341 886 2378; baseline 0.003 -10"><span class='ocrx_word' id='word_1_329' title='bbox 103 2347 195 2373; x_wconf 77' lang='lat' dir='ltr'><strong>lanus,</strong></span> <span class='ocrx_word' id='word_1_330' title='bbox 207 2349 269 2369; x_wconf 87' lang='lat' dir='ltr'><strong>eum</strong></span> <span class='ocrx_word' id='word_1_331' title='bbox 282 2342 361 2376; x_wconf 90' lang='lat' dir='ltr'><strong>pulso</strong></span> <span class='ocrx_word' id='word_1_332' title='bbox 377 2341 495 2370; x_wconf 85' lang='lat' dir='ltr'><strong>vicissim</strong></span> <span class='ocrx_word' id='word_1_333' title='bbox 515 2349 577 2370; x_wconf 89' lang='lat' dir='ltr'><strong>cum</strong></span> <span class='ocrx_word' id='word_1_334' title='bbox 590 2342 722 2370; x_wconf 80' lang='lat' dir='ltr'><strong>Karulota</strong></span> <span class='ocrx_word' id='word_1_335' title='bbox 747 2343 886 2378; x_wconf 80' lang='lat' dir='ltr'><strong>Sabaudo,</strong></span> 
     </span>
    </p>
   </div>
   <div class='ocr_carea' id='block_1_51' title="bbox 103 2381 888 2423">
    <p class='ocr_par' dir='ltr' id='par_1_51' title="bbox 103 2381 888 2423">
     <span class='ocr_line' id='line_1_51' title="bbox 103 2381 888 2423; baseline 0.004 -11"><span class='ocrx_word' id='word_1_336' title='bbox 103 2381 255 2421; x_wconf 19' lang='lat' dir='ltr'><strong>in’rcgnum</strong></span> <span class='ocrx_word' id='word_1_337' title='bbox 271 2387 386 2418; x_wconf 83' lang='lat' dir='ltr'><strong>reducit,</strong></span> <span class='ocrx_word' id='word_1_338' title='bbox 409 2392 437 2414; x_wconf 89' lang='lat' dir='ltr'><strong>et</strong></span> <span class='ocrx_word' id='word_1_339' title='bbox 465 2388 575 2414; x_wconf 86' lang='lat' dir='ltr'><strong>nomine</strong></span> <span class='ocrx_word' id='word_1_340' title='bbox 599 2388 778 2415; x_wconf 85' lang='lat' dir='ltr'><strong>restitutionis</strong></span> <span class='ocrx_word' id='word_1_341' title='bbox 807 2389 888 2423; x_wconf 90' lang='lat' dir='ltr'><strong>hujus</strong></span> 
     </span>
    </p>
   </div>
   <div class='ocr_carea' id='block_1_52' title="bbox 102 2431 888 2469">
    <p class='ocr_par' dir='ltr' id='par_1_52' title="bbox 102 2431 888 2469">
     <span class='ocr_line' id='line_1_52' title="bbox 102 2431 888 2469; baseline 0.003 -11"><span class='ocrx_word' id='word_1_342' title='bbox 102 2439 133 2458; x_wconf 88' lang='lat' dir='ltr'><strong>ac</strong></span> <span class='ocrx_word' id='word_1_343' title='bbox 148 2431 273 2459; x_wconf 86' lang='lat' dir='ltr'><strong>beneﬁcii</strong></span> <span class='ocrx_word' id='word_1_344' title='bbox 286 2432 419 2469; x_wconf 86' lang='lat' dir='ltr'><strong>tributum</strong></span> <span class='ocrx_word' id='word_1_345' title='bbox 434 2440 488 2459; x_wconf 80' lang='lat' dir='ltr'><strong>non</strong></span> <span class='ocrx_word' id='word_1_346' title='bbox 505 2433 590 2460; x_wconf 87' lang='lat' dir='ltr'><strong>invito</strong></span> <span class='ocrx_word' id='word_1_347' title='bbox 606 2432 732 2467; x_wconf 75' lang='lat' dir='ltr'><strong>imperat.</strong></span> <span class='ocrx_word' id='word_1_348' title='bbox 758 2433 784 2460; x_wconf 89' lang='lat' dir='ltr'><strong>Id</strong></span> <span class='ocrx_word' id='word_1_349' title='bbox 801 2434 888 2460; x_wconf 87' lang='lat' dir='ltr'><strong>tribu-</strong></span> 
     </span>
    </p>
   </div>
   <div class='ocr_carea' id='block_1_53' title="bbox 102 2478 885 2513">
    <p class='ocr_par' dir='ltr' id='par_1_53' title="bbox 102 2478 885 2513">
     <span class='ocr_line' id='line_1_53' title="bbox 102 2478 885 2513; baseline 0.003 -9"><span class='ocrx_word' id='word_1_350' title='bbox 102 2482 157 2505; x_wconf 86' lang='lat' dir='ltr'><strong>tum</strong></span> <span class='ocrx_word' id='word_1_351' title='bbox 170 2485 202 2505; x_wconf 81' lang='lat' dir='ltr'><strong>ex</strong></span> <span class='ocrx_word' id='word_1_352' title='bbox 216 2479 353 2506; x_wconf 83' lang='lat' dir='ltr'><strong>mercibus</strong></span> <span class='ocrx_word' id='word_1_353' title='bbox 367 2478 513 2513; x_wconf 81' lang='lat' dir='ltr'><strong>quotannis</strong></span> <span class='ocrx_word' id='word_1_354' title='bbox 526 2479 636 2506; x_wconf 85' lang='lat' dir='ltr'><strong>sultano</strong></span> <span class='ocrx_word' id='word_1_355' title='bbox 652 2479 789 2506; x_wconf 79' lang='lat' dir='ltr'><strong>solvendis</strong></span> <span class='ocrx_word' id='word_1_356' title='bbox 816 2487 885 2508; x_wconf 88' lang='lat' dir='ltr'><strong>con-</strong></span> 
     </span>
    </p>
   </div>
   <div class='ocr_carea' id='block_1_54' title="bbox 102 2525 888 2560">
    <p class='ocr_par' dir='ltr' id='par_1_54' title="bbox 102 2525 888 2560">
     <span class='ocr_line' id='line_1_54' title="bbox 102 2525 888 2560; baseline 0.003 -10"><span class='ocrx_word' id='word_1_357' title='bbox 102 2526 201 2556; x_wconf 82' lang='lat' dir='ltr'><strong>stabat,</strong></span> <span class='ocrx_word' id='word_1_358' title='bbox 219 2529 295 2551; x_wconf 90' lang='lat' dir='ltr'><strong>certo</strong></span> <span class='ocrx_word' id='word_1_359' title='bbox 313 2525 444 2551; x_wconf 85' lang='lat' dir='ltr'><strong>mercium</strong></span> <span class='ocrx_word' id='word_1_360' title='bbox 457 2532 568 2559; x_wconf 75' lang='lat' dir='ltr'><strong>genere,</strong></span> <span class='ocrx_word' id='word_1_361' title='bbox 599 2525 809 2560; x_wconf 87' lang='lat' dir='ltr'><strong>specierumque</strong></span> <span class='ocrx_word' id='word_1_362' title='bbox 838 2533 888 2552; x_wconf 86' lang='lat' dir='ltr'><strong>nu-</strong></span> 
     </span>
    </p>
   </div>
   <div class='ocr_carea' id='block_1_55' title="bbox 101 2569 887 2605">
    <p class='ocr_par' dir='ltr' id='par_1_55' title="bbox 101 2569 887 2605">
     <span class='ocr_line' id='line_1_55' title="bbox 101 2569 887 2605; baseline 0.004 -10"><span class='ocrx_word' id='word_1_363' title='bbox 101 2577 177 2596; x_wconf 82' lang='lat' dir='ltr'><strong>mero</strong></span> <span class='ocrx_word' id='word_1_364' title='bbox 190 2577 331 2603; x_wconf 79' lang='lat' dir='ltr'><strong>expresso.</strong></span> <span class='ocrx_word' id='word_1_365' title='bbox 346 2569 466 2597; x_wconf 81' lang='lat' dir='ltr'><strong>Necdum</strong></span> <span class='ocrx_word' id='word_1_366' title='bbox 483 2571 509 2597; x_wconf 89' lang='lat' dir='ltr'><strong>id</strong></span> <span class='ocrx_word' id='word_1_367' title='bbox 537 2570 668 2605; x_wconf 88' lang='lat' dir='ltr'><strong>temporis</strong></span> <span class='ocrx_word' id='word_1_368' title='bbox 681 2579 792 2598; x_wconf 76' lang='lat' dir='ltr'><strong>uxorem</strong></span> <span class='ocrx_word' id='word_1_369' title='bbox 809 2570 887 2598; x_wconf 81' lang='lat' dir='ltr'><strong>Jaco-</strong></span> 
     </span>
    </p>
   </div>
   <div class='ocr_carea' id='block_1_56' title="bbox 100 2614 884 2650">
    <p class='ocr_par' dir='ltr' id='par_1_56' title="bbox 100 2614 884 2650">
     <span class='ocr_line' id='line_1_56' title="bbox 100 2614 884 2650; baseline 0.004 -10"><span class='ocrx_word' id='word_1_370' title='bbox 100 2615 151 2641; x_wconf 73' lang='lat' dir='ltr'><strong>bus</strong></span> <span class='ocrx_word' id='word_1_371' title='bbox 165 2615 290 2641; x_wconf 81' lang='lat' dir='ltr'><strong>duxerat.</strong></span> <span class='ocrx_word' id='word_1_372' title='bbox 305 2615 400 2648; x_wconf 85' lang='lat' dir='ltr'><strong>Itaque</strong></span> <span class='ocrx_word' id='word_1_373' title='bbox 416 2614 544 2642; x_wconf 86' lang='lat' dir='ltr'><strong>Venetias</strong></span> <span class='ocrx_word' id='word_1_374' title='bbox 563 2615 714 2650; x_wconf 79' lang='lat' dir='ltr'><strong>profectus.</strong></span> <span class='ocrx_word' id='word_1_375' title='bbox 746 2615 884 2644; x_wconf 62' lang='lat' dir='ltr'><strong>JEcateri-</strong></span> 
     </span>
    </p>
   </div>
   <div class='ocr_carea' id='block_1_57' title="bbox 100 2660 879 2694">
    <p class='ocr_par' dir='ltr' id='par_1_57' title="bbox 100 2660 879 2694">
     <span class='ocr_line' id='line_1_57' title="bbox 100 2660 879 2694; baseline 0.004 -9"><span class='ocrx_word' id='word_1_376' title='bbox 100 2668 163 2686; x_wconf 71' lang='lat' dir='ltr'><strong>nam</strong></span> <span class='ocrx_word' id='word_1_377' title='bbox 178 2660 341 2691; x_wconf 70' lang='lat' dir='ltr'><strong>Cornaram,</strong></span> <span class='ocrx_word' id='word_1_378' title='bbox 354 2661 430 2694; x_wconf 91' lang='lat' dir='ltr'><strong>prius</strong></span> <span class='ocrx_word' id='word_1_379' title='bbox 443 2668 458 2687; x_wconf 69' lang='grc' dir='ltr'><em>δ</em></span> <span class='ocrx_word' id='word_1_380' title='bbox 473 2665 569 2688; x_wconf 87' lang='lat' dir='ltr'><strong>senatu</strong></span> <span class='ocrx_word' id='word_1_381' title='bbox 586 2660 677 2688; x_wconf 91' lang='lat' dir='ltr'><strong>Sancti</strong></span> <span class='ocrx_word' id='word_1_382' title='bbox 697 2661 778 2688; x_wconf 78' lang='lat' dir='ltr'><strong>Marci</strong></span> <span class='ocrx_word' id='word_1_383' title='bbox 796 2662 879 2689; x_wconf 87' lang='lat' dir='ltr'><strong>ﬁliam</strong></span> 
     </span>
    </p>
   </div>
   <div class='ocr_carea' id='block_1_58' title="bbox 99 2705 888 2741">
    <p class='ocr_par' dir='ltr' id='par_1_58' title="bbox 99 2705 888 2741">
     <span class='ocr_line' id='line_1_58' title="bbox 99 2705 888 2741; baseline 0.004 -10"><span class='ocrx_word' id='word_1_384' title='bbox 99 2705 268 2739; x_wconf 74' lang='lat' dir='ltr'><strong>adoptatum,</strong></span> <span class='ocrx_word' id='word_1_385' title='bbox 284 2706 433 2734; x_wconf 86' lang='lat' dir='ltr'><strong>constituta</strong></span> <span class='ocrx_word' id='word_1_386' title='bbox 451 2706 485 2733; x_wconf 90' lang='lat' dir='ltr'><strong>de</strong></span> <span class='ocrx_word' id='word_1_387' title='bbox 515 2707 623 2741; x_wconf 91' lang='lat' dir='ltr'><strong>publico</strong></span> <span class='ocrx_word' id='word_1_388' title='bbox 640 2707 714 2740; x_wconf 78' lang='lat' dir='ltr'><strong>dote,</strong></span> <span class='ocrx_word' id='word_1_389' title='bbox 744 2707 888 2734; x_wconf 87' lang='lat' dir='ltr'><strong>matrimo-</strong></span> 
     </span>
    </p>
   </div>
   <div class='ocr_carea' id='block_1_59' title="bbox 100 2750 887 2784">
    <p class='ocr_par' dir='ltr' id='par_1_59' title="bbox 100 2750 887 2784">
     <span class='ocr_line' id='line_1_59' title="bbox 100 2750 887 2784; baseline 0.005 -9"><span class='ocrx_word' id='word_1_390' title='bbox 100 2750 146 2776; x_wconf 87' lang='lat' dir='ltr'><strong>nio</strong></span> <span class='ocrx_word' id='word_1_391' title='bbox 162 2750 215 2776; x_wconf 76' lang='lat' dir='ltr'><strong>sibi</strong></span> <span class='ocrx_word' id='word_1_392' title='bbox 232 2751 339 2784; x_wconf 62' lang='lat' dir='ltr'><strong>copulat</strong></span> <span class='ocrx_word' id='word_1_393' title='bbox 353 2760 361 2783; x_wconf 87' lang='lat'><strong>;</strong></span> <span class='ocrx_word' id='word_1_394' title='bbox 380 2757 409 2778; x_wconf 89' lang='lat' dir='ltr'><strong>ut</strong></span> <span class='ocrx_word' id='word_1_395' title='bbox 429 2752 479 2779; x_wconf 70' lang='lat' dir='ltr'><strong>huc</strong></span> <span class='ocrx_word' id='word_1_396' title='bbox 504 2752 653 2779; x_wconf 79' lang='lat' dir='ltr'><strong>adﬁnitatis</strong></span> <span class='ocrx_word' id='word_1_397' title='bbox 669 2751 779 2780; x_wconf 67' lang='lat' dir='ltr'><strong>Venetae</strong></span> <span class='ocrx_word' id='word_1_398' title='bbox 793 2753 887 2779; x_wconf 87' lang='lat' dir='ltr'><strong>vincu-</strong></span> 
     </span>
    </p>
   </div>
   <div class='ocr_carea' id='block_1_60' title="bbox 99 2796 886 2834">
    <p class='ocr_par' dir='ltr' id='par_1_60' title="bbox 99 2796 886 2834">
     <span class='ocr_line' id='line_1_60' title="bbox 99 2796 886 2834; baseline 0.004 -12"><span class='ocrx_word' id='word_1_399' title='bbox 99 2796 136 2827; x_wconf 86' lang='lat' dir='ltr'><strong>lu,</strong></span> <span class='ocrx_word' id='word_1_400' title='bbox 152 2797 349 2829; x_wconf 69' lang='lat' dir='ltr'><strong>potentissima:</strong></span> <span class='ocrx_word' id='word_1_401' title='bbox 364 2797 432 2824; x_wconf 86' lang='lat' dir='ltr'><strong>mari</strong></span> <span class='ocrx_word' id='word_1_402' title='bbox 459 2798 616 2832; x_wconf 79' lang='lat' dir='ltr'><strong>reipublica:</strong></span> <span class='ocrx_word' id='word_1_403' title='bbox 648 2798 774 2832; x_wconf 63' lang='lat' dir='ltr'><strong>praesidio</strong></span> <span class='ocrx_word' id='word_1_404' title='bbox 801 2806 886 2834; x_wconf 80' lang='lat' dir='ltr'><strong>seque</strong></span> 
     </span>
    </p>
   </div>
   <div class='ocr_carea' id='block_1_61' title="bbox 99 2843 886 2879">
    <p class='ocr_par' dir='ltr' id='par_1_61' title="bbox 99 2843 886 2879">
     <span class='ocr_line' id='line_1_61' title="bbox 99 2843 886 2879; baseline 0.005 -12"><span class='ocrx_word' id='word_1_405' title='bbox 99 2847 270 2876; x_wconf 76' lang='lat' dir='ltr'><strong>regnumque</strong></span> <span class='ocrx_word' id='word_1_406' title='bbox 284 2850 364 2868; x_wconf 82' lang='lat' dir='ltr'><strong>suum</strong></span> <span class='ocrx_word' id='word_1_407' title='bbox 381 2843 524 2870; x_wconf 79' lang='lat' dir='ltr'><strong>stabiliret.</strong></span> <span class='ocrx_word' id='word_1_408' title='bbox 544 2843 597 2870; x_wconf 80' lang='lat' dir='ltr'><strong>Nec</strong></span> <span class='ocrx_word' id='word_1_409' title='bbox 624 2844 710 2871; x_wconf 91' lang='lat' dir='ltr'><strong>multo</strong></span> <span class='ocrx_word' id='word_1_410' title='bbox 726 2849 796 2879; x_wconf 89' lang='lat' dir='ltr'><strong>post,</strong></span> <span class='ocrx_word' id='word_1_411' title='bbox 823 2845 886 2871; x_wconf 88' lang='lat' dir='ltr'><strong>reli-</strong></span> 
     </span>
    </p>
   </div>
   <div class='ocr_carea' id='block_1_62' title="bbox 99 2887 882 2925">
    <p class='ocr_par' dir='ltr' id='par_1_62' title="bbox 99 2887 882 2925">
     <span class='ocr_line' id='line_1_62' title="bbox 99 2887 882 2925; baseline 0.006 -12"><span class='ocrx_word' id='word_1_412' title='bbox 99 2892 142 2913; x_wconf 87' lang='lat' dir='ltr'><strong>cta</strong></span> <span class='ocrx_word' id='word_1_413' title='bbox 155 2887 271 2921; x_wconf 75' lang='lat' dir='ltr'><strong>conjuge</strong></span> <span class='ocrx_word' id='word_1_414' title='bbox 287 2895 451 2922; x_wconf 75' lang='lat' dir='ltr'><strong>p&#39;a-gnaute,</strong></span> <span class='ocrx_word' id='word_1_415' title='bbox 473 2889 598 2916; x_wconf 81' lang='lat' dir='ltr'><strong>moritur.</strong></span> <span class='ocrx_word' id='word_1_416' title='bbox 612 2889 732 2925; x_wconf 73' lang='lat' dir='ltr'><strong>Contigit</strong></span> <span class='ocrx_word' id='word_1_417' title='bbox 746 2891 797 2918; x_wconf 86' lang='lat' dir='ltr'><strong>hoc</strong></span> <span class='ocrx_word' id='word_1_418' title='bbox 809 2898 882 2919; x_wconf 78' lang='lat' dir='ltr'><strong>anno</strong></span> 
     </span>
    </p>
   </div>
   <div class='ocr_carea' id='block_1_63' title="bbox 936 284 1718 324">
    <p class='ocr_par' dir='ltr' id='par_1_63' title="bbox 936 284 1718 324">
     <span class='ocr_line' id='line_1_63' title="bbox 936 284 1718 324; baseline 0.001 -12"><span class='ocrx_word' id='word_1_419' title='bbox 936 289 980 312; x_wconf 87' lang='lat' dir='ltr'><strong>cto</strong></span> <span class='ocrx_word' id='word_1_420' title='bbox 993 292 1065 318; x_wconf 77' lang='lat' dir='ltr'><strong>rege,</strong></span> <span class='ocrx_word' id='word_1_421' title='bbox 1082 285 1256 319; x_wconf 86' lang='lat' dir='ltr'><strong>posthumum</strong></span> <span class='ocrx_word' id='word_1_422' title='bbox 1270 284 1361 319; x_wconf 79' lang='lat' dir='ltr'><strong>regina</strong></span> <span class='ocrx_word' id='word_1_423' title='bbox 1390 292 1494 312; x_wconf 83' lang='lat' dir='ltr'><strong>marem</strong></span> <span class='ocrx_word' id='word_1_424' title='bbox 1507 286 1586 324; x_wconf 64' lang='lat' dir='ltr'><strong>parit,</strong></span> <span class='ocrx_word' id='word_1_425' title='bbox 1603 286 1648 321; x_wconf 91' lang='lat' dir='ltr'><strong>qui</strong></span> <span class='ocrx_word' id='word_1_426' title='bbox 1677 291 1718 313; x_wconf 89' lang='lat' dir='ltr'><strong>ta-</strong></span> 
     </span>
    </p>
   </div>
   <div class='ocr_carea' id='block_1_64' title="bbox 937 329 1717 364">
    <p class='ocr_par' dir='ltr' id='par_1_64' title="bbox 937 329 1717 364">
     <span class='ocr_line' id='line_1_64' title="bbox 937 329 1717 364; baseline 0.001 -7"><span class='ocrx_word' id='word_1_427' title='bbox 937 337 997 357; x_wconf 91' lang='lat' dir='ltr'><strong>men</strong></span> <span class='ocrx_word' id='word_1_428' title='bbox 1015 338 1068 357; x_wconf 93' lang='lat' dir='ltr'><strong>non</strong></span> <span class='ocrx_word' id='word_1_429' title='bbox 1085 330 1130 358; x_wconf 87' lang='lat' dir='ltr'><strong>diu</strong></span> <span class='ocrx_word' id='word_1_430' title='bbox 1143 335 1281 364; x_wconf 88' lang='lat' dir='ltr'><strong>superstes</strong></span> <span class='ocrx_word' id='word_1_431' title='bbox 1297 330 1357 357; x_wconf 80' lang='lat' dir='ltr'><strong>fuit.</strong></span> <span class='ocrx_word' id='word_1_432' title='bbox 1372 329 1442 357; x_wconf 86' lang='lat' dir='ltr'><strong>Tum</strong></span> <span class='ocrx_word' id='word_1_433' title='bbox 1458 338 1523 358; x_wconf 88' lang='lat' dir='ltr'><strong>vero</strong></span> <span class='ocrx_word' id='word_1_434' title='bbox 1553 330 1649 358; x_wconf 87' lang='lat' dir='ltr'><strong>Veneti</strong></span> <span class='ocrx_word' id='word_1_435' title='bbox 1674 332 1717 358; x_wconf 80' lang='lat' dir='ltr'><strong>vi-</strong></span> 
     </span>
    </p>
   </div>
   <div class='ocr_carea' id='block_1_65' title="bbox 936 376 1717 411">
    <p class='ocr_par' dir='ltr' id='par_1_65' title="bbox 936 376 1717 411">
     <span class='ocr_line' id='line_1_65' title="bbox 936 376 1717 411; baseline 0 -7"><span class='ocrx_word' id='word_1_436' title='bbox 936 376 997 404; x_wconf 71' lang='lat' dir='ltr'><strong>dua:</strong></span> <span class='ocrx_word' id='word_1_437' title='bbox 1028 376 1204 410; x_wconf 86' lang='lat' dir='ltr'><strong>persuadent,</strong></span> <span class='ocrx_word' id='word_1_438' title='bbox 1219 381 1249 403; x_wconf 94' lang='lat' dir='ltr'><strong>ut</strong></span> <span class='ocrx_word' id='word_1_439' title='bbox 1268 383 1352 411; x_wconf 76' lang='lat' dir='ltr'><strong>regno</strong></span> <span class='ocrx_word' id='word_1_440' title='bbox 1361 377 1479 409; x_wconf 86' lang='lat' dir='ltr'><strong>cederet,</strong></span> <span class='ocrx_word' id='word_1_441' title='bbox 1493 377 1537 404; x_wconf 93' lang='lat' dir='ltr'><strong>cui</strong></span> <span class='ocrx_word' id='word_1_442' title='bbox 1547 377 1717 404; x_wconf 82' lang='lat' dir='ltr'><strong>defendendo</strong></span> 
     </span>
    </p>
   </div>
   <div class='ocr_carea' id='block_1_66' title="bbox 937 420 1718 457">
    <p class='ocr_par' dir='ltr' id='par_1_66' title="bbox 937 420 1718 457">
     <span class='ocr_line' id='line_1_66' title="bbox 937 420 1718 457; baseline 0.003 -10"><span class='ocrx_word' id='word_1_443' title='bbox 937 428 986 455; x_wconf 84' lang='lat' dir='ltr'><strong>par</strong></span> <span class='ocrx_word' id='word_1_444' title='bbox 1001 420 1058 454; x_wconf 90' lang='lat' dir='ltr'><strong>ipsa</strong></span> <span class='ocrx_word' id='word_1_445' title='bbox 1074 427 1128 448; x_wconf 94' lang='lat' dir='ltr'><strong>non</strong></span> <span class='ocrx_word' id='word_1_446' title='bbox 1144 425 1225 451; x_wconf 86' lang='lat' dir='ltr'><strong>esset.</strong></span> <span class='ocrx_word' id='word_1_447' title='bbox 1245 429 1391 455; x_wconf 76' lang='lat' dir='ltr'><strong>annuoque</strong></span> <span class='ocrx_word' id='word_1_448' title='bbox 1406 422 1494 448; x_wconf 87' lang='lat' dir='ltr'><strong>reditu</strong></span> <span class='ocrx_word' id='word_1_449' title='bbox 1524 427 1644 457; x_wconf 86' lang='lat' dir='ltr'><strong>quatuor</strong></span> <span class='ocrx_word' id='word_1_450' title='bbox 1671 427 1718 449; x_wconf 86' lang='lat' dir='ltr'><strong>aut</strong></span> 
     </span>
    </p>
   </div>
   <div class='ocr_carea' id='block_1_67' title="bbox 936 467 1716 501">
    <p class='ocr_par' dir='ltr' id='par_1_67' title="bbox 936 467 1716 501">
     <span class='ocr_line' id='line_1_67' title="bbox 936 467 1716 501; baseline 0 -8"><span class='ocrx_word' id='word_1_451' title='bbox 936 467 1058 501; x_wconf 86' lang='lat' dir='ltr'><strong>quinque</strong></span> <span class='ocrx_word' id='word_1_452' title='bbox 1075 467 1188 493; x_wconf 90' lang='lat' dir='ltr'><strong>millium</strong></span> <span class='ocrx_word' id='word_1_453' title='bbox 1213 467 1410 494; x_wconf 85' lang='lat' dir='ltr'><strong>Zeechinorum</strong></span> <span class='ocrx_word' id='word_1_454' title='bbox 1427 471 1568 498; x_wconf 86' lang='lat' dir='ltr'><strong>contenta,</strong></span> <span class='ocrx_word' id='word_1_455' title='bbox 1601 468 1716 501; x_wconf 86' lang='lat' dir='ltr'><strong>patriam</strong></span> 
     </span>
    </p>
   </div>
   <div class='ocr_carea' id='block_1_68' title="bbox 937 511 1719 539">
    <p class='ocr_par' dir='ltr' id='par_1_68' title="bbox 937 511 1719 539">
     <span class='ocr_line' id='line_1_68' title="bbox 937 511 1719 539; baseline -0.001 0"><span class='ocrx_word' id='word_1_456' title='bbox 937 511 1083 539; x_wconf 85' lang='lat' dir='ltr'><strong>immortali</strong></span> <span class='ocrx_word' id='word_1_457' title='bbox 1103 512 1235 539; x_wconf 84' lang='lat' dir='ltr'><strong>beneﬁcio</strong></span> <span class='ocrx_word' id='word_1_458' title='bbox 1249 512 1300 539; x_wconf 84' lang='lat' dir='ltr'><strong>sibi</strong></span> <span class='ocrx_word' id='word_1_459' title='bbox 1317 512 1477 539; x_wconf 82' lang='lat' dir='ltr'><strong>devinciret.</strong></span> <span class='ocrx_word' id='word_1_460' title='bbox 1496 511 1551 538; x_wconf 77' lang='lat' dir='ltr'><strong>Hec</strong></span> <span class='ocrx_word' id='word_1_461' title='bbox 1565 512 1646 538; x_wconf 88' lang='lat' dir='ltr'><strong>modo</strong></span> <span class='ocrx_word' id='word_1_462' title='bbox 1675 519 1719 538; x_wconf 82' lang='lat' dir='ltr'><strong>re-</strong></span> 
     </span>
    </p>
   </div>
   <div class='ocr_carea' id='block_1_69' title="bbox 937 556 1717 591">
    <p class='ocr_par' dir='ltr' id='par_1_69' title="bbox 937 556 1717 591">
     <span class='ocr_line' id='line_1_69' title="bbox 937 556 1717 591; baseline 0 -7"><span class='ocrx_word' id='word_1_463' title='bbox 937 557 1014 584; x_wconf 85' lang='lat' dir='ltr'><strong>dacta</strong></span> <span class='ocrx_word' id='word_1_464' title='bbox 1033 558 1059 584; x_wconf 93' lang='lat' dir='ltr'><strong>in</strong></span> <span class='ocrx_word' id='word_1_465' title='bbox 1086 562 1246 591; x_wconf 84' lang='lat' dir='ltr'><strong>potestatem</strong></span> <span class='ocrx_word' id='word_1_466' title='bbox 1283 557 1382 590; x_wconf 85' lang='lat' dir='ltr'><strong>insula,</strong></span> <span class='ocrx_word' id='word_1_467' title='bbox 1409 557 1590 584; x_wconf 89' lang='lat' dir='ltr'><strong>nihilominus</strong></span> <span class='ocrx_word' id='word_1_468' title='bbox 1622 556 1717 584; x_wconf 88' lang='lat' dir='ltr'><strong>Veneti</strong></span> 
     </span>
    </p>
   </div>
   <div class='ocr_carea' id='block_1_70' title="bbox 937 602 1719 638">
    <p class='ocr_par' dir='ltr' id='par_1_70' title="bbox 937 602 1719 638">
     <span class='ocr_line' id='line_1_70' title="bbox 937 602 1719 638; baseline -0.001 -8"><span class='ocrx_word' id='word_1_469' title='bbox 937 603 1045 630; x_wconf 83' lang='lat' dir='ltr'><strong>sultauo</strong></span> <span class='ocrx_word' id='word_1_470' title='bbox 1058 602 1197 638; x_wconf 66' lang='lat' dir='ltr'><strong>Egyptio.</strong></span> <span class='ocrx_word' id='word_1_471' title='bbox 1207 603 1301 630; x_wconf 89' lang='lat' dir='ltr'><strong>tributi</strong></span> <span class='ocrx_word' id='word_1_472' title='bbox 1312 604 1372 637; x_wconf 84' lang='lat' dir='ltr'><strong>ejus</strong></span> <span class='ocrx_word' id='word_1_473' title='bbox 1383 603 1502 636; x_wconf 80' lang='lat' dir='ltr'><strong>nomine,</strong></span> <span class='ocrx_word' id='word_1_474' title='bbox 1515 603 1586 637; x_wconf 88' lang='lat' dir='ltr'><strong>quod</strong></span> <span class='ocrx_word' id='word_1_475' title='bbox 1600 603 1719 630; x_wconf 83' lang='lat' dir='ltr'><strong>Jacobus</strong></span> 
     </span>
    </p>
   </div>
   <div class='ocr_carea' id='block_1_71' title="bbox 937 648 1718 684">
    <p class='ocr_par' dir='ltr' id='par_1_71' title="bbox 937 648 1718 684">
     <span class='ocr_line' id='line_1_71' title="bbox 937 648 1718 684; baseline 0 -9"><span class='ocrx_word' id='word_1_476' title='bbox 937 656 984 675; x_wconf 77' lang='lat' dir='ltr'><strong>rex</strong></span> <span class='ocrx_word' id='word_1_477' title='bbox 999 648 1035 675; x_wconf 82' lang='lat' dir='ltr'><strong>illi</strong></span> <span class='ocrx_word' id='word_1_478' title='bbox 1051 648 1189 683; x_wconf 88' lang='lat' dir='ltr'><strong>pollicitus</strong></span> <span class='ocrx_word' id='word_1_479' title='bbox 1203 648 1300 681; x_wconf 82' lang='lat' dir='ltr'><strong>fuerat,</strong></span> <span class='ocrx_word' id='word_1_480' title='bbox 1314 656 1418 676; x_wconf 86' lang='lat' dir='ltr'><strong>merces</strong></span> <span class='ocrx_word' id='word_1_481' title='bbox 1433 649 1459 676; x_wconf 95' lang='lat' dir='ltr'><strong>in</strong></span> <span class='ocrx_word' id='word_1_482' title='bbox 1475 649 1562 684; x_wconf 87' lang='lat' dir='ltr'><strong>pactis</strong></span> <span class='ocrx_word' id='word_1_483' title='bbox 1574 649 1718 675; x_wconf 80' lang='lat' dir='ltr'><strong>conventis</strong></span> 
     </span>
    </p>
   </div>
   <div class='ocr_carea' id='block_1_72' title="bbox 937 693 1720 728">
    <p class='ocr_par' dir='ltr' id='par_1_72' title="bbox 937 693 1720 728">
     <span class='ocr_line' id='line_1_72' title="bbox 937 693 1720 728; baseline -0.004 -6"><span class='ocrx_word' id='word_1_484' title='bbox 937 701 1081 726; x_wconf 78' lang='lat' dir='ltr'><strong>expressas</strong></span> <span class='ocrx_word' id='word_1_485' title='bbox 1097 694 1244 728; x_wconf 83' lang='lat' dir='ltr'><strong>quotannis</strong></span> <span class='ocrx_word' id='word_1_486' title='bbox 1260 694 1402 721; x_wconf 88' lang='lat' dir='ltr'><strong>mittebant</strong></span> <span class='ocrx_word' id='word_1_487' title='bbox 1418 702 1425 721; x_wconf 92' lang='lat'>:</span> <span class='ocrx_word' id='word_1_488' title='bbox 1453 694 1540 721; x_wconf 88' lang='lat' dir='ltr'><strong>donec</strong></span> <span class='ocrx_word' id='word_1_489' title='bbox 1555 702 1626 721; x_wconf 85' lang='lat' dir='ltr'><strong>anno</strong></span> <span class='ocrx_word' id='word_1_490' title='bbox 1638 693 1720 720; x_wconf 85' lang='lat' dir='ltr'><strong>Chri-</strong></span> 
     </span>
    </p>
   </div>
   <div class='ocr_carea' id='block_1_73' title="bbox 940 739 1721 775">
    <p class='ocr_par' dir='ltr' id='par_1_73' title="bbox 940 739 1721 775">
     <span class='ocr_line' id='line_1_73' title="bbox 940 739 1721 775; baseline 0 -9"><span class='ocrx_word' id='word_1_491' title='bbox 940 739 975 766; x_wconf 85' lang='lat' dir='ltr'><strong>sti</strong></span> <span class='ocrx_word' id='word_1_492' title='bbox 998 739 1075 771; x_wconf 81' lang='grc'><strong>1517.</strong></span> <span class='ocrx_word' id='word_1_493' title='bbox 1091 741 1136 775; x_wconf 88' lang='lat' dir='ltr'><strong>qui</strong></span> <span class='ocrx_word' id='word_1_494' title='bbox 1149 740 1355 768; x_wconf 83' lang='lat' dir='ltr'><strong>Mahumetanus</strong></span> <span class='ocrx_word' id='word_1_495' title='bbox 1365 744 1424 767; x_wconf 90' lang='lat' dir='ltr'><strong>erat</strong></span> <span class='ocrx_word' id='word_1_496' title='bbox 1436 740 1499 770; x_wconf 73' lang='lat'><strong>925.</strong></span> <span class='ocrx_word' id='word_1_497' title='bbox 1515 740 1622 767; x_wconf 88' lang='lat' dir='ltr'><strong>sultano</strong></span> <span class='ocrx_word' id='word_1_498' title='bbox 1636 739 1721 766; x_wconf 90' lang='lat' dir='ltr'><strong>Tom-</strong></span> 
     </span>
    </p>
   </div>
   <div class='ocr_carea' id='block_1_74' title="bbox 938 785 1720 817">
    <p class='ocr_par' dir='ltr' id='par_1_74' title="bbox 938 785 1720 817">
     <span class='ocr_line' id='line_1_74' title="bbox 938 785 1720 817; baseline 0 -5"><span class='ocrx_word' id='word_1_499' title='bbox 938 785 1059 812; x_wconf 82' lang='lat' dir='ltr'><strong>mambni</strong></span> <span class='ocrx_word' id='word_1_500' title='bbox 1079 791 1106 813; x_wconf 89' lang='lat' dir='ltr'><strong>et</strong></span> <span class='ocrx_word' id='word_1_501' title='bbox 1135 785 1319 813; x_wconf 76' lang='lat' dir='ltr'><strong>Mantelucisa</strong></span> <span class='ocrx_word' id='word_1_502' title='bbox 1348 785 1457 813; x_wconf 86' lang='lat' dir='ltr'><strong>sultauo</strong></span> <span class='ocrx_word' id='word_1_503' title='bbox 1482 785 1584 812; x_wconf 85' lang='lat' dir='ltr'><strong>Selime</strong></span> <span class='ocrx_word' id='word_1_504' title='bbox 1610 785 1720 817; x_wconf 87' lang='lat' dir='ltr'><strong>deletis,</strong></span> 
     </span>
    </p>
   </div>
   <div class='ocr_carea' id='block_1_75' title="bbox 937 831 1718 866">
    <p class='ocr_par' dir='ltr' id='par_1_75' title="bbox 937 831 1718 866">
     <span class='ocr_line' id='line_1_75' title="bbox 937 831 1718 866; baseline -0.001 -6"><span class='ocrx_word' id='word_1_505' title='bbox 937 836 965 860; x_wconf 87' lang='lat' dir='ltr'><strong>et</strong></span> <span class='ocrx_word' id='word_1_506' title='bbox 982 831 1099 866; x_wconf 64' lang='lat' dir='ltr'><strong>Egypto</strong></span> <span class='ocrx_word' id='word_1_507' title='bbox 1111 831 1244 866; x_wconf 88' lang='lat' dir='ltr'><strong>Syriaque</strong></span> <span class='ocrx_word' id='word_1_508' title='bbox 1256 831 1407 866; x_wconf 78' lang='lat' dir='ltr'><strong>subiugatis</strong></span> <span class='ocrx_word' id='word_1_509' title='bbox 1417 838 1578 859; x_wconf 75' lang='lat' dir='ltr'><strong>conversum</strong></span> <span class='ocrx_word' id='word_1_510' title='bbox 1590 839 1605 858; x_wconf 87' lang='lat' dir='ltr'><strong>a</strong></span> <span class='ocrx_word' id='word_1_511' title='bbox 1618 831 1718 859; x_wconf 84' lang='lat' dir='ltr'><strong>Selime</strong></span> 
     </span>
    </p>
   </div>
   <div class='ocr_carea' id='block_1_76' title="bbox 937 876 1719 911">
    <p class='ocr_par' dir='ltr' id='par_1_76' title="bbox 937 876 1719 911">
     <span class='ocr_line' id='line_1_76' title="bbox 937 876 1719 911; baseline -0.003 -7"><span class='ocrx_word' id='word_1_512' title='bbox 937 877 1053 908; x_wconf 81' lang='lat' dir='ltr'><strong>victore.</strong></span> <span class='ocrx_word' id='word_1_513' title='bbox 1095 876 1364 911; x_wconf 73' lang='lat' dir='ltr'><strong>Mamvlucorumque</strong></span> <span class='ocrx_word' id='word_1_514' title='bbox 1392 884 1562 907; x_wconf 85' lang='lat' dir='ltr'><strong>successore.</strong></span> <span class='ocrx_word' id='word_1_515' title='bbox 1586 876 1719 903; x_wconf 85' lang='lat' dir='ltr'><strong>tributum</strong></span> 
     </span>
    </p>
   </div>
   <div class='ocr_carea' id='block_1_77' title="bbox 902 910 1719 958">
    <p class='ocr_par' dir='ltr' id='par_1_77' title="bbox 902 910 1719 958">
     <span class='ocr_line' id='line_1_77' title="bbox 902 910 1719 958; baseline -0.001 -10"><span class='ocrx_word' id='word_1_516' title='bbox 902 910 923 937; x_wconf 66' lang='grc' dir='ltr'><strong>Β</strong></span> <span class='ocrx_word' id='word_1_517' title='bbox 939 922 990 948; x_wconf 87' lang='lat' dir='ltr'><strong>hoc</strong></span> <span class='ocrx_word' id='word_1_518' title='bbox 1004 921 1094 948; x_wconf 83' lang='lat' dir='ltr'><strong>fuitin</strong></span> <span class='ocrx_word' id='word_1_519' title='bbox 1111 927 1214 949; x_wconf 84' lang='lat' dir='ltr'><strong>certum</strong></span> <span class='ocrx_word' id='word_1_520' title='bbox 1232 910 1366 958; x_wconf 57' lang='lat' dir='ltr'><strong>pretium,</strong></span> <span class='ocrx_word' id='word_1_521' title='bbox 1386 921 1512 948; x_wconf 83' lang='lat' dir='ltr'><strong>videlicet</strong></span> <span class='ocrx_word' id='word_1_522' title='bbox 1528 921 1598 948; x_wconf 82' lang='lat'><strong>8000</strong></span> <span class='ocrx_word' id='word_1_523' title='bbox 1625 921 1719 948; x_wconf 79' lang='lat' dir='ltr'><strong>Zechi-</strong></span> 
     </span>
    </p>
   </div>
   <div class='ocr_carea' id='block_1_78' title="bbox 938 966 1719 1002">
    <p class='ocr_par' dir='ltr' id='par_1_78' title="bbox 938 966 1719 1002">
     <span class='ocr_line' id='line_1_78' title="bbox 938 966 1719 1002; baseline 0 -9"><span class='ocrx_word' id='word_1_524' title='bbox 938 974 1034 994; x_wconf 89' lang='lat' dir='ltr'><strong>norum</strong></span> <span class='ocrx_word' id='word_1_525' title='bbox 1057 975 1149 1002; x_wconf 88' lang='lat' dir='ltr'><strong>:quos</strong></span> <span class='ocrx_word' id='word_1_526' title='bbox 1161 967 1239 1002; x_wconf 81' lang='lat' dir='ltr'><strong>Cypri</strong></span> <span class='ocrx_word' id='word_1_527' title='bbox 1264 967 1374 994; x_wconf 87' lang='lat' dir='ltr'><strong>nomine</strong></span> <span class='ocrx_word' id='word_1_528' title='bbox 1387 967 1504 995; x_wconf 87' lang='lat' dir='ltr'><strong>sultanis</strong></span> <span class='ocrx_word' id='word_1_529' title='bbox 1537 966 1661 994; x_wconf 85' lang='lat' dir='ltr'><strong>Turcicis</strong></span> <span class='ocrx_word' id='word_1_530' title='bbox 1685 974 1719 993; x_wconf 75' lang='lat' dir='ltr'><strong>ex</strong></span> 
     </span>
    </p>
   </div>
   <div class='ocr_carea' id='block_1_79' title="bbox 937 1011 1721 1046">
    <p class='ocr_par' dir='ltr' id='par_1_79' title="bbox 937 1011 1721 1046">
     <span class='ocr_line' id='line_1_79' title="bbox 937 1011 1721 1046; baseline -0.001 -6"><span class='ocrx_word' id='word_1_531' title='bbox 937 1020 970 1040; x_wconf 79' lang='lat' dir='ltr'><strong>co</strong></span> <span class='ocrx_word' id='word_1_532' title='bbox 984 1017 1104 1046; x_wconf 85' lang='lat' dir='ltr'><strong>tempore</strong></span> <span class='ocrx_word' id='word_1_533' title='bbox 1116 1013 1210 1040; x_wconf 81' lang='lat' dir='ltr'><strong>Veneti</strong></span> <span class='ocrx_word' id='word_1_534' title='bbox 1236 1014 1436 1046; x_wconf 81' lang='lat' dir='ltr'><strong>persolverunt,</strong></span> <span class='ocrx_word' id='word_1_535' title='bbox 1467 1013 1554 1040; x_wconf 85' lang='lat' dir='ltr'><strong>donec</strong></span> <span class='ocrx_word' id='word_1_536' title='bbox 1576 1020 1592 1040; x_wconf 91' lang='lat' dir='ltr'><strong>a</strong></span> <span class='ocrx_word' id='word_1_537' title='bbox 1619 1011 1721 1039; x_wconf 85' lang='lat' dir='ltr'><strong>Selime</strong></span> 
     </span>
    </p>
   </div>
   <div class='ocr_carea' id='block_1_80' title="bbox 937 1058 1720 1094">
    <p class='ocr_par' dir='ltr' id='par_1_80' title="bbox 937 1058 1720 1094">
     <span class='ocr_line' id='line_1_80' title="bbox 937 1058 1720 1094; baseline -0.001 -9"><span class='ocrx_word' id='word_1_538' title='bbox 937 1058 1069 1088; x_wconf 85' lang='lat' dir='ltr'><strong>secundo.</strong></span> <span class='ocrx_word' id='word_1_539' title='bbox 1081 1058 1199 1094; x_wconf 88' lang='lat' dir='ltr'><strong>Cyprum</strong></span> <span class='ocrx_word' id='word_1_540' title='bbox 1214 1059 1268 1087; x_wconf 84' lang='lat' dir='ltr'><strong>sibi</strong></span> <span class='ocrx_word' id='word_1_541' title='bbox 1286 1067 1334 1086; x_wconf 89' lang='lat' dir='ltr'><strong>ceu</strong></span> <span class='ocrx_word' id='word_1_542' title='bbox 1345 1059 1459 1086; x_wconf 89' lang='lat' dir='ltr'><strong>domino</strong></span> <span class='ocrx_word' id='word_1_543' title='bbox 1489 1059 1604 1089; x_wconf 85' lang='lat' dir='ltr'><strong>directo,</strong></span> <span class='ocrx_word' id='word_1_544' title='bbox 1640 1065 1720 1092; x_wconf 84' lang='lat' dir='ltr'><strong>repe-</strong></span> 
     </span>
    </p>
   </div>
   <div class='ocr_carea' id='block_1_81' title="bbox 937 1103 1722 1139">
    <p class='ocr_par' dir='ltr' id='par_1_81' title="bbox 937 1103 1722 1139">
     <span class='ocr_line' id='line_1_81' title="bbox 937 1103 1722 1139; baseline -0.001 -9"><span class='ocrx_word' id='word_1_545' title='bbox 937 1108 1012 1131; x_wconf 88' lang='lat' dir='ltr'><strong>tente</strong></span> <span class='ocrx_word' id='word_1_546' title='bbox 1027 1104 1127 1131; x_wconf 86' lang='lat' dir='ltr'><strong>bellum</strong></span> <span class='ocrx_word' id='word_1_547' title='bbox 1140 1104 1172 1131; x_wconf 89' lang='lat' dir='ltr'><strong>de</strong></span> <span class='ocrx_word' id='word_1_548' title='bbox 1186 1112 1241 1139; x_wconf 92' lang='lat' dir='ltr'><strong>quo</strong></span> <span class='ocrx_word' id='word_1_549' title='bbox 1261 1112 1334 1132; x_wconf 90' lang='lat' dir='ltr'><strong>nune</strong></span> <span class='ocrx_word' id='word_1_550' title='bbox 1350 1104 1465 1139; x_wconf 70' lang='lat' dir='ltr'><strong>agimus,</strong></span> <span class='ocrx_word' id='word_1_551' title='bbox 1482 1104 1612 1132; x_wconf 90' lang='lat' dir='ltr'><strong>indictum</strong></span> <span class='ocrx_word' id='word_1_552' title='bbox 1632 1103 1722 1130; x_wconf 83' lang='lat' dir='ltr'><strong>Vene-</strong></span> 
     </span>
    </p>
   </div>
   <div class='ocr_carea' id='block_1_82' title="bbox 937 1149 1721 1187">
    <p class='ocr_par' dir='ltr' id='par_1_82' title="bbox 937 1149 1721 1187">
     <span class='ocr_line' id='line_1_82' title="bbox 937 1149 1721 1187; baseline -0.003 -9"><span class='ocrx_word' id='word_1_553' title='bbox 937 1151 1048 1178; x_wconf 81' lang='lat' dir='ltr'><strong>lisfuit.</strong></span> <span class='ocrx_word' id='word_1_554' title='bbox 1078 1151 1163 1185; x_wconf 89' lang='lat' dir='ltr'><strong>Capta</strong></span> <span class='ocrx_word' id='word_1_555' title='bbox 1186 1151 1308 1183; x_wconf 81' lang='lat' dir='ltr'><strong>Nicosia,</strong></span> <span class='ocrx_word' id='word_1_556' title='bbox 1336 1150 1530 1187; x_wconf 74' lang='lat' dir='ltr'><strong>Famagustam</strong></span> <span class='ocrx_word' id='word_1_557' title='bbox 1562 1149 1721 1184; x_wconf 79' lang='lat' dir='ltr'><strong>Mustaphas</strong></span> 
     </span>
    </p>
   </div>
   <div class='ocr_carea' id='block_1_83' title="bbox 936 1195 1718 1232">
    <p class='ocr_par' dir='ltr' id='par_1_83' title="bbox 936 1195 1718 1232">
     <span class='ocr_line' id='line_1_83' title="bbox 936 1195 1718 1232; baseline -0.003 -8"><span class='ocrx_word' id='word_1_558' title='bbox 936 1197 1017 1225; x_wconf 85' lang='lat' dir='ltr'><strong>hassa</strong></span> <span class='ocrx_word' id='word_1_559' title='bbox 1032 1197 1139 1224; x_wconf 88' lang='lat' dir='ltr'><strong>tandem</strong></span> <span class='ocrx_word' id='word_1_560' title='bbox 1154 1198 1279 1225; x_wconf 78' lang='lat' dir='ltr'><strong>obsidere</strong></span> <span class='ocrx_word' id='word_1_561' title='bbox 1293 1199 1375 1232; x_wconf 64' lang='lat' dir='ltr'><strong>coepit</strong></span> <span class='ocrx_word' id='word_1_562' title='bbox 1392 1205 1466 1225; x_wconf 91' lang='lat' dir='ltr'><strong>anno</strong></span> <span class='ocrx_word' id='word_1_563' title='bbox 1493 1195 1641 1224; x_wconf 78' lang='lat' dir='ltr'><strong>Mahumet.</strong></span> <span class='ocrx_word' id='word_1_564' title='bbox 1665 1195 1718 1223; x_wconf 79' lang='lat'><strong>578</strong></span> 
     </span>
    </p>
   </div>
   <div class='ocr_carea' id='block_1_84' title="bbox 937 1242 1583 1279">
    <p class='ocr_par' dir='ltr' id='par_1_84' title="bbox 937 1242 1583 1279">
     <span class='ocr_line' id='line_1_84' title="bbox 937 1242 1583 1279; baseline -0.003 -9"><span class='ocrx_word' id='word_1_565' title='bbox 937 1242 1013 1279; x_wconf 89' lang='lat' dir='ltr'><strong>(Chr.</strong></span> <span class='ocrx_word' id='word_1_566' title='bbox 1025 1243 1115 1278; x_wconf 75' lang='grc'><strong>1571),</strong></span> <span class='ocrx_word' id='word_1_567' title='bbox 1129 1243 1181 1271; x_wconf 88' lang='lat' dir='ltr'><strong>sub</strong></span> <span class='ocrx_word' id='word_1_568' title='bbox 1193 1243 1312 1270; x_wconf 89' lang='lat' dir='ltr'><strong>medium</strong></span> <span class='ocrx_word' id='word_1_569' title='bbox 1328 1250 1447 1270; x_wconf 87' lang='lat' dir='ltr'><strong>mensem</strong></span> <span class='ocrx_word' id='word_1_570' title='bbox 1459 1243 1583 1278; x_wconf 69' lang='lat' dir='ltr'><strong>Augusti.</strong></span> 
     </span>
    </p>
   </div>
   <div class='ocr_carea' id='block_1_85' title="bbox 971 1309 1721 1346">
    <p class='ocr_par' dir='ltr' id='par_1_85' title="bbox 971 1309 1721 1346">
     <span class='ocr_line' id='line_1_85' title="bbox 971 1309 1721 1346; baseline -0.005 -8"><span class='ocrx_word' id='word_1_571' title='bbox 971 1312 1051 1339; x_wconf 75' lang='lat' dir='ltr'><strong>Anno</strong></span> <span class='ocrx_word' id='word_1_572' title='bbox 1067 1312 1119 1340; x_wconf 84' lang='lat'><strong>979</strong></span> <span class='ocrx_word' id='word_1_573' title='bbox 1137 1311 1213 1346; x_wconf 83' lang='lat' dir='ltr'><strong>(Chr.</strong></span> <span class='ocrx_word' id='word_1_574' title='bbox 1231 1311 1321 1346; x_wconf 70' lang='lat' dir='ltr'><strong>l572),</strong></span> <span class='ocrx_word' id='word_1_575' title='bbox 1337 1310 1401 1339; x_wconf 90' lang='lat' dir='ltr'><strong>dum</strong></span> <span class='ocrx_word' id='word_1_576' title='bbox 1417 1309 1600 1341; x_wconf 86' lang='lat' dir='ltr'><strong>obsideretur,</strong></span> <span class='ocrx_word' id='word_1_577' title='bbox 1618 1312 1643 1335; x_wconf 90' lang='lat' dir='ltr'><strong>et</strong></span> <span class='ocrx_word' id='word_1_578' title='bbox 1659 1315 1721 1342; x_wconf 73' lang='lat' dir='ltr'><strong>gra-</strong></span> 
     </span>
    </p>
   </div>
   <div class='ocr_carea' id='block_1_86' title="bbox 936 1353 1722 1392">
    <p class='ocr_par' dir='ltr' id='par_1_86' title="bbox 936 1353 1722 1392">
     <span class='ocr_line' id='line_1_86' title="bbox 936 1353 1722 1392; baseline -0.008 -7"><span class='ocrx_word' id='word_1_579' title='bbox 936 1357 1048 1385; x_wconf 86' lang='lat' dir='ltr'><strong>vissime</strong></span> <span class='ocrx_word' id='word_1_580' title='bbox 1059 1365 1075 1384; x_wconf 88' lang='lat' dir='ltr'><strong>a</strong></span> <span class='ocrx_word' id='word_1_581' title='bbox 1092 1357 1188 1385; x_wconf 81' lang='lat' dir='ltr'><strong>Turcis</strong></span> <span class='ocrx_word' id='word_1_582' title='bbox 1202 1361 1406 1392; x_wconf 76' lang='lat' dir='ltr'><strong>oppugnaretur</strong></span> <span class='ocrx_word' id='word_1_583' title='bbox 1428 1354 1603 1389; x_wconf 78' lang='lat' dir='ltr'><strong>Famagusta,</strong></span> <span class='ocrx_word' id='word_1_584' title='bbox 1623 1353 1722 1391; x_wconf 81' lang='lat' dir='ltr'><strong>classis</strong></span> 
     </span>
    </p>
   </div>
   <div class='ocr_carea' id='block_1_87' title="bbox 936 1399 1720 1431">
    <p class='ocr_par' dir='ltr' id='par_1_87' title="bbox 936 1399 1720 1431">
     <span class='ocr_line' id='line_1_87' title="bbox 936 1399 1720 1431; baseline -0.005 -1"><span class='ocrx_word' id='word_1_585' title='bbox 936 1403 1051 1431; x_wconf 80' lang='lat' dir='ltr'><strong>Turcica</strong></span> <span class='ocrx_word' id='word_1_586' title='bbox 1075 1403 1205 1431; x_wconf 84' lang='lat' dir='ltr'><strong>damnum</strong></span> <span class='ocrx_word' id='word_1_587' title='bbox 1233 1403 1343 1431; x_wconf 88' lang='lat' dir='ltr'><strong>illatura</strong></span> <span class='ocrx_word' id='word_1_588' title='bbox 1368 1402 1535 1430; x_wconf 87' lang='lat' dir='ltr'><strong>Venetorum</strong></span> <span class='ocrx_word' id='word_1_589' title='bbox 1563 1400 1663 1428; x_wconf 89' lang='lat' dir='ltr'><strong>insulis</strong></span> <span class='ocrx_word' id='word_1_590' title='bbox 1692 1399 1720 1426; x_wconf 90' lang='lat' dir='ltr'><strong>in</strong></span> 
     </span>
    </p>
   </div>
   <div class='ocr_carea' id='block_1_88' title="bbox 935 1448 1720 1484">
    <p class='ocr_par' dir='ltr' id='par_1_88' title="bbox 935 1448 1720 1484">
     <span class='ocr_line' id='line_1_88' title="bbox 935 1448 1720 1484; baseline -0.006 -7"><span class='ocrx_word' id='word_1_591' title='bbox 935 1449 1040 1484; x_wconf 63' lang='lat' dir='ltr'><strong>Egeo,</strong></span> <span class='ocrx_word' id='word_1_592' title='bbox 1055 1449 1096 1477; x_wconf 79' lang='lat' dir='ltr'><strong>Ali</strong></span> <span class='ocrx_word' id='word_1_593' title='bbox 1110 1450 1191 1478; x_wconf 86' lang='lat' dir='ltr'><strong>bassa</strong></span> <span class='ocrx_word' id='word_1_594' title='bbox 1206 1449 1275 1477; x_wconf 85' lang='lat' dir='ltr'><strong>duce</strong></span> <span class='ocrx_word' id='word_1_595' title='bbox 1299 1450 1408 1477; x_wconf 85' lang='lat' dir='ltr'><strong>Cretam</strong></span> <span class='ocrx_word' id='word_1_596' title='bbox 1425 1448 1567 1484; x_wconf 83' lang='lat' dir='ltr'><strong>(Candiam</strong></span> <span class='ocrx_word' id='word_1_597' title='bbox 1585 1454 1656 1474; x_wconf 88' lang='lat' dir='ltr'><strong>nunc</strong></span> <span class='ocrx_word' id='word_1_598' title='bbox 1672 1453 1720 1473; x_wconf 85' lang='lat' dir='ltr'><strong>vo—</strong></span> 
     </span>
    </p>
   </div>
   <div class='ocr_carea' id='block_1_89' title="bbox 937 1493 1720 1530">
    <p class='ocr_par' dir='ltr' id='par_1_89' title="bbox 937 1493 1720 1530">
     <span class='ocr_line' id='line_1_89' title="bbox 937 1493 1720 1530; baseline -0.005 -7"><span class='ocrx_word' id='word_1_599' title='bbox 937 1495 1010 1530; x_wconf 87' lang='lat' dir='ltr'><strong>cant)</strong></span> <span class='ocrx_word' id='word_1_600' title='bbox 1026 1495 1113 1530; x_wconf 78' lang='lat' dir='ltr'><strong>petiit.</strong></span> <span class='ocrx_word' id='word_1_601' title='bbox 1133 1496 1178 1522; x_wconf 89' lang='lat' dir='ltr'><strong>ubi</strong></span> <span class='ocrx_word' id='word_1_602' title='bbox 1193 1495 1317 1530; x_wconf 76' lang='lat' dir='ltr'><strong>exposito</strong></span> <span class='ocrx_word' id='word_1_603' title='bbox 1330 1495 1358 1522; x_wconf 90' lang='lat' dir='ltr'><strong>in</strong></span> <span class='ocrx_word' id='word_1_604' title='bbox 1374 1499 1473 1522; x_wconf 83' lang='lat' dir='ltr'><strong>terram</strong></span> <span class='ocrx_word' id='word_1_605' title='bbox 1490 1493 1587 1527; x_wconf 87' lang='lat' dir='ltr'><strong>milite,</strong></span> <span class='ocrx_word' id='word_1_606' title='bbox 1598 1493 1720 1521; x_wconf 69' lang='lat' dir='ltr'><strong>satvitum</strong></span> 
     </span>
    </p>
   </div>
   <div class='ocr_carea' id='block_1_90' title="bbox 937 1539 1722 1574">
    <p class='ocr_par' dir='ltr' id='par_1_90' title="bbox 937 1539 1722 1574">
     <span class='ocr_line' id='line_1_90' title="bbox 937 1539 1722 1574; baseline -0.005 -5"><span class='ocrx_word' id='word_1_607' title='bbox 937 1542 964 1569; x_wconf 78' lang='lat' dir='ltr'><strong>in</strong></span> <span class='ocrx_word' id='word_1_608' title='bbox 977 1542 1071 1570; x_wconf 87' lang='lat' dir='ltr'><strong>obvios</strong></span> <span class='ocrx_word' id='word_1_609' title='bbox 1090 1542 1256 1570; x_wconf 83' lang='lat' dir='ltr'><strong>immaniter.</strong></span> <span class='ocrx_word' id='word_1_610' title='bbox 1277 1542 1387 1569; x_wconf 86' lang='lat' dir='ltr'><strong>Munitis</strong></span> <span class='ocrx_word' id='word_1_611' title='bbox 1407 1541 1598 1569; x_wconf 80' lang='lat' dir='ltr'><strong>civitatibuset</strong></span> <span class='ocrx_word' id='word_1_612' title='bbox 1614 1539 1722 1574; x_wconf 84' lang='lat' dir='ltr'><strong>oppidis</strong></span> 
     </span>
    </p>
   </div>
   <div class='ocr_carea' id='block_1_91' title="bbox 898 1585 1720 1623">
    <p class='ocr_par' dir='ltr' id='par_1_91' title="bbox 898 1585 1720 1623">
     <span class='ocr_line' id='line_1_91' title="bbox 898 1585 1720 1623; baseline -0.006 -7"><span class='ocrx_word' id='word_1_613' title='bbox 898 1588 919 1616; x_wconf 88' lang='lat' dir='ltr'><strong>C</strong></span> <span class='ocrx_word' id='word_1_614' title='bbox 936 1589 973 1616; x_wconf 89' lang='lat' dir='ltr'><strong>ita</strong></span> <span class='ocrx_word' id='word_1_615' title='bbox 985 1593 1158 1623; x_wconf 85' lang='lat' dir='ltr'><strong>prospectum</strong></span> <span class='ocrx_word' id='word_1_616' title='bbox 1176 1592 1281 1615; x_wconf 83' lang='lat' dir='ltr'><strong>mature</strong></span> <span class='ocrx_word' id='word_1_617' title='bbox 1299 1587 1410 1615; x_wconf 80' lang='lat' dir='ltr'><strong>fuerata</strong></span> <span class='ocrx_word' id='word_1_618' title='bbox 1429 1586 1659 1622; x_wconf 76' lang='lat' dir='ltr'><strong>gubernatoribus</strong></span> <span class='ocrx_word' id='word_1_619' title='bbox 1677 1585 1720 1612; x_wconf 90' lang='lat' dir='ltr'><strong>iu-</strong></span> 
     </span>
    </p>
   </div>
   <div class='ocr_carea' id='block_1_92' title="bbox 936 1633 1722 1667">
    <p class='ocr_par' dir='ltr' id='par_1_92' title="bbox 936 1633 1722 1667">
     <span class='ocr_line' id='line_1_92' title="bbox 936 1633 1722 1667; baseline -0.004 -6"><span class='ocrx_word' id='word_1_620' title='bbox 936 1634 1013 1667; x_wconf 66' lang='lat' dir='ltr'><strong>sulaa,</strong></span> <span class='ocrx_word' id='word_1_621' title='bbox 1026 1634 1131 1661; x_wconf 93' lang='lat' dir='ltr'><strong>nullum</strong></span> <span class='ocrx_word' id='word_1_622' title='bbox 1148 1638 1177 1661; x_wconf 89' lang='lat' dir='ltr'><strong>ut</strong></span> <span class='ocrx_word' id='word_1_623' title='bbox 1195 1633 1229 1661; x_wconf 88' lang='lat' dir='ltr'><strong>ab</strong></span> <span class='ocrx_word' id='word_1_624' title='bbox 1246 1634 1324 1665; x_wconf 81' lang='lat' dir='ltr'><strong>hoste</strong></span> <span class='ocrx_word' id='word_1_625' title='bbox 1353 1633 1546 1660; x_wconf 83' lang='lat' dir='ltr'><strong>detrimentum</strong></span> <span class='ocrx_word' id='word_1_626' title='bbox 1557 1633 1722 1667; x_wconf 86' lang='lat' dir='ltr'><strong>acciperent.</strong></span> 
     </span>
    </p>
   </div>
   <div class='ocr_carea' id='block_1_93' title="bbox 936 1678 1723 1715">
    <p class='ocr_par' dir='ltr' id='par_1_93' title="bbox 936 1678 1723 1715">
     <span class='ocr_line' id='line_1_93' title="bbox 936 1678 1723 1715; baseline -0.004 -8"><span class='ocrx_word' id='word_1_627' title='bbox 936 1680 1032 1707; x_wconf 88' lang='lat' dir='ltr'><strong>Solum</strong></span> <span class='ocrx_word' id='word_1_628' title='bbox 1065 1679 1227 1715; x_wconf 81' lang='lat' dir='ltr'><strong>Rhetymum</strong></span> <span class='ocrx_word' id='word_1_629' title='bbox 1250 1680 1363 1706; x_wconf 88' lang='lat' dir='ltr'><strong>adortus</strong></span> <span class='ocrx_word' id='word_1_630' title='bbox 1397 1679 1528 1711; x_wconf 87' lang='lat' dir='ltr'><strong>Vluzalis,</strong></span> <span class='ocrx_word' id='word_1_631' title='bbox 1563 1678 1723 1712; x_wconf 60' lang='lat' dir='ltr'><strong>Aphricanm</strong></span> 
     </span>
    </p>
   </div>
   <div class='ocr_carea' id='block_1_94' title="bbox 936 1724 1723 1761">
    <p class='ocr_par' dir='ltr' id='par_1_94' title="bbox 936 1724 1723 1761">
     <span class='ocr_line' id='line_1_94' title="bbox 936 1724 1723 1761; baseline -0.005 -7"><span class='ocrx_word' id='word_1_632' title='bbox 936 1726 1073 1754; x_wconf 68' lang='lat' dir='ltr'><strong>Barbariaa</strong></span> <span class='ocrx_word' id='word_1_633' title='bbox 1102 1727 1288 1761; x_wconf 82' lang='lat' dir='ltr'><strong>prosultanus.</strong></span> <span class='ocrx_word' id='word_1_634' title='bbox 1308 1725 1388 1760; x_wconf 80' lang='lat' dir='ltr'><strong>cujus</strong></span> <span class='ocrx_word' id='word_1_635' title='bbox 1421 1730 1484 1752; x_wconf 88' lang='lat' dir='ltr'><strong>ante</strong></span> <span class='ocrx_word' id='word_1_636' title='bbox 1514 1726 1585 1752; x_wconf 83' lang='lat' dir='ltr'><strong>facta</strong></span> <span class='ocrx_word' id='word_1_637' title='bbox 1609 1724 1723 1756; x_wconf 86' lang='lat' dir='ltr'><strong>mentio,</strong></span> 
     </span>
    </p>
   </div>
   <div class='ocr_carea' id='block_1_95' title="bbox 936 1770 1719 1808">
    <p class='ocr_par' dir='ltr' id='par_1_95' title="bbox 936 1770 1719 1808">
     <span class='ocr_line' id='line_1_95' title="bbox 936 1770 1719 1808; baseline -0.004 -9"><span class='ocrx_word' id='word_1_638' title='bbox 936 1775 1008 1808; x_wconf 86' lang='lat' dir='ltr'><strong>quod</strong></span> <span class='ocrx_word' id='word_1_639' title='bbox 1024 1772 1058 1799; x_wconf 86' lang='lat' dir='ltr'><strong>ab</strong></span> <span class='ocrx_word' id='word_1_640' title='bbox 1068 1772 1164 1799; x_wconf 87' lang='lat' dir='ltr'><strong>incolis</strong></span> <span class='ocrx_word' id='word_1_641' title='bbox 1178 1772 1315 1798; x_wconf 87' lang='lat' dir='ltr'><strong>desertum</strong></span> <span class='ocrx_word' id='word_1_642' title='bbox 1327 1771 1435 1803; x_wconf 78' lang='lat' dir='ltr'><strong>fuisset,</strong></span> <span class='ocrx_word' id='word_1_643' title='bbox 1450 1770 1558 1798; x_wconf 81' lang='lat' dir='ltr'><strong>nemine</strong></span> <span class='ocrx_word' id='word_1_644' title='bbox 1573 1770 1719 1797; x_wconf 83' lang='lat' dir='ltr'><strong>resistente</strong></span> 
     </span>
    </p>
   </div>
   <div class='ocr_carea' id='block_1_96' title="bbox 937 1816 1722 1846">
    <p class='ocr_par' dir='ltr' id='par_1_96' title="bbox 937 1816 1722 1846">
     <span class='ocr_line' id='line_1_96' title="bbox 937 1816 1722 1846; baseline -0.005 0"><span class='ocrx_word' id='word_1_645' title='bbox 937 1826 1030 1846; x_wconf 90' lang='lat' dir='ltr'><strong>mense</strong></span> <span class='ocrx_word' id='word_1_646' title='bbox 1042 1817 1123 1845; x_wconf 81' lang='lat' dir='ltr'><strong>Junio</strong></span> <span class='ocrx_word' id='word_1_647' title='bbox 1139 1818 1264 1845; x_wconf 75' lang='lat' dir='ltr'><strong>vastavit.</strong></span> <span class='ocrx_word' id='word_1_648' title='bbox 1291 1817 1348 1844; x_wconf 85' lang='lat' dir='ltr'><strong>Alis</strong></span> <span class='ocrx_word' id='word_1_649' title='bbox 1366 1817 1444 1845; x_wconf 85' lang='lat' dir='ltr'><strong>bassa</strong></span> <span class='ocrx_word' id='word_1_650' title='bbox 1459 1816 1566 1844; x_wconf 79' lang='lat' dir='ltr'><strong>tandem</strong></span> <span class='ocrx_word' id='word_1_651' title='bbox 1583 1816 1722 1843; x_wconf 79' lang='lat' dir='ltr'><strong>recensitis</strong></span> 
     </span>
    </p>
   </div>
   <div class='ocr_carea' id='block_1_97' title="bbox 936 1861 1723 1900">
    <p class='ocr_par' dir='ltr' id='par_1_97' title="bbox 936 1861 1723 1900">
     <span class='ocr_line' id='line_1_97' title="bbox 936 1861 1723 1900; baseline -0.005 -7"><span class='ocrx_word' id='word_1_652' title='bbox 936 1865 1024 1900; x_wconf 89' lang='lat' dir='ltr'><strong>copiis</strong></span> <span class='ocrx_word' id='word_1_653' title='bbox 1040 1865 1108 1898; x_wconf 89' lang='lat' dir='ltr'><strong>suis,</strong></span> <span class='ocrx_word' id='word_1_654' title='bbox 1122 1864 1194 1899; x_wconf 81' lang='lat' dir='ltr'><strong>quod</strong></span> <span class='ocrx_word' id='word_1_655' title='bbox 1210 1864 1281 1898; x_wconf 89' lang='lat' dir='ltr'><strong>apud</strong></span> <span class='ocrx_word' id='word_1_656' title='bbox 1297 1864 1372 1898; x_wconf 81' lang='lat' dir='ltr'><strong>ipsos</strong></span> <span class='ocrx_word' id='word_1_657' title='bbox 1391 1871 1438 1898; x_wconf 90' lang='lat' dir='ltr'><strong>per</strong></span> <span class='ocrx_word' id='word_1_658' title='bbox 1452 1863 1529 1889; x_wconf 82' lang='lat' dir='ltr'><strong>fabas</strong></span> <span class='ocrx_word' id='word_1_659' title='bbox 1555 1861 1599 1888; x_wconf 79' lang='lat' dir='ltr'><strong>vel</strong></span> <span class='ocrx_word' id='word_1_660' title='bbox 1627 1869 1723 1895; x_wconf 81' lang='lat' dir='ltr'><strong>aspros</strong></span> 
     </span>
    </p>
   </div>
   <div class='ocr_carea' id='block_1_98' title="bbox 938 1909 1720 1946">
    <p class='ocr_par' dir='ltr' id='par_1_98' title="bbox 938 1909 1720 1946">
     <span class='ocr_line' id='line_1_98' title="bbox 938 1909 1720 1946; baseline -0.006 -6"><span class='ocrx_word' id='word_1_661' title='bbox 938 1914 995 1941; x_wconf 89' lang='lat' dir='ltr'><strong>ﬁeri</strong></span> <span class='ocrx_word' id='word_1_662' title='bbox 1006 1913 1159 1946; x_wconf 87' lang='lat' dir='ltr'><strong>consuevit,</strong></span> <span class='ocrx_word' id='word_1_663' title='bbox 1179 1920 1240 1940; x_wconf 90' lang='lat' dir='ltr'><strong>cum</strong></span> <span class='ocrx_word' id='word_1_664' title='bbox 1259 1912 1328 1939; x_wconf 78' lang='lat'><strong>3700</strong></span> <span class='ocrx_word' id='word_1_665' title='bbox 1355 1911 1481 1938; x_wconf 81' lang='lat' dir='ltr'><strong>amisisse</strong></span> <span class='ocrx_word' id='word_1_666' title='bbox 1495 1916 1524 1937; x_wconf 87' lang='lat' dir='ltr'><strong>se</strong></span> <span class='ocrx_word' id='word_1_667' title='bbox 1537 1909 1651 1940; x_wconf 83' lang='lat' dir='ltr'><strong>videret,</strong></span> <span class='ocrx_word' id='word_1_668' title='bbox 1681 1915 1720 1935; x_wconf 85' lang='lat' dir='ltr'><strong>re-</strong></span> 
     </span>
    </p>
   </div>
   <div class='ocr_carea' id='block_1_99' title="bbox 937 1954 1722 1992">
    <p class='ocr_par' dir='ltr' id='par_1_99' title="bbox 937 1954 1722 1992">
     <span class='ocr_line' id='line_1_99' title="bbox 937 1954 1722 1992; baseline -0.006 -7"><span class='ocrx_word' id='word_1_669' title='bbox 937 1959 1001 1986; x_wconf 87' lang='lat' dir='ltr'><strong>licta</strong></span> <span class='ocrx_word' id='word_1_670' title='bbox 1018 1959 1098 1986; x_wconf 83' lang='lat' dir='ltr'><strong>Creta</strong></span> <span class='ocrx_word' id='word_1_671' title='bbox 1116 1958 1241 1992; x_wconf 81' lang='lat' dir='ltr'><strong>Cerigum</strong></span> <span class='ocrx_word' id='word_1_672' title='bbox 1268 1956 1365 1984; x_wconf 84' lang='lat' dir='ltr'><strong>Veneti</strong></span> <span class='ocrx_word' id='word_1_673' title='bbox 1387 1956 1459 1991; x_wconf 81' lang='lat' dir='ltr'><strong>juris</strong></span> <span class='ocrx_word' id='word_1_674' title='bbox 1473 1963 1489 1983; x_wconf 90' lang='lat' dir='ltr'><strong>c</strong></span> <span class='ocrx_word' id='word_1_675' title='bbox 1518 1954 1630 1988; x_wconf 74' lang='lat' dir='ltr'><strong>regione</strong></span> <span class='ocrx_word' id='word_1_676' title='bbox 1659 1961 1722 1988; x_wconf 89' lang='lat' dir='ltr'><strong>pro-</strong></span> 
     </span>
    </p>
   </div>
   <div class='ocr_carea' id='block_1_100' title="bbox 939 1999 1722 2033">
    <p class='ocr_par' dir='ltr' id='par_1_100' title="bbox 939 1999 1722 2033">
     <span class='ocr_line' id='line_1_100' title="bbox 939 1999 1722 2033; baseline -0.009 -2"><span class='ocrx_word' id='word_1_677' title='bbox 939 2003 1067 2031; x_wconf 88' lang='lat' dir='ltr'><strong>montorii</strong></span> <span class='ocrx_word' id='word_1_678' title='bbox 1087 2002 1176 2030; x_wconf 69' lang='lat' dir='ltr'><strong>Maleae</strong></span> <span class='ocrx_word' id='word_1_679' title='bbox 1192 2002 1272 2029; x_wconf 90' lang='lat' dir='ltr'><strong>sitam</strong></span> <span class='ocrx_word' id='word_1_680' title='bbox 1303 2001 1432 2030; x_wconf 83' lang='lat' dir='ltr'><strong>insulam,</strong></span> <span class='ocrx_word' id='word_1_681' title='bbox 1448 1999 1597 2033; x_wconf 78' lang='lat' dir='ltr'><strong>(Cilheram</strong></span> <span class='ocrx_word' id='word_1_682' title='bbox 1628 1999 1722 2026; x_wconf 73' lang='lat' dir='ltr'><strong>dixere</strong></span> 
     </span>
    </p>
   </div>
   <div class='ocr_carea' id='block_1_101' title="bbox 937 2044 1721 2085">
    <p class='ocr_par' dir='ltr' id='par_1_101' title="bbox 937 2044 1721 2085">
     <span class='ocr_line' id='line_1_101' title="bbox 937 2044 1721 2085; baseline -0.008 -8"><span class='ocrx_word' id='word_1_683' title='bbox 937 2049 1052 2085; x_wconf 77' lang='lat' dir='ltr'><strong>vrteres)</strong></span> <span class='ocrx_word' id='word_1_684' title='bbox 1067 2048 1100 2075; x_wconf 86' lang='lat' dir='ltr'><strong>ad</strong></span> <span class='ocrx_word' id='word_1_685' title='bbox 1118 2048 1211 2075; x_wconf 85' lang='lat' dir='ltr'><strong>Sancti</strong></span> <span class='ocrx_word' id='word_1_686' title='bbox 1237 2047 1340 2074; x_wconf 85' lang='lat' dir='ltr'><strong>Nicolai</strong></span> <span class='ocrx_word' id='word_1_687' title='bbox 1367 2051 1474 2081; x_wconf 88' lang='lat' dir='ltr'><strong>portum</strong></span> <span class='ocrx_word' id='word_1_688' title='bbox 1493 2044 1603 2074; x_wconf 75' lang='lat' dir='ltr'><strong>iansit.</strong></span> <span class='ocrx_word' id='word_1_689' title='bbox 1621 2049 1648 2070; x_wconf 89' lang='lat' dir='ltr'><strong>et</strong></span> <span class='ocrx_word' id='word_1_690' title='bbox 1665 2051 1721 2071; x_wconf 80' lang='lat' dir='ltr'><strong>ma-</strong></span> 
     </span>
    </p>
   </div>
   <div class='ocr_carea' id='block_1_102' title="bbox 935 2091 1723 2133">
    <p class='ocr_par' dir='ltr' id='par_1_102' title="bbox 935 2091 1723 2133">
     <span class='ocr_line' id='line_1_102' title="bbox 935 2091 1723 2133; baseline -0.005 -11"><span class='ocrx_word' id='word_1_691' title='bbox 935 2097 990 2133; x_wconf 81' lang='lat' dir='ltr'><strong>jori</strong></span> <span class='ocrx_word' id='word_1_692' title='bbox 1006 2105 1037 2124; x_wconf 77' lang='lat' dir='ltr'><strong>ex</strong></span> <span class='ocrx_word' id='word_1_693' title='bbox 1057 2104 1133 2132; x_wconf 88' lang='lat' dir='ltr'><strong>parte</strong></span> <span class='ocrx_word' id='word_1_694' title='bbox 1143 2096 1268 2130; x_wconf 87' lang='lat' dir='ltr'><strong>diripuit.</strong></span> <span class='ocrx_word' id='word_1_695' title='bbox 1285 2094 1348 2122; x_wconf 88' lang='lat' dir='ltr'><strong>Inde</strong></span> <span class='ocrx_word' id='word_1_696' title='bbox 1359 2093 1490 2129; x_wconf 84' lang='lat' dir='ltr'><strong>Zacynthi</strong></span> <span class='ocrx_word' id='word_1_697' title='bbox 1503 2097 1530 2120; x_wconf 87' lang='lat' dir='ltr'><strong>et</strong></span> <span class='ocrx_word' id='word_1_698' title='bbox 1540 2091 1723 2128; x_wconf 68' lang='lat' dir='ltr'><strong>Cephallenia:</strong></span> 
     </span>
    </p>
   </div>
   <div class='ocr_carea' id='block_1_103' title="bbox 938 2137 1722 2173">
    <p class='ocr_par' dir='ltr' id='par_1_103' title="bbox 938 2137 1722 2173">
     <span class='ocr_line' id='line_1_103' title="bbox 938 2137 1722 2173; baseline -0.009 -3"><span class='ocrx_word' id='word_1_699' title='bbox 938 2143 1078 2171; x_wconf 86' lang='lat' dir='ltr'><strong>suburbiis</strong></span> <span class='ocrx_word' id='word_1_700' title='bbox 1095 2150 1126 2170; x_wconf 92' lang='lat' dir='ltr'><strong>ac</strong></span> <span class='ocrx_word' id='word_1_701' title='bbox 1140 2142 1206 2169; x_wconf 81' lang='lat' dir='ltr'><strong>vicis</strong></span> <span class='ocrx_word' id='word_1_702' title='bbox 1219 2141 1324 2169; x_wconf 77' lang='lat' dir='ltr'><strong>excidio</strong></span> <span class='ocrx_word' id='word_1_703' title='bbox 1340 2140 1410 2167; x_wconf 86' lang='lat' dir='ltr'><strong>datis</strong></span> <span class='ocrx_word' id='word_1_704' title='bbox 1426 2140 1516 2173; x_wconf 84' lang='lat' dir='ltr'><strong>(arces</strong></span> <span class='ocrx_word' id='word_1_705' title='bbox 1545 2139 1617 2166; x_wconf 87' lang='lat' dir='ltr'><strong>enim</strong></span> <span class='ocrx_word' id='word_1_706' title='bbox 1631 2137 1722 2172; x_wconf 69' lang='lat' dir='ltr'><strong>prtesi~</strong></span> 
     </span>
    </p>
   </div>
   <div class='ocr_carea' id='block_1_104' title="bbox 938 2184 1722 2223">
    <p class='ocr_par' dir='ltr' id='par_1_104' title="bbox 938 2184 1722 2223">
     <span class='ocr_line' id='line_1_104' title="bbox 938 2184 1722 2223; baseline -0.009 -7"><span class='ocrx_word' id='word_1_707' title='bbox 938 2190 990 2216; x_wconf 80' lang='lat' dir='ltr'><strong>diis</strong></span> <span class='ocrx_word' id='word_1_708' title='bbox 1002 2193 1030 2216; x_wconf 85' lang='lat' dir='ltr'><strong>et</strong></span> <span class='ocrx_word' id='word_1_709' title='bbox 1045 2196 1127 2223; x_wconf 86' lang='lat' dir='ltr'><strong>opere</strong></span> <span class='ocrx_word' id='word_1_710' title='bbox 1147 2188 1187 2215; x_wconf 89' lang='lat' dir='ltr'><strong>sic</strong></span> <span class='ocrx_word' id='word_1_711' title='bbox 1200 2187 1355 2214; x_wconf 76' lang='lat' dir='ltr'><strong>munierant</strong></span> <span class='ocrx_word' id='word_1_712' title='bbox 1370 2186 1474 2218; x_wconf 83' lang='lat' dir='ltr'><strong>Veneti,</strong></span> <span class='ocrx_word' id='word_1_713' title='bbox 1505 2189 1534 2211; x_wconf 91' lang='lat' dir='ltr'><strong>ut</strong></span> <span class='ocrx_word' id='word_1_714' title='bbox 1562 2192 1609 2211; x_wconf 86' lang='lat' dir='ltr'><strong>eas</strong></span> <span class='ocrx_word' id='word_1_715' title='bbox 1634 2184 1722 2211; x_wconf 79' lang='lat' dir='ltr'><strong>hostis</strong></span> 
     </span>
    </p>
   </div>
   <div class='ocr_carea' id='block_1_105' title="bbox 939 2231 1722 2270">
    <p class='ocr_par' dir='ltr' id='par_1_105' title="bbox 939 2231 1722 2270">
     <span class='ocr_line' id='line_1_105' title="bbox 939 2231 1722 2270; baseline -0.006 -9"><span class='ocrx_word' id='word_1_716' title='bbox 939 2235 1046 2270; x_wconf 74' lang='lat' dir='ltr'><strong>aggredi</strong></span> <span class='ocrx_word' id='word_1_717' title='bbox 1063 2242 1115 2262; x_wconf 89' lang='lat' dir='ltr'><strong>non</strong></span> <span class='ocrx_word' id='word_1_718' title='bbox 1124 2233 1259 2268; x_wconf 83' lang='lat' dir='ltr'><strong>auderet),</strong></span> <span class='ocrx_word' id='word_1_719' title='bbox 1273 2231 1443 2267; x_wconf 76' lang='lat' dir='ltr'><strong>Suppomum</strong></span> <span class='ocrx_word' id='word_1_720' title='bbox 1464 2232 1552 2266; x_wconf 80' lang='lat' dir='ltr'><strong>pergit</strong></span> <span class='ocrx_word' id='word_1_721' title='bbox 1563 2231 1618 2257; x_wconf 81' lang='lat' dir='ltr'><strong>Alis</strong></span> <span class='ocrx_word' id='word_1_722' title='bbox 1630 2231 1722 2262; x_wconf 81' lang='lat' dir='ltr'><strong>bassa,</strong></span> 
     </span>
    </p>
   </div>
   <div class='ocr_carea' id='block_1_106' title="bbox 940 2277 1723 2316">
    <p class='ocr_par' dir='ltr' id='par_1_106' title="bbox 940 2277 1723 2316">
     <span class='ocr_line' id='line_1_106' title="bbox 940 2277 1723 2316; baseline -0.009 -8"><span class='ocrx_word' id='word_1_723' title='bbox 940 2288 1109 2316; x_wconf 83' lang='lat' dir='ltr'><strong>numeroque</strong></span> <span class='ocrx_word' id='word_1_724' title='bbox 1127 2280 1244 2307; x_wconf 89' lang='lat' dir='ltr'><strong>militum</strong></span> <span class='ocrx_word' id='word_1_725' title='bbox 1269 2279 1407 2313; x_wconf 89' lang='lat' dir='ltr'><strong>superior,</strong></span> <span class='ocrx_word' id='word_1_726' title='bbox 1423 2277 1502 2305; x_wconf 72' lang='lat' dir='ltr'><strong>caesis</strong></span> <span class='ocrx_word' id='word_1_727' title='bbox 1522 2277 1642 2312; x_wconf 83' lang='lat' dir='ltr'><strong>captisve</strong></span> <span class='ocrx_word' id='word_1_728' title='bbox 1655 2284 1723 2310; x_wconf 78' lang='lat' dir='ltr'><strong>pm:-</strong></span> 
     </span>
    </p>
   </div>
   <div class='ocr_carea' id='block_1_107' title="bbox 940 2321 1722 2360">
    <p class='ocr_par' dir='ltr' id='par_1_107' title="bbox 940 2321 1722 2360">
     <span class='ocr_line' id='line_1_107' title="bbox 940 2321 1722 2360; baseline -0.009 -6"><span class='ocrx_word' id='word_1_729' title='bbox 940 2326 1074 2360; x_wconf 68' lang='lat' dir='ltr'><strong>sidiariis,</strong></span> <span class='ocrx_word' id='word_1_730' title='bbox 1099 2333 1190 2353; x_wconf 89' lang='lat' dir='ltr'><strong>arcem</strong></span> <span class='ocrx_word' id='word_1_731' title='bbox 1213 2325 1309 2359; x_wconf 86' lang='lat' dir='ltr'><strong>recipit</strong></span> <span class='ocrx_word' id='word_1_732' title='bbox 1324 2333 1335 2351; x_wconf 72' lang='grc' dir='ltr'>ι</span> <span class='ocrx_word' id='word_1_733' title='bbox 1362 2324 1442 2358; x_wconf 83' lang='lat' dir='ltr'><strong>cujus</strong></span> <span class='ocrx_word' id='word_1_734' title='bbox 1470 2323 1553 2350; x_wconf 80' lang='lat' dir='ltr'><strong>etiam</strong></span> <span class='ocrx_word' id='word_1_735' title='bbox 1578 2321 1722 2356; x_wconf 66' lang='lat' dir='ltr'><strong>praefectus</strong></span> 
     </span>
    </p>
   </div>
   <div class='ocr_carea' id='block_1_108' title="bbox 938 2368 1722 2403">
    <p class='ocr_par' dir='ltr' id='par_1_108' title="bbox 938 2368 1722 2403">
     <span class='ocr_line' id='line_1_108' title="bbox 938 2368 1722 2403; baseline -0.006 -3"><span class='ocrx_word' id='word_1_736' title='bbox 938 2373 1046 2400; x_wconf 75' lang='lat' dir='ltr'><strong>ltlauuel</strong></span> <span class='ocrx_word' id='word_1_737' title='bbox 1063 2372 1240 2403; x_wconf 85' lang='lat' dir='ltr'><strong>Murmurius,</strong></span> <span class='ocrx_word' id='word_1_738' title='bbox 1259 2372 1300 2397; x_wconf 89' lang='lat' dir='ltr'><strong>vir</strong></span> <span class='ocrx_word' id='word_1_739' title='bbox 1323 2370 1392 2398; x_wconf 90' lang='lat' dir='ltr'><strong>bello</strong></span> <span class='ocrx_word' id='word_1_740' title='bbox 1415 2375 1556 2401; x_wconf 87' lang='lat' dir='ltr'><strong>strenuus,</strong></span> <span class='ocrx_word' id='word_1_741' title='bbox 1589 2368 1616 2395; x_wconf 92' lang='lat' dir='ltr'><strong>iu</strong></span> <span class='ocrx_word' id='word_1_742' title='bbox 1635 2368 1722 2395; x_wconf 89' lang='lat' dir='ltr'><strong>hostis</strong></span> 
     </span>
    </p>
   </div>
   <div class='ocr_carea' id='block_1_109' title="bbox 938 2419 1200 2455">
    <p class='ocr_par' dir='ltr' id='par_1_109' title="bbox 938 2419 1200 2455">
     <span class='ocr_line' id='line_1_109' title="bbox 938 2419 1200 2455; baseline -0.008 -8"><span class='ocrx_word' id='word_1_743' title='bbox 938 2425 1099 2455; x_wconf 83' lang='lat' dir='ltr'><strong>potestatem</strong></span> <span class='ocrx_word' id='word_1_744' title='bbox 1116 2419 1200 2446; x_wconf 87' lang='lat' dir='ltr'><strong>venit.</strong></span> 
     </span>
    </p>
   </div>
   <div class='ocr_carea' id='block_1_110' title="bbox 973 2474 1720 2518">
    <p class='ocr_par' dir='ltr' id='par_1_110' title="bbox 973 2474 1720 2518">
     <span class='ocr_line' id='line_1_110' title="bbox 973 2474 1720 2518; baseline -0.007 -5"><span class='ocrx_word' id='word_1_745' title='bbox 973 2487 1043 2513; x_wconf 79' lang='lat' dir='ltr'><strong>Hinc</strong></span> <span class='ocrx_word' id='word_1_746' title='bbox 1055 2486 1198 2513; x_wconf 86' lang='lat' dir='ltr'><strong>obsessum</strong></span> <span class='ocrx_word' id='word_1_747' title='bbox 1211 2474 1283 2512; x_wconf 85' lang='lat' dir='ltr'><strong>terra</strong></span> <span class='ocrx_word' id='word_1_748' title='bbox 1314 2485 1438 2518; x_wconf 85' lang='lat' dir='ltr'><strong>marique</strong></span> <span class='ocrx_word' id='word_1_749' title='bbox 1459 2483 1624 2514; x_wconf 82' lang='lat' dir='ltr'><strong>Dulcinium,</strong></span> <span class='ocrx_word' id='word_1_750' title='bbox 1638 2483 1720 2509; x_wconf 85' lang='lat' dir='ltr'><strong>situm</strong></span> 
     </span>
    </p>
   </div>
   <div class='ocr_carea' id='block_1_111' title="bbox 939 2529 1721 2566">
    <p class='ocr_par' dir='ltr' id='par_1_111' title="bbox 939 2529 1721 2566">
     <span class='ocr_line' id='line_1_111' title="bbox 939 2529 1721 2566; baseline -0.005 -6"><span class='ocrx_word' id='word_1_751' title='bbox 939 2533 965 2560; x_wconf 93' lang='lat' dir='ltr'><strong>iu</strong></span> <span class='ocrx_word' id='word_1_752' title='bbox 984 2533 1104 2560; x_wconf 66' lang='lat' dir='ltr'><strong>Albaniae</strong></span> <span class='ocrx_word' id='word_1_753' title='bbox 1120 2532 1313 2566; x_wconf 75' lang='lat' dir='ltr'><strong>Dalmatirequc</strong></span> <span class='ocrx_word' id='word_1_754' title='bbox 1335 2531 1434 2558; x_wconf 87' lang='lat' dir='ltr'><strong>liuibus</strong></span> <span class='ocrx_word' id='word_1_755' title='bbox 1449 2529 1591 2564; x_wconf 87' lang='lat' dir='ltr'><strong>oppidum,</strong></span> <span class='ocrx_word' id='word_1_756' title='bbox 1628 2537 1721 2556; x_wconf 72' lang='lat' dir='ltr'><strong>mense</strong></span> 
     </span>
    </p>
   </div>
   <div class='ocr_carea' id='block_1_112' title="bbox 937 2576 1719 2607">
    <p class='ocr_par' dir='ltr' id='par_1_112' title="bbox 937 2576 1719 2607">
     <span class='ocr_line' id='line_1_112' title="bbox 937 2576 1719 2607; baseline -0.006 -2"><span class='ocrx_word' id='word_1_757' title='bbox 937 2578 1010 2606; x_wconf 85' lang='lat' dir='ltr'><strong>Julio</strong></span> <span class='ocrx_word' id='word_1_758' title='bbox 1023 2578 1119 2606; x_wconf 86' lang='lat' dir='ltr'><strong>Turcis</strong></span> <span class='ocrx_word' id='word_1_759' title='bbox 1135 2586 1165 2605; x_wconf 85' lang='lat' dir='ltr'><strong>se</strong></span> <span class='ocrx_word' id='word_1_760' title='bbox 1181 2577 1304 2605; x_wconf 89' lang='lat' dir='ltr'><strong>dedidit:</strong></span> <span class='ocrx_word' id='word_1_761' title='bbox 1322 2577 1430 2604; x_wconf 88' lang='lat' dir='ltr'><strong>civibus</strong></span> <span class='ocrx_word' id='word_1_762' title='bbox 1462 2576 1616 2603; x_wconf 86' lang='lat' dir='ltr'><strong>libertatem</strong></span> <span class='ocrx_word' id='word_1_763' title='bbox 1630 2583 1719 2607; x_wconf 80' lang='lat' dir='ltr'><strong>suam,</strong></span> 
     </span>
    </p>
   </div>
   <div class='ocr_carea' id='block_1_113' title="bbox 938 2620 1720 2659">
    <p class='ocr_par' dir='ltr' id='par_1_113' title="bbox 938 2620 1720 2659">
     <span class='ocr_line' id='line_1_113' title="bbox 938 2620 1720 2659; baseline -0.006 -7"><span class='ocrx_word' id='word_1_764' title='bbox 938 2625 1072 2653; x_wconf 87' lang='lat' dir='ltr'><strong>militibus</strong></span> <span class='ocrx_word' id='word_1_765' title='bbox 1081 2625 1141 2652; x_wconf 80' lang='lat' dir='ltr'><strong>vita:</strong></span> <span class='ocrx_word' id='word_1_766' title='bbox 1155 2625 1242 2659; x_wconf 82' lang='lat' dir='ltr'><strong>pa:tis</strong></span> <span class='ocrx_word' id='word_1_767' title='bbox 1258 2623 1484 2651; x_wconf 87' lang='lat' dir='ltr'><strong>incolumitatem.</strong></span> <span class='ocrx_word' id='word_1_768' title='bbox 1500 2620 1553 2648; x_wconf 85' lang='lat' dir='ltr'><strong>Sed</strong></span> <span class='ocrx_word' id='word_1_769' title='bbox 1571 2622 1634 2648; x_wconf 91' lang='lat' dir='ltr'><strong>dum</strong></span> <span class='ocrx_word' id='word_1_770' title='bbox 1656 2629 1720 2648; x_wconf 85' lang='lat' dir='ltr'><strong>cou-</strong></span> 
     </span>
    </p>
   </div>
   <div class='ocr_carea' id='block_1_114' title="bbox 938 2668 1719 2703">
    <p class='ocr_par' dir='ltr' id='par_1_114' title="bbox 938 2668 1719 2703">
     <span class='ocr_line' id='line_1_114' title="bbox 938 2668 1719 2703; baseline -0.008 -4"><span class='ocrx_word' id='word_1_771' title='bbox 938 2672 1051 2699; x_wconf 86' lang='lat' dir='ltr'><strong>tendunt</strong></span> <span class='ocrx_word' id='word_1_772' title='bbox 1067 2671 1139 2698; x_wconf 90' lang='lat' dir='ltr'><strong>inter</strong></span> <span class='ocrx_word' id='word_1_773' title='bbox 1166 2678 1195 2697; x_wconf 89' lang='lat' dir='ltr'><strong>sc</strong></span> <span class='ocrx_word' id='word_1_774' title='bbox 1222 2669 1319 2700; x_wconf 56' lang='lat' dir='ltr'><strong>bassa’.</strong></span> <span class='ocrx_word' id='word_1_775' title='bbox 1348 2676 1466 2703; x_wconf 89' lang='lat' dir='ltr'><strong>quorum</strong></span> <span class='ocrx_word' id='word_1_776' title='bbox 1492 2668 1560 2694; x_wconf 84' lang='lat' dir='ltr'><strong>alter</strong></span> <span class='ocrx_word' id='word_1_777' title='bbox 1589 2668 1719 2702; x_wconf 83' lang='lat' dir='ltr'><strong>oppidum</strong></span> 
     </span>
    </p>
   </div>
   <div class='ocr_carea' id='block_1_115' title="bbox 938 2714 1720 2750">
    <p class='ocr_par' dir='ltr' id='par_1_115' title="bbox 938 2714 1720 2750">
     <span class='ocr_line' id='line_1_115' title="bbox 938 2714 1720 2750; baseline -0.005 -6"><span class='ocrx_word' id='word_1_778' title='bbox 938 2717 1114 2744; x_wconf 85' lang='lat' dir='ltr'><strong>terrestribus</strong></span> <span class='ocrx_word' id='word_1_779' title='bbox 1130 2715 1228 2750; x_wconf 72' lang='lat' dir='ltr'><strong>copiis.</strong></span> <span class='ocrx_word' id='word_1_780' title='bbox 1242 2714 1310 2741; x_wconf 88' lang='lat' dir='ltr'><strong>alter</strong></span> <span class='ocrx_word' id='word_1_781' title='bbox 1340 2714 1409 2741; x_wconf 86' lang='lat' dir='ltr'><strong>mari</strong></span> <span class='ocrx_word' id='word_1_782' title='bbox 1443 2714 1599 2744; x_wconf 75' lang='lat' dir='ltr'><strong>obsederat,</strong></span> <span class='ocrx_word' id='word_1_783' title='bbox 1630 2714 1720 2740; x_wconf 85' lang='lat' dir='ltr'><strong>utrius</strong></span> 
     </span>
    </p>
   </div>
   <div class='ocr_carea' id='block_1_116' title="bbox 935 2759 1718 2796">
    <p class='ocr_par' dir='ltr' id='par_1_116' title="bbox 935 2759 1718 2796">
     <span class='ocr_line' id='line_1_116' title="bbox 935 2759 1718 2796; baseline -0.006 -6"><span class='ocrx_word' id='word_1_784' title='bbox 935 2771 996 2790; x_wconf 86' lang='lat' dir='ltr'><strong>esse</strong></span> <span class='ocrx_word' id='word_1_785' title='bbox 1011 2763 1138 2789; x_wconf 85' lang='lat' dir='ltr'><strong>deberet:</strong></span> <span class='ocrx_word' id='word_1_786' title='bbox 1155 2761 1275 2796; x_wconf 79' lang='lat' dir='ltr'><strong>pictique</strong></span> <span class='ocrx_word' id='word_1_787' title='bbox 1287 2768 1382 2787; x_wconf 80' lang='lat' dir='ltr'><strong>omnes</strong></span> <span class='ocrx_word' id='word_1_788' title='bbox 1393 2768 1419 2786; x_wconf 86' lang='lat' dir='ltr'><strong>tu</strong></span> <span class='ocrx_word' id='word_1_789' title='bbox 1432 2761 1591 2787; x_wconf 86' lang='lat' dir='ltr'><strong>servitutem</strong></span> <span class='ocrx_word' id='word_1_790' title='bbox 1609 2759 1689 2784; x_wconf 62' lang='lat' dir='ltr'><strong>abdut</strong></span> <span class='ocrx_word' id='word_1_791' title='bbox 1700 2760 1718 2785; x_wconf 89' lang='lat' dir='ltr'><strong>ti</strong></span> 
     </span>
    </p>
   </div>
   <div class='ocr_carea' id='block_1_117' title="bbox 937 2803 1719 2841">
    <p class='ocr_par' dir='ltr' id='par_1_117' title="bbox 937 2803 1719 2841">
     <span class='ocr_line' id='line_1_117' title="bbox 937 2803 1719 2841; baseline -0.006 -6"><span class='ocrx_word' id='word_1_792' title='bbox 937 2808 1058 2838; x_wconf 74' lang='lat' dir='ltr'><strong>fuerunt,</strong></span> <span class='ocrx_word' id='word_1_793' title='bbox 1071 2806 1191 2841; x_wconf 83' lang='lat' dir='ltr'><strong>exceptis</strong></span> <span class='ocrx_word' id='word_1_794' title='bbox 1210 2805 1292 2833; x_wconf 84' lang='lat' dir='ltr'><strong>Sarra</strong></span> <span class='ocrx_word' id='word_1_795' title='bbox 1317 2805 1496 2840; x_wconf 77' lang='lat' dir='ltr'><strong>Martinengu,</strong></span> <span class='ocrx_word' id='word_1_796' title='bbox 1517 2803 1656 2830; x_wconf 76' lang='lat' dir='ltr'><strong>Dalmatia:</strong></span> <span class='ocrx_word' id='word_1_797' title='bbox 1671 2810 1719 2830; x_wconf 87' lang='lat' dir='ltr'><strong>su-</strong></span> 
     </span>
    </p>
   </div>
   <div class='ocr_carea' id='block_1_118' title="bbox 937 2848 1720 2888">
    <p class='ocr_par' dir='ltr' id='par_1_118' title="bbox 937 2848 1720 2888">
     <span class='ocr_line' id='line_1_118' title="bbox 937 2848 1720 2888; baseline -0.004 -9"><span class='ocrx_word' id='word_1_798' title='bbox 937 2861 1028 2888; x_wconf 83' lang='lat' dir='ltr'><strong>premo</strong></span> <span class='ocrx_word' id='word_1_799' title='bbox 1057 2861 1118 2879; x_wconf 81' lang='lat' dir='ltr'><strong>cum</strong></span> <span class='ocrx_word' id='word_1_800' title='bbox 1146 2853 1261 2887; x_wconf 52' lang='lat' dir='ltr'><strong>impr-rio</strong></span> <span class='ocrx_word' id='word_1_801' title='bbox 1290 2853 1527 2888; x_wconf 78' lang='lat' dir='ltr'><strong>gubcrnalore,ac</strong></span> <span class='ocrx_word' id='word_1_802' title='bbox 1554 2848 1643 2876; x_wconf 70' lang='lat' dir='ltr'><strong>Marco</strong></span> <span class='ocrx_word' id='word_1_803' title='bbox 1669 2848 1720 2877; x_wconf 81' lang='lat' dir='ltr'><strong>Vc-</strong></span> 
     </span>
    </p>
   </div>
   <div class='ocr_carea' id='block_1_119' title="bbox 937 2898 1307 2928">
    <p class='ocr_par' dir='ltr' id='par_1_119' title="bbox 937 2898 1307 2928">
     <span class='ocr_line' id='line_1_119' title="bbox 937 2898 1307 2928; baseline 0.003 -3"><span class='ocrx_word' id='word_1_804' title='bbox 937 2898 1022 2928; x_wconf 80' lang='lat' dir='ltr'><strong>uerio.</strong></span> <span class='ocrx_word' id='word_1_805' title='bbox 1040 2898 1155 2926; x_wconf 83' lang='lat' dir='ltr'><strong>Dulcinii</strong></span> <span class='ocrx_word' id='word_1_806' title='bbox 1169 2898 1307 2926; x_wconf 74' lang='lat' dir='ltr'><strong>vra-fectu.</strong></span> 
     </span>
    </p>
   </div>
  </div>
