1962 3071
245 173 294 205 071

855 183 1017 215 JOANNIS
1030 186 1258 218 LEUNCLAVII

1811 191 1864 223 6'2

282 230 361 260 Tunc
369 232 450 260 etiam
463 233 543 262 Turci
570 235 648 270 potiti
679 236 792 265 fuerunt
815 238 954 272 Antibari.
981 249 1028 275 per
1043 248 1063 276 Α
1079 244 1141 276 viri,
1159 246 1357 280 inagitusregni
1371 245 1489 274 Castiliae
1499 246 1863 279 Commendator,Asranius

247 284 380 305 summam
394 279 528 314 ignaviam
540 281 702 310 deditionem
731 283 847 312 faciente
874 285 1028 314 Alexandro

251 321 353 350 Donato
380 325 526 358 pmfecto:
559 327 679 363 itemque
706 328 805 362 Butua.
832 338 894 365 qua:
920 332 1027 360 defendi

247 375 300 395 non
317 369 415 402 potuit,
431 371 506 405 quod
522 377 597 400 esset
614 381 709 402 versus
742 383 819 403 mare
838 383 934 411 parum
965 386 1027 406 ntu-

247 417 315 440 lllla.

285 458 402 488 Vtunlis
434 462 606 498 elCaragosa
634 466 743 498 ﬁniens,
764 474 826 493 cum
852 467 885 494 ad
911 469 1027 496 insulam

248 504 389 533 Liesenam
417 509 586 542 appulissent
614 511 726 545 (Farum
757 512 887 542 Dalmata
918 521 1026 548 vorant,

247 550 293 576 ubi
309 551 439 580 Farensis
453 559 495 581 est
512 555 713 592 episcopatus),
725 560 857 586 suburbia
874 562 1027 595 depopulati

246 601 319 630 sunt,
347 605 451 631 arcem,
463 608 544 634 quam
561 603 666 636 egregie
681 605 811 631 munitam
826 607 953 639 vidimus,
969 612 1029 635 ten-

248 646 304 668 lare
319 650 372 670 non
386 644 459 673 ausi.
475 645 588 674 Liesena
606 648 710 681 relicta,
729 650 872 678 Curzulam
894 653 1029 685 petieram

246 694 327 720 quam
343 688 489 725 Corcyram
502 690 611 726 Nigram
625 699 734 726 vocant,
751 695 822 727 haud
839 697 933 729 procul
965 697 1028 725 inde

246 732 370 762 dissitam
388 744 395 762 ε
410 736 455 764 cui
467 738 576 771 quidem
589 739 684 766 insula:
697 740 765 767 nihil
780 741 861 777 363
887 743 960 770 aliud
983 745 1028 771 dc-

246 779 312 807 dere
326 781 430 815 damni,
444 790 526 817 quam
552 785 625 818 quod
655 785 754 813 Ulatim
783 795 880 821 pagum
911 788 1029 816 ﬂammis

246 825 355 860 injectis
373 834 547 856 exusserant.
571 829 640 858 Nam
671 839 733 858 cuin
764 833 894 867 oppidum
920 834 1026 868 insulae,

246 872 318 905 quod
331 872 421 907 ipsum
432 881 542 909 quoque
557 875 680 904 Curzohe
705 885 804 905 nomen
821 879 913 912 habet,
930 887 945 906 a
961 881 1028 907 viris

250 918 402 952 desertum,
448 922 670 956 aggrederentur,
700 932 715 950 a
758 925 877 958 feminis,
906 926 1029 954 anitnose

246 965 362 997 patriam
375 965 598 1000 defendentibus.
614 971 790 998 memorabili
823 979 885 999 cum
911 974 1026 1000 marium

242 1010 470 1047 Curzolanorum,
485 1019 513 1042 et
537 1015 658 1050 ipsorum
672 1017 790 1044 hostium
802 1017 926 1050 infamia.
951 1019 1030 1047 femi-

246 1059 345 1092 ueique
370 1067 457 1087 sexus
486 1061 633 1089 immortali
658 1062 749 1096 laude,
779 1064 874 1098 rejeeti
906 1065 1027 1094 fuerunt.

280 1103 473 1139 Famagustani
485 1115 532 1141 per
560 1108 696 1142 integrum
711 1116 813 1137 annum
831 1111 945 1144 obsessi,
969 1120 1029 1139 cum

245 1149 358 1181 fortiter
375 1151 506 1181 hactenus
519 1161 626 1181 onmem
647 1155 702 1182 vim
731 1155 857 1184 hostilem
882 1158 1030 1186 sustinuis-

243 1201 307 1223 sent
323 1205 331 1224 :
348 1198 455 1226 tandem
472 1199 499 1226 in
511 1205 630 1227 extrema
643 1209 734 1229 rerum
763 1204 884 1231 omnium
917 1206 1028 1240 penuria

245 1243 408 1272 dedixionem
423 1245 556 1279 fecerunt,
573 1247 615 1274 his
631 1247 737 1283 legibus
753 1258 760 1276 :
774 1255 803 1277 ut
827 1249 937 1277 Venetis
967 1253 1030 1280 vita

245 1290 440 1317 concederetur
456 1292 640 1325 incolumitas,
655 1298 682 1321 et
697 1295 738 1322 uti
752 1303 814 1323 cum
830 1297 914 1324 armis
929 1297 985 1324 suis
998 1305 1030 1325 ac

245 1335 422 1364 farnltatibus
441 1337 468 1364 in
481 1337 589 1367 Cretam
603 1340 801 1369 deducerentur
816 1351 823 1375 ;
836 1341 921 1370 Grmci
934 1342 1029 1373 domos

245 1389 307 1408 suas
334 1382 496 1416 incolerent,
525 1386 745 1420 possessionibus
777 1389 834 1416 suis
860 1389 1027 1424 fruerentur,

246 1430 298 1453 ritu
312 1427 469 1457 Christiano
496 1432 629 1460 viverent.
652 1433 757 1466 Quibus
785 1436 988 1465 conditionibus
1013 1445 1029 1464 a

244 1473 383 1508 Mnstapha
402 1476 491 1508 bassa,
512 1478 589 1506 initio
605 1481 707 1508 mensis
736 1482 860 1516 Augusti,
882 1491 953 1511 anno
977 1484 1030 1514 979

244 1520 319 1552 (Chr.
336 1521 426 1557 1572),
448 1523 564 1551 laudatis
574 1531 601 1552 et
611 1527 777 1560 approbatis.
793 1529 932 1564 ipsiusque
947 1538 1028 1559 manu

245 1569 432 1603 subsignatis:
449 1570 492 1597 die
508 1574 604 1605 quinto
619 1572 685 1599 dicti
696 1573 796 1601 mensis
808 1575 920 1609 Angitin
930 1576 1029 1610 prodiit
1062 1569 1067 1575 ”

1079 289 1373 323 Cornianus,.loanncs
1398 293 1519 320 Andreas
1539 293 1618 320 Doria
1645 294 1772 328 princeps
1801 292 1866 320 Mcl-

1079 337 1218 371 phitanus,
1228 338 1396 372 Augustinus
1409 338 1583 373 Barbarigus,
1598 339 1704 366 Marcus
1721 339 1863 372 Quirinus,

1079 383 1215 410 Antonius
1230 383 1350 416 (Ianalis,
1367 383 1462 412 Veneti
1481 394 1487 412 :
1504 385 1656 412 Alexander
1674 386 1738 412 item
1764 384 1865 412 Farne-

1079 428 1147 460 sius,
1171 427 1276 456 Octavii
1301 429 1379 457 ducis
1405 430 1486 462 filius,
1520 431 1646 464 princeps
1674 430 1831 458 Parmensis
1854 439 1863 463 ;

1079 472 1241 502 Franciscus
1253 474 1348 508 Maria,
1364 475 1498 504 Guidonis
1509 475 1604 503 Ubaldi
1616 477 1696 508 lilitts,
1715 476 1863 508 Roverens,

1080 518 1174 547 Urbini
1193 521 1330 560 princeps,
1359 521 1460 550 Paulus
1486 521 1623 550 Jordanus
1656 522 1782 553 Ursinus.
1807 523 1862 549 dux

1078 565 1286 594 Bracciancnsis
1306 576 1313 600 ;
1333 568 1449 595 Alvarus
1473 569 1597 596 marcbio
1618 569 1725 596 Sancta:
1755 567 1863 598 Crucis.

1079 616 1106 639 et
1123 612 1167 638 alii
1180 613 1281 647 plures.
1294 613 1357 640 Hice
1374 614 1472 641 classis
1496 622 1557 642 cum
1585 622 1678 641 mense
1710 613 1865 648 Septembri

1080 657 1204 685 Messana
1217 657 1315 686 Siciliae
1326 659 1462 691 solvisset,
1474 660 1640 695 hostilesque
1649 660 1758 687 navales
1770 659 1868 694 copias

1079 704 1111 731 ad
1124 703 1290 731 lnebechtim
1305 705 1455 733 subsistere
1467 706 1519 740 (sic
1534 705 1616 732 Turci
1630 705 1772 732 nominant
1796 705 1866 732 civi-

1080 755 1174 781 tatem,
1187 757 1266 784 quam
1291 751 1376 778 nostri
1404 751 1556 785 Lepanlum
1584 751 1734 786 appellant,
1759 754 1869 778 veteres

1080 795 1173 822 dixere
1192 794 1374 830 Naupactum)
1398 797 1553 824 nuntiatum
1581 802 1652 824 esset
1667 807 1674 824 :
1691 796 1800 824 tandem
1832 797 1866 823 ad

1081 841 1300 874 portuminsulaz
1318 841 1512 877 Cephalleniae,
1536 851 1617 877 quem
1651 844 1733 870 vallis‘
1748 844 1871 871 Alexan-

1076 885 1163 912 drinaa
1184 892 1292 919 vocant,
1308 887 1422 922 appttlil.
1434 888 1529 915 Stabat
1547 888 1618 915 haud
1630 890 1751 923 procula
1768 890 1872 917 nostris

1046 947 1065 973 Β
1080 931 1107 957 in
1125 931 1303 959 lnehechtino
1316 933 1390 964 sinu,
1406 933 1453 968 qui
1467 933 1625 961 Corinthius
1641 934 1707 961 olim
1728 942 1873 970 nuncupa-

1081 977 1171 1010 batur,
1191 974 1287 1005 classis
1297 978 1414 1005 hostium
1432 987 1438 1005 :
1457 979 1500 1006 cui
1521 986 1582 1006 cum
1604 979 1869 1024 irupcrioprmerant

1081 1021 1213 1049 Pertavus
1225 1022 1304 1050 bassa
1317 1024 1457 1058 copiarum
1476 1021 1658 1056 terrestrium,
1675 1030 1701 1052 ct
1719 1025 1777 1052 Alls
1787 1027 1874 1053 bassa

1080 1066 1217 1094 sociorum
1230 1068 1367 1095 navalium
1378 1070 1432 1095 dux
1455 1076 1610 1104 supremus.
1634 1069 1707 1097 Inter
1738 1071 1800 1102 hos.
1824 1079 1873 1098 co-

1080 1112 1154 1146 gnito
1169 1112 1328 1141 Christianae
1342 1114 1439 1142 classis
1457 1115 1586 1147 adventu,
1604 1117 1800 1144 sententiarum
1825 1117 1870 1143 di-

1082 1159 1194 1186 versitas
1211 1160 1326 1189 exstitit.
1340 1161 1472 1189 Pcrlavus
1488 1161 1680 1190 abstinendum
1699 1163 1838 1197 judicabat
1852 1172 1870 1191 a

1079 1205 1185 1238 prtulio,
1206 1206 1277 1240 quod
1293 1207 1438 1240 conjuncta
1451 1208 1732 1242 jamChristianornm
1760 1209 1869 1242 classis,

1082 1251 1162 1278 unius
1177 1252 1290 1287 imperio
1306 1254 1382 1281 ducis
1396 1260 1534 1289 regeretur
1549 1264 1556 1282 :
1576 1256 1789 1291 exspectandum
1806 1264 1871 1284 esse

1080 1297 1256 1332 perexiguum
1272 1299 1304 1325 ad
1314 1304 1430 1334 tempus,
1442 1309 1497 1335 quo
1509 1301 1627 1329 futurum
1637 1304 1682 1336 sit,
1694 1308 1733 1338 ut,
1745 1304 1791 1331 illo
1799 1313 1873 1339 pra:~

1079 1344 1173 1370 sertim
1186 1345 1250 1371 anni
1263 1350 1393 1380 tempore,
1413 1348 1542 1375 solvatur.
1558 1349 1614 1375 Alis
1629 1351 1786 1378 econtrario
1803 1359 1872 1379 scn-

1081 1389 1176 1424 ticbat,
1191 1391 1302 1418 omnino
1322 1392 1518 1420 dimicandum.
1533 1395 1553 1420 A
1573 1394 1688 1422 Pcrtavo
1701 1397 1810 1424 stabant
1825 1399 1867 1425 rei

1081 1436 1183 1463 navalis
1193 1437 1349 1470 peritissimi
1366 1439 1542 1474 veteranique
1558 1441 1653 1473 duces,
1671 1442 1782 1470 Sirocus
1798 1442 1870 1471 Ale-

1080 1482 1201 1509 xaudriae
1217 1486 1371 1519 sangiacus,
1384 1485 1539 1514 Carabuces
1553 1489 1697 1522 sangiacus
1714 1488 1871 1525 Sourisaris

1081 1528 1107 1555 iu
1125 1529 1286 1558 Carmuania
1311 1532 1368 1559 sive
1397 1533 1489 1560 Cilicia
1519 1534 1654 1562 maritima
1688 1535 1870 1564 Mechemctes

1082 1575 1176 1609 hegus,
1192 1575 1262 1604 Sola:
1280 1578 1352 1605 llaisi
1374 1578 1455 1611 lilius,
1467 1580 1610 1614 saugiacus
1628 1580 1735 1608 Euboea:
1748 1582 1805 1609 sive
1814 1583 1872 1609 Nc—

244 1622 275 1640 ex
293 1615 359 1641 urbe
370 1614 477 1642 Marcus
495 1616 631 1645 Antonius
647 1618 825 1653 Bragadinus,
838 1622 890 1648 sub
907 1630 961 1656 quo
982 1623 1029 1650 de-
1041 1621 1063 1650 C
1082 1623 1206 1657 groponti
1221 1631 1228 1649 :
1245 1631 1306 1650 cum
1320 1624 1361 1651 Ali
1373 1632 1435 1651 vero
1445 1625 1608 1659 sentiebant,
1620 1626 1758 1654 Chasancs
1769 1627 1870 1663 begus,

208 1682 211 1685 .
244 1660 319 1688 fcusa
335 1661 421 1688 fuerat
437 1663 578 1693 hactenus.
593 1669 619 1691 et
637 1673 698 1692 cum
714 1666 810 1693 illustri
829 1668 963 1696 nobilium
989 1669 1029 1697 vi-

245 1715 336 1734 rorum
347 1709 475 1736 Comitatu
489 1709 515 1736 in
529 1710 678 1746 Mustapltaa
690 1719 777 1740 castra
792 1714 873 1746 venit,
885 1715 964 1749 eique
972 1716 1028 1743 cla-

244 1760 289 1780 ves
304 1753 430 1785 civitatis,
451 1756 522 1789 quod
533 1756 558 1782 in
569 1755 751 1784 deditionibus
766 1758 823 1786 fieri
832 1759 911 1792 solet,
921 1760 1028 1788 obtulit.

245 1799 378 1833 Exreplus
393 1800 470 1828 initio
486 1801 601 1829 comiter
619 1810 633 1830 a
649 1802 790 1838 Mustapba
805 1804 896 1836 bassa,
911 1813 972 1833 mox
995 1807 1029 1835 ab

242 1846 286 1872 illa
303 1847 404 1873 crudeli
417 1847 516 1880 bellua,
533 1856 734 1882 per_snmmum
753 1850 843 1878 scelus
855 1851 955 1879 violata
965 1852 1026 1885 fide,

242 1900 304 1918 cum
321 1892 381 1920 aliis
393 1901 439 1927 per
451 1893 599 1921 ludibrium
614 1895 728 1922 aliicitur
741 1897 884 1930 exquisitis
910 1898 1027 1933 injuriis,

244 1944 299 1965 tum
314 1938 346 1965 ad
365 1944 517 1966 extremum
546 1940 624 1967 vivus
654 1941 819 1968 cxcoriatnr.
849 1941 1026 1971 Laurentium

242 1983 404 2018 Trupolutn,
422 1983 506 2018 Paphi
525 1986 750 2021 praefectum,qui
767 1990 793 2013 et
809 1986 867 2021 ipse
880 1995 942 2015 cum
968 1988 1028 2015 aliis

243 2029 432 2066 Famagnstam
445 2031 577 2066 singulari
592 2033 693 2059 virtute
704 2038 898 2067 propugnarat,
915 2041 1029 2067 suspen—

241 2076 286 2102 dio
303 2075 461 2111 lllnstaphas
476 2078 578 2110 necari,
601 2083 715 2106 cretei-os
743 2078 882 2107 dedititios
904 2079 1029 2107 immani-

243 2127 283 2149 ter
297 2123 480 2150 contrucidari
493 2124 588 2158 jussit.
615 2124 780 2157 Turcorum,
805 2126 851 2160 qui
876 2126 1027 2155 obsidionis

241 2168 375 2203 principio
390 2170 415 2195 in
427 2170 582 2197 universum
600 2170 632 2198 ad
647 2171 764 2198 ducenta
782 2172 863 2198 millia
878 2173 1026 2199 censeban-

241 2221 296 2247 tur,
313 2214 341 2242 in
355 2216 454 2249 quibus
472 2221 551 2243 crant
563 2218 712 2250 Azaponnn
727 2217 826 2249 80,000
838 2220 1026 2252 gcuizarorum

242 2262 350 2294 11,000,
365 2261 497 2289 Volonum
530 2263 675 2297 (Acanzios
704 2263 753 2297 ipsi
777 2266 885 2298 vocant)
915 2264 1024 2297 60,000,

241 2309 355 2343 periisse
369 2313 474 2336 constat
492 2307 636 2336 obsidione
650 2308 777 2341 durante,
805 2318 887 2344 supra
914 2311 1024 2343 80,000.

277 2356 340 2383 Erat
351 2356 428 2383 initio
440 2356 502 2384 belli
513 2356 615 2390 Cyprii,
626 2356 802 2385 defendendae
811 2364 906 2385 contra
919 2358 1022 2385 Turco-

240 2410 299 2429 rtnn
319 2405 383 2434 vim,
399 2403 553 2436 reipublicu:
568 2403 729 2430 Christiana:
747 2411 838 2436 causa,
867 2412 1025 2438 percussum

240 2451 275 2477 fu:
286 2451 327 2476 ius
343 2451 414 2476 inter
429 2449 505 2476 Pium
521 2449 652 2482 Quintum
680 2451 833 2484 pontilicem
865 2451 1025 2481 ittaximum.

239 2497 391 2530 Philippum
409 2504 497 2530 regem
513 2496 715 2530 Hispaniarum,
733 2501 760 2522 et
780 2500 905 2523 senatum
939 2495 1026 2523 Venu-

240 2547 307 2569 lum.
325 2543 391 2576 Ejus
405 2542 516 2569 hederis
538 2543 679 2576 copiarum
711 2543 836 2569 omnium
869 2543 1027 2576 designatus

239 2588 291 2614 fuit
307 2589 457 2621 imperator
480 2587 599 2615 Joannes
624 2588 765 2621 Austrius,
794 2588 888 2615 Karuli
911 2588 1026 2621 Augusti

239 2633 320 2665 filius,
332 2633 442 2668 Hispani
463 2635 556 2661 frater.
571 2634 694 2661 Pontifex
707 2636 763 2661 suis
779 2635 936 2661 triremibus
955 2634 1026 2660 hlar-

238 2687 299 2706 eum
316 2679 462 2705 Antonium
480 2680 652 2713 Colutnnam,
664 2681 766 2709 ducem
778 2680 1024 2707 Talliacoecianum

238 2725 389 2753 nobilitatis
411 2725 539 2753 Romamn
573 2727 721 2761 principem
735 2748 743 2760 ,
771 2727 892 2762 przefeeit
909 2735 915 2753 :
932 2726 1026 2753 Veneti

240 2771 426 2806 amplissinuc,
441 2779 521 2806 quam
533 2772 731 2805 instruxerant,
753 2773 851 2800 classis
879 2773 1025 2807 imperium

239 2816 401 2844 Sebastiano
421 2817 548 2851 Veni-rio,
569 2826 649 2853 quem
669 2824 764 2853 postea
792 2819 889 2846 ducem
916 2827 1028 2854 quoque

242 2871 322 2890 suum
337 2870 476 2896 errarunt,
508 2866 679 2893 commisere.
718 2868 818 2893 Pra-tcr
851 2866 902 2892 hos
928 2869 955 2892 ct
980 2865 1025 2892 alii

240 2911 291 2936 hac
322 2914 401 2937 erant
437 2912 463 2938 in
489 2912 663 2943 expeditione
691 2911 827 2943 principes
858 2911 1020 2939 ctillustrcs

898 2972 901 2984 ν

1080 1667 1254 1696 Chairadinis
1269 1669 1441 1698 Barbarossm
1456 1671 1539 1704 ﬁlius,
1554 1671 1674 1700 Uluzalis
1691 1675 1874 1708 prosultanus

1080 1712 1256 1747 Cesaireusis,
1272 1721 1298 1741 et
1309 1714 1386 1743 Caias
1403 1716 1486 1750 begus
1500 1717 1675 1753 Smyrnensis
1703 1721 1848 1755 sangiacus
1862 1730 1872 1750 :

1079 1765 1195 1792 quorum
1217 1761 1353 1787 sententia
1369 1762 1477 1789 tandem
1493 1763 1568 1796 vicit,
1586 1763 1692 1792 Uluzali
1710 1765 1823 1800 jubente
1841 1767 1872 1795 in

1079 1803 1198 1831 medium
1218 1804 1330 1839 proferri
1345 1811 1370 1832 et
1387 1807 1494 1834 recitari
1510 1809 1666 1836 mandatum
1684 1811 1783 1837 sultani
1801 1811 1874 1840 Seli-

1080 1851 1141 1882 mis,
1150 1859 1203 1884 quo
1212 1851 1352 1879 victoriam
1361 1853 1398 1879 ttti
1410 1860 1646 1888 prosequerentur,
1655 1855 1695 1882 eis
1708 1855 1874 1891 iniungeba-

1079 1900 1133 1922 tur.
1143 1897 1270 1924 Omnium
1279 1906 1343 1932 ergo
1350 1899 1493 1927 sententiis
1501 1899 1652 1933 decretum,
1662 1901 1784 1935 praelium
1793 1903 1875 1937 quod

1082 1949 1134 1968 non
1147 1942 1244 1970 minori
1264 1944 1417 1971 animorum
1430 1945 1571 1973 alacritate
1585 1947 1687 1975 nostris
1695 1948 1775 1975 etiam
1785 1955 1874 1983 expe-

1081 1989 1212 2021 tentibns,
1223 1989 1399 2017 commissum
1410 1990 1461 2017 fuit
1469 1991 1501 2018 ad
1513 1996 1567 2019 tres
1576 1993 1688 2027 exiguas
1697 1993 1813 2025 insulas.
1826 1995 1872 2022 vel

1080 2036 1199 2061 marinus
1217 2037 1306 2069 potius
1317 2036 1457 2070 scopulos.
1475 2045 1543 2072 quos
1559 2038 1708 2066 Cuzolaros
1722 2040 1802 2067 hodie
1813 2045 1871 2067 tam

1079 2079 1176 2114 θηρσὶ,
1193 2089 1273 2116 quam
1289 2083 1374 2109 nostri
1387 2089 1494 2111 vocant.
1505 2085 1621 2112 Victoria
1636 2086 1712 2120 potiti
1723 2091 1786 2113 sunt
1797 2088 1870 2113 mul-

1081 2127 1114 2154 tis
1127 2137 1139 2153 :I
1159 2128 1393 2157 suacnlisinaudita
1410 2130 1567 2158 Christiani.
1585 2131 1669 2159 Periit
1683 2134 1793 2160 occisus
1811 2134 1872 2162 Alis

1079 2173 1171 2201 bassa.
1194 2174 1324 2203 Pertavus
1342 2177 1532 2204 animadverso
1553 2179 1678 2212 praesenti
1695 2187 1807 2206 suorum
1828 2181 1874 2207 in-

1080 2219 1172 2251 teritu,
1188 2228 1239 2246 non
1258 2228 1355 2255 magno
1370 2222 1477 2256 navigio
1493 2222 1599 2256 fugiens
1613 2223 1644 2250 ad
1658 2228 1756 2250 terram
1770 2226 1870 2253 evasit.

1079 2264 1199 2291 Uluzalis
1217 2266 1282 2291 ntari
1293 2267 1409 2301 profugit
1426 2276 1488 2294 cum
1510 2269 1618 2302 triginta
1655 2269 1714 2303 plus
1741 2270 1871 2299 minusve

1080 2313 1247 2340 triremibus.
1265 2314 1339 2340 (133551
1357 2314 1466 2340 fuerunt
1484 2315 1599 2341 hostium
1615 2315 1647 2341 ad
1664 2316 1760 2348 25000,
1789 2324 1870 2351 capta

1077 2358 1157 2386 4000.
1177 2359 1279 2386 Classis
1296 2359 1401 2387 hostilis
1416 2361 1553 2390 universa,
1569 2368 1630 2387 cum
1646 2361 1871 2395 spoliisimtunn—

1078 2404 1126 2434 sis,
1139 2404 1354 2431 Christianorum
1374 2405 1400 2430 in
1417 2411 1578 2439 potestatem
1596 2406 1668 2432 venit
1684 2414 1690 2438 ;
1709 2406 1742 2433 iis
1759 2407 1870 2433 dunta—

1078 2451 1257 2484 xatcxccptis
1273 2451 1430 2478 triremibus
1459 2459 1490 2477 ac
1511 2451 1637 2486 navigiis,
1670 2460 1731 2478 cum
1767 2454 1871 2487 quibus

1079 2496 1210 2523 Uluzalim
1223 2498 1343 2524 evasiSsc
1357 2497 1484 2524 diximus.
1494 2497 1617 2525 Liberata
1628 2499 1781 2526 Christiana
1793 2509 1872 2527 inau-

1077 2543 1146 2576 ripia
1162 2551 1243 2576 supra
1264 2542 1358 2570 14000.
1376 2543 1528 2578 Pugnatum
1546 2544 1589 2570 die
1612 2544 1729 2578 s-‘ptimo
1765 2547 1870 2573 mensis

1077 2588 1211 2617 Octobris.
1226 2597 1297 2615 anno
1315 2588 1504 2616 ilahuutclauo
1521 2590 1571 2616 979
1591 2589 1665 2624 (Chr.
1701 2589 1792 2623 15η).

1113 2634 1169 2662 Hac
1185 2633 1282 2662 Turris
1298 2636 1371 2662 illata
1388 2635 1475 2668 clade,
1500 2633 1822 2670 VenetiMargaritinnm,
1841 2637 1867 2663 in

1077 2681 1180 2707 Chimei
1189 2682 1304 2708 iotarnm
1323 2682 1441 2716 regione,
1452 2690 1512 2716 quze
1524 2682 1644 2708 Albaniae
1655 2690 1720 2716 pars
1734 2687 1776 2708 est
1790 2683 1843 2717 (sic
1852 2691 1868 2710 a

1076 2726 1113 2754 Ce
1130 2728 1324 2753 anniisdictam
1340 2727 1476 2753 tnontilrus
1485 2727 1567 2760 aliqui
1587 2729 1702 2761 putant),
1718 2727 1788 2754 haud
1808 2736 1869 2761 pro-

1077 2774 1120 2799 (uti
1135 2781 1148 2800 a
1162 2774 1278 2808 Corcyra
1293 2775 1386 2804 situm,
1397 2774 1534 2800 deditione
1549 2779 1680 2807 ceperunt
1705 2774 1869 2799 duodecimo

1077 2819 1159 2855 365I
1173 2820 1217 2846 die
1238 2819 1408 2851 Novembtis,
1440 2820 1520 2846 vitam
1549 2819 1746 2853 facultatcSquc
1778 2820 1869 2845 salvas

1080 2866 1276 2900 ιιςιειδοριιιίιιιιε
1292 2865 1417 2892 Barbaris
1430 2875 1436 2892 :
1450 2871 1476 2892 et
1495 2865 1583 2899 ipsum
1596 2871 1715 2891 castrum
1728 2873 1788 2890 mox
1808 2865 1868 2898 igne

1078 2917 1280 2939 LUllL‘i‘t‘llwllldl
1297 2913 1449 2939 dirucrunt.
1466 2911 1632 2946 Soppoloutu
1651 2918 1759 2944 quoque
1776 2911 1868 2938 deser-
