1962 3071
94 122 149 155 673

648 127 838 158 SUPPLEM.
857 127 997 158 ANNAL,
1017 127 1169 158 TUR‘CIC.

1667 131 1721 162 674

92 183 146 205 tuin
160 186 174 204 a
189 177 296 211 Turcis,
315 179 412 207 Albani
428 185 609 214 occuparunt,
624 187 649 208 et
663 181 773 208 Venetis
802 181 881 208 resti-
892 183 918 212 Α
929 182 963 208 de
979 181 1075 209 Turcis
1088 181 1199 208 victoria
1215 185 1270 208 toto
1284 181 1341 216 jam
1368 181 1435 208 orbe
1452 181 1587 209 celebrent
1613 184 1696 211 mittit
1713 194 1720 212 :

93 227 203 249 luerunt
214 231 220 250 :
233 231 248 250 a
260 224 360 258 quibus
380 225 515 252 redditum
526 225 652 260 deinceps
668 226 776 253 sultano
787 225 883 253 Selimi

93 267 152 294 fuit.
172 269 252 296 Auno
266 271 390 304 sequenti
409 271 535 305 proximo
552 271 606 298 980
623 271 700 305 (Chr.
724 272 816 306 1575),
838 274 886 299 de-

92 315 162 339 (ξιιιο
177 314 275 348 quinto
290 315 395 342 mensis
410 314 547 348 Januarii,
562 320 663 343 tentata
685 316 735 342 fuit
751 324 765 342 a
780 316 886 343 Venetis

94 359 202 386 obsidio
218 359 328 386 Castelli
346 360 420 393 novi,
441 361 530 396 captis
549 361 700 395 suburbiis,
714 361 760 388 sed
770 368 902 392 succur-,

93 405 217 432 rentibus
230 406 368 437 Bai-tiaris,
383 408 417 435 ab
433 407 576 434 obsidione
602 408 767 436 discessum.
790 407 888 442 Cupie-

93 450 159 478 bant
176 450 268 478 Veneti
290 452 340 479 bot:
355 452 453 486 oppido
468 461 529 480 cum
546 461 608 480 arce
642 453 732 488 potiri,
767 457 796 480 ut
812 453 887 480 omni

93 497 215 530 periculo
227 496 522 531 Catarum,eivitatetn
550 499 593 526 sui
621 499 692 534 juris
727 499 805 533 longe
827 506 889 527 mu-

94 542 272 574 nitissimam,
288 543 447 571 liberarent.
465 543 552 571 Situm
567 549 610 571 est
626 545 697 571 enim
722 544 849 572 Catarum
860 544 887 572 in

93 588 154 614 sinu
171 589 289 622 quodam
313 591 409 623 maris,
438 591 485 625 qui
505 590 653 618 Rizonicus
680 591 744 618 oliui
776 595 887 618 meatus

94 634 155 664 fuit,
173 642 246 661 nunc
257 635 291 662 ab
305 636 361 670 ipsa
377 636 489 664 civitate
501 636 649 664 Catarinus
673 637 774 665 dicitur
791 637 888 671 :cujus

93 680 194 706 ostium
211 680 294 707 Turci
311 681 444 708 hactenus
455 682 564 710 Castelli
589 682 650 709 novi
685 683 888 717 propugnaculo

92 725 231 758 claudere,
240 733 273 753 ne
282 726 381 754 Cataro
392 728 515 754 succurri
527 728 622 762 possit,
634 729 733 756 frustra
744 733 886 755 conantur.

129 770 217 798 Varia:
231 773 406 808 contigerunt
431 778 512 800 artate
534 779 628 801 nostra
661 775 828 802 mutationes
859 775 887 801 iii

92 826 178 853 regno
194 817 340 851 Tunisino,
358 827 413 854 quo
428 820 616 854 superioribus
628 822 709 849 annis
726 830 772 848 rex
787 822 885 854 Assan,

935 228 981 261 qui
993 234 1072 262 opem
1087 228 1145 262 ejus
1163 227 1349 262 auxiliumque
1370 232 1524 262 poscerent,
1539 232 1569 255 ut
1579 236 1663 264 regno
1678 238 1720 258 re-

935 273 1108 300 stitueretur.
1123 273 1211 301 Simul
1232 274 1387 301 habiturum
1404 281 1434 301 se
1458 274 1591 309 promittit
1602 275 1721 310 ingentes

936 318 972 345 ab
985 318 1081 346 amicis
1095 318 1233 353 sociisque
1244 319 1347 353 copias,
1361 321 1389 346 et
1405 326 1464 346 eam
1495 326 1612 347 annona:
1635 321 1720 348 abun-

935 359 1066 396 dantiam,
1078 371 1138 399 quae
1152 364 1236 399 ipsius
1248 365 1378 393 exercitui
1391 364 1432 392 vel
1447 364 1564 392 maximo
1576 365 1720 393 suﬁ’eetura

936 411 983 438 sit.
997 410 1100 438 Adnuit
1116 410 1176 445 ejus
1193 411 1334 445 postulatis
1346 411 1484 441 Austrius.
1497 416 1524 438 et
1545 412 1643 446 insigni
1657 420 1719 440 cum

935 455 1035 488 classe,
1051 463 1132 490 quam
1147 455 1207 483 aliis
1220 457 1302 483 etiam
1319 463 1381 483 cum
1397 457 1554 485 triremibus
1568 457 1620 484 dux
1641 458 1722 486 Sues-

936 509 1030 533 sanus,
1047 504 1074 528 et
1087 500 1269 535 Melpliitsnus
1282 501 1420 536 princeps,
1449 501 1570 530 Joannes
1600 502 1724 530 Andreas

937 547 1018 575 Doria
1029 546 1249 583 comitabantur.
1263 547 1289 575 in
1302 548 1422 575 Africam
1436 549 1582 583 transjicit,
1599 549 1722 577 'l‘uuisim

936 597 1061 627 occupat,
1076 600 1169 627 regem
1180 600 1195 619 a
1210 592 1308 621 Turcis
1322 592 1415 621 datum
1432 593 1460 620 in
1475 599 1635 629 potestatem
1654 594 1724 621 redi-

937 639 986 673 git,
1004 639 1097 666 urbem
1115 644 1220 673 captam
1236 639 1314 666 militi
1328 647 1379 667 suo
1393 639 1574 674 diripiendam
1587 642 1722 669 concedit.

936 685 1004 711 Cum
1014 689 1103 712 autem
1114 686 1256 719 promissis
1266 685 1363 713 Amida
1375 693 1427 713 non
1440 685 1620 719 satisfaceret,
1631 686 1724 714 ﬂuxae-

937 737 989 763 que
998 729 1164 764 casteroquin
1175 731 1258 757 etiam
1277 730 1339 758 fidei
1360 731 1437 765 signa
1447 731 1570 762 quaedam
1581 731 1724 766 praeberet,

937 775 1093 804 sollicitatis
1107 779 1214 803 secreto
1238 776 1365 803 Tureicis
1387 776 1508 808 auxiliis,
1534 784 1596 804 eum
1618 776 1725 804 duobus

940 822 1002 849 ﬁliis
1018 823 1045 849 in
1060 821 1195 854 Siciliam,
1208 821 1287 856 jussu
1302 822 1418 853 Austrii,
1433 826 1604 850 transvectus
1613 822 1674 850 fuit.
1687 822 1725 850 lbi

92 863 253 892 Machmetis
269 865 340 892 ﬁlius
371 865 542 901 (Muleassem
558 867 644 894 nostri
656 874 709 894 non
723 873 794 894 recte
806 875 885 894 voca-
900 861 920 890 Β
937 868 980 896 cui
1009 867 1131 894 futurum
1143 868 1303 902 accepisset,
1320 872 1349 894 ut
1361 867 1444 894 frater
1461 868 1520 901 ejus
1550 867 1725 898 Maehmetes.

94 914 169 941 runt,
186 917 248 936 cum
263 908 335 937 lilule
347 917 435 945 regem
456 911 498 937 vel
509 911 649 938 dominum
662 911 784 946 ip~orum
795 912 886 947 lingua

93 955 249 990 significare
268 956 400 989 tradatur.
428 959 516 984 Assan
533 965 597 984 vero
612 957 753 992 proprium
766 956 847 985 fuerit
861 957 885 986 ci

93 1002 217 1037 nomen),
236 1002 348 1030 excluso
357 1007 509 1038 necataque
525 1003 643 1031 maximo
655 1009 719 1031 natu
728 1003 812 1031 fratre
828 1003 886 1031 Ma-

93 1055 188 1081 niuna,
201 1048 249 1083 qui
266 1049 366 1076 nostris
381 1054 423 1076 est
439 1048 571 1082 Maiinon,
586 1049 688 1084 potitus
712 1049 778 1077 fuit.
811 1049 884 1077 ldein

92 1099 210 1122 ceteros
226 1102 333 1130 quoque
346 1094 444 1123 fratres
460 1102 536 1127 suos.
551 1102 622 1129 quos
635 1095 756 1123 moriens
768 1096 793 1123 ei
809 1100 886 1128 pater

95 1142 193 1177 viginti
209 1149 294 1169 unum
314 1142 474 1177 reliquerat,
487 1146 534 1169 aut
560 1142 710 1175 interfecit,
743 1148 790 1169 aut
813 1143 886 1170 [ειεῐο

96 1188 225 1215 eandenti
241 1188 330 1215 oculis
342 1187 463 1215 adhibito
473 1187 587 1214 caecavit
604 1177 735 1222 :excepto
748 1187 884 1219 lloseettc,

94 1235 279 1273 qui‘seeundo
295 1235 353 1262 loco
364 1235 469 1270 genitus
484 1233 583 1261 fuerat.
595 1233 619 1261 is
631 1233 658 1260 iii
671 1237 769 1260 conatu
785 1233 887 1268 pellen-

93 1284 119 1311 di
135 1283 231 1310 fratris
240 1282 366 1314 Assanis,
379 1288 407 1308 re
418 1287 512 1315 parum
525 1279 640 1307 feliciter
651 1283 739 1315 gesta,
752 1279 884 1306 Cesairiin

93 1327 245 1364 (Algerium
259 1326 342 1354 nostri
359 1325 467 1361 vocant)
482 1325 603 1360 profugit
633 1325 666 1351 ad
690 1324 883 1351 Chairadinem

92 1375 291 1402 Bai'bzirossatn
301 1381 307 1399 :
318 1373 364 1408 qui
375 1373 500 1399 tioscctte
518 1370 780 1405 Constantinopolim
790 1371 884 1403 misso,

92 1421 142 1447 sub
159 1419 221 1454 ejus
237 1424 329 1446 tamen
343 1418 490 1446 reducendi
508 1421 640 1452 prartextu
659 1417 780 1451 deceptis
798 1415 886 1443 Tuni-

93 1467 174 1498 sinis,
188 1467 320 1492 Assanetn
336 1464 450 1498 expulit,
468 1464 563 1490 urbem
591 1470 653 1489 eum
684 1469 746 1489 arce
777 1462 885 1496 letoque

94 1521 181 1549 regno
193 1513 276 1548 cepit,
292 1520 323 1538 ac
341 1511 450 1538 sultaiio
465 1510 627 1542 Soleimani,
643 1517 670 1536 se
692 1509 882 1544 prosultaiiuin
897 1526 919 1555 ο

93 1559 253 1594 appellans,
277 1556 399 1583 subdidit
417 1566 424 1583 :
441 1555 514 1590 quod
549 1554 657 1589 quidem
685 1554 784 1581 accidit
810 1561 883 1581 anno

93 1604 289 1632 Mabuinetaiio
306 1601 357 1630 940
382 1601 457 1636 (Chr.
484 1601 575 1635 1554).
598 1600 733 1627 Assanetu
764 1598 883 1625 Kiirulus

97 1651 242 1685 Augustus
263 1648 290 1675 in
305 1655 429 1683 regnum,
456 1646 569 1682 expulso
588 1645 760 1677 Cliaii'adine,
776 1645 883 1672 reduxit

92 1703 167 1722 anno
179 1694 231 1720 943
251 1693 327 1728 tCltr.
344 1692 442 1727 1557);
459 1693 530 1727 quod
547 1692 592 1719 ille
604 1692 732 1725 deinceps
752 1697 884 1717 aneuiiue

94 1745 211 1769 vexatus
225 1740 344 1767 obtinuit
361 1747 448 1774 usque
468 1738 500 1765 ad
513 1745 614 1764 annum
630 1736 682 1763 950
697 1736 774 1772 (Chr.
790 1735 881 1770 1544),

94 1796 149 1823 quo
165 1787 340 1814 adventantis
355 1793 416 1812 cum
432 1785 517 1813 classe
532 1784 700 1811 Cbairadinis
711 1784 780 1810 fatua
808 1781 885 1810 terii-

93 1839 150 1866 tus,
164 1834 193 1860 in
210 1833 331 1860 Siciliain
349 1829 544 1866 Neapolimque
558 1830 675 1865 trajecit.
694 1829 791 1856 Amida
814 1829 884 1855 tilius

94 1879 222 1907 Tunisun
238 1887 301 1906 eum
316 1886 378 1906 arce
388 1887 435 1913 per
450 1877 600 1905 absentiam
610 1875 694 1910 patris
707 1875 821 1902 Assanis
839 1882 887 1901 oc-

93 1934 189 1963 cupat,
207 1934 403 1961 rCVersunique
418 1930 522 1960 patrem
542 1923 623 1959 rapit.
637 1928 664 1950 et
681 1922 824 1949 oculorum
836 1928 886 1956 pu-

94 1975 169 2009 pillis
185 1973 310 2001 candenti
327 1971 550 2006 scalpelloltesis,
565 1971 624 1996 visu
644 1969 755 2004 spoliat.
782 1966 884 1994 Eadem

94 2020 268 2047 immanitate
279 2019 385 2045 truc-tali
397 2018 431 2044 ab
439 2016 536 2044 Amida
547 2015 657 2047 fratres,
668 2013 788 2040 Nahaser
799 2017 826 2039 et
833 2012 886 2039 Ab-

92 2067 191 2098 dallas,
211 2072 281 2100 quos
294 2071 355 2091 cum
372 2069 448 2099 patre
462 2066 580 2096 ceperat.
596 2060 727 2087 Amadaiu
743 2067 829 2094 regno
841 2066 887 2093 pa—

93 2118 173 2139 truus
185 2109 404 2138 Abdamelechus
415 2107 504 2142 ejecit.
519 2107 543 2133 ls
552 2107 624 2133 enini
641 2105 764 2132 Guletain
782 2103 888 2138 profec-

94 2147 165 2190 tus:
173 2161 201 2184 et
216 2155 356 2184 Francisei
370 2154 483 2182 Tovaris
511 2152 634 2188 llispani,
651 2152 753 2180 Gulcta:
769 2150 887 2185 pricfccti

939 914 982 942 cui
1004 914 1122 943 maxime
1141 913 1256 942 infestus
1283 918 1354 947 erat,
1377 921 1461 949 regno
1477 913 1681 948 praeficeretur:
1697 914 1724 941 in

937 969 1000 989 eum
1017 960 1139 988 furorem
1153 961 1267 988 adactus
1278 966 1331 992 est,
1345 965 1373 987 ut
1396 960 1430 987 de
1458 959 1562 988 triremi
1587 967 1618 988 se
1632 959 1726 994 praeci-

937 1006 1086 1041 pitaturus.
1106 1011 1132 1032 et
1150 1005 1226 1040 aquis
1245 1004 1430 1032 sulfocaturus
1445 1008 1517 1031 esset
1535 1012 1542 1036 ;
1558 1003 1603 1030 vix
1627 1002 1723 1030 Amida

937 1051 1004 1082 tilio,
1019 1050 1168 1086 quominus
1195 1051 1219 1076 id
1234 1050 1346 1080 faceret.
1368 1048 1543 1083 impediente.
1559 1047 1724 1076 Machmetes

936 1097 1038 1124 Amidae
1050 1096 1143 1129 frater,
1162 1096 1195 1122 ab
1210 1095 1321 1123 Austrio
1336 1102 1450 1129 regnum
1468 1093 1635 1128 impetravit,
1651 1101 1723 1129 prte—

936 1143 1001 1170 stito
1019 1142 1094 1177 prius
1110 1141 1135 1168 iu
1147 1141 1252 1168 Austrii
1269 1141 1412 1176 prasentia
1430 1143 1615 1171 sacramento,
1627 1146 1682 1174 quo
1693 1145 1724 1166 se

937 1192 1066 1223 perpetuo
1081 1187 1185 1214 fidelem
1211 1187 1333 1221 Hispano
1359 1186 1414 1220 regi
1440 1185 1568 1212 clientem
1600 1184 1722 1211 futurum

937 1235 1072 1269 promisit.
1092 1233 1117 1261 ls
1130 1232 1254 1269 proximo
1271 1224 1369 1260 deinde
1381 1231 1478 1264 bello,‘
1489 1231 1561 1266 qttod
1574 1230 1723 1265 exposiinri

936 1282 1028 1316 statim
1041 1278 1191 1310 sumus,in
1214 1277 1366 1306 Turcorum
1398 1280 1558 1312 potestatem
1588 1275 1671 1306 venit,
1698 1278 1725 1301 et

935 1325 1198 1361 Constantinopolim
1212 1330 1288 1352 trans
1305 1330 1380 1351 mare
1395 1327 1489 1350 vectus
1502 1321 1567 1351 fuit:
1578 1321 1622 1349 ubi
1631 1328 1726 1356 supcr-

936 1379 990 1401 stes
1004 1372 1094 1400 adhuc
1110 1375 1173 1398 ante
1189 1369 1345 1402 triennium,
1357 1377 1417 1397 cum
1443 1368 1505 1395 iSIic
1530 1374 1663 1396 essemus.
1698 1366 1723 1393 in

935 1426 1009 1452 arce,
1029 1425 1089 1453 quae
1104 1418 1136 1443 de
1148 1420 1250 1450 septem
1270 1415 1392 1442 turribus
1406 1422 1420 1441 a
1432 1413 1534 1442 Grmcis
1546 1414 1629 1448 “Cle
1640 1413 1723 1440 Gula-

936 1465 993 1497 des,
1014 1473 1029 1491 τι
1043 1464 1139 1491 Turcis
1150 1461 1271 1490 Jadicula
1285 1461 1396 1493 dicitur,
1411 1459 1464 1489 sub
1480 1460 1604 1488 custodia
1623 1459 1726 1486 detine-

935 1508 1028 1535 batur.
1048 1507 1116 1535 llinc
1137 1506 1264 1533 Austrius
1277 1512 1389 1533 suorum
1415 1504 1562 1531 concilium
1593 1504 1675 1538 cogit,
1697 1503 1724 1530 in

935 1562 989 1590 quo
1005 1554 1086 1581 rariis
1102 1553 1183 1580 dictis
1199 1552 1416 1586 examinatisque
1432 1549 1587 1583 sententiis,
1616 1549 1722 1576 tandem

933 1599 1091 1627 conclusum
1108 1607 1114 1624 :
1129 1597 1227 1624 debere
1245 1604 1341 1623 novam
1360 1596 1541 1624 munitionem
1559 1595 1629 1622 inter
1643 1594 1724 1622 Gule-

933 1650 987 1671 tam
1004 1649 1030 1670 el
1042 1643 1178 1675 Tuuisim,
1194 1642 1227 1669 ad
1242 1642 1414 1677 interiectum
1432 1641 1541 1676 utrique
1565 1641 1652 1668 lacum
1675 1647 1725 1667 ex-
1744 1651 1747 1654 ⁴

933 1691 1011 1723 strui,
1029 1698 1090 1726 qua:
1106 1691 1199 1718 decem
1210 1689 1370 1716 milliaribus
1385 1689 1486 1716 Italicis
1503 1695 1517 1715 a
1531 1687 1638 1720 Guleta,
1657 1695 1724 1722 pau-

934 1736 1014 1770 loque
1029 1736 1118 1762 minus
1137 1743 1151 1761 a
1164 1734 1258 1761 Tunisi
1271 1734 1393 1761 distaret.
1411 1733 1476 1768 Ejus
1492 1733 1530 1760 rei
1548 1732 1725 1768 perficiuntlae

933 1789 1015 1809 causa
1029 1780 1141 1808 relictus
1158 1780 1219 1807 istic
1236 1779 1346 1807 Gabriel
1376 1778 1563 1806 Serbcilonius
1595 1777 1724 1804 Mediola-

934 1828 1028 1856 nensis
1040 1827 1136 1859 italus,
1146 1835 1207 1853 cuni
1218 1826 1306 1853 tribus
1319 1824 1440 1852 millibus
1454 1824 1581 1851 Italorum
1592 1823 1724 1858 peditum,

935 1880 962 1903 et
978 1875 1123 1901 Salazarus
1141 1873 1285 1908 Hispanus,
1303 1879 1362 1899 cum
1376 1870 1486 1897 totidem
1504 1869 1725 1904 llispanls:quo—

935 1928 995 1948 rum
1008 1924 1121 1954 uterque
1134 1917 1340 1945 muniendarum
1360 1915 1467 1942 urbium
1495 1914 1634 1942 etareium
1652 1915 1725 1950 peri-

937 1966 1059 1994 tissimus
1076 1970 1144 1992 erat.
1162 1963 1275 1992 Consilii
1291 1963 1373 1990 totius
1383 1963 1425 1989 hic
1434 1966 1492 1989 erat
1502 1961 1562 1989 ﬁnis
1575 1966 1601 1989 et
1615 1969 1725 1996 scopus,

937 2017 967 2039 ut
977 2013 1028 2039 hoc
1046 2011 1126 2038 modo
1137 2009 1233 2037 Guleta
1248 2008 1350 2036 firmior
1359 2007 1519 2037 efﬁceretur.
1533 2011 1560 2034 et
1571 2011 1647 2034 tanto
1659 2007 1726 2034 faci<

937 2057 990 2084 lius
1000 2057 1026 2084 in
1039 2056 1090 2083 lide
1102 2055 1212 2083 Barbari
1222 2053 1428 2082 continerentur
1441 2052 1475 2079 ob
1485 2052 1611 2080 viciniam
1622 2052 1725 2079 utrius-

938 2111 991 2137 que
1022 2100 1151 2137 praesidii.
1167 2099 1444 2133 commoditatemque
1458 2097 1552 2130 lacus;
1579 2097 1660 2133 365
1691 2097 1725 2125 ad

938 2156 1017 2184 quem
1032 2148 1096 2183 quia
1112 2147 1164 2175 sita
1181 2150 1254 2174 esset
1267 2150 1382 2180 utraque
1397 2143 1524 2176 munitio,
1542 2143 1616 2171 nullo
1643 2151 1726 2179 nego-

91 2189 283 2238 Oper'l‘unisim
299 2202 447 2236 ingressus,
463 2207 524 2226 mox
541 2199 567 2225 in
590 2205 680 2225 arcem
705 2197 791 2224 velata
821 2195 890 2223 facie
905 2203 928 2232 ι)
941 2195 979 2221 tio
999 2194 1093 2221 alteris
1119 2193 1196 2220 alteri
1218 2191 1364 2220 subvenire
1385 2194 1507 2226 posswt.
1519 2190 1599 2217 Gesta
1617 2189 1727 2217 fuerunt

92 2251 192 2285 pergit,
205 2255 321 2283 eamque
344 2246 462 2282 deceptis
486 2244 656 2276 custodibus,
683 2244 729 2277 qui
758 2242 882 2269 Amidam

91 2304 154 2324 esse
166 2295 326 2326 credebant,
336 2297 460 2328 occupat.
475 2291 675 2319 Abdainelceho
696 2293 755 2324 post
780 2287 887 2316 tricesi—

93 2352 171 2371 mum
190 2347 218 2370 et
225 2346 332 2370 sextum
345 2339 499 2374 reguidiem
513 2338 594 2365 rebus
610 2335 737 2363 humanis
750 2338 886 2368 exempto,

91 2390 219 2418 succedit
235 2387 306 2414 ﬁlius
322 2386 497 2417 Maehmetes,
513 2390 599 2410 annos
625 2382 757 2408 duntaxat
782 2379 886 2407 duode-

91 2439 146 2464 cim
161 2441 266 2463 natus:
286 2433 332 2468 qui
348 2432 465 2459 necdum
496 2429 622 2465 gerenda:
655 2426 812 2461 reipublicae
840 2434 887 2460 per

91 2489 205 2511 nitatem
236 2481 346 2512 idoneo,
370 2475 620 2506 cuinintulerabilis
643 2479 798 2502 curatorem
828 2471 888 2506 ejus

92 2526 300 2556 administratio
312 2525 448 2559 plerisque
473 2522 622 2553 videretur,
655 2519 765 2547 rediens
790 2518 888 2544 Amida

93 2582 213 2610 regnum
228 2571 342 2608 patrueli
365 2571 476 2605 eripuit.
497 2567 620 2595 Amidam
632 2573 726 2593 rursus
739 2571 886 2591 excussere

93 2609 191 2652 Terei,
207 2620 274 2646 duce
292 2616 407 2650 Uluzali,
423 2622 494 2642 anno
511 2613 563 2641 980
578 2611 652 2648 (Chr.
673 2611 763 2645 1573),
784 2609 889 2644 fuitque

93 2667 201 2695 sultani
215 2664 322 2693 Selimis
345 2661 506 2690 auctoritate
519 2659 650 2688 sulfectus
665 2658 692 2684 iii
702 2657 787 2692 ipsius
799 2657 887 2683 locum

91 2723 139 2744 rex
156 2714 241 2739 alius.
258 2711 353 2737 Amida
364 2708 487 2736 Guletant
503 2705 673 2742 profugiens,
685 2711 744 2738 qum
756 2702 889 2736 Hispano-

91 2769 152 2787 rum
165 2759 248 2794 ιπωεί
261 2758 295 2783 tio
314 2755 465 2786 tenebatur,
481 2752 614 2788 privatam
630 2758 690 2777 cuni
705 2748 811 2776 dtiobus
826 2747 889 2773 liiiis

90 2791 178 2833 vitam
196 2805 262 2836 egit.
279 2801 403 2835 Cumque
423 2805 521 2833 magno
541 2795 719 2831 recuperandi
730 2791 889 2828 regnidesi-

90 2851 173 2878 ilcrio
187 2848 327 2877 ﬂagraret.
343 2853 406 2872 suos
424 2845 458 2871 ad
472 2843 603 2871 Joannem
622 2840 774 2874 Austrium,
798 2838 888 2866 navali

938 2241 996 2268 haec
1008 2247 1080 2267 anno
1095 2239 1148 2268 980
1166 2238 1243 2274 (Chr.
1265 2237 1356 2272 l575).

972 2286 1127 2323 Eget-Hinc
1144 2285 1248 2313 ferebat
1259 2285 1384 2312 sultauus
1401 2282 1520 2310 Selimes
1532 2282 1582 2309 hos
1596 2280 1726 2309 Christia-

938 2340 1034 2360 noruin
1068 2333 1095 2359 in
1130 2331 1221 2359 Africa
1252 2338 1425 2366 progressus.
1464 2328 1558 2363 Itaque
1595 2327 1725 2354 Sinanein

938 2372 1060 2410 bnsszim,
1074 2378 1164 2405 virum
1186 2382 1320 2409 astutum,
1345 2375 1438 2409 reique
1465 2374 1594 2401 militaris
1617 2373 1727 2408 peritis-

939 2425 1051 2456 simum,
1071 2424 1152 2452 classi
1167 2431 1296 2456 supreino
1310 2431 1371 2449 cuin
1385 2421 1502 2456 imperio
1519 2420 1631 2455 praeficit
1647 2428 1653 2445 :
1671 2427 1724 2453 qua

940 2468 991 2497 160
1008 2470 1144 2502 triremes,
1164 2475 1191 2496 et
1208 2470 1243 2496 53
1266 2468 1367 2496 diversi
1396 2467 1504 2502 generis
1532 2466 1640 2500 navigia
1662 2472 1726 2492 con-

940 2516 1109 2542 tinebantur.
1126 2513 1150 2541 ls
1170 2515 1197 2541 in
1219 2513 1338 2540 Africam
1360 2520 1454 2539 mense
1471 2510 1555 2544 Julio,
1582 2517 1654 2537 anno
1670 2508 1727 2536 Ma-

942 2561 1091 2588 liunietano
1109 2562 1157 2589 981
1176 2561 1252 2596 (Chr.
1269 2559 1361 2592 157i),
1383 2557 1500 2593 appulit.

974 2602 1137 2643 Qitanquam
1173 2614 1237 2633 vero
1266 2613 1343 2633 nova:
1378 2603 1523 2631 munitioni
1553 2602 1726 2630 absolvenda:

940 2655 1084 2690 praefectus
1113 2653 1298 2681 Seibellonius
1326 2659 1423 2686 magna
1444 2650 1526 2678 rebus
1542 2649 1570 2676 iu
1599 2648 1727 2676 omnibus

940 2698 1080 2734 diligentia
1098 2698 1194 2726 fuisset
1209 2705 1284 2729 usus,
1302 2702 1392 2724 tanien
1410 2703 1442 2723 ea
1457 2693 1574 2722 necdum
1586 2696 1644 2720 erat
1664 2699 1727 2726 pcr-

942 2745 1022 2777 fcctn,
1041 2745 1111 2778 quod
1137 2744 1224 2771 serius
1243 2742 1396 2774 architecti,
1422 2749 1483 2769 cum
1499 2739 1585 2767 fabris
1609 2744 1726 2765 carmen-

942 2791 1031 2823 tariis,
1046 2795 1072 2817 et
1089 2790 1163 2817 omni
1179 2790 1294 2817 materia
1321 2788 1411 2821 missi,
1429 2789 1536 2815 tandem
1554 2786 1580 2813 in
1605 2783 1726 2811 Africam

942 2837 993 2864 sub
1016 2836 1096 2864 ﬁnem
1129 2837 1232 2863 mensis
1260 2834 1348 2862 Martii
1379 2833 1567 2869 pervenisset-1
1611 2837 1728 2857 riorum
