1962 3071
242 136 296 170 675

852 131 1016 162 JOANNIS
1040 131 1273 162 LEUNCLM’II

1824 136 1876 168 6‘6

245 193 377 220 adventus
397 188 510 218 Octobri
524 194 617 216 mense
630 185 811 222 praecedentis
827 187 893 214 anni
915 187 1034 221 promis-
1048 191 1070 219 Α
1085 193 1132 214 sus
1141 186 1220 221 eiecti
1237 191 1303 214 sunt
1327 186 1441 223 llispani
1456 196 1488 216 ex
1506 189 1688 221 Africa,intra
1708 191 1875 219 tricesimum

243 247 290 266 sus
302 239 402 269 fuerat,
425 243 487 264 cum
510 235 544 262 ιο
574 233 746 266 triremibus,
776 240 892 268 qualum
921 232 1033 260 natales

244 284 312 312 socii
330 289 424 310 muros
438 281 577 308 Tunisinze
594 279 671 307 urbis
694 279 728 306 ad
753 283 923 306 structuram
952 286 1032 307 novat

244 329 405 357 munitionis
424 326 549 354 demoliri
565 325 717 353 debuerant
736 334 743 352 :
761 325 835 360 quod
859 325 958 353 factum
976 333 1030 352 non

244 376 305 407 fuit,
320 373 499 410 quantumvis
512 373 641 400 Austrius
655 372 682 399 in
692 372 782 399 vicina
799 371 893 399 Sicilia
904 375 1028 406 degeret.

241 422 305 449 Erat
335 421 420 448 etiam
450 419 689 455 prasidiariorum
723 418 840 446 militum
871 418 1029 446 deminutus

242 475 384 500 numerus,
416 466 602 494 exauctoratis
641 470 745 493 temere
776 465 926 497 nonnullis.
958 473 1028 500 quos

239 521 348 541 untinem
365 513 392 540 in
411 517 538 541 eventum
564 516 686 540 retentos
712 512 846 547 oportuit.
869 511 927 539 lloo
946 512 1028 539 modo

241 569 289 595 per
316 560 451 595 ignaviam
478 558 693 593 socordiamque
711 559 826 591 iactum,
856 562 886 586 ut
912 558 940 584 in
964 559 1029 585 hos-

240 607 308 633 tium
327 608 490 641 potestatem
515 605 684 632 munitiones
700 605 742 632 bas
765 604 842 632 nullo
866 611 952 639 prope
976 611 1026 632 nc-

239 654 313 688 gotio
330 652 468 680 venirent.

273 699 354 727 Turci
380 697 634 734 primumGuletam
650 698 779 726 obsidere
801 702 960 733 ceperunt,
980 698 1024 725 cui

237 744 336 772 Petrus
363 744 480 771 Carrera
509 742 648 778 Hispanus
675 748 800 778 praeerat.
827 742 859 770 Ei
887 742 1026 770 Scrbcllo-

238 790 314 818 nium
343 791 377 818 de
396 789 530 817 subsidiis
556 789 697 817 mittendis
721 788 842 824 urgenti,
867 796 1025 824 quanquam

237 838 299 865 loco
328 837 469 865 munitiori
494 841 576 870 esset,
608 836 817 864 Scrbellonisno
844 837 961 865 necdum
991 837 1025 864 ad

238 886 319 913 linem
342 887 498 919 perducto:
514 889 605 913 tamen
629 885 682 912 650
707 885 813 920 pedites
830 885 929 919 partim
953 885 1024 918 Itali,

236 934 336 966 partim
355 931 467 966 Hispani
494 931 571 959 luere
591 931 678 959 missi.
701 931 771 959 Hinc
785 939 800 958 a
819 931 919 959 Turcis
942 932 1024 960 etiam

237 978 425 1006 Scrbellonius
444 978 576 1006 obsessus
590 978 653 1010 fuit,
669 985 786 1012 quorum
801 978 953 1006 exercitum
976 986 1024 1006 no-

235 1024 277 1052 vis
290 1025 415 1052 adductis
429 1024 517 1060 copiis
545 1024 693 1052 llamadam
709 1025 830 1052 Cesairis
846 1024 1024 1060 beglerbegus

235 1064 395 1099 adauxcrat.
409 1071 524 1098 Carrera
544 1072 634 1098 denuo
648 1071 803 1099 subsidiqu
822 1071 899 1106 petit.
921 1070 959 1098 Ea
979 1079 1023 1099 res

236 1117 348 1143 anxium
367 1115 533 1144 Serbcllomi
561 1116 685 1143 animum
702 1123 757 1144 non
772 1124 868 1151 parum
879 1121 1020 1153 torquere.

234 1162 264 1189 Si
286 1161 375 1189 nullos
391 1162 522 1194 misisset,
548 1161 671 1189 futurum
688 1162 847 1195 verebatur,
877 1168 907 1190 ut
920 1163 958 1196 {in
982 1163 1024 1198 ip~

233 1217 294 1236 sum
312 1208 421 1236 amissae
433 1208 538 1236 Guleta
552 1207 631 1243 culpa
651 1208 824 1236 conferretur
837 1217 845 1236 :
859 1209 902 1237 sin
917 1215 1020 1242 autem,

233 1259 262 1281 nt
279 1262 330 1282 suo
343 1259 430 1282 semet
445 1254 572 1289 praesidio
590 1255 719 1282 nudaret.
745 1254 932 1283 Nihilominus
952 1262 1021 1283 con-

231 1307 311 1328 cessa
325 1300 448 1328 Carrerae
465 1307 564 1328 manus
583 1300 762 1328 subsidiaria.
787 1300 898 1328 Duobus
915 1300 1021 1329 interea

234 1346 350 1381 navigiis
359 1347 525 1382 appulerunt
535 1354 568 1374 ex
579 1345 710 1381 Hispanla
721 1345 884 1374 600milites
894 1345 1019 1382 Hispani,

235 1393 283 1427 qui
299 1396 384 1419 noctu
400 1400 448 1427 per
466 1392 540 1426 ipsas
556 1391 710 1420 Turcorum
724 1392 856 1420 excubias
876 1398 1021 1428 penetran-

233 1443 285 1471 tes,
301 1446 362 1466 cum
377 1439 485 1467 vexillis
503 1444 531 1466 et
552 1439 676 1479 vestibus
705 1438 833 1467 ’I'urcicis
864 1443 1019 1471 uterentur,

231 1489 259 1512 et
283 1483 419 1520 quosdam
443 1484 560 1512 Turcice
586 1485 729 1520 loquentes
755 1492 847 1512 secum
874 1485 1017 1518 haberent,

231 1530 356 1558 Culetam
377 1530 494 1566 ingressi
519 1535 594 1558 sunt.
616 1530 738 1558 Tandem
753 1535 780 1558 et
797 1531 878 1559 tertio
902 1531 1017 1558 Carrera

233 1577 347 1604 militem
373 1577 425 1604 sibi
445 1577 570 1605 submitti
595 1585 609 1604 a
635 1577 808 1605 Serbellonio
835 1577 968 1612 postulat,
994 1581 1023 1605 et

232 1624 401 1659 quingentos
427 1624 560 1651 beneﬂcio
591 1624 680 1652 noctis
705 1632 771 1652 usos
795 1624 934 1658 impetrat,
958 1631 1021 1652 cutu

232 1670 351 1705 egregiis
379 1669 525 1705 praefectis,
546 1677 579 1697 ac
600 1670 671 1698 inter
699 1670 782 1703 alios,
807 1669 937 1698 Salazaro
962 1678 1022 1697 ma-

232 1725 291 1750 gme
321 1715 428 1743 virtutis
451 1720 479 1743 ct
502 1715 716 1744 existimationis
736 1716 805 1744 viro.
837 1715 1022 1743 Nihilominus

232 1769 280 1789 arx
292 1761 424 1789 Culetana
438 1760 593 1789 Turcorum
610 1761 638 1789 in
650 1766 813 1798 potestatem
827 1762 911 1790 venit.
927 1762 1023 1798 Neque

231 1808 356 1840 deluere,
375 1808 422 1843 qui
451 1807 597 1837 Carreram
627 1808 793 1844 proditionis
816 1809 1020 1837 insimularcnt.

233 1854 312 1882 l'rius
332 1854 443 1889 quidem
459 1859 545 1887 certe,
560 1862 643 1890 quam
668 1854 750 1882 Turci
773 1854 954 1889 appulissent,
980 1856 1022 1884 vel

231 1909 279 1936 per
292 1900 441 1932 inscitiam,
460 1900 502 1928 vel
529 1900 700 1936 superbiam,
725 1900 892 1936 quingentos
920 1901 1023 1930 milites

231 1952 376 1975 veteranos
397 1947 480 1975 Italos
496 1947 642 1975 admittere
667 1947 778 1975 noluit:
807 1947 880 1983 quod
907 1947 1021 1976 minime

230 2001 429 2022 concessurum
448 2001 478 2022 se
492 1993 609 2026 diceret,
625 1997 653 2021 ut
678 1993 705 2020 in
722 1993 783 2028 ejus
801 1993 894 2028 gloriae
914 1998 1020 2029 partem

232 2040 358 2068 venirent
387 2038 456 2072 ltali,
485 2047 568 2074 quam
596 2039 711 2074 Hispani
728 2038 824 2067 Guleta
849 2039 1020 2068 delendenda

231 2086 409 2114 consecuturi
435 2091 538 2114 essent.
563 2085 696 2119 Equidem
719 2086 790 2121 apud
816 2086 891 2121 ipsos
913 2086 1019 2114 'l'urcus

229 2140 262 2159 cx
287 2132 338 2159 ﬁde
353 2132 444 2168 dignis
466 2131 624 2159 hominibus
638 2132 740 2167 acet-pi,
761 2131 904 2159 Carreram
934 2132 1020 2160 fuisse

230 2178 317 2206 virum
333 2185 446 2213 prorsus
459 2178 588 2212 ignavum
604 2182 631 2204 et
645 2177 870 2211 formidolosum,
898 2178 944 2212 qui
961 2179 1019 2212 pul-

231 2224 304 2251 veris
326 2224 498 2251 tormcntarii
526 2223 650 2250 nidorem
671 2222 743 2250 l'crt'e
760 2231 813 2250 non
839 2228 941 2258 posset,
968 2231 1019 2251 nec

231 2270 349 2296 tolerare
372 2268 485 2296 fulmina
509 2268 694 2303 displosarum
713 2269 932 2297 machinarum:
958 2277 1018 2304 quae

229 2322 295 2343 sane
307 2314 415 2350 quoties
427 2314 454 2341 in
472 2314 580 2341 hostem
590 2313 825 2346 exonerabantur,
838 2314 898 2349 ipse
911 2314 1019 2341 subter-

230 2362 319 2389 raneis
335 2369 365 2389 se
392 2361 589 2393 testudinibus,
617 2361 870 2396 concameratisque
884 2361 950 2388 locis
969 2361 1019 2388 ab-

228 2409 321 2442 dcbat,
344 2408 532 2444 bombaceque
555 2416 620 2436 suas
641 2407 787 2436 obturabat
798 2415 893 2435 aures.
916 2407 1019 2434 Ferunt

227 2456 252 2483 ei
269 2456 350 2483 'l'urci
367 2455 531 2491 proditionis
542 2454 677 2482 obtulisse
691 2454 832 2490 praemium
860 2454 936 2489 regni
967 2453 1018 2489 Cy-

230 2501 283 2535 prii
299 2499 490 2536 pralecturam
508 2508 516 2527 :
533 2507 622 2535 neque
648 2503 739 2527 tamen
770 2499 894 2527 dedititio
917 2507 1016 2534 peper-

228 2553 303 2579 cere,
321 2547 368 2574 sed
389 2550 516 2581 tanquam
530 2545 576 2573 vili
591 2546 729 2580 mancipio
759 2551 824 2573 sunt
851 2548 904 2573 usi.
931 2546 1016 2581 Capta

231 2593 340 2626 Guleta,
359 2599 458 2628 praeter
469 2593 550 2620 aliam
578 2594 697 2627 praedam
727 2593 831 2628 potitus
851 2597 894 2620 est
929 2592 1016 2620 Sinan

230 2639 311 2666 bassa
323 2639 480 2674 quingentis
494 2639 627 2666 machinis
639 2638 758 2671 bellicis,
771 2645 833 2666 cum
847 2638 948 2673 ingenti
963 2643 1019 2666 tor-

231 2685 358 2714 mentarii
369 2685 490 2720 pulveris
514 2685 687 2720 aliarumque
709 2685 780 2712 bello
795 2685 1017 2712 necessariarum

229 2740 333 2764 rerum.
348 2737 376 2760 et
390 2739 507 2759 annona:
523 2731 614 2766 copia.
631 2730 707 2759 Nova
723 2738 832 2767 quoque
843 2731 944 2759 deinde
958 2739 1019 2758 mu-

231 2779 300 2806 nitio
312 2786 327 2806 a
341 2777 440 2806 Turcis
455 2782 587 2812 occupata
606 2777 667 2810 fuit,
687 2785 741 2805 non
762 2783 856 2805 tamen
872 2778 959 2805 multo
976 2777 1013 2804 si-

231 2833 265 2853 ne
283 2827 436 2860 sanguine:
451 2830 531 2860 capto
548 2824 631 2852 etiam
649 2823 830 2858 Scrbellonio,
842 2824 890 2860 qui
915 2824 1017 2852 crude-

227 2872 289 2900 liter
302 2880 318 2899 a
329 2870 431 2901 Sinaue
440 2871 523 2900 basta
535 2875 668 2900 tractatus
690 2870 749 2898 fuit.
761 2870 818 2899 Hoc
835 2869 916 2899 modo
928 2878 1014 2906 pror-

1083 237 1110 259 et
1125 238 1231 267 sextum
1244 233 1316 260 diem
1331 234 1471 268 :amissaq
1478 242 1512 261 ue
1526 241 1573 269 per
1589 242 1726 262 summam
1740 236 1875 271 ignaviam

1081 285 1113 307 ea
1126 287 1186 313 qua:
1198 279 1318 308 Karulus
1330 280 1471 315 Augustus
1482 281 1509 307 in
1520 285 1684 315 potestatem
1697 283 1800 317 optimo
1810 290 1877 310 cnn-

1081 325 1144 352 silio
1161 325 1315 361 redegerat,
1330 331 1358 354 ut
1375 327 1515 354 securitati
1538 327 1650 361 Siciliae,
1672 337 1738 363 regn
1770 328 1876 364 Neapo-

1080 371 1157 398 litani
1172 373 1310 408 totiusque
1341 378 1397 401 tum
1414 373 1508 406 Italiae.
1527 380 1583 402 tum
1600 374 1736 410 Hispania:
1750 376 1878 404 consule-

1079 422 1130 446 ret.
1144 418 1267 447 Fuerunt
1278 425 1369 447 autem
1381 420 1441 448 haec
1456 428 1529 448 anno
1540 421 1589 448 981
1607 421 1684 457 (Chr.
1697 422 1874 457 1544)gesta,

1079 463 1160 498 cuius
1186 464 1266 492 initio
1288 464 1381 492 Veneti
1407 469 1497 494 certas
1514 468 1659 498 obcausas,
1689 474 1744 494 non
1763 468 1876 494 conisu!-

1080 510 1114 537 tis
1128 515 1154 538 et
1170 511 1263 538 invitis
1277 511 1357 544 adeo,
1376 512 1503 546 pontiﬁce
1519 516 1601 547 atque
1631 511 1766 547 Hispano,
1778 520 1874 540 contra

1078 555 1152 590 leges
1169 555 1289 588 lcederis.
1305 565 1398 591 pacem
1414 565 1475 585 cum
1487 558 1597 586 sultano
1611 559 1713 587 Selime
1737 559 1872 587 fecerant.

1114 600 1191 629 Tunc
1203 602 1286 629 etiam
1297 603 1422 639 Corcyra:
1433 605 1589 632 muniendae
1612 605 1724 633 Venetis
1749 607 1873 634 orcasio~

1079 655 1141 675 nem
1173 649 1289 683 praebuit
1324 656 1476 678 exscensus
1500 651 1624 679 crudelis
1654 653 1680 679 in
1708 659 1768 680 eam
1797 653 1876 680 insu-

1080 693 1133 721 lam
1160 693 1270 722 Sinanis
1300 695 1400 729 bassa,
1428 697 1570 726 redeuntis
1591 706 1626 725 cx
1648 698 1778 726 Africano
1791 699 1872 726 bello.

1077 740 1144 769 Nam
1159 742 1222 769 licet
1238 741 1272 769 ab
1287 742 1435 776 insulanis,
1451 743 1476 771 ei
1492 744 1617 779 placandi
1640 745 1761 772 hominis
1775 752 1873 778 causa,

1062 782 1160 823 'cujus
1175 788 1330 823 praesertim
1343 794 1408 817 tunc
1427 790 1552 818 victoriis
1563 790 1739 818 insolentiam
1760 796 1872 825 norant,

1079 841 1191 861 munera
1209 834 1332 868 quaedam
1349 835 1514 863 offerrentur
1531 845 1538 863 :
1566 840 1656 864 tamen
1684 836 1740 864 illis
1759 836 1873 871 rejectis

1079 879 1236 907 imtnanitcr
1249 880 1276 908 in
1289 888 1336 909 eos
1352 887 1496 916 grassatus
1509 887 1561 909 est.
1591 881 1664 909 Missi
1679 882 1731 910 hoc
1758 883 1872 910 nomine

1071 918 1190 952 luerunt
1206 926 1232 952 in
1252 926 1400 961 Corcyram
1416 934 1479 954 cum
1504 927 1551 954 alii
1583 935 1674 955 rerum
1705 929 1870 956 militarium

1076 971 1168 1004 periti,
1192 976 1250 999 tum
1280 973 1363 1000 etiam
1400 972 1503 1000 Slortia
1527 974 1714 1008 Palavicinus,
1744 975 1871 1003 Marchio

1074 1016 1167 1045 Curtis
1185 1018 1311 1052 majoris.
1327 1018 1432 1047 Horum
1456 1020 1582 1048 consiliis
1615 1021 1652 1048 ita
1670 1026 1727 1048 tum
1754 1023 1871 1050 munita:

1073 1070 1137 1091 cum
1149 1063 1250 1098 oppido
1269 1064 1380 1092 luerunt
1391 1072 1469 1092 arces
1502 1065 1555 1093 illae
1571 1066 1691 1101 praealtis
1706 1067 1733 1094 in
1751 1068 1869 1103 rupihrs

1074 1109 1144 1142 sita,
1159 1117 1276 1145 vereque
1300 1115 1382 1146 caput
1403 1112 1473 1139 inter
1489 1112 1581 1140 nublla
1593 1113 1676 1148 (quod
1690 1112 1765 1141 Maro
1785 1114 1867 1148 dixit)

1073 1157 1233 1190 candentes,
1245 1165 1314 1193 quas
1331 1158 1420 1194 ipsum
1438 1167 1517 1188 mare
1545 1159 1711 1188 circumﬂuit
1725 1169 1733 1187 :
1753 1160 1821 1188 nihil
1837 1165 1868 1189 ut

1072 1203 1199 1239 equidem
1230 1204 1346 1233 viderim
1367 1206 1500 1234 adversus
1526 1213 1635 1235 omnem
1658 1207 1713 1235 vim
1737 1207 1866 1235 hostilem

1073 1249 1189 1283 ﬁrmius,
1208 1251 1276 1278 nihil
1293 1251 1547 1287 inexpugnabilius.‘

1108 1297 1203 1324 Annus
1216 1297 1348 1332 982(Chr.
1360 1297 1441 1333 l575)
1458 1299 1646 1327 memorabilis
1657 1303 1700 1328 est
1726 1300 1818 1336 plures
1829 1301 1865 1328 ob

1072 1349 1183 1370 causas.
1211 1343 1280 1370 Nam
1309 1343 1447 1372 exstincto
1473 1345 1584 1372 sultano
1615 1345 1775 1375 Sellmell.
1793 1346 1866 1375 illius

1071 1387 1192 1417 Murates
1206 1389 1243 1417 Ill
1258 1390 1319 1425 ejus
1335 1391 1466 1424 nominis.
1481 1392 1643 1427 auspicatus
1650 1397 1694 1420 est
1705 1393 1864 1428 imperium,

1070 1442 1132 1463 cum
1154 1436 1214 1471 ipso
1230 1437 1312 1473 hujus
1326 1438 1391 1465 anni
1419 1438 1573 1466 Christiani
1599 1439 1746 1474 principio.
1761 1439 1867 1476 Agebat

1071 1481 1098 1509 ld
1114 1483 1244 1517 temporis
1257 1490 1359 1510 annum
1371 1485 1461 1512 tetatis
1471 1484 1518 1513 9⁸1.
1534 1485 1604 1514 Ante
1621 1486 1714 1514 omnia
1748 1492 1861 1522 recepto

1033 1534 1057 1566 ρ
1073 1535 1152 1556 more
1178 1528 1297 1557 barbaro
1322 1530 1488 1565 strangulari
1516 1530 1641 1566 quinque
1661 1531 1764 1561 fratres
1787 1539 1864 1566 suos.

1074 1578 1140 1601 natu
1156 1581 1187 1602 se
1198 1575 1333 1608 minores,
1350 1576 1378 1604 in
1391 1577 1536 1612 praesentia
1553 1585 1604 1606 sua
1617 1577 1701 1612 jussit
1716 1586 1724 1605 :
1743 1585 1862 1614 quorum

1074 1620 1181 1648 minimi
1201 1621 1356 1651 cervicibus
1369 1630 1398 1650 et
1412 1623 1509 1658 jugulo
1525 1631 1588 1651 cum
1609 1631 1660 1658 pro
1671 1631 1746 1651 more
1760 1631 1864 1653 nervus

1074 1666 1266 1699 adhiberetur,
1280 1667 1418 1696 incertum
1438 1676 1472 1697 an
1488 1669 1635 1698 tenerioris
1657 1670 1684 1697 in
1699 1670 1774 1698 hunc
1788 1678 1865 1699 amo-

1074 1713 1112 1741 ris
1123 1720 1206 1741 causa
1230 1713 1314 1750 δυσ
1341 1720 1457 1748 motum,
1477 1723 1512 1743 an
1550 1717 1718 1745 conscientia
1750 1722 1866 1753 patrata

1073 1758 1243 1788 crudelitatis
1261 1761 1288 1788 in
1307 1769 1413 1796 omnes,
1426 1762 1617 1799 illacrymasse
1639 1764 1750 1797 quidem
1772 1764 1864 1800 ipsum

1073 1815 1195 1838 constat.
1816 1813 1822 1817 ‘

1109 1856 1202 1883 Itidem
1220 1860 1331 1884 mortuo
1352 1857 1460 1884 Scacho
1475 1856 1630 1884 Techmase
1647 1857 1786 1890 Parthico,
1802 1865 1863 1886 sue-

1072 1900 1157 1928 cessit
1173 1900 1245 1928 lilius
1261 1907 1315 1927 non
1331 1901 1543 1936 primogenitum,
1570 1901 1754 1930 Muebemetes
1774 1902 1866 1931 Hoda-

1072 1944 1174 1973 bendes
1190 1954 1198 1978 ;
1215 1953 1266 1974 nec
1283 1945 1387 1978 lsmail,
1413 1947 1474 1982 eius
1490 1947 1612 1974 nominis
1629 1948 1656 1974 in
1673 1948 1726 1975 hac
1741 1948 1864 1983 Sophina

1071 1990 1185 2018 Familia
1198 1993 1349 2023 secundus.
1361 1992 1482 2020 secundo
1494 1993 1554 2020 loco
1568 1993 1676 2028 genitus
1693 2014 1701 2025 ,
1713 1994 1760 2022 sed
1771 1994 1865 2029 proxi-
1904 1984 1908 1996 Χ

1072 2044 1132 2063 mus
1147 2036 1180 2064 ab
1193 2037 1238 2064 bis
1249 2037 1353 2065 Haidar
1370 2037 1492 2073 Mirises,
1507 2039 1553 2074 qui
1565 2039 1644 2066 annis
1660 2039 1765 2075 aliquot
1781 2046 1862 2068 antes

1071 2083 1157 2116 patris
1175 2083 1202 2110 in
1213 2091 1297 2118 regno
1317 2091 1448 2119 suprema
1473 2093 1537 2113 cum
1562 2090 1698 2121 potestate
1713 2086 1789 2115 vices
1805 2096 1864 2123 ges-

1071 2134 1152 2155 scrat.
1172 2128 1197 2156 ls
1213 2135 1304 2156 tamen
1332 2130 1376 2157 vix
1397 2130 1431 2157 l5
1455 2131 1553 2159 diebus
1572 2139 1656 2167 regno
1675 2133 1728 2161 frui
1762 2135 1862 2168 putuit,

1071 2175 1177 2203 occisus
1202 2183 1217 2202 a
1251 2176 1368 2204 sullanis
1395 2177 1574 2211 quibusdam.
1617 2179 1676 2206 sive
1697 2180 1864 2214 proceribus

1072 2223 1158 2257 regni,
1173 2223 1220 2256 qui
1237 2231 1298 2250 cum
1314 2223 1439 2251 oderant.
1451 2223 1483 2250 lli
1493 2224 1591 2252 deinde
1600 2225 1723 2253 secundo
1738 2226 1862 2260 genitum

1072 2267 1173 2295 Scachi
1189 2267 1351 2296 Techmasis
1375 2269 1460 2296 lilium
1483 2269 1632 2303 lsmailem,
1655 2271 1715 2305 ejus
1740 2273 1863 2301 nominis

1071 2314 1238 2347 secundutn,
1253 2322 1268 2341 e
1287 2318 1400 2342 carcere
1423 2316 1586 2350 productum
1601 2324 1684 2351 regno
1698 2318 1861 2352 praeﬁciunt.

1070 2358 1172 2387 Fuerat
1184 2360 1256 2387 enim
1270 2369 1284 2388 a
1298 2366 1376 2397 patre
1391 2362 1534 2397 conjeclus
1552 2363 1579 2390 in
1597 2369 1747 2395 carcerem,
1778 2371 1862 2399 prop-

1072 2411 1112 2434 ter
1123 2407 1306 2441 quorumdam
1320 2415 1464 2442 procerum
1483 2409 1648 2438 delationes,
1663 2415 1687 2436 et
1703 2409 1731 2436 in
1743 2417 1776 2436 eo
1799 2410 1862 2444 plu-

1071 2453 1147 2480 ribus
1162 2450 1244 2480 annis'
1257 2454 1384 2481 haserat.
1399 2453 1458 2480 Jam
1471 2461 1555 2489 regno
1568 2455 1684 2490 potitus,
1703 2460 1729 2482 ut
1754 2457 1862 2484 animos

1070 2507 1182 2527 suorum
1197 2500 1362 2534 exploraret,
1380 2508 1413 2528 ac
1435 2501 1588 2536 prasertim
1618 2506 1648 2529 ut
1661 2509 1857 2537 cognosceret,

1070 2545 1182 2580 quinam
1212 2543 1304 2572 essent
1333 2545 1370 2572 illi
1401 2547 1514 2578 sultani,
1538 2554 1656 2582 quorum
1684 2547 1804 2581 impulsu
1832 2554 1861 2575 ct

1070 2591 1187 2619 consilio
1202 2591 1335 2618 custodia:
1348 2592 1520 2626 mancipatus
1546 2598 1652 2628 apatre
1679 2593 1788 2628 luisset,
1817 2603 1861 2622 sc-

1069 2642 1174 2665 crctum
1185 2637 1211 2664 in
1226 2638 1315 2665 locum
1325 2643 1414 2666 semet
1425 2639 1516 2672 abdit,
1526 2644 1553 2666 et
1564 2640 1746 2674 quorumdam
1762 2649 1857 2676 opera.

1069 2684 1170 2719 quibus
1181 2685 1300 2711 maxime
1330 2685 1443 2717 ﬁdebat,
1474 2690 1589 2713 mortem
1615 2694 1693 2714 suam
1723 2687 1859 2722 publicari

1069 2736 1159 2758 curat.
1174 2731 1238 2765 Ejus
1264 2731 1303 2758 rei
1321 2731 1392 2758 fama
1408 2731 1568 2759 diversosm
1586 2733 1727 2760 hominum
1756 2734 1860 2762 animis

1069 2781 1170 2810 motus,
1189 2782 1268 2812 prout
1288 2777 1403 2805 all‘cctus
1427 2779 1453 2805 in
1466 2778 1602 2806 Ismailem
1614 2780 1732 2814 quisque
1747 2779 1860 2814 fuisset.

1069 2823 1198 2850 excitavit
1212 2831 1218 2849 :
1233 2823 1260 2850 in
1286 2823 1453 2852 adversariis
1469 2828 1499 2852 et
1526 2825 1652 2852 hostibus
1667 2825 1801 2857 ketitiam,
1833 2827 1860 2853 in

1069 2869 1166 2897 amicis
1182 2869 1298 2897 luctum.
1316 2869 1374 2897 lloc
1395 2870 1477 2899 modo
1492 2871 1670 2905 prodentibus
1700 2876 1787 2900 scmct
1803 2872 1859 2900 ini-
