1962 3071
95 119 148 152 677

630 123 820 153 SUI‘PI.EM.
839 123 942 153 ANNA
950 125 979 156 L.
996 126 1153 157 TURCIC.

1673 133 1728 166 6'18

96 180 177 208 miris
191 187 225 207 ac
255 179 436 213 delatoribus,
467 180 573 208 illatum
595 181 629 208 ab
655 181 764 208 ismaile
791 181 888 208 inorti<
904 187 922 213 Α
940 183 1100 218 sangiacum
1119 185 1192 211 hunc
1207 184 1328 212 Ctlrdutn
1347 185 1541 222 "atil'ialiopft"
1554 189 1726 224 prehendere

97 228 261 262 supplicium
281 228 342 255 fuit.
360 228 433 255 Idem
459 236 513 255 non
530 229 655 256 sultanos
675 229 809 256 duntaqu
835 230 886 256 sibi

97 279 254 308 suspectos,
269 281 364 300 verum
379 273 462 301 etiam
476 274 575 302 fratres
590 282 657 302 suos
676 282 783 306 omnes,
808 282 888 310 quoi-

96 325 163 355 quot
174 319 297 347 nancisci
315 320 414 355 potuit,
432 328 447 347 e
462 321 552 347 medio
567 320 688 348 sustulit.
702 321 734 348 Et
754 322 817 356 quia
840 322 887 349 de-

96 366 205 393 ficiente
240 370 308 393 tuine
336 374 352 393 a
370 366 468 393 Turcis
489 367 618 402 sangiaco
637 367 755 402 quodam
784 367 887 399 Curdo,

96 413 130 438 de
147 419 204 446 quo
215 419 278 438 mox
292 404 393 439 dicturi
408 419 518 444 sumus,
532 413 617 448 aliqui
635 420 763 447 proceres
786 414 887 441 lsmaiii

96 463 325 490 auctoreserant,
343 462 374 485 ut
407 458 483 485 illum
510 459 610 486 Turcis
640 459 762 491 dederet,
782 468 815 486 ne
838 467 887 494 pax

96 506 169 532 inter
191 510 338 539 utramque
369 510 477 539 gentem
504 505 608 532 dudum
638 506 705 533 inita
728 511 890 541 servataque

98 552 258 582 violaretur,
288 559 342 578 non
362 552 444 578 modo
468 552 596 579 consiliis
618 559 715 579 eorum
733 560 787 580 non
807 553 890 580 obse-

98 601 180 624 cutus
193 602 247 629 est,
269 604 363 624 verum
377 598 460 624 etiam
476 597 592 624 dedendi
606 598 737 632 supplicis
752 603 890 632 auctores,

99 644 219 678 bellique
253 643 361 671 'l‘urcici
387 644 577 677 dissuasorcs,
616 651 697 678 pusua
717 645 830 679 capitis,
861 649 890 671 nt

98 690 254 724 proditores
280 690 379 717 affecit.
396 690 456 723 Qua
488 690 608 718 hominis
632 691 778 719 severitate
806 691 890 719 nimia

98 738 220 772 plerique
233 737 356 770 graviter
372 737 479 767 olfensi.
504 743 583 764 sexto
598 738 674 772 regni
696 745 790 765 mense
807 746 890 765 vene-

97 790 163 809 num
185 783 221 816 ei,
235 782 339 810 sororis
355 790 448 817 opera,
464 784 662 818 propinarunt:
682 791 737 817 quo
782 783 889 815 hausto,

97 830 180 856 vitam
203 836 266 856 cum
291 835 378 856 morte
402 830 595 857 commutavit.
813 830 817 833 ⁴

939 230 997 256 suis
1010 237 1072 256 cum
1084 230 1186 258 zansiis
1197 235 1313 258 conatur
1325 232 1352 259 in
1369 232 1470 260 sultani
1486 233 1602 262 Muralis
1614 236 1636 263 11
1654 244 1727 264 mes-

940 276 1002 305 sita,
1020 275 1127 303 Cordus
1139 284 1168 304 se
1184 285 1246 304 eum
1267 278 1324 305 suis
1338 279 1502 312 defendens,
1525 280 1614 316 ipsum
1628 276 1728 310 ibidem

940 320 1081 354 interlicit,
1099 322 1206 350 caeteris
1220 324 1317 358 partim
1331 324 1443 357 occisis,
1460 327 1558 360 partim
1569 328 1730 357 vulneratis.

941 366 997 393 liae
1011 367 1044 394 de
1054 375 1137 395 causa
1153 368 1268 396 Seliines
1281 369 1318 402 ei,
1342 377 1404 398 cum
1427 372 1557 401 omnibus
1573 374 1640 406 suis,
1670 383 1730 402 cer-

940 413 1015 440 vices
1031 415 1169 447 amputari
1191 414 1283 448 jussit.
1301 416 1369 443 Cum
1393 417 1440 445 illo
1464 417 1601 454 iugulato,
1637 418 1731 448 fratris

940 459 999 490 ejus
1012 458 1085 487 filius
1097 461 1282 489 successionis
1293 461 1354 496 jure
1367 463 1555 498 sangiacatum
1570 466 1657 500 ipsius
1668 474 1731 502 pos-

941 504 1056 531 sideret:
1066 505 1175 539 quidam
1183 505 1254 534 alius
1266 511 1383 542 agnatus
1401 509 1473 535 adita
1483 514 1559 543 porta
1575 510 1731 545 Osmanica,

942 551 1039 583 partim
1056 551 1167 584 oblatis,
1193 553 1294 586 partim
1314 555 1460 587 promissis
1477 555 1636 590 ingentibus
1650 558 1732 585 donis

942 601 997 622 tam
1019 596 1071 631 ipsi
1089 597 1208 629 sultano,
1221 606 1305 633 quam
1326 601 1492 630 consiliariis
1509 602 1579 637 ejus,
1591 612 1661 638 quos
1684 612 1731 632 ve-

941 643 1012 670 zires
1028 643 1176 677 appellant,
1207 645 1298 679 agnati
1324 646 1366 673 sui
1389 648 1578 682 sangiacatum
1602 651 1728 685 impetra-

943 689 992 716 vit.
1003 689 1110 716 Citatus‘
1127 691 1195 718 alter
1210 691 1243 718 ad
1259 690 1382 725 Portant,
1400 695 1446 729 qui
1459 703 1516 722 rem
1531 704 1638 723 Olllllelll
1650 698 1731 725 intel-

943 734 1063 766 lrxisset,
1080 735 1188 770 sibique
1217 743 1363 771 metueret,
1380 747 1414 766 ne
1434 741 1537 776 absque
1568 743 1647 778 culpa
1681 750 1731 771 sua

942 780 1024 808 ferret
1035 782 1159 809 eamdem
1171 790 1291 817 poenam,
1303 791 1355 819 qua
1369 791 1483 820 patruus
1497 787 1609 815 affectus
1624 789 1710 817 fuerat
1723 797 1730 816 :

943 827 1060 854 tit-vitata
1077 827 1248 862 profectione
1260 830 1292 857 ad
1317 831 1440 864 Portam,
1471 833 1549 867 quasi
1573 834 1607 861 de
1629 834 1731 862 sultani

122 876 262 903 “"9935
273 875 451 911 (cm-.1576),
463 876 617 910 stephanus
629 875 890 908 Batoriug,Somlia-
907 865 927 893 Β
944 870 1056 901 Selimis
1074 874 1224 903 obtinenda
1254 877 1341 911 gratia
1355 865 1516 914 desperatis,
1547 883 1573 907 in
1592 881 1731 909 Parthiam

97 929 161 954 nus,
176 922 277 950 nobilis
299 922 436 956 Ungarus,
454 922 622 957 caeteroquin
643 922 747 950 heroici
763 923 805 951 vir
828 923 889 950 ani-

97 967 146 1000 mi,
167 968 212 1002 qui
228 967 323 1002 paucis
337 971 403 995 ante
422 968 503 995 annis
526 959 663 996 exstincto
686 967 786 995 Joanni
804 968 891 1004 Sigis-

97 1014 203 1040 mundo
222 1013 367 1041 Erdeliano
384 1013 454 1048 bego
469 1014 609 1048 (mortuus
621 1013 692 1041 enim
713 1013 736 1041 is
753 1013 803 1041 fuit
816 1021 890 1041 anno

96 1059 402 1095 Christianol57l,qui
429 1059 638 1087 Mahumetanus
668 1064 728 1087 erat
758 1059 812 1088 978
826 1068 888 1087 cum

97 1114 182 1135 onere
203 1106 298 1134 tributi
321 1106 541 1141 annui,sultano
569 1105 807 1134 Musuimauorum
834 1106 892 1134 sol-

97 1155 188 1187 vendi,
214 1153 667 1187 sucresserat;conuuemlatione
695 1153 798 1181 sultani
831 1154 890 1181 Mu-

97 1201 175 1233 ratis,
193 1200 299 1235 patroni
315 1200 368 1232 sui,
395 1200 516 1227 Pulonia:
543 1208 591 1227 rex
622 1200 713 1228 factus
742 1204 795 1232 est,
826 1209 889 1229 cum

97 1247 234 1275 Heun'cus
269 1245 395 1273 Valesius
424 1245 528 1279 Gallus,
552 1249 634 1281 quem
660 1246 749 1280 ipsum
781 1254 890 1282 quoque

98 1294 217 1321 Polonizc
229 1300 312 1327 regno
331 1293 445 1327 potitum
489 1299 571 1326 opera
583 1300 632 1319 sua
669 1292 787 1320 Mnrates
811 1294 891 1328 jacti—

100 1345 160 1367 tare
183 1340 298 1372 ςιιΙι-ιιει,
314 1347 328 1366 a
339 1345 424 1366 morte
441 1339 537 1366 Karuli
551 1339 643 1366 lratris
658 1347 673 1366 c
689 1339 800 1371 Rolonia
826 1347 889 1374 pro-

98 1386 191 1423 fugus,
207 1388 241 1414 de
267 1386 405 1415 sententia
422 1393 566 1421 procerum
595 1394 679 1421 regno
698 1386 799 1414 fuisset
814 1387 891 1414 abdi-

96 1439 186 1462 catus.

135 1479 237 1508 Eodem
255 1487 328 1508 anno
345 1478 442 1507 Seachi
459 1477 619 1507 Teclnnasis
635 1479 709 1507 lilius
725 1479 891 1515 primogeni-

96 1531 146 1555 tus
156 1525 339 1553 Muchemetes
347 1525 510 1561 cognomine
516 1523 706 1556 Hodabendes.
714 1525 786 1560 quod
795 1524 889 1553 Persa-
906 1537 928 1568 ρ

100 1581 161 1600 rum
176 1572 268 1607 lingua
278 1572 325 1599 Dei
335 1579 444 1600 servum
456 1571 602 1607 significat,
616 1570 731 1598 mortuis
745 1570 888 1605 fratribus,

98 1619 212 1647 llaidari
223 1617 335 1651 Mirisaa,
354 1621 437 1653 atque
451 1617 554 1645 Ismaili
566 1617 697 1649 scctnulo,
713 1617 864 1645 Succedens
880 1627 888 1652 ;

95 1667 160 1695 licet
178 1674 193 1693 a
214 1670 312 1693 natura
336 1665 437 1700 quietis
449 1664 566 1699 cupidus
579 1668 663 1697 esset,
677 1664 834 1691 inchoatum
849 1669 889 1691 ta-

97 1721 159 1740 men
170 1712 205 1740 ab
214 1712 325 1740 lsmaile
341 1711 426 1739 fratre
441 1716 539 1739 contra
554 1710 662 1738 Turcos
679 1710 781 1738 lellum
796 1717 890 1746 prose-

97 1761 143 1796 qui
155 1759 271 1788 statuit:
288 1759 360 1794 quod
375 1759 400 1786 ei
419 1759 490 1786 lilius
502 1763 575 1787 esset
589 1759 659 1787 emir
677 1758 753 1786 Chan
769 1757 888 1790 Mirises,

101 1808 194 1844 magni
207 1807 318 1842 juvenis
327 1806 424 1838 animi,
437 1805 676 1840 gerendarumque
687 1812 778 1832 rerum
793 1804 890 1839 impri-

100 1856 151 1883 mis
163 1854 271 1882 avidus.
289 1853 367 1881 liunc
381 1853 469 1888 copiis
484 1853 543 1880 suis
558 1859 685 1887 supremo
696 1859 759 1879 cum
773 1851 889 1886 imperio

97 1901 232 1937 przefecit.
262 1900 360 1928 Causae
373 1899 437 1927 belli
462 1899 547 1926 varia:
571 1898 695 1931 fuerunt,
713 1905 782 1933 quas
806 1897 888 1933 paulo

97 1948 181 1975 altius
197 1947 242 1974 hic
255 1950 421 1982 repetemus,
452 1952 589 1979 nusquam
607 1944 641 1971 ab
667 1944 729 1971 aliis
756 1945 888 1972 hactenus

97 1997 132 2022 ita
143 1995 275 2030 proditas.
291 1992 408 2028 Operam
423 1991 496 2019 enim
512 1990 651 2023 dedimus,
662 1991 731 2017 utin
747 1990 804 2026 ipsa
819 1990 889 2018 Tur-

97 2041 137 2067 cia
151 2039 218 2067 certi
231 2039 335 2073 aliquid
350 2039 384 2065 de
402 2037 484 2065 rebus
519 2036 570 2064 hoc
588 2036 658 2063 bello
676 2036 762 2071 gestis
785 2043 890 2071 cogno~

98 2093 240 2113 accremus
260 2092 275 2112 a
297 2084 350 2112 {ide
375 2083 464 2118 dignis
478 2082 647 2116 hominibus,
677 2083 777 2117 spretis
807 2083 889 2118 vulgo

97 2132 219 2166 jar-tatis,
237 2137 338 2165 perque
366 2129 475 2156 litteras
487 2128 592 2163 sparsis
606 2127 670 2155 hinc
696 2126 759 2154 inde
777 2135 889 2156 rumus-

97 2178 177 2209 culis,
193 2183 219 2203 et
231 2183 320 2202 rerutn
335 2181 468 2201 novarum
488 2179 603 2200 nuntns.

941 919 1065 954 profugit
1078 921 1111 948 ad
1128 921 1259 949 scachum
1272 922 1406 951 lsmailem
1422 927 1587 960 secumlum,
1603 928 1650 962 qui
1666 933 1733 956 tunc

941 973 1031 993 rerum
1040 969 1111 1002 apud
1123 968 1237 995 Parthos
1248 970 1410 1004 potiebatur.
1421 971 1568 1000 Sciendum
1581 982 1657 1007 vero,
1670 983 1733 1003 san—

941 1011 1033 1046 giacos
1053 1013 1115 1041 illos
1127 1013 1297 1048 Curdornm,
1310 1016 1376 1044 licet
1390 1018 1505 1053 itnperio
1517 1021 1618 1048 sultani
1633 1021 1733 1049 Osma~

941 1058 1012 1086 uilla:
1035 1060 1239 1095 contineantur,
1267 1070 1323 1090 non
1345 1068 1436 1092 tamen
1457 1066 1493 1093 ita
1509 1068 1620 1100 praeﬁci,
1636 1076 1733 1103 quem-

941 1105 1089 1133 admodum
1122 1107 1169 1134 alii
1191 1110 1316 1142 sangiaei
1345 1110 1457 1138 solent:
1474 1113 1522 1139 sed
1550 1113 1655 1141 similes
1672 1123 1732 1142 esse

941 1151 1074 1184 vaivodis,
1091 1152 1149 1180 sive
1169 1154 1308 1188 palatinis,
1325 1161 1352 1183 et
1367 1157 1529 1191 praesidibus
1547 1158 1661 1193 El‘dt'lii,
1679 1160 1733 1188 Va-

941 1198 1049 1230 lachiae,
1061 1199 1143 1234 367
1160 1199 1303 1229 Moldavia:
1315 1210 1322 1234 ;
1335 1210 1410 1236 quos
1427 1208 1537 1238 oportet
1566 1214 1628 1233 esse
1657 1207 1730 1234 filios

942 1251 1098 1279 procerum,
1115 1247 1142 1273 in
1164 1247 1222 1282 ipsa
1239 1248 1351 1283 regione
1377 1251 1464 1285 patria
1481 1255 1572 1285 natos,
1584 1256 1612 1280 et
1627 1260 1643 1280 a
1670 1254 1731 1282 suis

941 1292 1122 1326 optimatibus
1137 1300 1168 1321 ac
1183 1295 1291 1328 pupulis
1325 1296 1439 1325 electos.
1462 1298 1545 1326 Curdi
1575 1307 1638 1327 vero
1659 1300 1734 1328 haud

941 1335 1026 1364 dubie
1037 1337 1142 1366 ducunt
1158 1340 1292 1376 originem
1312 1349 1327 1369 a
1341 1342 1478 1370 Chalda’is
1489 1347 1516 1371 et
1528 1343 1733 1380 Mesopotamia:

943 1384 1062 1418 populis.
1080 1385 1146 1411 Nam
1161 1385 1187 1413 in
1201 1386 1363 1415 hodiernum
1376 1396 1465 1424 usque
1475 1389 1547 1416 diem
1559 1391 1638 1418 mtiltl
1663 1391 1734 1419 Cur-

942 1428 1040 1456 dorum
1056 1431 1194 1466 principes
1211 1434 1386 1467 reperiuntur
1401 1434 1428 1462 in
1442 1435 1554 1470 regione
1573 1436 1732 1473 Bagadatis,

943 1482 1004 1509 qua:
1019 1475 1170 1511 Babylonia
1185 1479 1328 1507 veteribus
1343 1485 1396 1515 est,
1408 1485 1436 1509 et
1455 1481 1656 1517 Carahemidae,
1672 1492 1733 1520 qua:
1770 1505 1776 1511 .

944 1522 1090 1553 Amida,ct
1104 1523 1130 1550 in
1151 1524 1294 1553 Diarbrkir
1311 1525 1370 1554 sive
1379 1527 1578 1563 Mesopotamia
1592 1538 1599 1556 :
1611 1538 1730 1565 quarum

943 1567 1086 1602 regionum
1112 1570 1205 1604 populi
1230 1570 1348 1600 Cbaldai
1378 1578 1444 1601 sunt
1462 1579 1488 1602 et
1511 1575 1618 1611 Assyrii
1643 1576 1733 1605 Wano

940 1618 967 1640 et
975 1613 1275 1651 Scheherezulivicini,
1295 1627 1328 1647 ac
1343 1619 1488 1649 Persarum
1505 1622 1539 1650 ad
1558 1623 1626 1651 fines
1645 1632 1734 1662 usque

940 1665 969 1686 se
984 1660 1169 1694 porrigentes.
1181 1661 1316 1691 Przterea
1336 1669 1457 1698 constat,
1475 1666 1581 1694 Arabes
1595 1660 1734 1704 hodieque

939 1705 1094 1733 Chalda‘am
1115 1714 1215 1735 vocare
1239 1707 1354 1743 Keldan,
1375 1718 1458 1745 quam
1484 1711 1574 1740 Persa:
1593 1721 1656 1741 cum
1679 1714 1733 1744 0s:

940 1753 1057 1780 manicis
1073 1753 1285 1787 Curdistanum,
1314 1756 1368 1783 hoc
1382 1761 1561 1793 est,reg'mm
1577 1760 1731 1789 Curdorum

939 1799 1085 1833 appellant.
1099 1798 1132 1827 Et
1146 1807 1242 1829 omnes
1258 1802 1303 1830 isti
1321 1803 1502 1837 populisectze
1510 1809 1574 1832 sunt
1589 1805 1732 1834 Maltutne~

939 1849 1019 1872 lanae.
1039 1845 1108 1874 Cum
1122 1846 1205 1882 igitur
1221 1848 1255 1874 ad
1271 1847 1370 1876 Persas
1392 1851 1538 1885 saugiacns
1553 1851 1600 1879 ille
1613 1852 1731 1886 Cordus,

939 1892 973 1919 de
984 1898 1041 1926 quo
1064 1891 1184 1921 diximus
1195 1901 1224 1921 se
1239 1895 1414 1928 contuliset,
1436 1904 1490 1923 non
1519 1898 1601 1926 modo
1630 1900 1732 1933 peritu-

939 1938 1057 1966 maniter
1073 1947 1135 1967 eum
1149 1940 1255 1975 excepit
1269 1940 1360 1969 lsmail
1382 1944 1514 1976 scachus,
1533 1952 1628 1972 verum
1645 1946 1728 1973 etiam

939 1992 1048 2013 omnem
1078 1994 1157 2013 suam
1187 1994 1268 2022 opem
1288 1987 1327 2015 illi
1354 1989 1387 2016 ad
1418 1991 1634 2025 recuperandam
1674 1993 1731 2019 ari-

940 2036 993 2058 tam
1012 2032 1195 2068 patritamqne
1208 2034 1341 2062 ditionem
1361 2035 1472 2063 obtulit.
1490 2035 1626 2066 littsreves
1638 2043 1730 2066 autem

939 2079 1031 2113 bassa,
1050 2080 1096 2116 qui
1116 2079 1195 2108 Wani
1216 2081 1393 2118 llnitinueqne
1411 2083 1531 2117 regionis
1550 2089 1605 2111 tum
1623 2085 1731 2120 begler-

941 2126 1025 2160 hegns
1060 2131 1132 2158 erat,
1152 2128 1300 2163 exterique
1325 2128 1446 2163 saugiaci
1466 2129 1613 2163 limitanei,
1634 2131 1681 2166 qui
1695 2131 1729 2158 ad

940 2171 1165 2208 beglerbegatum
1190 2173 1275 2208 ipsius
1292 2175 1553 2213 pertineiianl.,cuni
1575 2176 1660 2204 hasce
1685 2185 1729 2204 res

134 2223 244 2251 lsmaile
260 2222 359 2249 scacho
373 2220 533 2256 superstite,
553 2218 662 2253 quidam
678 2217 824 2253 sangiacus
839 2226 887 2246 na-
905 2218 925 2245 υ
941 2219 1149 2252 intellexissent,
1172 2219 1300 2247 damnum
1314 2220 1432 2248 Persicis
1460 2222 1560 2250 finibus
1578 2230 1624 2257 per
1632 2231 1730 2251 excur-

98 2271 170 2297 tione
195 2268 314 2299 Curdus,
340 2266 385 2294 cui
415 2273 514 2293 nomen
539 2263 667 2291 Abdallas
697 2265 791 2299 begus,
824 2271 886 2291 cum

98 2317 230 2350 quasdam
243 2314 278 2341 ob
293 2311 432 2340 causasin
442 2311 627 2346 suSpiciom-m
649 2308 778 2343 venisset,
803 2310 889 2345 impe-

98 2367 176 2389 rante
192 2362 304 2388 sultano
322 2358 426 2385 Selime
443 2357 476 2389 ll,
495 2360 573 2391 patre
590 2355 705 2382 Muralis
718 2355 763 2388 ΙΙΙ,
791 2364 890 2383 evoca-

100 2414 141 2436 tus
168 2409 259 2435 luerat
283 2413 299 2433 a
321 2405 429 2433 sultano
469 2403 580 2434 Sclime,
599 2403 650 2430 sub
678 2403 732 2430 alio
744 2409 887 2438 praetextu,

98 2455 144 2490 qui
164 2454 345 2482 barbarorum
377 2459 435 2478 mos
460 2454 512 2482 cst,
528 2450 560 2476 ad
586 2449 696 2477 Portam
711 2451 750 2477 uti
776 2457 805 2477 se
820 2457 888 2477 con-

98 2503 204 2529 f--rret.
230 2498 325 2526 Paruit
354 2496 453 2524 sultoui
480 2497 608 2523 mandato
632 2496 751 2530 Cordus,
785 2495 888 2523 nullius

97 2548 150 2576 sibi
170 2547 259 2581 culpae
277 2546 417 2576 conscius,
430 2549 456 2571 et
468 2542 691 2578 Hadrianopolim
700 2542 734 2570 ad
748 2542 887 2570 sultanum

99 2595 229 2622 Selimem
251 2593 336 2621 venit.
350 2592 463 2619 ‘Mttntlal.
479 2591 607 2624 Selimes,
623 2595 653 2618 ut
667 2596 764 2625 captus
784 2591 811 2618 in
827 2597 888 2618 car-

99 2649 188 2669 cerem
200 2640 394 2675 conjiceretur.
410 2638 487 2665 Solet
501 2638 551 2665 hoc
564 2637 632 2670 ﬁeri,
645 2645 708 2664 cum
725 2645 828 2672 magnze
840 2646 889 2664 au-

98 2687 234 2715 ctoritatis
247 2686 288 2713 vel
301 2685 409 2712 familia:
430 2684 481 2711 viri
507 2682 727 2719 apprehendendi
751 2688 826 2715 sunt,
841 2691 888 2718 per

97 2735 255 2761 zausiorum
271 2733 390 2763 bassam,
409 2731 456 2765 qui
469 2735 566 2765 praeest
580 2730 677 2757 aulicis
691 2729 885 2763 nobilioribus,

98 2782 197 2815 qmbus
209 2779 336 2806 sullanus
349 2777 582 2805 Musulmanorum
596 2776 694 2810 utitur,
708 2775 887 2811 quemadmo-

97 2830 160 2853 dum
191 2825 329 2860 principes
354 2824 438 2851 nostri
477 2822 734 2851 commissariorum
760 2821 844 2849 variis
859 2821 885 2849 in

98 2871 180 2898 rebus
203 2868 385 2905 expediundis
415 2876 509 2904 opera.
538 2868 605 2895 Dum
633 2867 788 2896 zausiorum
806 2866 885 2895 bassa

940 2265 1140 2293 sionesinferre
1153 2271 1307 2301 coeperunt,
1317 2268 1388 2302 quod
1398 2267 1530 2300 dicerent,
1540 2268 1656 2296 lsmailis
1670 2277 1729 2296 sea-

940 2311 983 2338 chi
1000 2312 1078 2346 culpa
1094 2316 1215 2338 mutuam
1229 2319 1323 2347 pacem
1351 2313 1480 2340 violatam
1498 2321 1569 2346 esse,
1597 2314 1643 2348 qui
1670 2314 1728 2341 sul-

941 2358 996 2384 tani
1021 2357 1260 2385 Musulmanorum
1274 2358 1404 2394 fugitivos
1417 2364 1444 2386 et
1465 2359 1618 2394 perduelles
1649 2368 1727 2388 suam

942 2404 968 2430 in
1002 2404 1116 2431 tutelam
1151 2409 1247 2432 contra
1284 2405 1360 2440 pacis
1387 2405 1461 2441 leges
1486 2406 1647 2440 recepisset.
1674 2407 1728 2434 eis-

941 2459 992 2486 que
1019 2450 1188 2479 decrevisset
1218 2451 1358 2486 opitulari.
1389 2450 1448 2479 Hoc
1464 2451 1528 2479 belli
1561 2452 1727 2487 gravissimi,

939 2498 1011 2530 quod
1030 2497 1160 2525 hactenus
1171 2499 1242 2525 inter
1253 2498 1352 2525 Persas
1369 2504 1394 2525 et
1406 2498 1508 2526 Turcos
1525 2498 1638 2532 geritur,
1649 2507 1729 2526 exor-

939 2543 1014 2570 dium
1036 2543 1096 2570 fuit.

973 2589 1147 2616 Accedebant
1163 2594 1188 2616 et
1207 2589 1267 2616 aliae
1295 2597 1394 2622 causae,
1411 2590 1561 2625 praesertim
1577 2597 1609 2618 ex
1632 2598 1730 2626 super-

937 2636 1080 2663 stitionum
1105 2636 1237 2670 dissidiis,
1261 2643 1384 2671 vanaque
1397 2637 1567 2666 somniorum
1597 2639 1729 2666 observa<

938 2683 1021 2716 tione,
1046 2683 1090 2711 cui
1115 2691 1183 2718 gens
1207 2683 1320 2711 Turcica
1341 2685 1455 2712 nimium
1482 2690 1614 2720 quantum
1644 2686 1730 2713 obue-

938 2731 982 2757 xia
1012 2735 1065 2762 est,
1093 2730 1224 2759 collectae.
1245 2729 1312 2757 Nam
1341 2736 1404 2759 ante
1433 2732 1580 2759 triennium
1595 2739 1641 2766 per
1656 2731 1728 2759 Ana-

939 2777 1030 2804 tollam
1058 2777 1159 2812 passim
1189 2778 1293 2813 aliquot
1319 2778 1426 2806 illoruut
1454 2781 1550 2812 millia,
1568 2780 1613 2814 qui
1639 2787 1668 2807 sa
1681 2787 1728 2807 τε

938 2821 1072 2856 Turcicis,
1088 2831 1237 2858 eorumque
1262 2823 1414 2859 disciplinis
1446 2833 1477 2852 ac
1499 2825 1598 2853 studiis
1622 2826 1729 2852 incum-

938 2869 1006 2897 bunt
1020 2869 1249 2906 (schophtalarios
1275 2870 1326 2905 ipsi
1347 2871 1454 2907 dicunt)
1481 2878 1542 2899 sese
1569 2878 1727 2898 commove-
