1962 3071
174 157 226 188 6ςί

787 152 950 183 JO.\NN[S
967 150 1199 183 LEUNCLAVII

1756 150 1808 182 οδε

210 214 247 241 Ex
267 214 384 241 adverso
398 212 523 240 sullanus
539 210 659 238 Muralts
671 210 804 237 exercitui
822 217 873 237 suo
887 210 966 244 longe
979 211 1004 240 Α
1055 209 1234 246 Posteaquam
1268 210 1377 238 redacto
1411 210 1438 237 in
1475 213 1635 244 potestatem
1675 208 1808 244 Tiphlisio

169 260 351 295 amplissimo,
368 267 422 293 quo
446 257 580 284 contineri
606 257 791 284 credebantur
822 257 963 283 hominum

167 308 202 333 at
223 301 340 333 ducenta
357 305 453 336 tttillia,
485 304 658 338 lllustapltam
690 303 799 330 ltassam
834 310 963 338 supremo

169 363 232 382 eum
246 354 360 389 imperio
376 352 508 388 prmlecit,
524 353 605 388 cujus
621 352 780 379 immanitas
796 360 827 379 ac
849 351 964 386 perlidia

171 401 242 429 bello
266 400 367 436 Cyprio
394 399 536 426 nobilitata
569 399 672 426 fuerat.
703 398 728 425 is
754 399 798 425 die
824 398 840 425 5
862 398 964 425 mensis

170 448 282 482 Aprilis,
320 455 391 473 anno
417 447 470 474 985
493 446 570 475 (Chr.
592 445 692 481 I578},
725 445 963 479 Constantinopoli

169 494 315 522 discedens
336 493 457 520 maximo
473 500 534 520 cum
554 491 643 518 Portzc
656 499 802 526 procerum
819 491 963 522 comitatu,

170 542 216 576 qtti
233 540 346 568 honoris
373 547 435 566 cttnt
474 547 556 566 causa
589 539 780 571 deducebant,
809 537 962 564 lscodaram

171 586 336 614 transmisit.
365 585 429 612 Inde
449 585 540 612 ductis
569 585 601 611 ad
621 585 741 611 hostium
774 585 841 611 lines
866 584 962 618 copiis,

169 640 233 660 eum
254 635 305 659 sub
321 632 428 659 initittttt
444 632 561 667 Augusti
590 631 694 658 mensis
722 639 754 658 eo
782 631 962 665 pervenisset,

168 678 384 713 Georgiauorum
405 685 449 705 res
462 686 510 712 per
529 684 667 704 sunmtam
681 676 872 704 crudelitatem
882 684 964 711 agere

170 724 243 752 ferre
261 723 355 758 ctrpit.
374 723 447 750 Inter
465 723 517 750 hoc
535 728 595 750 crat
610 722 711 750 femina
740 723 864 758 quaedam
890 722 964 756 priri-

169 778 247 805 ccps.
264 779 346 804 qnatn
368 770 447 805 vulgo
465 770 584 796 vetulam
602 769 643 797 vel
658 777 792 797 annosam
819 766 962 796 vocabant.

172 818 210 843 lia
240 825 302 843 cum
333 816 366 843 de
387 817 507 851 potentia
535 816 636 843 sultani
656 816 769 842 Muralis
799 816 964 850 accepisset,

171 862 223 889 sub
243 862 294 889 lide
313 862 421 895 pttblica
439 862 507 889 filios
523 861 592 889 duos
607 862 640 889 ad
657 861 828 896 Mustapltam
854 862 962 888 bassam

170 908 258 939 misit,
276 908 498 943 ntsttbjeetionis
520 913 548 935 et
568 908 732 936 obedientia:
759 909 868 943 signum
901 915 963 941 erga

172 955 311 981 sultanum
325 953 500 981 Ostnanidant
515 954 619 982 ederet.
641 955 681 982 Illi
707 962 769 982 cum
791 955 908 988 primum
931 955 963 982 ad

173 1001 344 1035 M-ustapham
358 1005 505 1036 tyrannum
525 1001 674 1032 veuiSsent,
693 1008 754 1027 mox
774 1001 807 1027 ab
834 1009 876 1031 eo,
907 1003 965 1028 viro

172 1048 277 1075 scilicet
287 1051 390 1079 asluto,
405 1047 479 1074 nulla
492 1046 563 1074 data:
577 1047 636 1074 ﬁdei
650 1047 753 1075 ratione
766 1047 868 1079 habtta,
882 1056 963 1082 quam

173 1102 248 1121 more
269 1101 319 1121 suo
332 1099 386 1120 tam
419 1101 483 1128 erga
502 1093 689 1124 Christianos,
706 1101 789 1128 quant
818 1094 965 1121 Mallume-

171 1146 263 1172 tantos,
280 1147 329 1175 pro
350 1139 428 1167 libitu
445 1139 553 1167 solebat
570 1139 686 1172 violare,
699 1139 964 1175 Constantinopolim

171 1187 359 1214 adsultanum
373 1185 508 1213 Muratem
538 1186 696 1212 utittuutttr.
725 1186 814 1213 Simul
840 1187 875 1214 ab
905 1187 964 1221 ipso

171 1234 274 1261 certior
289 1233 409 1261 Murates
425 1232 560 1264 redditur,
577 1240 718 1267 nunquam
734 1234 865 1260 ditionem
890 1233 965 1268 prin-

171 1282 239 1317 cipis
256 1289 379 1312 annosze,
397 1274 496 1308 matris
529 1288 636 1313 eorum,
655 1281 706 1307 sub
735 1281 846 1308 Montis
869 1281 963 1316 jugtmt

173 1336 328 1358 \enturam.
357 1329 383 1354 ni
399 1327 440 1354 vel
459 1332 585 1362 uterque,
614 1327 656 1354 vel
675 1327 809 1354 alterutrr
832 1328 965 1355 duntaxat

171 1375 204 1401 ad
221 1374 440 1408 amplectendum
457 1373 618 1408 religionem
638 1372 874 1400 Musulunmurum
902 1383 966 1408 pur-

173 1424 326 1448 moveatttr.
345 1419 404 1452 Qua
420 1419 529 1454 quidem
546 1419 574 1445 in
601 1427 631 1446 re
647 1423 701 1446 tam
732 1420 777 1446 diu
808 1420 963 1447 laboratum

172 1468 221 1493 fuit
236 1466 270 1493 ab
291 1465 457 1496 Osmanicis.
484 1469 514 1492 ut
544 1465 652 1492 tandem
674 1465 763 1492 minor
793 1471 856 1492 natu
883 1466 966 1492 lrater

173 1511 441 1543 tnusulmanissaret,
463 1517 536 1537 anno
558 1510 611 1538 986
631 1510 709 1545 (Chr.
737 1510 831 1544 1579),
859 1511 902 1538 die
931 1511 965 1538 23

174 1559 277 1585 mensis
294 1557 389 1589 Junii;
411 1557 454 1584 cui
469 1562 610 1592 propterea
640 1562 753 1592 paterna
785 1564 964 1594 maternaque

171 1605 240 1632 ditio
254 1613 317 1632 cum
335 1605 385 1631 hac
400 1603 459 1638 lege
473 1611 604 1631 concessa
621 1603 682 1634 fuit.
699 1607 726 1629 ut
739 1611 799 1630 eam
824 1605 904 1631 titulo
921 1607 966 1632 bc-

175 1652 358 1687 glerbcgatus,
379 1651 510 1678 beneﬁcio
525 1650 625 1677 sultani
658 1650 771 1678 Muralis
801 1652 962 1686 possideret.

173 1700 222 1726 Est
236 1703 327 1725 autem
338 1705 369 1725 ea
386 1697 462 1733 regio
486 1696 633 1724 Tschilditi
650 1696 840 1732 Tipblisioque
858 1704 967 1726 conter-

174 1746 258 1773 mina.
283 1744 369 1779 Major
402 1750 468 1771 nalu
494 1743 578 1770 frater
603 1743 628 1770 itt
665 1744 804 1771 retinenda
837 1744 966 1780 religione

173 1791 328 1819 Christiana
343 1795 515 1818 constantem
532 1797 562 1817 se
574 1790 702 1824 prmbuit,
719 1798 751 1817 ae
768 1792 877 1818 tametsi
892 1792 965 1818 mul-

175 1844 231 1867 tum
248 1838 385 1874 precibus.
402 1836 559 1872 promissis,
578 1837 661 1863 minis
685 1836 806 1871 denique
833 1837 965 1864 formida-

173 1886 275 1913 bilibus
291 1888 452 1916 tentaretur,
486 1891 626 1918 nunquam
645 1889 736 1910 tamen
748 1884 846 1911 adduci
865 1886 964 1919 potuit,

173 1938 202 1961 ιιι
219 1932 300 1960 ﬁdem
318 1931 503 1959 Christianam
515 1931 666 1958 desereret.
692 1929 768 1958 Unde
798 1930 912 1963 factum,
937 1937 966 1958 ut

171 1979 239 2013 ipsis
255 1975 499 2011 Constantinopoli
515 1976 648 2011 profectis
676 1977 771 2003 eodem
800 1985 874 2004 attno
901 1978 964 2010 986,

171 2027 216 2054 dic
232 2027 264 2054 15
278 2025 380 2053 mensis
406 2024 533 2059 Augusti,
564 2024 645 2052 simul
666 2031 698 2051 ac
718 2026 821 2052 reversi
849 2025 965 2052 l'uiSSent

172 2074 199 2100 in
221 2073 348 2108 patriam,
367 2072 451 2099 frater
470 2071 513 2098 hic
544 2071 720 2098 Christianus
747 2071 891 2098 canit-stitit
915 2081 963 2099 ex-

173 2120 289 2154 spiraret
303 2126 309 2145 :
323 2121 355 2145 de
366 2118 447 2152 cujus
462 2122 551 2144 morte
565 2117 680 2144 diversae
695 2117 805 2144 luerunt
822 2117 962 2145 heminam

172 2167 329 2202 opiniones,
349 2165 411 2192 aliis
424 2172 439 2192 a
455 2164 541 2191 l'ratre
563 2171 697 2191 venenum
714 2164 739 2190 ei
754 2165 844 2190 datum
874 2165 900 2191 itt
923 2166 965 2192 iti-

171 2221 237 2240 nere
253 2211 471 2246 perhibentibus,
489 2210 550 2238 aliis
581 2218 630 2245 pro
647 2214 722 2237 certo
738 2210 938 2238 adiuuantibus
954 2232 962 2244 ,

978 1594 1001 1620 (Σ

988 1589 1000 1600 η

1017 258 1209 293 bcglerbegum
1240 257 1417 293 prarfecisset,
1447 264 1479 283 ac
1510 256 1724 291 drpltterdarnm
1752 257 1809 283 sive.

1017 305 1190 337 rationalem,
1206 305 1247 331 vi-l
1265 309 1441 338 qumsmrem,
1473 303 1572 330 ﬂumen
1590 303 1727 337 quoddam
1751 304 1809 330 suis

1017 359 1078 379 cum
1095 352 1182 386 copiis
1199 351 1364 383 transmisit,
1384 350 1455 385 quod
1474 350 1508 377 ab
1522 350 1582 377 aliis
1593 351 1673 381 Ares,
1689 350 1724 377 ab
1748 351 1810 378 aliis

1016 398 1130 430 Caras“,
1149 398 1173 424 id
1200 403 1253 429 est,
1282 399 1357 433 Aqua
1390 398 1479 433 nigra,
1507 402 1622 424 vocatur
1652 402 1808 432 propterea,

1017 445 1090 480 quod
1108 445 1210 478 impetu
1228 444 1313 471 veloci
1334 443 1401 470 lluat
1426 449 1452 470 et
1477 443 1642 477 profundunt
1668 444 1714 470 sit.
1742 443 1809 470 Dum

1017 491 1042 517 id
1057 490 1156 517 flumen
1179 490 1370 523 transjiceret,
1402 498 1456 517 uno
1482 491 1616 517 duntaxat
1644 489 1688 517 die
1722 490 1810 516 17000

1016 546 1129 564 suorum
1156 537 1260 570 amisit,
1294 544 1364 572 quos
1392 537 1546 564 vortieosus
1575 537 1673 570 amnis,
1712 542 1810 572 pra-ter

1016 593 1114 619 equos,
1129 584 1250 611 camelos
1276 589 1303 610 ct
1320 584 1410 610 ntulos
1439 584 1602 618 absumpsit.
1624 583 1710 611 Aiunt
1737 584 1809 611 hunc

1016 638 1124 658 amnem
1140 629 1335 657 disterminare
1352 629 1480 663 Mediam,
1506 630 1558 657 hoc
1577 635 1628 663 est,
1660 630 1809 657 Sirvanum

1016 684 1030 702 a
1046 675 1209 710 Georgiana.
1229 675 1399 708 Transjectis
1424 675 1521 709 copiis,
1539 675 1591 702 iter
1615 683 1694 702 suum
1709 675 1810 702 direxit

1016 730 1114 749 versus
1125 730 1186 749 eam
1207 722 1429 757 civitatcnt,qu:e
1444 722 1586 749 communi
1616 722 1728 749 nomine
1747 730 1809 749 cunt

1017 770 1074 804 ipsa
1092 769 1202 804 regione
1216 769 1364 808 Sirvanum
1376 769 1488 798 dicitur,
1505 769 1605 803 illaque
1631 769 1740 796 nemine
1768 778 1810 795 re-

1017 817 1129 844 sistente
1148 816 1252 850 potitus
1282 821 1323 843 est
1349 824 1357 843 :
1383 816 1456 851 quod
1475 815 1563 843 Persa:
1582 816 1724 843 facultates
1744 823 1810 843 Suas

1019 869 1114 889 omnes
1127 862 1297 894 avexissent,
1317 866 1459 897 totamque
1474 861 1600 888 vit-iniam
1619 861 1691 888 ferro
1706 866 1732 888 ι·Ι.
1754 862 1808 896 igni

1019 912 1184 936 vastassent.
1215 908 1278 935 Istic
1306 916 1416 943 quoque
1451 909 1642 943 lteg‘erbcgum
1674 916 1734 936 cum
1762 909 1809 935 dc-

1019 955 1167 990 phterdaro
1184 955 1338 982 constituit.
1370 953 1402 982 Et
1430 954 1525 982 civitas
1556 962 1587 981 ea
1613 954 1695 982 totius
1717 955 1810 981 Mediae

1019 1001 1177 1035 metropolis
1194 1005 1245 1028 est.
1270 1000 1319 1027 “is
1335 1001 1414 1028 rebus
1432 1002 1526 1036 gestis.
1546 997 1580 1028 ad
1607 1001 1642 1028 25
1671 1001 1728 1028 dies
1759 1002 1810 1027 ibi-

1018 1047 1079 1075 dem
1095 1047 1253 1082 Illustapltas
1271 1047 1359 1075 haesit.
1381 1048 1446 1075 inde
1465 1048 1604 1075 rediturus
1629 1049 1810 1080 Arzernmeu,

1018 1101 1147 1129 suprema
1163 1102 1223 1121 cum
1240 1099 1376 1129 potestate
1391 1095 1489 1122 ducent
1506 1095 1621 1123 limitum
1651 1100 1677 1122 et
1703 1096 1792 1122 exerei
1804 1110 1812 1115 -

1018 1145 1095 1167 tuum
1111 1140 1215 1174 Mediae,
1231 1141 1405 1176 veziremque
1429 1141 1517 1168 Portze
1540 1141 1643 1168 creavit
1661 1141 1808 1168 Osmancm

1018 1186 1214 1226 bassam‘,qui
1239 1191 1302 1222 post
1333 1187 1415 1214 etiam
1443 1188 1628 1215 vezirazentrs
1659 1187 1811 1215 Osuianiea:

1018 1232 1106 1259 Portm
1123 1233 1210 1260 lactus
1229 1238 1281 1266 est,
1303 1234 1399 1262 relicto
1423 1234 1448 1261 ei
1470 1235 1538 1261 satis
1572 1242 1671 1270 magno
1698 1235 1809 1269 genim-

1019 1286 1112 1306 rorum
1132 1279 1306 1315 aliorumque
1334 1281 1452 1307 militum
1483 1288 1598 1309 numero
1613 1301 1620 1314 ,
1643 1289 1706 1309 cum
1732 1281 1807 1308 sul‘l‘t-

1018 1327 1106 1353 cienle
1123 1331 1320 1353 tormentorum
1345 1327 1518 1361 bellicorum,
1547 1335 1694 1363 rerumque
1718 1328 1750 1356 ad
1777 1337 1809 1356 ea

1020 1372 1237 1399 necessariarum
1254 1378 1280 1399 et
1295 1381 1410 1400 annona:
1425 1373 1515 1408 copia.
1542 1374 1648 1406 Quibus
1681 1375 1811 1401 omnibus

1019 1419 1055 1445 ita
1075 1419 1244 1450 entistitutis,
1276 1428 1339 1447 cum
1373 1420 1477 1455 reliquo
1497 1421 1655 1456 Mostapltas
1688 1422 1808 1448 exercitu

1019 1465 1184 1491 Ληυιηιιιιριι
1204 1474 1232 1492 se
1242 1466 1369 1496 contulit,
1382 1466 1519 1493 Armenia:
1532 1467 1644 1500 majoris
1656 1467 1807 1499 civitatem,

1017 1518 1139 1545 qttatsex
1155 1512 1260 1538 tlit‘lttttl
1291 1513 1387 1539 itinere
1414 1512 1586 1548 Trapezunte
1612 1513 1705 1540 distat.
1730 1513 1809 1548 Apud

1018 1558 1186 1584 Atzcrnntvn
1199 1558 1269 1585 alius
1284 1564 1325 1586 est
1342 1559 1535 1594 bt'glerbcgus,
1567 1566 1594 1587 ct
1608 1560 1809 1594 (lt-phlerdarus

1019 1605 1118 1631 sultani
1139 1604 1305 1632 Oolllallidil'.

1056 1650 1238 1686 Posteaquam
1279 1652 1333 1678 huc
1360 1660 1488 1680 reversos
1520 1652 1617 1679 fuisset
1648 1651 1810 1693 ‘Mustapbas

1019 1698 1110 1731 hassa,
1132 1698 1316 1726 Mueltemctes
1331 1707 1376 1726 rex
1398 1699 1525 1726 Persicus
1555 1707 1731 1727 numerosum
1756 1701 1809 1727 nti-

1019 1745 1220 1771 srtexercitum
1246 1747 1378 1772 adversus
1405 1744 1508 1777 hostes.
1537 1745 1643 1772 Silvani
1673 1746 1806 1774 relictos:

1019 1792 1119 1826 quibus
1136 1793 1206 1818 inter
1221 1800 1251 1817 se
1266 1792 1361 1826 pta-lio
1379 1791 1546 1825 congressis,
1566 1792 1653 1820 victus
1676 1792 1726 1820 fuit
1751 1793 1810 1820 Sir-

1019 1847 1028 1863 \
1037 1839 1147 1866 attensis
1158 1838 1346 1873 begletbcgus,
1358 1838 1491 1873 omnique
1503 1846 1564 1865 cum
1577 1838 1697 1866 exercitu
1710 1847 1808 1867 οτι-ειη.

1018 1884 1099 1912 Persa
1115 1890 1168 1912 tant
1185 1885 1284 1919 insigni
1300 1886 1403 1919 potitus
1417 1886 1542 1918 victoria,
1559 1885 1811 1921 triumphabumlus

1017 1931 1050 1957 ad
1066 1930 1204 1957 civitatem
1225 1931 1373 1958 Sit-vanum
1389 1937 1526 1966 properat,
1553 1939 1671 1967 eantque
1699 1932 1811 1967 paucis-

1017 1976 1096 2003 simis
1118 1977 1215 2004 diebus
1239 1977 1380 2004 obsessam
1410 1983 1563 2013 recuperat.
1586 1977 1686 2006 Osman
1717 1979 1810 2012 bassa,

1017 2023 1062 2057 qui
1078 2027 1141 2049 ante
1152 2023 1274 2057 prmlittnt
1291 2024 1342 2051 hoc
1358 2024 1391 2050 ad
1405 2024 1499 2051 urbem
1518 2029 1588 2058 erat,
1604 2032 1666 2051 cum
1689 2026 1808 2060 primum

1017 2069 1050 2096 de
1068 2076 1155 2096 morte
1175 2069 1329 2105 beginrbegi
1357 2074 1385 2097 et
1418 2071 1557 2098 exercitus
1574 2071 1651 2098 clade
1680 2071 1809 2098 nuntium

1016 2117 1140 2150 acet-pit;
1162 2117 1232 2150 quod
1245 2117 1300 2151 jam
1314 2124 1368 2151 pra-
1391 2117 1481 2144 oculis
1504 2117 1676 2145 obsidionem
1699 2119 1809 2146 Sirvani

1017 2170 1150 2197 suumque
1178 2163 1282 2189 videret
1309 2163 1460 2195 interitum,
1492 2170 1571 2191 nocte
1599 2166 1718 2199 quadam
1746 2173 1808 2193 tum

1017 2209 1112 2243 paucis
1126 2216 1239 2236 Sum‘ttltt
1258 2217 1354 2237 vet-sus
1377 2209 1572 2245 Temitcapim,
1593 2211 1644 2238 hoc
1670 2217 1722 2246 est,
1743 2212 1809 2240 Por-

171 2259 196 2286 td
211 2259 235 2286 ei
249 2257 423 2293 propinatum
439 2256 526 2284 fuisse
535 2256 774 2291 Constantinopoli
807 2266 821 2283 a
841 2257 940 2286 Turcis
954 2282 960 2293 ,
979 2260 1002 2293 n
1017 2260 1071 2282 lant
1089 2256 1219 2288 fvrreatn,
1240 2256 1297 2283 sive
1318 2256 1500 2290 Derbentuut,
1533 2258 1649 2293 aufugit.
1670 2258 1697 2285 ΙιΙ
1726 2259 1808 2286 situm

169 2311 227 2332 arte
241 2304 286 2331 tali
304 2308 438 2339 piratam,
453 2308 483 2330 ut
509 2303 542 2330 ad
557 2308 665 2330 rertunt
690 2303 839 2330 terminum
866 2310 961 2339 paula-

171 2353 218 2379 tim
236 2351 375 2379 bominem
388 2350 586 2386 exstingueret.

204 2399 245 2425 Ad
259 2398 430 2433 Mttstapliam
446 2405 511 2425 vero
525 2397 634 2424 bassam
651 2402 680 2424 ιιι
701 2397 858 2430 redeamus,
875 2399 924 2425 iter
941 2399 964 2426 is

171 2452 249 2472 stttttn
265 2450 293 2471 et
305 2444 506 2478 expeditionem
520 2450 702 2478 prosequens,
717 2447 778 2477 post
792 2443 884 2471 varios
898 2452 965 2471 cou<

171 2491 260 2518 ﬂictus
278 2495 304 2517 et
320 2498 433 2525 pugnas.
450 2490 533 2524 370
544 2489 645 2524 quibus
670 2489 750 2516 modo
779 2498 841 2516 cunt
861 2490 962 2520 Persis.

170 2537 252 2564 modo
266 2544 328 2563 etttn
356 2535 529 2569 (icorgiauis,
561 2535 661 2569 insigni
690 2535 828 2562 exercitus
853 2535 963 2569 jactura

168 2589 335 2618 congressus
354 2581 641 2615 luit(mensequitlem
655 2582 777 2615 Augusto
797 2581 878 2616 printi
907 2587 964 2609 sta-

169 2631 218 2656 tim
236 2629 312 2660 auni,
339 2627 487 2654 Tocmaces
513 2627 650 2659 sultanus,
682 2627 785 2653 lievani
814 2627 961 2660 dominus,

169 2677 216 2712 qui
229 2675 329 2703 scaeho
348 2673 512 2701 Mucbemcti
537 2674 685 2704 militabat,
704 2682 758 2701 uno
782 2674 876 2708 praelia
890 2673 960 2700 Tur-

168 2730 265 2752 cortttn
281 2721 368 2749 15000
381 2720 503 2755 cecidit),
520 2720 628 2747 tandem
648 2720 809 2754 Tipblisium
833 2721 904 2754 cepit
933 2721 960 2747 itt

170 2770 281 2804 regione
294 2767 524 2801 Georgianoruut,
539 2767 675 2793 civitatem
695 2766 838 2792 tin‘ttimam
863 2766 960 2793 ditioni

169 2815 303 2852 principis
323 2813 444 2841 Simonis
474 2818 501 2838 ct
528 2812 657 2838 Levenlis
675 2812 745 2846 begi,
772 2812 819 2847 qtti
847 2816 873 2838 ct
902 2811 962 2846 ipse

169 2865 296 2898 princeps
314 2861 484 2895 Gt-ot-giattus
497 2864 548 2887 est.
567 2859 670 2886 Accidit
701 2861 752 2886 ltoc
769 2867 840 2886 anno
867 2858 961 2885 Mallu-

169 2914 279 2937 utetano
295 2909 348 2936 0δῦ
363 2907 440 2943 (Chr.
455 2906 546 2940 1578),
562 2914 654 2933 mense
670 2905 837 2940 Septembri.

1016 2304 1105 2330 estad
1131 2311 1206 2330 mare
1235 2303 1379 2338 Caspium,
1406 2304 1478 2338 quod
1496 2305 1617 2338 ipsorum
1634 2306 1725 2341 lingua
1757 2305 1809 2333 Be-

1018 2350 1176 2377 herculznm
1193 2350 1250 2377 sive
1263 2351 1378 2377 Cvtlzum
1391 2351 1480 2378 denizi
1497 2352 1609 2378 dicitur.

1051 2396 1080 2423 In
1093 2396 1166 2423 hunc
1177 2397 1288 2424 tttodutn
1307 2401 1417 2432 recepto
1444 2398 1572 2431 Sit-vano,
1601 2406 1644 2425 res
1662 2406 1675 2424 a
1710 2398 1808 2426 Turcis

1017 2444 1125 2470 relictas
1141 2443 1230 2470 Persae
1249 2443 1393 2478 diripiunt,
1416 2447 1503 2471 muris
1518 2444 1665 2471 Sirvauunt
1692 2446 1807 2476 nudant.

1016 2490 1220 2523 propugnacula
1235 2495 1323 2523 carpta
1337 2489 1464 2520 diruunt,
1487 2490 1626 2525 regionem
1648 2497 1710 2517 eum
1733 2492 1808 2518 inco-

1015 2535 1048 2561 lis
1061 2536 1096 2561 ab
1112 2535 1332 2570 Osmanicojugo
1349 2536 1476 2567 liberant.
1494 2536 1541 2570 qui
1557 2536 1654 2570 majori
1673 2545 1704 2563 ex
1731 2542 1808 2571 parte

1014 2586 1079 2607 sunt
1095 2581 1228 2612 Armenii,
1246 2582 1345 2616 reliqui
1369 2582 1438 2617 legis
1462 2582 1662 2610 Mahumetanw
1686 2589 1809 2610 sectato-

1015 2634 1067 2658 res,
1089 2632 1142 2653 tam
1158 2626 1323 2659 (lsmauicm,
1338 2634 1420 2661 quam
1446 2625 1565 2654 Persicae
1591 2628 1806 2662 superstitionis.

1014 2672 1115 2699 (lunari
1132 2681 1197 2699 vero
1210 2673 1288 2700 bassa
1298 2680 1361 2699 cum
1374 2673 1558 2708 Tentircapim
1571 2674 1702 2706 venisset,
1716 2679 1808 2701 astute

1013 2719 1065 2745 sibi
1081 2717 1267 2744 Schetnhalint
1287 2718 1415 2751 cltauem,
1437 2718 1489 2745 hoc
1509 2723 1568 2752 est,
1595 2720 1717 2753 regulum
1750 2721 1808 2746 sive

1013 2765 1162 2800 ptincipem
1177 2764 1303 2792 Derbettti
1319 2785 1326 2796 ,
1351 2766 1471 2792 amicum
1495 2765 1636 2797 reddidit.
1666 2766 1806 2793 addictum

1014 2811 1211 2839 Malunuetattm
1227 2812 1436 2847 ()stnatticteque
1449 2817 1541 2844 sectae,
1555 2812 1647 2841 Persis
1660 2813 1806 2849 infestum.

1013 2859 1124 2886 natione
1144 2859 1274 2886 Tatarum
1290 2867 1297 2886 :
1316 2860 1396 2894 cujus
1413 2864 1440 2887 et
1465 2859 1547 2887 ﬁliam
1575 2860 1652 2887 duxit
1679 2867 1806 2892 uxorem.

1013 2914 1073 2941 quae.
1089 2911 1150 2940 post
1165 2906 1295 2933 instinctu
1311 2907 1402 2933 maliti
1429 2912 1535 2941 patrem
1567 2915 1668 2935 veneno
1682 2908 1806 2934 sustulit.
