1962 3071
167 145 219 178 ses

724 146 770 175 SU
784 141 922 175 l’i‘lji‘ti.
941 142 1075 173 ANNAL.
1097 143 1248 173 TURCIC.

1738 145 1790 176 6“6

167 194 194 225 ΙιΙ
212 198 310 225 factum
325 197 490 225 abOsmane
521 199 664 234 perhibent
690 201 757 227 duas
774 200 809 226 ob
840 207 948 226 causas.
966 203 986 228 Α
1004 199 1112 226 initium
1142 207 1205 226 vero
1238 201 1376 232 sequentis
1400 199 1511 232 aestatis,
1542 207 1613 227 antto
1640 200 1690 228 986
1713 202 1788 235 (Chr.

168 243 298 275 Ptimum,
330 245 402 279 quod
442 251 584 272 vereretur
611 254 644 272 ne
669 254 796 274 successu
823 247 952 279 temporis

167 298 228 316 rum
242 298 320 317 Socer
346 292 403 325 ipse
420 292 453 319 de
474 292 564 318 tnedio
587 292 703 319 tolleret.
734 292 845 325 Deinde,
875 296 904 318 ut
926 292 951 318 itt

168 341 326 370 potestati-nt
349 337 458 363 redacta
479 338 632 365 munitione
650 338 840 373 Trmit‘rapina
865 338 953 372 regio-

169 391 255 418 ncquc
269 384 370 416 soceri,
392 385 546 418 patrocinio
566 385 666 412 sultani
681 386 722 412 sui
742 384 898 412 Ostnanidze
924 392 954 408 re

169 430 382 464 traderet,quod
401 431 482 457 etiam
499 438 594 466 reapse
607 431 683 458 fecit.
715 431 819 465 Quippe
848 436 954 458 mortuo

168 476 315 503 schemhaii
333 476 432 508 charte,
450 475 551 504 Osman
575 479 652 504 bassa
675 478 750 504 solus
763 482 790 504 et
811 477 954 504 absolutus

169 522 295 557 princeps
308 523 408 549 mansit
425 523 450 549 in
465 523 569 550 ditione
585 524 683 555 soceri,
715 514 823 550 nomine
844 530 955 558 prorsus

169 569 342 603 impediente.
358 569 507 597 Confestim
524 577 588 596 vero
603 577 650 603 per
665 569 796 604 Capham,
807 577 868 603 qua:
885 569 956 595 inter

169 613 306 639 Talai-iam
337 612 561 648 Moscoviatnque
586 615 620 640 ad
653 614 864 648 septemtriones
892 614 954 646 sila,

169 660 332 687 Circassiam
351 667 448 688 versus
469 661 611 687 meridiem
625 661 717 693 habet,
735 660 866 695 ablegatis
879 668 956 687 rere-

169 706 339 737 dariis,cum
358 706 456 733 litteris
468 706 500 732 ad
527 706 666 733 sultanum
696 706 872 734 Osmanidam
900 705 957 733 Μιμ

171 756 266 782 ratem.
286 751 344 785 ejus
357 759 387 779 se
403 752 464 779 ﬁdei
485 753 668 787 potestatique
699 756 786 779 totum
810 751 911 779 dedidit
932 756 958 778 et

171 796 370 823 commendavit
384 803 391 821 :
408 796 488 823 simul
505 804 645 829 exponens
662 804 693 824 ea
704 804 765 832 qua:
779 797 813 824 ab
830 805 860 825 se
884 802 958 832 gesta

171 843 295 873 fuissent,
312 851 343 870 ac
358 847 462 877 petens,
482 848 509 869 ut
526 843 662 877 siquidem
680 852 734 870 non
752 845 785 870 de
801 843 873 871 illius
889 844 960 870 dun-

1006 245 1143 278 4579).ad
1160 247 1227 273 fines
1255 246 1381 274 Persicos
1397 247 1548 274 exercitum
1579 247 1668 279 duxit,
1702 248 1790 281 diver-

1007 293 1099 325 sisque
1113 292 1213 326 pt‘zcliis
1233 293 1312 319 tnodo
1328 301 1388 319 cum
1406 292 1506 324 Persis.
1524 293 1604 320 modo
1622 301 1683 321 Cllm
1707 293 1795 321 Gror~

1008 337 1096 371 gianis
1118 338 1284 371 confligens,
1316 339 1429 366 inferior
1457 347 1575 374 semper,
1605 340 1704 374 insigni
1732 349 1792 367 cum

1007 391 1118 410 SIIOI'llm
1134 384 1219 416 clade,
1241 385 1377 412 disccsvit.

1044 429 1142 456 Eodem
1163 438 1234 457 anno
1257 431 1389 458 Carseum
1417 433 1543 465 mttnivit,
1570 433 1658 460 locum
1677 434 1711 459 ab
1741 434 1792 459 Ar-

1008 482 1118 501 ac-rume
1140 482 1238 502 versus
1254 475 1396 503 Revanum
1418 483 1537 511 quatuor
1558 479 1662 505 dierum
1695 479 1794 505 itinere

1008 520 1174 547 distantem:
1200 522 1280 555 eique
1309 522 1497 557 bcglerbcgum
1528 529 1552 550 et
1583 524 1794 558 dephterdarum

1008 566 1140 601 praefecit.
1168 568 1352 595 Consimiliter
1380 569 1413 595 ad
1439 569 1625 603 Tschildirim,
1661 571 1740 597 sitam
1767 571 1793 597 iu

1008 612 1170 647 Georgiana:
1184 613 1331 646 limitibus,
1343 615 1426 643 alium
1453 617 1647 652 heglerhegum
1660 625 1722 644 cum
1750 617 1793 645 de-

1010 659 1156 694 phterdaro
1166 661 1318 688 constituit.

1045 705 1118 732 .‘llisit
1129 706 1210 733 etiam
1225 707 1275 734 hoc
1291 715 1365 734 anno
1385 716 1446 735 ettm
1475 709 1563 736 classe
1583 710 1708 738 sultanus
1738 710 1795 737 Mu-

1010 755 1081 778 rates
1093 749 1226 778 Uluzalim
1245 752 1366 785 bassam,
1379 753 1538 787 praefectum
1564 756 1657 788 maris,
1675 756 1701 782 in
1726 756 1794 784 Min-

1010 796 1135 830 greliam,
1155 797 1294 831 regionem
1313 799 1475 832 populorum
1495 800 1646 833 Colchidis,
1667 806 1696 828 ut
1709 801 1742 828 iis
1770 802 1796 828 in

1012 842 1078 868 locis
1097 842 1276 870 munitionem
1304 843 1460 872 mdilicarct.
1492 845 1561 873 Huic
1589 847 1723 874 absoluta:
1753 847 1790 874 be:

170 894 244 916 taxat
258 889 308 917 loci
320 897 352 916 ac
363 889 487 920 ditionis,
503 897 596 916 verum
616 889 699 916 etiam
716 890 749 916 de
766 889 849 918 totius
867 889 958 924 Caspii
976 870 996 917 ᾖ
1011 887 1154 922 glerhcgus
1168 889 1201 915 ab
1221 897 1254 917 eo
1266 890 1347 918 datus
1373 891 1435 922 fuit,
1451 899 1483 919 ac
1506 892 1713 927 dephterdarus.
1744 892 1797 927 Ipsi

172 937 274 966 maris.
294 936 448 969 Moscovim,
475 935 621 962 Orientalis
649 936 740 969 Indiae,
767 936 958 964 Samarcandze

171 983 336 1009 Chorasanis
370 987 397 1009 et
424 982 566 1015 Chilonis,
608 982 776 1010 Persicarttm
801 982 957 1018 regionum,

172 1028 285 1062 imperio
298 1022 405 1054 summo
422 1028 568 1062 cogitaret,
597 1028 687 1062 printo
704 1035 812 1063 quoque
835 1034 959 1063 tempore

173 1073 221 1100 sibi
238 1074 398 1110 exercitum,
411 1073 554 1107 pecunias,
566 1081 691 1101 annonas
710 1074 838 1101 mitteret.
868 1073 960 1101 Sulta-

173 1127 224 1146 nus
238 1119 355 1146 Muratcs
371 1120 440 1146 laetis
455 1119 533 1147 hisce
546 1120 648 1147 nuntiis
659 1125 799 1155 permotus
816 1128 877 1147 ctttn
892 1120 960 1147 alias

173 1167 197 1192 ei
215 1174 258 1192 res
274 1166 446 1193 necessarias
463 1165 579 1198 curavit,
596 1170 653 1193 tum
677 1166 757 1193 etiam
771 1166 857 1194 60000
880 1166 960 1193 Tata-

174 1220 266 1238 rorum
285 1212 368 1245 misit,
386 1219 447 1240 cum
472 1212 578 1240 duobus
595 1211 726 1240 fratribus
755 1213 815 1247 ejus
845 1212 962 1240 Tatarize

174 1259 256 1291 regis,
272 1258 317 1292 qui
333 1258 462 1292 deinceps
476 1266 549 1285 anno
570 1258 619 1285 99f
639 1259 716 1293 (Chr.
744 1259 825 1293 1581)
852 1259 886 1286 ab
912 1261 962 1286 Us-

175 1312 254 1330 tnaue
271 1304 348 1330 bassa
361 1303 550 1338 strangulatus
562 1303 625 1331 fuit.
644 1304 675 1330 Et
689 1304 745 1331 haec
759 1304 868 1339 quidem
888 1311 962 1331 anno

176 1350 236 1377 belli
246 1349 332 1384 primo
347 1354 422 1384 gesta
433 1349 553 1382 fuerunt,
568 1350 698 1377 nimirum
710 1350 764 1377 985
778 1349 853 1385 (Chr.
870 1350 961 1384 1578):

174 1401 229 1427 quo
249 1393 401 1420 Tui-corum
413 1399 466 1420 tant
484 1395 510 1420 in
535 1394 656 1428 prteliis,
683 1402 765 1429 quam
793 1401 962 1422 commeatus

176 1440 278 1473 inopia,
291 1441 406 1473 periisse
420 1447 502 1474 supra
517 1441 603 1468 70000
615 1445 733 1468 constat.

213 1484 305 1512 llieme
318 1493 381 1512 vero
397 1491 492 1513 exacta
504 1506 511 1519 ,
526 1494 589 1513 cum
618 1491 698 1514 aestas
725 1487 789 1514 anni
814 1486 866 1514 986
885 1487 961 1522 (Chr.

177 1531 256 1565 1579)
271 1532 440 1566 appetiisset,
454 1533 655 1567 auxiliaresque
666 1534 751 1568 copiae
766 1541 828 1561 eum
841 1533 963 1568 pecuniis

176 1579 209 1603 ad
240 1577 422 1612 ’l'emicarpim
464 1578 655 1611 accessissent,
685 1579 774 1607 solitis
800 1579 827 1606 in
855 1579 961 1605 Sirvani

178 1625 243 1650 lines
261 1624 470 1652 excursionibus
482 1624 619 1652 Osmauici
635 1633 668 1652 ex
686 1633 749 1653 arce
769 1625 961 1658 Temircapina

177 1673 248 1699 hosti
281 1673 411 1699 damnum
445 1672 610 1700 inferebant.
641 1672 678 1700 Ea
700 1680 744 1700 res
773 1673 874 1707 ingenti
899 1679 961 1699 cum

177 1717 267 1746 Persis
280 1718 371 1752 prtulio
384 1725 496 1746 causam
526 1718 655 1753 praebuit.
672 1726 726 1753 qtto
746 1718 837 1745 Tatari
855 1719 888 1745 ad
922 1718 962 1745 in-

177 1766 374 1796 ternecionem,
389 1772 441 1791 una
457 1773 518 1791 cum
541 1766 629 1791 altero
644 1764 735 1791 'l‘atari
767 1764 838 1798 regis
867 1764 960 1796 fratre,

178 1810 241 1838 ert-si
266 1811 401 1844 deletique
418 1811 546 1843 ftterunt,
565 1813 653 1838 altero
677 1810 761 1837 fratre
775 1810 836 1837 vivo
859 1810 893 1837 ab
916 1811 962 1837 lto—

177 1857 266 1883 stihus
277 1862 365 1891 capto.
391 1856 491 1884 Osman
521 1857 579 1892 ipse
595 1857 674 1885 bassa
702 1865 764 1883 cuin
789 1856 962 1891 paucissimis

178 1910 290 1929 suorum
306 1903 349 1928 vix
359 1903 451 1930 salvus
462 1903 560 1930 evasit.
572 1902 695 1936 Cumque
709 1909 756 1936 per
769 1903 884 1942 exiguas
896 1909 962 1929 sane

178 1949 271 1983 copias
282 1948 361 1984 371
383 1949 490 1975 adversi
520 1949 604 1984 praelii
617 1957 697 1976 casus
726 1949 749 1975 ei
780 1948 899 1983 reliquas
925 1948 963 1975 fc-

178 1997 360 2026 t'isset,more
377 1994 514 2021 latronum
545 1994 726 2021 Turcicorinn
755 1995 876 2029 quotidie
897 1995 963 2022 vici-

178 2049 228 2068 nas
243 2041 295 2068 sibi
309 2042 427 2069 ditiones
444 2042 542 2075 praedis
572 2043 683 2076 agendis
708 2041 839 2069 infestare
869 2046 962 2076 εωμη,

180 2086 255 2114 nullo
279 2094 331 2114 nec
354 2087 505 2114 amicorum
521 2095 572 2114 nec
593 2088 710 2114 hostium
736 2087 895 2114 discrimine
922 2095 964 2114 ra-

180 2135 309 2167 tioneth
324 2133 433 2160 habita:
449 2134 548 2168 quibus
561 2141 593 2160 ex
610 2133 715 2167 rapinis
740 2137 767 2160 et.
801 2133 861 2168 ipse
887 2134 964 2160 victi—

180 2180 266 2211 tal.at,
282 2183 309 2205 et
328 2185 393 2206 suos
405 2179 505 2210 alebat,
521 2178 639 2205 subinde
650 2185 751 2205 secum
771 2179 822 2211 eis,
838 2177 861 2205 si
878 2179 963 2204 hostis

180 2225 345 2258 immineret,
363 2225 396 2251 ad
423 2225 573 2252 indicatum
596 2224 736 2252 castellum
762 2224 907 2258 recipiens.
931 2223 963 2250 Et.

179 2270 337 2305 perhibetur
350 2270 408 2304 ejus
423 2270 527 2297 castelli
542 2270 613 2297 situs
640 2275 737 2297 ntura
764 2269 965 2297 munitissimus

179 2324 260 2346 esse,
288 2316 330 2342 cui
361 2324 422 2343 cuin
458 2323 567 2343 manum
600 2317 746 2350 quamdam
773 2316 964 2350 geniaarorum

179 2363 307 2396 sclupctis
326 2363 460 2389 utentium
477 2363 663 2397 imposuisset,
682 2370 743 2388 cutn
756 2362 890 2389 machinis
914 2362 964 2388 ali-

179 2414 247 2443 quot
263 2409 464 2442 campestribus
477 2413 504 2436 et
518 2409 662 2436 l'alcouetis
677 2416 684 2435 :
703 2409 728 2435 in
743 2408 803 2435 loco
825 2412 965 2442 tantopere

179 2463 194 2481 a
210 2459 306 2480 natura
325 2454 442 2485 munito,
457 2458 553 2480 contra
580 2453 670 2480 nudos
697 2458 723 2479 et
757 2453 875 2479 inermes
903 2453 965 2479 illos

181 2501 308 2535 populos,
319 2501 364 2535 qui
381 2507 431 2526 nec
443 2499 532 2526 oculis
545 2499 602 2526 suis
618 2504 676 2526 toto
693 2499 754 2525 vita:
769 2506 826 2526 suae
842 2503 965 2532 tempore

180 2553 316 2574 tormenta
334 2547 429 2574 bellica
443 2546 636 2581 sclopetosque
648 2545 789 2578 vidissent,
813 2553 863 2572 ttee
892 2545 965 2571 auri-

181 2597 234 2621 bus
254 2600 349 2620 eorum
366 2593 479 2619 fulmina
502 2593 702 2627 pet-cepissent,
723 2593 792 2619 adeo
807 2599 837 2619 se
863 2596 962 2622 tutum.

181 2648 327 2675 Ipsumque
343 2639 485 2666 castellum
502 2639 712 2674 inexpugnabile
725 2637 854 2671 reddidit,
883 2643 911 2665 ut
931 2638 966 2664 si-

181 2686 319 2720 himetipsi
339 2686 487 2713 monarcha
503 2686 612 2720 quidam
628 2692 690 2712 esse
705 2685 854 2712 videretur.

217 2733 258 2758 Ab
274 2733 357 2759 altera
374 2737 450 2766 parte
467 2731 612 2765 praedictus
621 2731 700 2758 bassa
714 2730 873 2764 Mustaphas
896 2729 968 2756 hunc

183 2784 444 2803 rcrumsucccssum
474 2776 659 2810 conspicatus,
683 2775 751 2801 nihil
780 2774 893 2800 omnino
921 2781 967 2808 per

184 2823 300 2849 hiemem
311 2823 374 2849 anni
390 2822 441 2849 985
456 2821 531 2856 (Chr.
545 2821 624 2856 1578)
641 2822 734 2856 gessit,
752 2820 785 2848 ad
801 2821 966 2847 Arzcrumen

186 2877 248 2896 cum
265 2869 351 2903 copiis
368 2869 486 2901 haerens,
502 2868 540 2895 uti
559 2868 685 2903 superius
701 2867 893 2894 indicavimus.
910 2864 968 2893 Sub

977 1542 997 1595 ὸ

1012 933 1072 960 loco
1097 941 1198 960 nomen
1221 939 1265 963 est
1290 935 1385 963 Fassa.
1421 936 1533 964 Curavit
1567 942 1656 965 autem
1687 937 1798 965 Fassam

1012 980 1135 1007 sultauas
1157 979 1278 1008 Murates
1291 983 1405 1015 exstrui,
1426 986 1456 1009 ut
1480 983 1514 1010 iis
1530 983 1556 1010 in
1587 984 1655 1012 locis
1679 986 1799 1019 aperiret

1012 1025 1063 1052 iter
1080 1026 1190 1053 brevius
1214 1035 1247 1055 ac
1270 1029 1404 1063 securius,
1426 1037 1481 1064 quo
1499 1029 1607 1058 facilius
1625 1031 1653 1058 in
1670 1031 1799 1066 Georgia.

1012 1079 1062 1098 nos
1079 1072 1142 1099 duci
1162 1072 1246 1106 copia:
1262 1079 1384 1108 possent,
1405 1075 1478 1102 etiis
1494 1075 1529 1103 ab
1541 1076 1586 1102 illa
1611 1082 1689 1110 parte
1706 1077 1799 1104 debel-

1013 1117 1076 1144 latis
1088 1125 1119 1145 ae
1137 1118 1189 1144 sub
1205 1118 1300 1153 jugum
1318 1120 1426 1153 missis,
1443 1125 1517 1149 tanto
1533 1122 1704 1150 commodius
1729 1123 1798 1150 ultra

1013 1162 1204 1198 Temircapim,
1225 1165 1258 1192 ad
1274 1165 1445 1193 inferendum
1470 1167 1586 1194 Sirvano
1614 1167 1727 1201 bellum,
1754 1169 1798 1197 iri.

1013 1209 1071 1237 Non
1086 1211 1171 1238 multo
1185 1216 1246 1245 post
1258 1216 1360 1244 tamen,
1373 1220 1454 1247 quam
1475 1213 1539 1240 inde
1553 1214 1637 1241 maris
1652 1215 1800 1249 praefectus

1014 1255 1135 1283 Uluzalis
1150 1264 1212 1283 cum
1232 1257 1318 1284 milite
1349 1258 1496 1293 classeque
1526 1259 1709 1292 discessisset,
1736 1259 1800 1287 Far—

1014 1309 1081 1328 sana
1097 1302 1212 1329 munitio
1224 1303 1335 1336 penitus
1362 1303 1396 1331 ab
1425 1304 1502 1332 hoste
1522 1304 1614 1332 diruta
1639 1309 1801 1340 vastataque

1015 1348 1074 1376 fuit.

1048 1395 1115 1422 Cum
1129 1403 1225 1430 parutn
1251 1403 1383 1431 prospere
1398 1396 1497 1423 bellum
1512 1403 1526 1423 a
1553 1396 1694 1432 Mustapha
1721 1397 1801 1424 hassa

1014 1447 1164 1474 gereretur,
1196 1440 1303 1468 afﬂictis
1340 1441 1438 1469 misere
1464 1442 1612 1474 militibus,
1627 1443 1662 1470 ob
1686 1450 1801 1471 annona:

1015 1486 1155 1520 penuriam
1183 1492 1210 1514 et
1242 1487 1404 1515 immaniter
1434 1493 1604 1523 grassantem
1643 1489 1671 1516 in
1700 1489 1800 1517 castris

1014 1531 1209 1564 pestilentiam,
1227 1531 1325 1560 litteris
1340 1533 1443 1561 sultani
1461 1533 1576 1561 Muratis
1599 1535 1749 1568 Amasiam,
1773 1539 1803 1562 ut.

1015 1576 1077 1604 istic
1092 1577 1259 1610 hibernaret,
1273 1579 1426 1606 concedere
1437 1579 1533 1614 jussus
1556 1580 1617 1607 fuit.
1644 1581 1691 1608 ille
1709 1587 1799 1609 tamen

1015 1622 1191 1650 nihilominus
1202 1624 1226 1650 in
1236 1624 1385 1652 Arzerume
1395 1633 1456 1652 cum
1470 1626 1591 1661 reliquiis
1601 1627 1739 1655 exercitus
1752 1629 1801 1655 hac

988 1696 992 1698 ί
1014 1668 1103 1695 hieme
1117 1669 1249 1701 substitit,
1271 1671 1370 1705 majori
1394 1672 1511 1699 militum
1527 1677 1603 1706 parte
1620 1678 1730 1709 propter
1741 1682 1803 1710 ege-

980 2234 1001 2261 υ

1014 1719 1124 1747 statem,
1142 1716 1195 1744 luis
1222 1717 1388 1752 contagioste
1415 1718 1480 1750 vim,
1504 1724 1531 1745 et
1548 1719 1695 1748 imminens
1710 1722 1802 1749 hiber-

1016 1769 1080 1788 num
1094 1763 1189 1798 frigus,
1206 1762 1323 1797 dilapsa.
1345 1764 1512 1798 domumque
1524 1764 1693 1801 beglerbegis
1719 1769 1801 1794 etiam

1015 1807 1222 1839 reversis,cum
1255 1808 1323 1834 nihil
1348 1809 1375 1835 in
1407 1809 1513 1836 hostem
1542 1815 1614 1838 recte
1637 1812 1695 1846 geri
1724 1819 1803 1846 posse

1014 1861 1146 1881 CCI'IIL‘I‘CD
1152 1859 1158 1880 ι
1164 1873 1170 1880 1

1051 1900 1160 1927 Interim
1176 1900 1256 1927 Persa
1272 1899 1414 1934 Carmine,
1430 1909 1490 1936 quae
1515 1902 1600 1928 altera
1630 1903 1803 1938 peuitiorque

1016 1947 1120 1982 imperii
1137 1948 1197 1981 ejus
1207 1952 1249 1974 est
1265 1947 1350 1981 regia,
1367 1946 1523 1975 Tehrisium
1550 1955 1612 1975 cum
1632 1949 1718 1983 copiis
1736 1958 1802 1984 pro-

1015 1992 1157 2019 ﬁciscitllt‘.
1179 1992 1218 2019 lbi
1235 2000 1298 2019 cum
1316 1992 1349 2019 de
1369 1993 1501 2026 dispersis
1529 1993 1593 2021 hinc
1615 1993 1678 2021 inde
1705 1995 1801 2029 profu-

1015 2039 1109 2073 gisque
1134 2037 1231 2065 Turcis
1249 2039 1347 2065 certior
1365 2038 1454 2066 factus
1478 2038 1588 2072 fuisset,
1618 2039 1645 2067 in
1667 2040 1802 2069 hosticum

1016 2086 1162 2120 procurrit,
1181 2085 1341 2120 ingentique
1356 2086 1446 2120 praeda
1471 2090 1600 2120 ottustus,
1630 2088 1656 2114 in
1688 2088 1801 2116 hiberna

1015 2131 1130 2158 militem
1163 2137 1189 2158 et
1217 2133 1274 2164 ipse
1298 2131 1423 2159 dimittit.
1451 2131 1508 2159 Hac
1537 2133 1680 2161 Persarum
1705 2143 1802 2162 excur-

1016 2177 1093 2204 sione
1109 2177 1229 2211 cognita,
1258 2177 1360 2204 veritus
1384 2177 1516 2210 Murates,
1542 2186 1576 2206 ne
1592 2179 1677 2207 hostis
1691 2187 1801 2214 progre-

1016 2223 1126 2250 deri-tur
1143 2223 1274 2255 ulterius,
1306 2222 1439 2251 continuo
1463 2223 1611 2258 Mustaphae
1632 2233 1680 2259 per
1697 2225 1801 2252 litteras

1017 2269 1143 2304 imperat.
1159 2275 1188 2296 ut
1207 2269 1281 2297 omni
1297 2276 1358 2296 cum
1369 2270 1493 2296 exercitu
1507 2275 1594 2297 semet
1609 2271 1642 2298 ad
1655 2271 1800 2298 Persarum

1018 2315 1085 2341 lines
1099 2314 1346 2341 denuoconfcrret.
1375 2314 1399 2341 Is
1424 2322 1489 2342 vero
1508 2315 1575 2342 nihil
1603 2315 1698 2341 horum
1728 2316 1801 2347 fecit,

1017 2360 1090 2394 quod
1104 2360 1159 2395 jam
1176 2361 1209 2386 de
1228 2360 1377 2386 Persarum
1391 2360 1465 2387 abitu
1483 2367 1529 2394 per
1543 2361 1730 2394 exploratores
1762 2362 1803 2388 itt-

1022 2406 1169 2433 tellexisset
1183 2413 1190 2432 :
1205 2410 1231 2432 et
1245 2406 1391 2440 caeteroqui
1408 2406 1430 2432 si
1448 2406 1565 2432 maxime
1582 2406 1676 2441 copias
1696 2407 1722 2434 in
1750 2408 1784 2434 hu
1795 2422 1801 2427 -

1017 2456 1084 2480 stem
1103 2452 1202 2478 ducere
1219 2451 1359 2482 voluisSct,
1371 2451 1445 2478 .nihil
1459 2452 1591 2485 potuisset
1605 2452 1722 2483 allicere.
1737 2461 1802 2487 pro.

1017 2503 1075 2532 pter
1090 2498 1290 2525 contumaciam
1306 2497 1456 2529 exercitus,
1468 2497 1514 2531 qui
1535 2506 1646 2532 prorsus
1663 2499 1801 2526 dictonon

1016 2548 1075 2570 erat
1093 2543 1218 2570 audiens.
1244 2544 1300 2570 lino
1317 2544 1500 2571 consultatum
1530 2544 1676 2578 aliquando
1693 2549 1801 2571 constat

1017 2590 1043 2616 itt
1061 2590 1157 2618 castris
1176 2590 1209 2617 de
1221 2590 1345 2617 necando
1357 2590 1510 2624 Mustapha,
1528 2589 1607 2623 cuius
1632 2591 1658 2617 in
1673 2598 1734 2617 cum
1746 2590 1799 2618 odii

1016 2644 1106 2663 causae
1128 2636 1267 2670 inprimis
1286 2641 1365 2663 erant.
1382 2636 1555 2671 inexplebilis
1583 2636 1707 2671 quadam
1739 2644 1802 2662 ara-

1017 2682 1090 2714 ritia,
1109 2681 1261 2716 supinaque
1289 2681 1412 2708 socordia
1430 2681 1458 2708 in
1479 2681 1659 2716 procurandis
1687 2682 1803 2707 annonis

1017 2731 1044 2753 et
1058 2725 1119 2753 aliis
1137 2725 1253 2752 militum
1287 2726 1439 2753 commodis
1453 2735 1459 2752 :
1473 2726 1544 2753 unde
1571 2727 1673 2753 factum
1703 2725 1802 2758 fuerat,

1019 2778 1047 2799 ut
1065 2772 1170 2799 enectis
1190 2771 1261 2799 fame
1281 2777 1411 2807 pestequc
1441 2772 1582 2804 militibus,
1606 2777 1694 2799 castra
1723 2771 1804 2798 modo

1019 2827 1073 2846 non
1102 2819 1234 2845 exhausta
1265 2819 1501 2853 conspicerentur.
1534 2817 1588 2844 llas
1610 2818 1645 2845 ob
1668 2824 1765 2844 causas
1787 2824 1803 2842 ιι

1020 2865 1129 2893 sultano
1148 2864 1251 2892 Murate
1270 2869 1415 2892 revocatus
1433 2865 1467 2891 ad
1498 2864 1609 2891 Portam
1633 2864 1684 2891 fuit
1702 2863 1815 2899 Mttstaﬁ
