1962 3071
152 157 204 188 627

755 157 916 188 JOANNIS
937 157 1170 187 LEUNCLAVII

1725 153 1778 184 688

151 218 229 248 p'ttas.
240 217 266 240 et
284 213 310 240 iit
323 213 484 248 ejuslocum
496 212 627 240 suffectus
639 212 722 240 Sittan
736 213 827 247 bassa,
853 221 934 248 quem
951 217 972 245 Α
988 212 1132 240 severitate
1150 212 1182 238 de
1199 210 1328 238 omttibtts
1346 209 1496 245 Muslapltm
1509 209 1598 238 bassa:
1623 210 1701 238 lactis
1713 219 1780 239 exa-

151 267 233 294 supra
255 260 531 287 eotttmetnoravitttus
553 260 677 287 Gnletant
700 265 727 288 et
754 260 852 288 Africze
882 268 938 288 ma--

150 306 248 332 ritintze
261 306 319 332 sive
344 305 479 333 Berlin-ia:
504 306 704 340 possessionem
733 305 862 340 Hispanis
884 307 936 333 eri-

151 352 253 384 puisse.
271 349 332 377 Fuit
345 350 489 378 confestim
508 351 571 378 huic
596 351 773 386 imperatum,
802 357 830 378 ut
849 352 937 386 primo

151 405 213 424 vere
229 402 312 424 sumet
335 398 368 424 ad
384 399 583 432 expeditionem
614 399 764 430 Persicam,
797 398 878 425 rebus
903 399 937 425 ab

149 444 276 470 omnibus
290 444 398 478 egregie
415 449 525 478 paratus
539 448 566 470 et
593 444 755 476 instructus,
770 444 934 478 accingeret.

184 489 342 522 Mustaplms
356 490 456 516 itttet'f‘n
474 490 558 517 sctttel
569 497 651 525 atque
661 492 758 517 iterum
772 491 934 520 arcessimus.

147 537 181 560 de
198 535 284 568 signis
301 536 413 562 ιιιίιιὶιιιῡ
428 536 517 562 dubiis
532 536 600 563 iram
625 537 725 563 sultani
756 537 881 569 Mitratis,
910 542 936 564 et

149 581 254 612 odium,
283 589 316 607 ex
363 582 480 609 militum
508 583 657 615 delatione,
692 583 935 618 deprehendebat:

147 627 293 654 accedente
319 628 470 662 praesertim
491 629 667 659 conscientia
684 637 789 662 morsu,
818 638 848 656 ex
880 630 937 657 olli-

147 674 198 699 eiis
216 672 243 699 iit
272 674 394 700 exercitu
423 675 537 708 pecunia
566 675 693 708 venditis,
710 676 825 711 aliisque
844 677 937 704 crimi-

148 720 239 747 tttbns.
253 721 356 754 Quippe
377 725 451 748 tanta
467 722 588 756 supremi
603 723 673 756 apud
687 722 791 750 Tureos
819 724 934 750 militum

147 766 235 798 ducis,
252 766 300 801 qui
324 766 373 794 Ser
403 766 483 794 asker
519 767 589 802 apud
608 769 683 802 ipsos
702 768 811 801 dicitur,
842 772 937 795 aucto-

149 811 216 837 ritas
230 816 256 837 et
272 816 392 846 potestas
408 817 460 845 est,
478 817 506 839 ut
519 820 572 840 non
590 813 680 840 solum
696 813 785 840 oflicia
810 813 935 840 militaria

149 857 254 884 minora
271 859 429 893 majoraque
440 866 490 893 pro
505 859 621 886 arbitrio
641 859 783 894 lnbituqne
803 867 854 887 suo
867 868 933 887 con-

149 904 233 936 ferre,
249 912 344 931 verum
365 905 447 932 etiam
472 905 560 933 Pot-ue
583 906 689 934 vczires
718 913 812 933 creare
829 906 932 941 possit;

148 950 377 983 quemadmodum
409 958 435 978 et
467 958 549 985 supta
569 951 752 984 narravimus,
787 951 933 978 Osmanent

149 998 255 1022 nassam
275 995 310 1022 ab
325 996 377 1022 ltoe
395 996 454 1030 ipso
473 995 616 1030 Mustaplta
634 1005 792 1032 supremam
811 998 844 1025 ad
861 997 935 1024 illam

148 1041 307 1075 dignitatem
326 1043 377 1069 ltoc
389 1047 486 1070 evectu
499 1053 513 1069 ιι
531 1044 604 1071 bello
621 1043 717 1071 fuisse.

183 1086 251 1113 Cum
265 1087 347 1122 igitur
362 1088 397 1115 oh
424 1090 506 1116 hasce
533 1097 632 1116 causas
655 1095 798 1117 vereretur
823 1090 935 1118 insidias

148 1133 199 1159 sbi
216 1134 295 1164 strui,
313 1134 457 1168 diligenter
471 1143 504 1161 ac
519 1141 625 1162 mature
653 1137 704 1163 sibi
725 1136 852 1164 cavebat.
875 1135 936 1163 Mit-

150 1180 353 1207 titurincastra
371 1180 487 1215 denique
513 1181 592 1216 jussu
618 1181 732 1210 Muralis
758 1183 936 1217 Capizilario-

150 1236 209 1254 rttttt
229 1227 351 1259 liittaias.
367 1227 413 1261 qui
437 1227 588 1260 ianitorum
618 1228 764 1262 praefectus
789 1233 842 1261 est,
872 1236 935 1256 cum

149 1275 210 1302 aliis
225 1274 380 1308 quindecim
398 1274 565 1308 capizilariis
579 1274 638 1302 sive
664 1275 842 1309 janitoribtts.
866 1276 936 1302 Huic

148 1330 163 1346 a
191 1322 300 1348 sultatto
332 1321 436 1347 Murate
459 1321 575 1347 diversat
601 1323 673 1348 data:
701 1321 809 1348 inerant
839 1322 936 1349 littera

148 1366 206 1392 sive
223 1365 360 1396 mandata,
378 1365 478 1399 quibus
504 1366 537 1392 ad
563 1366 766 1400 expedittndum
796 1367 935 1401 negotium

149 1411 199 1438 sibi
218 1411 409 1442 centtttissunt,
427 1415 509 1445 prout
525 1411 610 1438 ferret
638 1412 760 1444 occasio,
789 1413 936 1447 prudenter

149 1461 283 1483 uteretur.
300 1455 364 1484 Una:
381 1456 422 1483 sic
438 1461 517 1483 erant
533 1457 654 1490 scripta),
672 1462 701 1484 ut
716 1456 768 1491 ipsi
785 1457 936 1492 Mustapltte

149 1509 199 1536 per
225 1503 399 1529 occasionem
420 1501 490 1528 hanc
517 1502 714 1538 strangulando
742 1503 932 1531 redderentur.

149 1549 248 1576 Alte-rw
280 1548 381 1575 sultani
411 1548 569 1575 mandatum
597 1549 784 1582 continebant,
820 1555 970 1589 neiquac

150 1594 243 1622 missis
255 1594 289 1620 ab
302 1601 332 1621 se
348 1593 504 1620 hominibus
519 1593 594 1621 lti$ce
613 1595 653 1620 vis
680 1594 836 1628 inferretur,
868 1604 935 1630 quo-

150 1641 242 1666 minus
255 1640 292 1670 id.
311 1639 383 1674 quod
399 1639 465 1673 ipsis
480 1640 514 1666 ab
528 1647 558 1667 se
577 1639 731 1674 ittjuttclum
751 1646 833 1674 esset,
854 1642 935 1677 372

148 1690 378 1720 exsequerentur.
399 1684 497 1712 Tertia:
513 1685 650 1712 diversam
668 1686 702 1712 ab
718 1687 840 1722 utrisque
872 1696 934 1715 scn-

149 1732 273 1762 tcntiam,
296 1732 334 1759 uti
351 1731 432 1766 paulo
448 1737 511 1766 post
540 1733 692 1767 apparebit,
717 1735 935 1768 complectebatu-

149 1785 204 1804 tur.
223 1777 305 1804 Erant
323 1784 412 1805 castra
431 1777 581 1812 Ilustapbae
597 1780 742 1813 tripertita.
762 1780 821 1812 Quo
834 1780 934 1808 laetum

150 1830 190 1856 ut,
202 1823 246 1850 ulti
263 1823 375 1850 Ktltaias
393 1824 418 1850 iit
432 1828 520 1850 castra
537 1824 665 1855 venisset,
681 1827 714 1852 ab
727 1826 787 1852 nnis
803 1826 836 1852 ad
851 1827 934 1854 altera

149 1869 284 1903 tertiaque
309 1869 426 1896 vicissim
460 1869 665 1903 perduceretur,
696 1878 744 1898 nec
775 1871 872 1898 tamen
908 1873 934 1900 in

150 1915 298 1949 Σιιιιδιίιιιιιω
314 1915 403 1941 basim:
422 1919 610 1949 (Ollspccltllll,
641 1916 730 1944 ratias
748 1917 808 1951 ipso
837 1925 935 1946 causas

150 1965 324 1996 pra-tetentc,
343 1960 545 1988 admitteretur.
562 1960 684 1989 Tandem
710 1970 770 1988 eum
785 1962 935 1997 Muslapltte

149 2008 315 2042 colloquium
339 2007 412 2034 serio
443 2011 578 2042 posceret,
606 2008 724 2042 quodam
754 2016 769 2035 a
793 2009 934 2045 Mttstaplta

149 2055 287 2088 descripto
316 2052 431 2086 circulo,
461 2053 532 2080 intra
551 2060 631 2088 quem
655 2054 756 2081 nemini
781 2055 876 2082 liceret
900 2056 933 2083 ad

149 2101 237 2134 ipsuttt
256 2098 386 2125 accedere
405 2097 530 2132 propitts,
555 2105 588 2124 ex
606 2099 747 2126 intervallo
766 2098 818 2126 fuit
835 2100 935 2128 admis-

150 2155 208 2178 sus,
227 2146 368 2180 dispositis
384 2145 504 2179 undique
519 2144 685 2172 satellitibus
701 2146 814 2173 armatis
828 2153 835 2171 :
861 2147 933 2180 qttod

149 2192 244 2227 procul
259 2191 342 2219 dttbio
357 2191 505 2228 suboleret,
535 2189 666 2224 quidnam
692 2198 724 2218 ea
755 2191 808 2218 sibi
833 2191 932 2226 legatio

150 2239 241 2266 vellet.
259 2239 295 2264 Ex
311 2237 396 2264 altera
422 2242 498 2271 parte
514 2236 733 2271 capizilariorum
764 2237 878 2265 Kihaias
905 2244 932 2266 et
949 2231 969 2258 θ

151 2286 209 2319 ipse
223 2283 373 2318 Mustapba:
386 2287 502 2310 mentem
518 2282 750 2315 attimadvertens,
776 2283 933 2311 mandatum

150 2332 258 2359 tertium
279 2330 392 2364 profert,
418 2337 472 2364 quo
499 2329 668 2356 nischttnzitn
694 2329 863 2364 Mustapbae,
887 2332 934 2366 qui

149 2383 243 2404 nostro
262 2376 395 2403 vocabulo
407 2375 588 2402 caneellarios
599 2381 650 2406 est,
662 2383 693 2402 ac
706 2376 934 2410 depltterdarum,

148 2423 345 2458 quirationalis
364 2426 391 2449 cl
405 2426 534 2456 (limatur,
556 2422 664 2448 ttotttiite
684 2422 784 2448 sultani
819 2421 934 2448 Muralis

149 2471 201 2496 sibi
221 2469 281 2496 dedi
297 2469 461 2503 p0stulabat.
475 2468 512 2496 lbi
537 2473 593 2494 tttttt
613 2469 728 2494 mirifice
761 2470 934 2503 tergiversari

150 2516 316 2550 Mustapltas,
344 2520 372 2542 et
403 2515 574 2542 Cretensium
601 2514 674 2548 (qua:
701 2517 810 2549 vocant)
837 2516 935 2550 effugia

150 2569 282 2596 qua-rere.
293 2559 346 2588 Sed
359 2568 421 2588 eum
449 2560 550 2587 acriter
581 2566 734 2594 urgeretur,
762 2566 789 2588 ct
814 2561 886 2588 aliud
907 2562 934 2587 itt

150 2610 202 2635 ltoc
219 2607 456 2643 tentpnrettulluttt
474 2606 537 2633 huic
555 2606 592 2634 rei
612 2606 762 2634 remedium
790 2608 935 2638 inveniret,

150 2656 199 2681 hac
216 2653 373 2680 conditione
386 2651 541 2679 dediturum
554 2660 584 2679 se
601 2661 667 2680 suos
690 2653 836 2687 promittit,
863 2654 885 2679 si
903 2653 936 2680 de

150 2699 344 2734 ipsorumv‘ttm
364 2697 551 2725 incolumitate
580 2704 732 2726 caveretur.
758 2700 816 2731 Qua
841 2700 935 2726 condi-

151 2751 224 2772 ttotto
243 2745 372 2774 admissa.
389 2744 473 2770 dediti
493 2749 519 2770 ct
538 2744 803 2779 Constantinopolim
827 2746 935 2771 abducti

150 2792 260 2818 fuerunt
274 2791 366 2823 ambo,
382 2796 410 2817 et
425 2791 450 2817 in
463 2789 615 2818 Jatliculam
628 2791 685 2819 sive
698 2799 801 2825 septem
817 2793 935 2819 turrium

149 2844 254 2868 arcem,
270 2837 296 2863 in
309 2845 361 2871 qna
374 2837 471 2863 sult.tni
486 2835 720 2864 Musuhuanorum
745 2837 867 2864 thesauri
893 2844 936 2863 rc—

152 2882 341 2914 condis‘olt-nt,
355 2882 473 2909 inclusi:
493 2882 564 2909 velut
589 2883 688 2909 ibidem
714 2883 844 2917 singulari
874 2890 934 2908 cum

990 259 1124 286 minandi.

1025 304 1184 339 Mustapltas
1196 304 1315 339 dettiqtte
1328 303 1596 338 Constantinopolim
1606 303 1622 330 9
1636 303 1680 332 die
1702 312 1779 331 men—

989 350 1027 377 sis
1041 340 1305 385 Aprilisiiigressus,
1332 357 1405 376 attno
1435 349 1496 381 987,
1522 349 1628 384 placato
1655 350 1780 376 nonnihil

989 397 1098 424 sultatto
1115 397 1228 428 lilurate,
1241 397 1270 423 si.
1285 405 1338 423 non
1352 404 1383 423 ex
1410 396 1514 428 animo,
1533 396 1629 423 saltent
1663 404 1711 430 per
1743 397 1780 422 si-

989 444 1167 470 mulationem
1181 463 1189 474 ,
1208 451 1272 483 suo;
1291 442 1351 470 illos
1375 442 1511 474 homines,
1542 442 1714 469 ttiScbanzim
1749 450 1780 470 ac

988 490 1214 524 dephterdarum,
1243 489 1366 516 custodia
1398 489 1505 518 liberat.
1540 490 1577 516 Ac
1605 490 1779 516 licrtacott-

990 541 1085 570 specttt
1102 541 1129 564 et
1143 530 1281 571 colloquio
1296 537 1397 563 sultani
1414 535 1529 563 Muralis
1549 540 1701 567 arceretur,
1718 541 1779 562 tan-

987 581 1048 608 dem
1068 586 1159 609 tamen
1176 582 1295 617 aliqttattt
1326 582 1518 616 largitionibus
1545 581 1698 613 immensis,
1719 589 1780 615 qua:

989 627 1056 654 nihil
1074 636 1126 655 non
1144 628 1216 663 apud
1229 628 1364 655 Barbaros
1379 627 1489 655 efﬁcere
1507 632 1634 662 possunt,
1661 628 1777 662 gratiam

988 674 1111 701 redemit.

1024 720 1053 746 In
1068 719 1127 754 ejus
1143 720 1232 747 locum
1245 719 1365 746 diximus
1382 719 1526 747 srrifeclttm
1539 719 1626 747 luisse
1648 719 1777 746 Sittanem

987 767 1105 793 bassatu.
1123 765 1171 792 llic
1189 766 1262 793 enim
1293 765 1379 800 prius,
1411 773 1493 800 quatit
1524 767 1726 795 vezirazi-ntes.
1753 770 1779 791 et

987 819 1132 846 supremus
1161 811 1231 839 bello
1248 812 1358 838 Persico
1390 812 1510 846 gerendo
1526 811 1591 841 dux,
1626 819 1642 838 a
1671 810 1777 837 Murale

988 858 1141 885 declaratus
1158 857 1264 888 fuisset.
1290 858 1399 892 quoties
1418 857 1451 884 ad
1477 857 1585 884 Portam
1617 865 1708 884 rerum
1735 857 1775 883 itt-

988 903 1103 931 ieliciter
1119 904 1253 931 alversns
1262 903 1360 930 Persas
1376 908 1514 938 gestarant
1532 903 1619 930 nuntii
1640 903 1777 936 venirent,

987 949 1110 978 Sinoniis
1125 950 1230 978 artibus
1245 955 1336 982 utens,
1361 957 1408 983 per
1428 957 1565 977 summam
1593 949 1775 983 arrogantiam

986 996 1110 1024 dictitare
1125 996 1229 1023 solt-bat
1260 1004 1300 1028 se,
1315 996 1337 1022 si
1357 995 1418 1022 belli
1435 995 1489 1022 dux
1514 995 1682 1029 amplissima
1712 1003 1774 1022 cum

987 1043 1331 1077 potestatedesignaretur,
1347 1048 1551 1077 penetraturum
1583 1043 1624 1069 vel
1648 1043 1682 1069 ad
1712 1043 1775 1069 inti-

987 1089 1163 1115 tttatnscaelti
1191 1088 1291 1115 l’crsiti
1318 1089 1419 1122 regiam
1453 1088 1632 1119 Casminitm,
1659 1088 1776 1122 indeque

986 1141 1076 1169 regem
1089 1127 1179 1161 vivum
1196 1135 1222 1161 in
1238 1138 1400 1168 potestatem
1433 1134 1571 1161 redactum
1598 1134 1705 1160 sullatto
1722 1141 1774 1162 suo

986 1179 1144 1207 missurum.
1160 1179 1193 1205 Hi
1221 1179 1330 1207 Sinanis
1349 1180 1437 1206 bnssaa
1465 1187 1607 1206 sermones
1630 1187 1692 1206 cum
1718 1180 1774 1206 sul-

987 1227 1042 1253 tani
1054 1225 1167 1253 Muralis
1183 1225 1215 1252 ad
1229 1233 1310 1253 aures
1335 1226 1542 1260 pm‘vcnisscnl.
1569 1226 1637 1252 adeo
1666 1225 1774 1259 placue-

986 1277 1059 1304 runt,
1091 1277 1120 1299 ut
1145 1279 1207 1300 eum
1225 1273 1353 1300 sultanus
1379 1279 1478 1306 parare
1502 1279 1532 1299 se
1560 1272 1681 1305 jttberet,
1700 1272 1773 1306 quod

987 1318 1202 1351 l‘utttrumesset,
1237 1319 1273 1345 uti
1309 1326 1418 1345 summo
1449 1326 1512 1346 cum
1543 1318 1657 1352 imperio
1678 1322 1773 1346 contra

984 1362 1082 1391 Persas
1096 1365 1259 1392 mitteretur.
1277 1365 1360 1391 Sinan
1374 1364 1426 1392 hoc
1441 1372 1495 1392 non
1527 1369 1684 1396 contentus.
1714 1369 1775 1392 tan-

986 1415 1043 1437 tum
1054 1410 1162 1438 eflicere
1176 1417 1307 1446 praeterea
1321 1412 1437 1439 Sullana:
1459 1413 1701 1439 commendatione
1724 1420 1773 1447 po-

985 1456 1048 1489 tnit,
1067 1461 1096 1483 ut
1127 1456 1245 1484 llurales
1276 1458 1389 1489 diceret,
1410 1458 1546 1492 siqnidetn
1574 1463 1716 1493 praestaret
1747 1459 1773 1485 id

985 1503 1057 1536 quod
1088 1503 1167 1530 toties
1193 1510 1223 1530 se
1257 1503 1443 1534 priestiturnm
1475 1505 1634 1538 recepisset,
1661 1505 1774 1532 outnino

987 1549 1068 1575 etiam
1087 1556 1117 1576 se
1135 1549 1296 1582 dignitatem
1313 1550 1338 1576 ei
1366 1550 1464 1577 veziris
1493 1543 1608 1582 azimtis,
1640 1551 1691 1578 ltoe
1720 1555 1774 1584 est,

988 1594 1109 1628 supremi
1129 1595 1281 1622 consiliarii
1297 1594 1396 1627 Porta,
1409 1603 1617 1624 concessurum.

1022 1639 1203 1674 Posteaquam
1237 1647 1303 1675 ergo
1331 1641 1595 1676 Constantinopolim
1616 1642 1775 1677 Mustaplas

986 1685 1137 1720 appulissa
1151 1686 1195 1713 die
1209 1685 1225 1712 9
1255 1687 1358 1714 mensis
1386 1687 1487 1721 Aprilis
1501 1706 1509 1719 ,
1543 1688 1581 1715 uti
1603 1687 1706 1715 dictum
1731 1694 1774 1715 est

986 1739 1081 1766 supra,
1107 1731 1192 1758 Sinan
1212 1731 1309 1759 eodettt
1330 1732 1420 1760 adhuc
1435 1740 1528 1760 mense
1559 1739 1654 1761 contra
1676 1733 1775 1762 Persas

985 1777 1026 1804 ire
1054 1778 1150 1811 jussus
1181 1777 1242 1805 init.
1270 1777 1368 1806 Nullus
1404 1777 1430 1805 id
1459 1779 1591 1813 temporis
1620 1780 1772 1808 Osntatticat

985 1824 1072 1851 Porta:
1088 1824 1268 1851 vezirazemes
1283 1829 1353 1858 erat,
1383 1824 1522 1852 exstincto
1535 1825 1665 1852 nimirum
1698 1827 1771 1854 Aeli-

986 1875 1057 1896 ntete
1075 1870 1165 1901 bassa,
1189 1870 1235 1904 qui
1250 1870 1344 1897 occiso
1361 1870 1435 1897 domi
1454 1878 1511 1898 sum
1528 1878 1542 1896 a
1555 1871 1677 1899 det-visio
1702 1880 1773 1906 quo-

985 1914 1047 1941 dam
1061 1914 1222 1943 lileebemeti
1235 1915 1332 1949 bassze,
1346 1917 1577 1951 quemadmodum
1603 1921 1682 1944 antea
1708 1926 1772 1945 nar—

985 1955 1135 1991 ravintus.'
1152 1966 1343 1995 successerat,
1374 1962 1525 1997 paucisque
1551 1964 1690 1990 mensibus
1723 1964 1773 1991 hoc

986 2005 1074 2033 fuerat
1091 2005 1184 2033 officio
1204 2006 1328 2034 functus.
1358 2006 1506 2036 Vaeantetn
1543 2009 1771 2036 vezirazematuttt

985 2051 1142 2085 lilnstapbas
1170 2053 1250 2080 bassa
1279 2061 1333 2080 non
1361 2058 1465 2080 tantum
1490 2054 1642 2087 ambiebat,
1678 2063 1771 2082 verum

984 2098 1065 2124 etiam
1084 2105 1131 2132 spe
1150 2106 1233 2133 prope
1250 2105 1323 2126 certa
1339 2099 1389 2126 sibi
1421 2099 1602 2133 pollicebatur
1621 2109 1628 2127 :
1660 2101 1769 2134 partim,

984 2144 1056 2178 quod
1069 2144 1141 2172 ittter
1154 2146 1258 2174 vczires
1269 2146 1364 2173 ordine
1379 2146 1520 2180 proximus
1537 2151 1612 2174 esset
1640 2147 1675 2174 ab
1700 2147 1772 2174 Ach-

986 2195 1056 2217 mete
1086 2191 1165 2219 liassa
1190 2192 1367 2222 vezirazeme.
1393 2200 1480 2226 nuper
1510 2198 1635 2224 mortuo;
1660 2194 1772 2227 partim,

985 2239 1056 2271 quod
1083 2238 1171 2266 (elatis
1206 2243 1278 2266 esset
1308 2239 1501 2273 provectioris.
1535 2239 1773 2273 humanarumque

986 2285 1089 2318 pariter
1118 2292 1150 2311 at:
1179 2285 1337 2312 bellicarum
1365 2293 1456 2312 rerum
1489 2286 1638 2312 maximum
1661 2286 1773 2313 ltabewt

987 2338 1078 2356 nsunt.
1097 2330 1149 2356 Sed
1162 2331 1212 2356 ista
1225 2338 1288 2364 spes
1302 2330 1437 2357 hominem
1455 2331 1534 2364 plane
1548 2330 1773 2366 fcfellit.Quippe

987 2377 1110 2403 snltattus
1140 2376 1257 2403 Muralis
1292 2375 1386 2403 Sittatti
1413 2378 1499 2403 bassw
1535 2377 1772 2411 Constantinopoli

987 2425 1154 2456 prolct-tttru,
1173 2430 1220 2456 prr
1245 2422 1472 2456 (Iapizilariorum
1507 2421 1631 2449 Kihaiant
1652 2423 1772 2456 sigitllzttt

987 2476 1066 2494 suum
1077 2468 1225 2502 imperiale,
1241 2475 1303 2494 cum
1318 2467 1450 2502 dignitate
1463 2468 1561 2495 velitis
1576 2468 1678 2494 azentis
1692 2487 1699 2498 .
1722 2476 1772 2502 μυ

987 2521 1062 2541 more
1074 2514 1159 2541 misit.
1754 2508 1757 2509 ν

1022 2560 1142 2587 Discedit
1170 2567 1236 2594 ergo
1269 2559 1352 2587 Sinan
1382 2559 1416 2587 ab
1445 2560 1512 2587 utbe
1541 2560 1575 2587 25
1597 2560 1641 2587 die
1671 2561 1774 2588 mensis

987 2608 1098 2642 Aprilis,
1133 2615 1196 2633 cum
1223 2606 1335 2634 Muralis
1373 2615 1482 2634 manum
1510 2607 1672 2638 osculatus,
1700 2607 1773 2640 quod

988 2654 1170 2680 valedicenlcs
1197 2653 1287 2681 facere
1309 2652 1418 2685 solent,
1439 2652 1552 2679 acinace
1580 2653 1671 2686 magni
1694 2652 1776 2686 pretii

988 2699 1095 2725 cinctus
1121 2699 1155 2725 ab
1184 2707 1217 2725 co
1250 2699 1363 2731 fuisset,
1400 2698 1583 2732 vexillutttque
1613 2697 1773 2732 praetorium

988 2753 1048 2771 cum
1060 2752 1132 2779 equo
1146 2753 1280 2779 generoso
1293 2746 1453 2780 accepisset.
1468 2745 1506 2771 Ad
1524 2752 1586 2772 eum
1602 2752 1635 2771 ex
1648 2743 1773 2770 Attatolia

989 2796 1043 2818 tota
1077 2799 1180 2825 passuri
1215 2791 1371 2818 confluxere
1400 2790 1516 2818 militent
1540 2790 1645 2824 copim,
1673 2789 1774 2817 Tataro

988 2844 1095 2870 quoque
1112 2844 1180 2863 nova
1197 2837 1320 2864 subsidia
1345 2841 1469 2872 parante.

1024 2882 1186 2918 Quanquam
1201 2891 1264 2910 vero
1282 2883 1378 2911 melius
1393 2883 1585 2911 administrare
1596 2883 1695 2910 bellum
1721 2881 1774 2909 hoc
