1962 3071
155 162 208 194 689

709 164 897 194 SUI'PLEM.
921 163 1055 193 ANNLI.
1075 163 1222 194 'll‘litTiC.

1727 158 1779 188 660

156 226 282 260 cupiebat
305 227 390 253 Sinan
409 227 501 256 bassa.
518 233 600 260 quam
633 226 736 253 factum
755 234 769 252 a
798 225 938 260 Mustapha
956 223 1068 252 Aexna
1089 226 1233 251 Sit-vanum
1265 223 1352 257 posita
1382 222 1439 248 inca
1474 221 1665 253 m-ritoriuquo
1690 219 1777 244 relin—

157 272 264 306 fuisset,
303 276 392 299 tamen
417 277 528 306 propter
551 273 757 306 absumptorum
781 271 869 298 inedia
893 279 940 306 pe-

157 321 253 352 steque
270 319 384 345 militum
403 319 577 352 paucitatem,
592 317 658 344 nihil
672 317 819 344 admodum
834 324 939 343 memo-

158 364 196 390 ria
214 365 323 398 dignum
344 364 454 390 efﬁcere
474 365 571 398 putuit,
589 364 638 390 uisi
658 364 728 396 quod
754 364 780 390 in
808 363 939 397 Georgia-

159 418 255 436 norum
279 410 411 438 limitibus
435 411 505 437 dnus
536 411 721 445 hcgicrbegos,
748 418 808 437 cum
834 410 941 437 duobus

157 455 362 489 dcphtcrdaris,
396 457 546 486 constituit,
576 457 678 483 alteros
707 457 740 483 ad
764 456 941 488 Sochuntam,

156 503 258 530 alteros
282 503 315 529 ad
339 503 476 529 Batiuum.
499 501 536 528 Ea
568 503 709 529 civitatum
737 503 764 529 in
782 502 815 529 iis
843 503 943 530 finibus

157 548 266 575 nomina
280 554 355 576 sunt.
372 549 582 583 Beglerbcgatus
596 554 685 575 tamen
705 549 743 576 illi
760 557 812 576 nou
842 557 942 582 magno

157 593 308 620 mstimandi
331 594 457 621 veniunt.
487 593 581 621 Plures
610 595 737 621 nimirum
770 596 795 621 in
818 595 850 621 iis
876 595 944 621 locis

158 639 306 666 limitaneis
322 640 526 673 bcglerlmgzttus
549 640 664 667 instituti
681 640 767 671 fuere,
783 649 862 675 qualn
882 648 944 668 san-

158 685 291 719 giacatus.
315 685 387 712 Idem
407 686 489 713 Siuan
517 687 607 718 bassa,
638 694 700 713 eum
726 688 873 721 aliquando
903 695 944 714 rev

157 732 264 766 giouem
289 731 502 766 Curggiurirum,
524 733 548 759 id
580 738 622 759 cst
645 732 873 768 Gcorgianorum,
903 734 945 760 iu-

157 785 302 809 gt‘CSSlll‘llS
313 783 396 808 ῡςςρι,
412 786 523 811 gravem
556 787 669 805 suorum
685 779 789 806 (‘L'Idt'm
815 785 943 814 expertus

158 822 220 854 fuit,
236 822 328 849 multis
346 823 445 850 ibidem
464 824 597 850 machinis
610 825 690 851 etiam
707 825 812 852 bellicis
830 825 943 852 reliclit.

158 867 190 895 Et
205 869 257 895 alio
272 874 404 904 tempore,
424 877 485 896 cum
500 871 673 905 'riphlishnn,
688 872 760 906 quod
773 873 806 898 ab
820 872 944 899 hostibus

158 914 345 948 obsidebatur,
361 916 506 944 auxiliares
527 918 620 951 copias
638 923 718 952 atque
731 918 862 952 pecunias
877 918 939 945 mit-

161 965 240 994 teret,
261 966 336 989 tanto
349 970 410 989 eum
435 962 538 997 impetu
566 971 580 990 a
610 963 700 991 Persis
729 968 756 991 et
782 964 942 996 Guorgianis

159 1006 272 1034 iuwsus
289 1007 340 1034 fuit
362 1008 447 1042 ipsius
474 1009 620 1041 exercitus,
653 1015 678 1036 ut
709 1011 837 1038 omnibus
863 1012 943 1038 rebus

159 1054 278 1086 amissis,
294 1061 376 1088 prope
394 1055 485 1082 nullus
499 1062 531 1082 ex
547 1056 587 1082 cis
617 1056 708 1083 salvus
735 1059 767 1082 ad
784 1062 872 1083 castra
899 1058 943 1084 Si-

160 1100 238 1125 uanis
252 1105 445 1127 reverteretur.
469 1100 528 1134 Quo
559 1101 670 1131 factum.
703 1107 731 1129 ut
750 1103 819 1130 intra
839 1103 944 1138 Tiphli-

158 1145 228 1171 sium
245 1145 346 1173 obsessi
360 1145 442 1172 Turci
461 1147 518 1173 dira
550 1147 634 1178 fame,
668 1148 782 1182 gustatis
798 1149 878 1176 etiam
897 1158 942 1176 ca-

159 1199 223 1218 uum
240 1192 412 1226 muriamque
429 1193 569 1225 carnibus,
587 1195 834 1229 exstiug‘uercntur.

194 1238 274 1273 373
289 1239 335 1265 Die
346 1244 444 1273 quarto
457 1240 558 1267 mensis
573 1241 699 1275 Augusti,
711 1248 783 1267 anno
798 1241 850 1268 9S7
864 1241 941 1277 (Chr.

160 1283 250 1317 1580),
269 1283 536 1321 Constantinopolim
563 1287 665 1314 venita
703 1288 806 1314 scacho
833 1288 943 1315 Persico

158 1329 258 1357 uissus
272 1335 373 1363 orator,
392 1331 523 1359 Maxudes
539 1333 621 1366 ehan,
637 1333 683 1367 qui
696 1333 766 1368 regis
778 1334 820 1360 sui
834 1335 943 1361 nomine

159 1375 268 1402 sultano
284 1375 380 1402 Murali
409 1378 604 1411 componendis
631 1380 706 1412 pacis
732 1383 828 1406 auctor
857 1385 941 1407 esset.

158 1419 300 1455 Magniﬁce
320 1429 335 1448 a
352 1421 494 1456 Mustapha
508 1423 586 1450 bassa
602 1429 628 1451 et
644 1424 704 1451 aliis
718 1423 806 1452 Porta:
821 1426 943 1460 proceri-

159 1465 211 1493 bus
222 1474 354 1501 exceptus
369 1467 428 1495 fuit.

196 1512 320 1548 Ejusdem
341 1511 443 1541 mensis
463 1514 507 1542 die
528 1521 606 1543 sexto
638 1517 754 1544 moritur
786 1517 943 1552 lilustaphas

980 276 1116 305 ‘qnt-rcnt.
1129 271 1228 305 quibus
1250 270 1300 296 hoc
1313 269 1385 295 bello
1399 268 1487 295 calces
1505 267 1552 300 (ita
1572 267 1643 299 loqtti
1675 266 1777 292 scienti

993 325 1082 352 cquus
1098 317 1246 351 liiustaphue
1262 316 1350 343 bassm
1374 323 1436 342 suas
1454 314 1651 347 impr-cessisset.
1670 313 1696 339 Ιι1
1716 321 1778 337 ιρι-ιι

993 358 1133 398 nunquam
1152 363 1249 389 facturi
1284 363 1410 389 videntur
1441 361 1542 390 Pcrszc.
1569 360 1614 393 qui
1643 360 1693 386 hac.
1722 359 1778 391 lege

993 411 1154 438 dicuntillis
1171 418 1199 437 se
1228 410 1296 436 loris
1325 417 1455 436 cessuros
1478 408 1632 435 Osmauiczr
1657 406 1776 434 familim.

993 458 1125 492 siquidem
1142 465 1172 484 ea
1184 456 1266 483 Turci
1285 462 1338 482 tam
1353 456 1437 482 armis
1451 456 1477 482 in
1511 459 1670 488 potes'atcm
1705 454 1778 479 rcdi-

994 512 1066 536 gc-c,
1084 511 1163 538 quam
1181 503 1269 538 gladio
1290 503 1359 529 tueri
1377 509 1408 528 ac
1422 501 1540 529 retinere
1558 501 1674 534 possint.
1702 500 1775 525 Prm—

995 555 1035 577 ter
1051 550 1129 576 hanc.
1146 549 1246 576 nullam
1260 556 1288 576 se
1301 549 1376 583 pacis
1400 548 1480 575 aliam
1494 548 1579 581 legem
1596 546 1776 573 admissurus.

995 595 1140 629 aliquoties
1156 602 1283 628 expresse
1298 594 1507 620 denuntiarunt.
1533 593 1667 620 Czctcrum
1683 593 1777 618 Mum-

995 640 1043 667 drs
1060 639 1103 666 ille
1118 639 1186 666 cban
1203 639 1338 673 legatione
1354 646 1402 665 sua
1431 637 1587 667 defunctus.
1601 641 1627 663 ct
1641 637 1673 663 ad
1705 636 1777 669 prin-

995 685 1080 720 cipem
1097 693 1176 712 suum
1192 693 1330 717 reversus,
1346 685 1486 719 aliquanto
1505 689 1567 718 post
1581 683 1777 718 pcrduclliouis

996 732 1100 759 crimen
1116 732 1241 764 incurrit,
1260 736 1289 758 et
1309 732 1375 758 hero
1396 738 1446 757 suo
1462 731 1579 762 deserto,
1606 730 1718 756 Muralis
1750 738 1779 757 se

996 778 1055 805 ﬁdei
1073 778 1205 812 permisit,
1224 777 1422 811 Ferhatemquc
1452 777 1562 804 hassam
1593 776 1722 810 deinceps
1743 777 1775 803 ad

997 823 1096 850 bellum
1124 823 1262 850 Persicum
1286 823 1502 858 proﬁciscentem
1532 828 1643 849 secutus
1664 827 1716 853 est,
1748 826 1776 848 ut

998 868 1115 902 aliquem
1134 867 1256 895 nancisci
1283 868 1469 902 sangiacatum
1485 868 1510 894 in
1534 867 1588 895 illis
1602 867 1701 894 ﬁnibus
1714 874 1776 902 pos-

995 920 1045 941 set.

1031 963 1109 990 Anno
1124 963 1175 990 988
1186 963 1262 997 (Chr.
1275 963 1366 997 iSSl),
1382 963 1454 990 ‘nihil
1471 963 1525 990 fere
1541 965 1647 997 gestum
1674 968 1779 988 memo-

996 1010 1092 1040 rabile.
1110 1015 1222 1045 propter
1235 1015 1383 1038 extremam
1399 1011 1426 1038 iu
1457 1010 1593 1037 limitibus
1619 1013 1646 1036 ct
1678 1008 1778 1036 castris

995 1055 1135 1090 inopiam;
1150 1057 1216 1091 ipsis
1229 1058 1309 1085 etiam
1325 1057 1457 1084 militibus
1473 1057 1506 1084 ab
1522 1057 1573 1083 hoc
1584 1056 1653 1083 bello
1665 1063 1778 1090 prorsus

995 1102 1101 1134 alienis,
1122 1107 1147 1129 et
1161 1110 1326 1137 quacunque
1350 1103 1455 1130 ratione
1482 1106 1642 1136 possent,sc
1672 1101 1777 1129 subdu-

994 1149 1133 1178 ceutibus.
1149 1148 1235 1176 Sinan
1252 1157 1361 1184 quoque
1380 1150 1459 1176 [nassa
1474 1149 1536 1176 belli
1548 1152 1691 1183 pertzcsus.
1702 1147 1775 1182 quod

995 1195 1071 1222 nullo
1089 1201 1150 1222 cum
1165 1195 1254 1222 fructu
1266 1199 1418 1230 gereretur,
1452 1199 1478 1221 et
1502 1195 1593 1227 redire
1620 1194 1778 1222 Constanti-

995 1241 1116 1275 nopolim
1143 1241 1268 1276 cupiens,
1300 1241 1346 1268 ubi
1375 1240 1479 1274 majora
1502 1241 1536 1267 de
1564 1241 1779 1267 rezirazematus

994 1287 1082 1315 cilicio
1094 1288 1237 1314 commoda
1253 1291 1430 1322 percepturus
1449 1290 1531 1318 esset,
1546 1289 1575 1313 ut
1595 1290 1652 1312 crat
1669 1286 1778 1320 ingenio

995 1334 1098 1367 sagaci,
1113 1341 1166 1361 non
1182 1333 1283 1361 bellum
1302 1337 1398 1361 contra
1415 1332 1527 1360 Persam
1546 1332 1778 1364 continuandum,

994 1378 1040 1406 sed
1057 1386 1150 1414 pacem
1167 1379 1256 1413 aliqua
1275 1379 1378 1406 ratione
1397 1379 1491 1406 statuit
1512 1379 1674 1406 iocundam.
1693 1378 1727 1406 Ea
1746 1379 1779 1407 dc

994 1431 1077 1452 causa
1095 1425 1189 1452 missis
1203 1424 1235 1452 ad
1249 1432 1339 1459 regem
1356 1425 1500 1452 Persarum
1522 1424 1629 1452 Zausiis
1643 1429 1723 1460 atque
1738 1425 1782 1452 tit-

996 1471 1071 1502 teris,
1090 1471 1236 1506 signiﬁcat,
1262 1471 1396 1505 siquidem
1415 1479 1466 1499 suo
1479 1478 1540 1498 cum
1572 1471 1697 1506 principe
1731 1479 1780 1506 pa-

995 1526 1053 1546 cem
1073 1519 1264 1550 l'acerevellet,
1283 1519 1402 1553 legatum
1434 1518 1515 1546 modo
1545 1519 1718 1552 prudentem,
1753 1523 1781 1546 ct

162 1560 253 1591 bassa,
270 1567 330 1589 cum
350 1560 430 1587 biduo
442 1561 574 1588 duntaxat
590 1566 669 1589 antea
698 1563 821 1590 morbum
836 1569 943 1591 contra-
958 1567 978 1594 C
996 1565 1167 1592 auctoritatis
1182 1565 1298 1598 eximia,
1319 1569 1448 1598 tantoque
1458 1565 1566 1599 negotio
1584 1573 1688 1598 parem,
1705 1565 1779 1592 able-

163 1606 246 1632 xisset
258 1614 290 1632 cx
305 1614 350 1632 csu
367 1606 575 1641 nu-lopcponmn
592 1609 724 1640 aridime,
751 1610 851 1644 quibus
867 1618 944 1644 aqua:

161 1659 274 1679 sacram
290 1653 379 1679 dilutas
393 1652 502 1686 (Turcis
518 1661 548 1680 ea
565 1653 701 1680 Zerbctum
715 1654 825 1690 dicitur)
839 1656 943 1688 cupiam

162 1699 305 1733 largiorem
347 1698 580 1733 superinfuderat.
620 1701 761 1735 Plerisque
799 1702 945 1735 putabatur

161 1745 277 1779 ipsemet
288 1744 340 1772 sibi
367 1750 482 1772 mortem
509 1746 647 1778 attulisse,
676 1751 787 1782 sumpto
816 1753 944 1782 praetcrea

161 1793 277 1821 veneno,
295 1796 366 1818 metu
386 1792 530 1826 supplicii;
549 1793 622 1828 quod
652 1799 803 1827 vereretur,
828 1802 860 1820 ne
874 1795 946 1828 prio-

162 1845 206 1864 res
220 1845 234 1864 a
247 1838 252 1862 l
266 1845 375 1870 euusas,
394 1839 428 1865 ob
446 1847 514 1872 quas
528 1839 627 1865 sultrtni
650 1839 764 1867 Muralis
780 1840 945 1874 indignatio-

162 1889 224 1909 nem
240 1882 402 1916 iucurrerat,
427 1880 574 1910 accedente
598 1884 700 1911 Persici
723 1886 840 1912 oratoris
863 1894 944 1912 accu-

162 1927 278 1958 satione.
291 1928 323 1954 de
339 1929 494 1962 suppressis
515 1929 620 1963 alzquot
639 1930 709 1963 regis
727 1930 767 1957 sui
802 1931 945 1965 legationi-

163 1973 224 2005 bus,
237 1981 334 2006 magna
349 1981 408 2001 cum
441 1974 551 2001 infamia
584 1976 644 2002 vine
669 1977 818 2010 pcriz‘nlum
849 1979 945 2006 atlirt-t.

161 2019 296 2047 Constans
309 2020 419 2054 quidem
438 2021 462 2047 id
480 2022 612 2056 temporis
628 2028 686 2048 etal
708 2023 778 2050 fama
808 2031 855 2057 per
883 2026 946 2050 uui-

162 2074 268 2093 vcrsam
282 2067 560 2102 Cmtstantiuopolim,
589 2069 721 2113 Ι¹ιιιιιι;ιιιιιΙ
738 2074 766 2096 ιιι
790 2071 946 2104 strangula-

163 2117 249 2139 retur.
264 2112 416 2140 Facultates
433 2114 532 2139 mortui
547 2114 612 2141 ﬁsco
642 2112 752 2142 fuerunt
774 2115 865 2145 illatua,
885 2124 946 2149 pur-

162 2159 236 2185 tione
251 2159 368 2193 quadam
383 2159 528 2192 nepotibus
548 2160 652 2192 relicta,
685 2161 730 2195 qui
763 2165 828 2187 ture
857 2162 946 2188 adhuc

164 2203 319 2237 impuberes
332 2203 366 2230 ad
386 2203 473 2231 Porta:
503 2203 655 2231 ministeria
676 2206 790 2232 traducti
823 2206 943 2232 fuerunt.

163 2248 232 2276 Olim
261 2250 385 2277 sultauus
412 2249 526 2276 Seliutcs
548 2251 687 2278 secundus
716 2259 749 2278 eo
778 2256 945 2286 pra‘ccptorc

164 2295 251 2322 fuerat
264 2303 340 2322 usus.
354 2295 415 2322 lude
430 2304 491 2322 eum
509 2296 688 2330 beglerbrgus
699 2296 838 2323 Caireusis
856 2296 945 2323 factus

163 2345 247 2371 esset.
262 2349 357 2375 parum
381 2341 478 2372 abfuit,
506 2343 654 2376 quominus
682 2342 760 2376 jus<u
780 2342 890 2369 Selimis
906 2343 946 2368 itt-

164 2386 346 2414 terliccrctur.
363 2386 465 2422 Dignus
495 2388 616 2419 omnino,
635 2388 680 2422 qui
704 2387 814 2414 sibimet
839 2387 946 2414 tandem

166 2434 240 2459 licrct
255 2432 387 2462 carnifex.
401 2433 435 2460 ob
448 2434 610 2464 ext‘reitam,
626 2439 704 2468 capta
720 2433 898 2466 Fatnagusta,
918 2433 945 2459 in

165 2477 347 2510 Bragadinutn
360 2483 387 2504 et
402 2478 470 2504 alios
481 2478 634 2512 perﬁdiam.
654 2485 687 2506 ac
705 2479 853 2505 belluinam
866 2485 945 2512 pror-

164 2531 209 2550 sus
218 2523 428 2551 immanitatem.

147 2559 158 2565 I
200 2569 247 2596 Die
262 2569 371 2596 decimo
396 2570 513 2602 septimo
529 2569 630 2596 mensis
656 2569 782 2604 Augusti,
817 2577 948 2596 concessa

165 2614 323 2642 fuitoratori
343 2615 452 2643 Persico
470 2616 613 2650 legationis
630 2617 797 2650 exponeme
809 2615 947 2650 facultas;

164 2667 224 2694 qme
241 2661 304 2687 licet
318 2661 352 2687 ab
365 2661 444 2688 initio
459 2670 506 2696 per
516 2669 576 2688 esse
606 2666 680 2695 grata
709 2662 819 2698 sqltano
847 2661 946 2688 Murali

166 2708 313 2739 videretur,
334 2708 409 2734 eunti
439 2713 528 2734 tamen
559 2708 646 2733 fructu
675 2708 772 2734 caruit.
796 2707 948 2740 Quomiuus

165 2754 236 2781 enim
249 2762 300 2787 par
318 2754 391 2780 coire
409 2759 511 2788 posset,
524 2755 580 2780 huc,
595 2758 652 2780 erat
667 2761 748 2780 causa
762 2774 768 2784 .
799 2755 870 2788 quod
886 2763 946 2780 cam

165 2798 303 2827 Ostuanici
322 2801 439 2826 ntatimu
458 2807 518 2825 cum
535 2808 585 2825 suo
597 2802 752 2832 commoto,
785 2800 947 2827 Persarum-

166 2853 218 2880 que
236 2845 408 2877 detrimento,
425 2846 513 2871 facere
539 2845 637 2872 vellent
655 2854 663 2878 ,-
685 2846 813 2872 nimirum
829 2846 866 2872 uti
882 2846 948 2873 Pcr-

167 2898 203 2919 sa:
215 2891 313 2919 Turcis
329 2891 419 2918 omnia
430 2896 483 2918 tam
502 2890 617 2919 Sirt‘ano
644 2893 852 2927 comprehensa,
867 2900 948 2928 quam

996 1614 1093 1645 garet:
1115 1610 1151 1637 ita
1169 1610 1290 1637 futurum
1319 1610 1390 1637 haud
1405 1611 1497 1643 dubie,
1528 1610 1643 1638 feliciter
1665 1611 1702 1638 uti
1729 1619 1780 1645 pax

996 1656 1065 1682 inter
1084 1659 1214 1690 utrosque
1224 1656 1415 1687 conficeretur,
1431 1661 1456 1683 ct
1467 1664 1543 1683 artua
1564 1657 1597 1683 de
1605 1662 1780 1691 ponerentur.

995 1700 1099 1727 Interea
1120 1708 1184 1730 vero
1208 1702 1362 1735 pangendas
1398 1702 1542 1733 inducias,
1568 1709 1628 1736 qum
1654 1703 1781 1734 utrinque

997 1744 1067 1771 bona
1095 1744 1145 1771 tidc
1171 1749 1357 1771 servarentur.
1400 1744 1487 1772 Simul
1519 1747 1551 1772 ad
1577 1749 1781 1780 componendas

996 1789 1080 1822 (equis
1098 1789 1203 1824 legibus
1219 1789 1374 1816 discordias
1395 1797 1477 1817 omne
1507 1791 1629 1818 studium
1656 1800 1779 1825 Operam-

996 1843 1050 1869 que
1067 1844 1142 1862 suam
1161 1836 1349 1870 pollicebatur.
1369 1836 1424 1863 Non
1441 1837 1545 1870 ingrata
1557 1838 1657 1864 seaeho
1670 1838 1780 1866 PersiCu

997 1882 1070 1916 pacis
1085 1890 1115 1908 ea
1130 1883 1230 1908 mentio
1246 1881 1304 1915 fuit,
1336 1883 1452 1917 ideoque
1485 1891 1546 1910 mox
1583 1885 1725 1912 concessis
1755 1890 1781 1911 et

997 1928 1154 1962 approba‘is
1169 1928 1296 1959 induciis,
1317 1934 1454 1955 oratorem
1476 1937 1504 1956 se
1522 1931 1683 1962 missurum,
1697 1939 1780 1958 causa

999 1973 1418 2008 prlusdelibcrata,responlit.
1450 1974 1498 2001 His
1528 1975 1657 2009 perfectis
1686 1977 1778 2007 rchus.

998 2024 1086 2046 castra
1097 2019 1179 2046 Sinau
1194 2020 1272 2047 bassa
1299 2020 1439 2055 relinquit,
1456 2025 1483 2047 et
1514 2021 1778 2055 Constantinopolitu

999 2065 1146 2099 profectus.
1165 2065 1216 2091 sub
1232 2065 1349 2092 medium
1364 2072 1483 2092 mensem
1512 2065 1614 2092 Juliutn
1645 2066 1780 2098 I‘thtlisiltt

997 2120 1057 2139 Cum
1075 2120 1184 2146 pompa,
1201 2111 1400 2146 prodeuntibus
1427 2112 1535 2140 obviam
1569 2112 1657 2140 Portte
1688 2121 1780 2147 proce-

999 2159 1084 2189 ribus,
1095 2159 1186 2184 urbem
1205 2159 1364 2192 ingreditur.

1035 2205 1115 2231 Initio
1131 2205 1212 2237 veris,
1229 2212 1300 2231 anno
1318 2206 1442 2238 sequenti
1460 2206 1512 2233 989
1533 2206 1610 2240 (Chr.
1628 2206 1719 2238 1589.),
1738 2207 1781 2233 die

998 2248 1087 2275 Martii
1109 2249 1211 2276 mensis
1242 2249 1372 2276 vicesimo
1398 2258 1480 2281 nono,
1511 2250 1612 2277 missus
1643 2258 1658 2277 a
1682 2251 1783 2278 scaeho

997 2295 1165 2322 lil-uchemete
1178 2296 1287 2330 quidam
1302 2304 1334 2323 ex
1352 2304 1492 2330 procerqu
1525 2296 1696 2324 Persicorum
1729 2306 1782 2324 ιιιι-

997 2349 1082 2374 utero,
1100 2342 1251 2368 cuinoznrn
1266 2342 1418 2368 lbrahimes
1442 2343 1522 2374 cban,
1547 2342 1780 2376 Constantinopo-

996 2387 1042 2413 lim
1055 2394 1153 2421 magno
1168 2391 1194 2414 et
1214 2387 1313 2421 insigni
1341 2393 1402 2414 eum
1432 2388 1562 2414 comitatu
1596 2393 1780 2415 trecentorum

996 2433 1057 2468 plus
1075 2433 1164 2460 minus
1177 2433 1298 2466 equitum
1331 2433 1428 2459 venit:
1460 2434 1559 2466 partim
1588 2433 1627 2459 uti
1658 2434 1691 2461 de
1716 2442 1782 2467 pave

997 2487 1059 2506 cum
1076 2479 1186 2505 sultano
1202 2479 1307 2505 Min-ate
1324 2483 1461 2509 tractaret,
1475 2478 1575 2512 partim
1592 2483 1621 2505 ut
1637 2479 1783 2507 interesset

997 2525 1167 2551 czrremoniat
1185 2523 1398 2555 Musuimanieze,
1425 2531 1478 2558 qua
1498 2523 1614 2551 Muralis
1630 2525 1702 2552 titius
1722 2526 1781 2552 Mu-

998 2570 1146 2603 chcmetes,
1168 2570 1305 2597 scxdecim
1328 2570 1388 2604 plus
1411 2571 1501 2596 minus
1524 2578 1657 2597 annorum
1688 2572 1781 2598 adole-

998 2623 1089 2646 scens,
1100 2615 1214 2642 solemni
1229 2615 1280 2641 ritu
1292 2615 1530 2642 circumcidendus
1541 2620 1610 2643 erat.
1621 2616 1668 2642 Die
1680 2617 1782 2643 mensis

1000 2661 1061 2688 Maii
1082 2661 1209 2688 vicesimo
1223 2665 1321 2688 octavo
1337 2662 1418 2696 coepit
1435 2658 1555 2688 inaudita
1568 2663 1669 2689 smculo
1687 2666 1783 2689 nostro

999 2707 1143 2734 celebritas
1196 2707 1418 2734 circumcisionis
1455 2707 1557 2742 hujus,
1605 2709 1784 2742 pra‘sentibus

999 2753 1234 2786 Constmttinopoli
1264 2753 1446 2780 maximorum
1486 2761 1572 2787 prope
1600 2754 1683 2780 totius
1709 2748 1784 2781 orbis

1001 2800 1154 2835 principum
1167 2799 1274 2833 legatis,
1287 2798 1425 2833 Rudolphi
1441 2798 1553 2825 secundi
1563 2798 1782 2825 Christianorum

1000 2845 1175 2880 imperatoris
1197 2845 1319 2878 augusti,
1349 2843 1461 2871 llenrici
1489 2842 1562 2870 tertii
1591 2843 1686 2872 Galliae
1712 2845 1786 2878 regis

1003 2891 1091 2928 (cujus
1108 2895 1199 2919 tamen
1218 2895 1310 2919 orator
1326 2889 1482 2918 Genninius
1496 2888 1676 2918 Germolla-us
1689 2897 1787 2917 secun-
