1962 3071
152 119 205 152 693

711 123 897 155 SUI‘PIEM.
915 124 1052 156 ANNAL.
1073 126 1226 155 'l'URClC.

1735 124 1789 155 69i

154 175 235 201 lebat.
255 173 388 201 adversus
414 181 504 209 regem
542 175 613 210 regis
643 183 713 211 opus
742 185 802 204 esse
835 185 919 212 opera
939 188 945 211 ;
964 181 985 209 Α
1001 184 1062 206 octo
1080 179 1208 206 decemve
1239 179 1343 205 dierum
1363 178 1413 205 iter
1430 178 1463 205 ab
1481 178 1547 212 ipsis
1568 178 1664 205 vastati
1685 178 1788 211 Persis.

152 221 287 255 planeque
301 221 459 248 necessario
481 222 582 256 requiri
596 223 628 249 ad
643 223 824 250 obtinendam
851 224 885 251 de
900 224 949 250 ho-

154 273 194 294 ste
208 267 363 299 victoriam,
383 272 412 294 ut
430 268 487 302 ipse
501 268 628 296 snllanns
662 269 782 297 Min-ales
800 270 854 296 dux
882 271 945 297 belli

154 313 284 340 adversus
302 312 498 340 Muehemctem
511 313 656 341 Persarum
673 315 753 350 375
773 323 864 350 regem
881 325 945 350 pru—

155 359 335 386 lieiscerctur.
360 359 478 386 Murates
495 368 529 387 eo
550 360 660 388 Sinanis
681 367 794 397 accepto
811 371 945 397 responso

155 412 214 430 mox
227 404 364 431 sultanam
380 409 494 431 matrem
511 405 578 438 adit,
598 411 624 433 et
641 406 675 433 ab
689 415 719 433 ea
746 408 892 434 consilium
919 410 945 436 in

154 451 204 476 hac
218 458 299 477 causa
317 451 374 477 dari
388 451 440 477 sibi
471 451 547 486 petit.
579 452 647 479 Tum
664 453 708 480 illa
735 463 740 480 :
760 454 792 481 Mi
827 455 875 486 liii,
894 456 943 486 ait,

155 495 274 521 Inevcine
305 501 369 522 sunt
395 497 438 523 illa
479 498 624 534 magniﬁca
652 501 787 533 proruissa
811 499 946 528 Sinanis?

153 540 224 566 itaue
241 541 381 575 pollicitus
397 548 440 569 est
453 543 554 570 iturum
572 552 602 572 se
614 547 738 580 rapiendi
757 547 858 575 Persici
897 556 941 576 rc-

153 586 195 620 gis
212 587 358 619 causa,vel
378 588 412 615 ad
437 589 561 616 intimam
576 591 720 618 Persarum
742 594 842 628 regiam
877 594 943 620 Cas-

155 632 260 659 tninum
275 641 282 664 ;
299 637 325 660 et
339 642 411 661 nunc
431 640 527 662 auctor
538 644 598 663 esse
613 637 669 663 vult
701 639 760 670 tibi,
778 645 806 666 ut
829 639 944 673 ipsemet

155 678 187 704 ad
201 679 349 713 gerendum
365 681 416 707 hoc
434 681 532 708 bellum
548 683 754 717 proﬁciscaris?
769 685 828 712 Non
844 686 944 719 dignus

155 729 208 758 est,
241 726 285 759 qui
320 726 450 762 deinceps
480 735 593 756 munere
637 731 737 757 vcziris
772 732 875 758 azemis
903 732 942 758 tui

156 771 294 805 fungatur.
320 772 378 806 Quo
402 774 520 802 consilio
547 775 663 803 sultanze
694 777 943 805 tnatrisintcllecto

155 818 335 853 probatoque,
365 819 510 847 confestim
534 821 652 849 Murates
685 823 814 850 Sinanem
847 823 939 851 Masu-

155 864 207 891 l.au
225 865 397 899 pronuntiat.
426 866 478 893 hoc
508 871 561 899 est,
588 868 739 895 honoribus
763 869 890 896 oinnihus
917 877 949 896 ac
967 857 985 884 Β

156 911 308 945 przesertim
334 912 466 945 dignitate
502 914 623 948 supremi
654 914 752 942 veziris
787 916 874 943 t‘xnil.
899 916 949 943 Pa-

158 957 340 991 rumquideut
353 958 451 992 abfuit,
471 960 536 994 quin
567 961 751 987 occideretur.
781 961 853 988 Bona
884 970 949 989 con-

156 1002 277 1030 demnati
291 1003 356 1030 tlsco
372 1004 642 1039 fueruutapplicata.
656 1006 803 1040 ltelegatus
818 1012 844 1034 ct
857 1009 945 1035 exsul.

158 1049 292 1084 hodieque
309 1049 434 1085 Malagrm
450 1052 532 1086 degit.
543 1053 615 1086 quoi
629 1054 690 1086 oppi
704 1053 759 1079 lum
776 1053 797 1079 .\l
809 1053 944 1080 tccdonize

158 1095 240 1122 situm
250 1101 292 1124 est
311 1097 336 1123 in
354 1097 463 1129 itinere,
474 1106 529 1132 quo
539 1098 777 1133 Constantinopoli
795 1100 949 1134 ltagttsinm

159 1143 223 1170 itur.
243 1143 338 1170 Sinani
354 1144 489 1171 sulIcctus
504 1145 556 1172 l'uit
573 1145 599 1172 in
629 1145 848 1173 vezirazematus
862 1145 951 1173 ollicio

158 1189 269 1216 Siauses
293 1189 383 1221 bassa.
407 1190 519 1217 natione
541 1190 677 1226 Ungarus,
713 1199 833 1226 quocum
866 1197 949 1226 nupta

158 1235 258 1262 sultani
273 1235 387 1263 Muralis
405 1244 484 1264 soror
497 1244 566 1264 erat.
585 1237 661 1270 Quod
693 1246 783 1265 mores
819 1245 844 1265 et
876 1240 950 1271 inge-

160 1282 234 1308 nium
252 1282 362 1309 Sinanis
373 1284 481 1315 attinet,
508 1285 645 1311 crudelem
660 1289 807 1311 etavarum
821 1292 850 1312 se
867 1284 951 1319 gessit

158 1329 355 1362 crgaquosvis,
371 1337 434 1363 erga
454 1329 629 1357 Christianos
660 1330 880 1363 infestissimum,
906 1338 951 1357 su-

160 1375 272 1408 perbum
294 1379 321 1402 et
335 1380 510 1410 arrogantem
524 1384 588 1410 erga
614 1376 733 1410 majores
749 1381 774 1402 et
789 1384 879 1409 pares.
907 1375 950 1402 Ja-

159 1420 261 1446 clantia
279 1425 352 1447 tanta
377 1420 441 1452 fuit.
466 1425 495 1448 ut
523 1429 584 1448 cum
607 1421 755 1456 aliquando
777 1424 949 1455 negotiorum

161 1467 333 1502 publicorum
353 1476 435 1495 causa
459 1469 652 1495 conveniretur
667 1469 699 1495 ab
716 1468 815 1495 illustri
830 1473 855 1494 et
872 1464 950 1502 gene-

161 1519 226 1540 t'oso
241 1512 376 1547 Rullolphi
390 1515 502 1541 sev-undi
531 1514 646 1549 Augusti
664 1515 764 1549 legato,
800 1513 950 1540 Frcderieo
966 1527 986 1554 α

161 1559 302 1593 Breinero,
323 1559 613 1593 BarotteFladi11an0,
643 1560 828 1587 inverecunde
855 1560 952 1594 priedh

162 1611 250 1636 caret.
271 1613 314 1638 se,
330 1614 456 1640 suprema
479 1614 539 1632 cum
574 1610 711 1640 potestate
739 1605 891 1640 proiectum
918 1605 951 1631 ad

163 1651 310 1678 Persarum
328 1652 406 1685 ﬁnes,
428 1656 534 1679 tantum
554 1661 579 1678 In
595 1652 628 1679 iis
645 1653 714 1679 locis
742 1659 894 1686 occupasse
912 1660 953 1678 re-

163 1697 287 1733 gion'um,
309 1703 338 1725 ut
355 1699 531 1733 sangiaeatus
546 1698 647 1726 ibiden
667 1701 867 1734 quinquaginta
885 1705 952 1724 cott—

163 1744 292 1771 stituerit.
311 1745 338 1771 ld
354 1752 418 1771 vero
434 1751 536 1778 quanta
568 1752 631 1772 cum
661 1745 782 1771 vanitate
815 1743 898 1771 fuerit
920 1743 954 1770 ab

165 1792 224 1824 ipso
239 1791 354 1822 dictum,
372 1791 413 1818 vel
430 1799 462 1818 ex
478 1799 511 1818 eo
526 1796 610 1825 patet.
649 1791 722 1825 quod
752 1791 879 1817 universa
899 1788 954 1815 ltu-

165 1837 255 1870 ntclia,
277 1844 329 1872 qua
347 1842 438 1864 tamett
452 1837 632 1872 amplissima:
648 1837 808 1871 provinciae,
837 1843 884 1862 nec
901 1842 955 1862 ιιιιο

165 1893 179 1909 a
193 1882 291 1910 Turcis
325 1884 468 1918 acquisita:
490 1884 603 1915 simulo,
630 1883 759 1915 Thracia,
783 1880 955 1912 Mam-donia,

167 1929 274 1960 Servia,
291 1929 428 1964 Bulgaria,
453 1929 580 1963 Albania,
596 1929 752 1961 Thessalia,
784 1927 872 1954 Morea
898 1927 956 1954 sive

168 1976 382 2010 Peloponnesus,
406 1977 508 2003 Achaia
525 1978 582 2003 sive
612 1975 735 2007 Liradia,
772 1974 872 2001 [Etolia
901 1973 958 2000 sive

169 2022 332 2057 Despotatus
361 2030 423 2049 cum
454 2023 515 2049 aliis
546 2023 733 2053 continentur,
764 2021 833 2048 ultra
865 2019 957 2053 tigiuti

167 2071 237 2096 dnos
249 2070 489 2104 saogiacmusnon
520 2069 628 2095 haheat.
647 2068 704 2095 imo
730 2071 849 2097 constat,
881 2066 959 2092 Sina-

168 2124 229 2143 nem
242 2116 270 2143 in
281 2117 313 2143 iis
324 2116 390 2143 lucis
402 2115 466 2142 uilnl
477 2116 623 2142 admodum
638 2113 816 2140 memorabile
829 2111 958 2147 gessisse,

167 2164 219 2189 nisi
239 2163 310 2196 quod
329 2171 412 2189 unum
429 2167 456 2188 et
475 2162 589 2189 alterum
601 2159 821 2195 beglerbegatum
835 2159 960 2185 iltslitttc'

1001 232 1087 259 nSque
1105 225 1173 252 adeo
1184 224 1288 251 redacti
1308 229 1373 252 sunt
1389 225 1420 251 ad
1455 225 1619 251 solitudines
1633 245 1640 257 ,
1675 225 1718 251 vix
1754 225 1791 252 nti

999 272 1109 304 paulum
1128 278 1205 304 aqua:
1222 270 1386 304 reperiatur,
1413 270 1512 297 ncdunt
1538 270 1616 304 panis
1631 275 1678 296 aut
1693 277 1791 296 carnes

998 320 1046 343 aut
1060 316 1119 343 aliae
1134 325 1188 348 res,
1210 322 1264 342 lant
1280 316 1312 343 ad
1327 317 1427 343 victttut
1462 316 1614 347 hominum,
1637 324 1719 349 quam
1748 316 1791 349 ju-

999 367 1155 390 mentorum
1182 363 1313 390 alimenta
1342 363 1517 390 necessariat.
1541 362 1607 400 Qum
1639 363 1697 388 sola
1718 367 1792 388 certe

998 417 1078 436 causa
1091 415 1145 441 est,
1163 410 1340 443 quamobrem
1357 410 1490 436 hactenus
1521 409 1678 435 Osmani.l:e
1705 409 1730 434 in
1760 409 1793 434 iis

998 455 1063 482 locis
1083 463 1199 482 annonm
1211 456 1325 481 caritate
1343 455 1538 481 laboraverint.
1554 454 1593 480 Ac
1609 459 1672 479 sunt
1687 454 1713 479 iu
1734 454 1791 487 ipsa

997 500 1097 527 Turcia
1115 500 1161 535 qui
1174 500 1345 531 existiment,
1375 499 1480 527 Turcos
1499 500 1549 526 hoe
1585 499 1656 526 bello
1683 507 1793 533 semper

997 547 1140 574 interiores
1157 547 1275 579 futuros,
1291 547 1352 574 licet
1373 546 1464 581 plures
1478 548 1510 573 ad
1522 555 1609 573 annos
1619 546 1698 573 etiam
1709 546 1735 572 in
1746 554 1794 580 po-

996 598 1100 619 sterum
1120 593 1308 620 contionetur.

1031 638 1130 665 Verum
1146 647 1179 665 ne
1191 639 1299 674 longius
1313 645 1390 666 extra
1403 640 1489 672 oleas,
1509 639 1579 672 quod
1592 638 1676 670 aiunt,
1695 640 1728 664 ad
1747 647 1793 664 an»

995 685 1205 712 naliumseriem
1221 685 1377 712 redeamus.
1398 685 1470 712 Misit
1486 685 1639 711 secundum
1659 684 1715 710 haec
1742 685 1794 710 ali-

995 730 1102 765 quoties
1115 732 1216 758 Osman
1235 731 1314 758 bassa
1333 731 1445 765 petitum
1464 731 1564 758 sultani
1584 730 1698 757 Muralis
1712 738 1794 764 opem

995 783 1078 811 atque
1097 776 1208 809 auxilia,
1225 785 1285 812 qua:
1301 778 1475 811 suppeditata
1490 785 1551 804 cum
1578 777 1705 808 fuissent,
1722 776 1794 808 jam-

994 829 1047 856 que
1075 820 1266 857 Tetnircapim
1286 823 1478 853 accessissent,
1513 823 1546 848 ad
1577 822 1685 848 Sirvani
1727 821 1794 847 lines

1002 869 1139 896 civitatem
1159 869 1336 897 Somachiam
1355 869 1437 903 cepit,
1455 869 1545 904 ibique
1561 868 1752 902 beglerbegmu
1770 872 1797 893 et

1000 915 1210 950 dephterdarunt
1230 916 1384 943 collocavit.
1400 915 1533 942 Praeterea
1551 915 1641 942 locmn
1656 914 1738 940 alium
1753 922 1796 940 re<

1000 963 1073 996 degit
1092 962 1117 989 in
1139 968 1313 996 poteslatem,
1346 963 1390 990 cui
1415 971 1468 989 non
1495 963 1577 996 longe
1598 969 1613 988 a
1642 960 1795 994 'l'emireapi

1001 1009 1096 1036 dissito
1113 1016 1212 1036 nomen
1235 1013 1277 1035 est
1297 1009 1480 1039 Tabassaran.
1502 1008 1586 1034 Paulo
1612 1012 1671 1041 post
1696 1005 1795 1032 ibidem

1001 1060 1028 1082 ct
1048 1055 1128 1082 aliam
1143 1055 1280 1082 civitatem
1310 1055 1464 1090 occupavit,
1496 1062 1557 1089 qua:
1573 1054 1665 1080 (Cabha
1683 1053 1794 1080 dicitur.

1001 1100 1030 1129 In
1046 1101 1172 1129 omnibus
1190 1101 1266 1129 hisce
1287 1101 1354 1128 locis
1369 1101 1567 1136 gubernatores
1589 1104 1615 1126 et
1642 1099 1796 1134 prmfectos.

1003 1147 1109 1175 idoneis
1123 1155 1185 1174 cum
1202 1147 1348 1181 praesidiis,
1364 1146 1499 1174 machinis
1525 1146 1641 1177 bellicis,
1664 1145 1745 1171 rebus
1763 1145 1796 1170 ad

1002 1200 1048 1219 eas
1065 1193 1228 1220 necessariis
1252 1193 1425 1227 annonisque
1448 1192 1570 1226 reliquit.
1589 1192 1670 1219 Turci
1687 1192 1795 1226 quidem

1002 1238 1089 1267 aiunt.
1119 1237 1266 1265 Ostnancm
1295 1244 1392 1273 prtcler
1417 1239 1533 1266 iudicata
1559 1238 1616 1265 loca
1638 1243 1664 1264 et
1686 1238 1796 1272 oppida,

1002 1285 1158 1318 complures
1171 1285 1239 1311 alias
1251 1293 1359 1319 quoque
1373 1284 1497 1312 civitates
1514 1290 1541 1311 et
1557 1284 1667 1311 castella
1681 1284 1796 1318 cepisse.

1002 1330 1170 1363 Quinetiam
1202 1335 1320 1363 constat,
1341 1330 1488 1358 Osmanem
1521 1330 1643 1360 bassatn,
1670 1337 1741 1356 anno
1756 1338 1799 1356 se-

1002 1378 1095 1411 quenti
1121 1379 1258 1412 proximo,
1287 1385 1342 1412 quo
1370 1382 1493 1411 tempore
1528 1375 1797 1408 Constantinopolim

1003 1422 1151 1456 profeelus,
1179 1431 1290 1449 mamnn
1317 1422 1428 1449 sultano
1452 1421 1548 1448 Murati
1573 1421 1796 1451 deosculabatur,

1003 1468 1073 1495 inter
1091 1468 1143 1495 alia
1160 1477 1285 1502 munera,
1309 1477 1370 1503 qua:
1393 1476 1441 1503 pro
1458 1468 1566 1495 sultano
1583 1467 1687 1494 Murale
1704 1475 1796 1494 secum

1004 1514 1161 1546 advexerat,
1178 1514 1267 1541 eidem
1285 1514 1416 1542 obtulisse
1447 1514 1639 1549 septemdecim
1658 1514 1719 1548 plus
1748 1514 1799 1539 mi-

1004 1569 1088 1588 nusve
1102 1561 1192 1589 claves
1208 1566 1362 1596 argenteas.
1383 1561 1415 1588 Et
1431 1560 1547 1594 singulis
1564 1560 1687 1587 clavibus
1700 1560 1796 1586 inseri-

1004 1612 1078 1641 ptum
1095 1615 1193 1633 nomen
1207 1611 1288 1633 certat
1301 1606 1419 1634 civitatis
1433 1610 1480 1632 aut
1496 1606 1612 1637 castelli,
1631 1605 1665 1632 ab
1678 1604 1799 1632 Osmane,

1005 1652 1032 1678 iu
1050 1657 1213 1686 potestatem
1233 1653 1346 1680 redacti.
1377 1652 1538 1685 Signiﬁcare
1563 1652 1691 1679 nimirum
1718 1651 1798 1684 hujus

1005 1699 1144 1726 oblatione
1171 1699 1235 1726 doni
1265 1699 1458 1734 septemdecim
1486 1699 1605 1725 clavium
1633 1698 1751 1730 volebat,
1771 1707 1799 1725 se

1007 1746 1116 1773 totidem
1128 1747 1233 1780 cepisse
1249 1746 1287 1772 vni
1308 1745 1416 1780 oppida.
1436 1745 1477 1771 vel
1499 1749 1600 1774 castra,
1622 1749 1690 1778 quot
1707 1750 1800 1771 essent

1008 1791 1073 1826 ipsa:
1084 1799 1199 1819 numero
1223 1791 1413 1824 claves.Quod
1431 1792 1556 1826 equidem
1576 1791 1687 1817 tuemini
1703 1791 1798 1825 pleris—

1007 1845 1060 1872 que
1074 1837 1140 1864 viris
1155 1837 1347 1872 prudentibus,
1360 1841 1387 1863 ct
1407 1836 1688 1863 rerntnTurciearum
1705 1837 1800 1869 gnaris

1010 1892 1180 1918 nequaquam
1209 1891 1270 1910 vero
1302 1884 1390 1910 visunt
1415 1883 1502 1910 simile
1533 1891 1540 1909 :
1567 1890 1628 1909 ctnn
1657 1883 1746 1916 potius
1767 1890 1798 1908 ea

1008 1938 1140 1965 pagorum
1157 1937 1219 1956 esse
1233 1929 1388 1964 judiearent
1412 1928 1533 1959 nomina,
1559 1937 1641 1963 quam
1662 1930 1703 1956 vel
1726 1930 1801 1962 opph

1009 1976 1169 2008 dornm,vel
1182 1975 1369 2002 castellorum.
1387 1974 1440 2001 Sed
1458 1975 1530 2001 enim
1548 1982 1595 2008 per
1612 1981 1655 2001 me
1684 1974 1798 2000 liberum

1011 2021 1061 2048 hac
1074 2021 1106 2048 de
1119 2028 1147 2047 re
1160 2020 1295 2055 judicium
1312 2019 1399 2046 cuivis
1415 2023 1484 2046 esto.

1046 2067 1114 2094 Cum
1130 2066 1174 2093 hic
1199 2075 1288 2093 rerum
1313 2066 1339 2092 iu
1355 2067 1388 2093 iis
1405 2066 1471 2093 locis
1488 2073 1633 2092 successus
1648 2070 1730 2096 esset,
1747 2066 1799 2092 de-

1012 2119 1067 2138 nuo
1081 2119 1145 2138 suos
1165 2112 1197 2137 ad
1216 2111 1354 2138 suitanum
1373 2111 1504 2138 Muratem
1533 2110 1606 2137 misit
1623 2110 1736 2143 Ostnan,
1755 2111 1801 2144 qui

1013 2162 1136 2191 peterent
1151 2162 1179 2184 ul
1190 2158 1341 2192 ipsummet
1355 2157 1473 2184 Tot-ariae
1505 2165 1594 2191 regem
1608 2156 1801 2183 MUCllt‘llll‘ll‘ill

169 2211 215 2236 rit.
234 2195 267 2235 At
283 2209 376 2243 quales
389 2207 614 2243 beglerlegatns?
629 2206 696 2232 Alba
711 2205 803 2232 Gneo:
823 2205 863 2231 vel
890 2205 958 2231 Alba
977 2195 997 2222 θ
1013 2203 1085 2231 ferre
1114 2204 1166 2231 sibi
1195 2204 1336 2238 suppetias
1363 2203 1481 2238 iuberet.
1512 2202 1587 2229 Fecit
1614 2203 1664 2228 hoc
1692 2201 1802 2235 quidem

167 2254 288 2289 regalis;
307 2254 474 2289 Strigoniom
503 2254 547 2280 vel
575 2252 783 2287 Sigetivarutn;
809 2258 870 2284 quae
899 2249 957 2276 loca

167 2301 376 2336 sangiacatuum
395 2299 505 2326 nomine
522 2297 712 2325 tantummodo
732 2301 880 2323 censentur
897 2296 960 2322 hac-

169 2355 262 2380 tenus,
281 2354 354 2375 recte
367 2346 550 2382 jud‘cautiuth
574 2345 704 2380 opinione
724 2344 830 2378 singula
862 2342 959 2377 praele-

172 2395 255 2420 renda
273 2394 386 2420 veniunt
401 2397 521 2427 quatuor
545 2391 683 2426 ejusmodi
704 2390 744 2416 νιΙ
767 2389 889 2424 quinque
917 2390 962 2415 be-

172 2438 459 2474 glcrbegatisdlident
485 2438 594 2472 quidem
629 2441 705 2463 certe
724 2437 772 2462 viri
801 2435 961 2470 prudentes,

175 2493 324 2519 rerumque
346 2484 524 2512 Turciearum
554 2489 581 2510 et
605 2483 714 2510 illorum
748 2482 841 2509 tioium
871 2481 961 2516 periti,

174 2540 236 2559 eum
256 2532 364 2558 recitari
384 2536 422 2557 tot
442 2530 649 2564 beglerbegatus
668 2537 762 2555 eozum
778 2529 899 2555 locorum
914 2536 962 2553 au-

174 2576 254 2603 diunt
266 2585 271 2603 :
285 2575 463 2610 Tiphlisium,
477 2566 666 2606 Tsclnldirim,
685 2574 865 2604 Soehumam,
895 2572 964 2599 Car-

174 2630 263 2654 seum,
279 2622 416 2652 Batinum.
430 2627 456 2648 et
471 2621 549 2648 alios.
588 2620 727 2647 llevanum
756 2619 836 2646 facile
864 2626 963 2645 nomen

176 2670 228 2697 hoc
246 2673 347 2696 tuetur.
364 2668 459 2695 itidem
477 2668 622 2695 Sit'tttnttttt
635 2675 742 2702 quoque
757 2666 964 2701 beglerbcgalus

177 2716 285 2742 titulum
303 2719 465 2746 muneretur,
479 2714 501 2741 si
518 2714 671 2741 Tureorntn
693 2718 765 2740 esset
782 2713 806 2738 in
819 2716 965 2746 potestate.

177 2761 407 2796 quemadmodum
427 2761 504 2787 initio
520 2761 594 2792 belli,
618 2760 703 2787 ductu
718 2759 866 2793 Mustaplne
878 2758 966 2785 bassa:

179 2808 278 2835 vrziris
311 2807 522 2835 Ostuauidarum
551 2807 667 2841 imperio
700 2806 789 2833 fuerat
815 2805 964 2840 adjeculm.

181 2853 235 2881 Sed
253 2854 459 2889 brglerbegatus
486 2854 576 2881 CLUlt‘ti
590 2853 647 2881 suis
660 2861 721 2882 eum
751 2851 908 2885 lerritoriis,
933 2851 965 2879 ad

1012 2250 1141 2278 Osmanis
1155 2255 1248 2285 rogatu
1267 2250 1397 2282 Mnrutes,
1416 2249 1462 2276 sed
1484 2248 1600 2275 Tatarus
1613 2248 1670 2275 suis
1687 2248 1804 2273 homine

1012 2298 1063 2325 bus
1088 2298 1121 2325 ad
1148 2297 1281 2325 Moralem
1309 2297 1454 2331 ablegatis,
1478 2296 1562 2323 littere
1590 2295 1740 2330 respondit,
1772 2304 1801 2322 se

1015 2344 1144 2372 mandato
1161 2344 1275 2371 Muratis
1303 2343 1492 2378 superioribus
1519 2342 1600 2369 annis
1622 2341 1690 2368 duos
1707 2341 1804 2368 fratres

1013 2399 1078 2418 suos
1098 2399 1160 2418 cum
1180 2391 1273 2417 multis
1287 2390 1408 2417 millibus
1423 2389 1564 2416 hominum
1580 2388 1687 2416 misisse
1699 2387 1804 2413 Tetnir-

1015 2437 1103 2472 capim
1123 2445 1131 2466 ;
1148 2445 1265 2472 quorum
1284 2444 1364 2463 nemo
1378 2443 1438 2462 cum
1454 2435 1546 2462 salvus
1558 2434 1667 2461 domutn
1682 2434 1803 2463 redierit,

1014 2484 1096 2511 etiam
1123 2483 1239 2510 fratrum
1265 2483 1351 2509 altero
1373 2488 1454 2511 ca‘so,
1482 2481 1568 2507 altero
1597 2479 1622 2506 in
1649 2479 1804 2506 careerilun

1014 2530 1085 2563 apttd
1100 2530 1193 2556 hostes
1210 2532 1326 2560 mortuo,
1342 2527 1426 2554 videri
1443 2526 1494 2553 sibi
1513 2525 1615 2553 uorum'
1630 2525 1713 2560 37s
1724 2525 1804 2559 quid-

1015 2577 1076 2603 dam
1089 2579 1115 2601 et
1127 2575 1260 2607 insolens,
1272 2581 1301 2600 se
1315 2572 1519 2608 quoqucjubcri
1533 2572 1641 2599 tandem
1657 2571 1691 2598 ad
1705 2572 1804 2598 bellum

1019 2623 1070 2648 hoc
1087 2620 1235 2656 prolieisei,
1249 2619 1319 2653 quod
1338 2626 1384 2653 per
1399 2619 1502 2653 legatos
1519 2618 1576 2653 geri
1600 2618 1693 2652 possit.
1717 2617 1806 2644 Nihilo

1019 2673 1107 2695 tamen
1125 2667 1216 2694 minus
1237 2673 1276 2698 se,
1293 2665 1402 2699 quando
1428 2664 1547 2691 Murates
1570 2664 1606 2690 ita
1628 2671 1676 2698 pro
1695 2663 1735 2689 sui
1757 2671 1806 2689 au‘

1018 2713 1145 2741 ctoritate
1159 2711 1265 2746 imperii
1282 2711 1452 2746 pt'teciperet,
1466 2715 1657 2744 suscepturum
1676 2709 1745 2734 hanc
1759 2716 1806 2734 ea-

1019 2761 1183 2800 peditionem
1200 2758 1299 2786 :modo
1308 2758 1359 2785 sibi
1371 2757 1439 2784 mitti
1455 2761 1564 2784 curaret
1576 2763 1662 2787 arma,
1677 2755 1805 2789 pecunias

1019 2808 1045 2834 in
1063 2807 1177 2833 militum
1190 2804 1337 2839 stipendia,
1360 2811 1422 2831 cum
1446 2803 1507 2830 aliis
1534 2803 1615 2829 rebus
1639 2801 1793 2827 necessatis

1027 2853 1156 2886 Mut'zttes,
1171 2855 1281 2894 accepto
1296 2849 1387 2878 'l‘atari
1404 2855 1548 2884 responso.
1563 2856 1618 2875 rem
1635 2855 1695 2874 cum
1712 2853 1808 2881 supre-
