1962 3071
177 123 230 155 69')

789 123 954 152 JOANNIS
975 124 1209 154 LEUNCLAVII

1753 123 1808 154 6‘36

174 185 220 204 n.o
236 177 394 204 consiliario
410 184 472 208 suo,
488 177 584 207 Siause
598 178 688 209 bassa,
706 182 733 203 et
750 185 811 203 eum
833 177 965 203 [imm-lia-
980 182 998 207 Λ
1016 177 1133 211 Ungaria
1150 179 1248 213 fuerat)
1270 186 1331 204 eum
1352 178 1430 205 titulo
1448 178 1546 206 veziris
1571 177 1723 205 Osmanica:
1739 178 1806 206 Por-

173 224 229 250 sive
242 222 354 251 Grmciae
368 217 561 250 Cadilcschero
577 222 718 250 deliberat.
735 222 764 248 lli
781 231 841 250 cum
862 225 885 250 ei
901 231 960 257 pcr-

172 269 329 300 suaderent,
345 276 404 296 esse
421 267 520 295 Tataro
543 267 676 299 mittenda
693 261 841 294 illiusmodi
870 268 961 295 subsi-

173 314 227 346 dia,
254 315 311 341 dari
325 314 409 347 jussit
426 313 528 342 onrnia.
548 321 607 348 qua:
632 313 702 340 hcllo
732 314 850 348 gerendo
869 321 961 340 mecs-

173 361 245 386 saria
261 360 423 394 requireret.
454 360 567 386 Centum
596 359 706 393 quidem
725 359 748 388 ei
769 359 850 386 missa
878 359 961 386 fuisse

171 406 292 439 jumcnta
310 405 473 439 sagmataria
489 405 677 438 perhilmuur,
693 411 805 437 onerata
835 413 961 431 munum-

172 450 207 477 lis
238 451 383 483 argenteis.
415 458 485 484 quos
524 458 619 484 aspros
654 451 834 486 appellatione
868 451 961 478 Grreca

174 495 254 522 Turci
271 501 380 522 vocant.
407 495 508 522 llorum
535 504 643 523 sninwa
665 497 828 524 conficiebat
851 501 960 524 ccntuul

172 548 199 569 et
214 542 369 577 octnaginta
390 543 473 570 millia
492 543 659 572 thalcrorum
673 543 913 572 Germanicorum.
928 542 960 569 ad

172 597 268 623 πρίῃ-οε
285 590 422 623 sexaginta
437 594 563 617 revocato
583 590 690 617 thalerii
713 590 812 624 pretio,
835 589 907 624 quod
936 589 961 615 id

174 636 306 670 temporis
337 637 400 663 huic
421 644 534 663 nummo
563 640 693 663 statutum
726 636 835 663 decreto
862 635 961 662 sultani

175 681 289 709 Muralis
319 688 390 711 erat.
430 684 558 717 Adeoque
602 683 719 716 jnmenli
779 682 860 708 [mins
892 689 963 708 mnis

176 727 294 754 Ihaleros
329 728 400 754 mille
414 736 475 755 cum
509 728 672 761 octingentis
704 726 870 753 continebat.
889 725 963 753 Hane

173 775 271 801 Talaro
287 776 428 810 pecuniam
451 776 534 806 misit,
562 782 659 810 prauer
685 776 736 802 alia
755 775 894 806 d0nativa,
922 775 963 801 ni-

174 820 272 847 mirum
300 827 388 848 vestes
417 829 449 850 ex
479 829 569 855 panno
600 822 741 855 scriroquc
757 821 904 850 confectas.
937 826 962 848 et

1013 229 1046 251 lze
1065 226 1221 259 summique
1244 225 1384 260 copiarum
1403 224 1480 251 ducis
1496 224 1521 251 in
1540 224 1592 251 illis
1612 224 1679 252 lueis
1697 233 1703 252 :
1723 230 1806 259 atque

1013 272 1070 304 ipse
1086 271 1237 303 celeritate,
1267 279 1319 304 qua
1348 276 1441 305 posset
1466 271 1596 299 maxima.
1623 271 1744 304 Capham
1771 273 1805 298 ad

1012 317 1199 350 castigandum
1233 317 1362 343 Tatarum
1391 317 1622 351 proficisceretur.
1652 316 1718 344 Erat
1742 317 1806 343 huic

1013 362 1113 389 Tataro
1143 370 1240 389 nomen
1271 363 1435 394 Muehemet,
1461 363 1542 390 Kerai
1569 364 1651 394 chan,
1673 363 1724 390 hoc
1751 368 1804 394 cst,

1012 409 1194 436 llluchcnn-tcs
1213 417 1257 436 rex
1270 409 1398 441 Kcraius,
1420 410 1478 436 sive
1502 411 1680 437 Kcrainrnm.
1700 411 1801 436 ()smau

1013 455 1091 482 Itassa
1106 456 1234 482 mandato
1249 455 1362 482 Mlllatis
1373 461 1495 489 accepto,
1510 456 1644 489 quidquid
1660 457 1693 482 ab
1708 463 1740 482 eo
1754 456 1804 482 sibi

1014 499 1106 526 fuisset
1136 500 1303 535 iujunctum,
1331 501 1403 527 fecit.
1437 500 1542 534 Quippe
1567 499 1687 533 Capham
1717 500 1807 534 profe-

1013 551 1084 579 ctus,
1101 551 1184 574 totam
1198 547 1259 574 istic
1275 547 1390 573 hiemem
1405 544 1476 574 iliam
1488 547 1630 581 transegit.
1644 546 1712 573 Cum
1726 551 1807 574 a‘slas

1013 591 1183 624 appetiisset,
1197 598 1268 617 anno
1279 591 1328 618 991
1347 590 1423 626 (Chr.
1438 590 1518 622 1584)
1545 590 1618 617 misit
1635 598 1667 616 eo
1679 589 1805 617 sultanus

1014 637 1132 667 llluraLcs
1146 636 1254 663 fratrem
1270 636 1447 663 llluehemetis
1461 635 1564 668 Talari,
1577 636 1620 662 cui
1636 643 1733 662 nomen
1747 640 1805 662 erat

1016 683 1084 709 l-lan
1098 683 1178 710 chan.
1196 683 1220 710 ls
1235 683 1366 710 hactenus
1386 682 1581 710 asservabatur
1596 683 1666 712 apud
1683 682 1804 709 Iconium

1015 730 1110 756 urbem
1136 730 1216 756 Asiu'.
1242 729 1319 756 Nune
1340 737 1404 757 vero
1419 730 1539 764 Capham
1559 736 1591 756 co
1611 729 1728 755 consilio
1744 729 1806 754 mit-

1016 776 1132 804 tebatur.
1148 781 1177 802 ut
1197 776 1299 802 (lsman
1321 776 1400 803 bassa
1418 780 1513 802 necato
1529 775 1699 802 Muchemetc
1715 782 1805 808 regem

1017 822 1088 848 liune
1104 822 1208 849 Krraiis
1227 821 1334 849 Tataris
1362 822 1423 849 loco
1439 821 1618 848 Muchemctis
1634 820 1721 847 daret.
1737 820 1805 847 Cum

173 865 264 892 munis
278 866 384 899 generis
400 874 486 893 arma.
504 866 579 893 Sciat
599 870 689 893 autem
707 867 801 897 lector,
819 872 961 901 pruptcrra
979 861 999 890 Β
1016 868 1104 895 lslaue
1129 867 1218 894 chanc
1235 867 1350 895 Muralis
1377 867 1507 894 mandato
1522 867 1642 901 Capham
1667 867 1807 899 navigaxit

176 911 261 938 fuisse
279 912 376 938 Murali
403 913 516 940 chanem
534 912 605 939 hunc
619 913 780 940 Tatarorum
804 913 960 941 Mucheme-

174 961 228 986 tem
258 957 406 994 obligatum
431 958 463 985 ad
483 959 639 986 educendos
670 959 852 986 mitlendasva
878 960 960 986 domo

174 1011 288 1031 suorum
304 1004 407 1039 copias.
421 1004 447 1031 in
460 1012 652 1039 quemcunque
678 1005 765 1031 visum
783 1004 879 1030 Murali
895 1003 961 1031 fuis-

174 1054 217 1076 set
232 1049 348 1082 hostem,
367 1054 391 1077 et
410 1058 575 1085 quocunque
590 1056 723 1084 tempore,
756 1050 828 1085 quod
845 1050 960 1084 singulis

173 1095 252 1122 anuis
272 1104 304 1123 co
322 1097 429 1123 nontine
452 1105 501 1131 pro
519 1104 547 1122 se
563 1096 673 1131 suisque
692 1097 809 1123 ducibus
826 1096 961 1131 acciperet

172 1149 188 1168 ται
204 1140 307 1168 Mur-ate
320 1150 454 1169 summam
469 1142 647 1169 ducentorum
675 1141 735 1175 plus
751 1141 874 1167 initmsve
897 1140 960 1167 mil-

174 1187 239 1214 lium
256 1188 475 1221 sultaninorum:
491 1192 587 1222 pneter
601 1188 737 1223 impensas
752 1188 876 1218 diurnas,
892 1195 960 1220 qua-

175 1241 234 1260 rum
251 1234 274 1261 ei
305 1234 424 1266 nomine,
452 1242 500 1268 pro
527 1242 603 1262 more
629 1235 759 1265 Turcieo,
789 1234 911 1269 singulos
934 1235 959 1260 iu

173 1280 231 1307 dies
243 1280 317 1315 aspri
333 1281 406 1307 mille
430 1282 655 1309 numerabantur.
675 1281 793 1308 Tatarus
811 1281 856 1308 ubi
871 1289 884 1307 a
905 1281 961 1307 Mu-

173 1329 241 1359 ra'tc,
276 1335 337 1361 qua:
359 1327 489 1358 diximus.
518 1327 681 1361 accepisset,
710 1327 827 1357 Crimio,
851 1327 961 1354 civitate

173 1373 302 1406 regiaque
319 1380 380 1403 sua.
406 1373 536 1406 discedit,
555 1380 639 1408 seque
664 1372 844 1408 Temircapim
871 1381 961 1408 perre-

174 1424 281 1445 cturmn
294 1419 413 1446 simulat.
431 1418 482 1446 Sed
503 1419 642 1453 aliquanto
658 1420 747 1454 spatio
763 1426 923 1454 progressus
946 1427 960 1445 a

173 1463 286 1494 Crimio.
300 1464 409 1491 domum
434 1465 591 1495 revertitur,
621 1472 682 1491 cum
700 1464 781 1491 modo
800 1463 857 1491 suis
878 1463 902 1490 id
932 1471 962 1490 se

176 1509 266 1538 facere
285 1510 397 1543 diceret,
423 1509 458 1537 ob
485 1511 550 1536 anni
581 1514 768 1544 tempestates,
798 1509 958 1545 profectioni

176 1557 324 1589 advorsas;
343 1556 424 1583 modo
436 1556 602 1590 SUSpicionis
617 1564 710 1589 causa,
724 1564 805 1591 quam
822 1556 855 1583 de
874 1555 962 1582 fratri-

176 1603 227 1630 bus
251 1602 310 1630 suis
340 1602 531 1637 concepisset;
554 1602 635 1629 modo
656 1607 767 1636 propter
792 1602 962 1631 Cosakorum

175 1652 266 1679 motus
295 1648 347 1683 (sic
361 1648 532 1682 appellantur
546 1649 573 1675 in
588 1648 744 1676 llloldarieis
758 1648 964 1683 Valachicisque

176 1692 286 1723 finibus,
303 1693 348 1727 qui
369 1692 518 1724 Martelosi,
534 1692 662 1725 Uscochi,
682 1692 810 1720 Morlachi
835 1693 964 1720 dicuntur

177 1740 203 1766 in
222 1738 376 1773 Ungaricis,
396 1739 534 1768 Croatinis
553 1745 580 1766 et
606 1739 766 1766 Dalmatinis
783 1746 791 1767 :
816 1739 869 1766 nisi
891 1738 963 1773 quod

176 1785 280 1819 majore
298 1793 412 1812 numero
426 1785 523 1812 Cosaki
546 1794 601 1813 rem
618 1785 738 1820 gerunt),
755 1784 801 1819 qui
826 1785 963 1812 contemni

176 1838 230 1862 non
249 1835 368 1864 possent,
384 1837 445 1857 cum
463 1838 516 1858 non
538 1831 640 1857 dudum
658 1830 725 1857 adeo
742 1829 876 1857 Potocova
885 1829 964 1856 Polo-

175 1868 212 1902 no
225 1875 304 1908 duce,
323 1875 466 1902 finitimam
483 1876 534 1903 sibi
554 1875 726 1908 Benderiam,
745 1874 965 1910 Osmanicijuris

178 1923 320 1957 oppidum,
337 1929 432 1949 versus
446 1921 558 1956 Nigrum
579 1930 653 1950 mare
670 1923 763 1954 situm,
779 1923 900 1957 ceperint
925 1927 966 1948 at-

176 1976 231 2001 que
270 1968 544 2001 diriptterintznunc
571 1969 618 1995 has
643 1969 772 2003 denique,
806 1977 877 1994 nime
905 1969 966 1995 ilias

176 2022 274 2042 causas
285 2019 312 2041 et
335 2015 531 2041 excusationes
559 2015 740 2048 pnetendens,
762 2015 964 2049 expeditionem

178 2061 276 2094 Murali
294 2061 457 2095 promissam
474 2068 528 2086 non
548 2061 679 2094 suscrpit.
698 2060 828 2094 Equidem
852 2061 885 2087 de
901 2061 967 2087 viris

177 2105 359 2140 sapientibus,
373 2111 400 2133 et
415 2105 538 2136 Ture-ica:
555 2105 742 2132 fraudulentiat
754 2105 857 2139 gnaris.
871 2105 968 2132 audire

178 2153 309 2184 memini,
335 2153 494 2179 conclusum
521 2151 548 2178 in
579 2151 693 2178 Muralis
724 2151 808 2178 fuisse
833 2152 966 2182 consilio.

178 2197 309 2226 'l'atarum
327 2197 446 2226 Chanem
476 2198 569 2232 procul
595 2197 628 2224 ad
644 2202 761 2224 remotas
789 2197 848 2224 illas
872 2197 968 2231 regio-

179 2253 228 2272 nes
239 2244 419 2280 ablegandum
438 2253 444 2271 :
461 2249 489 2270 ut
515 2243 638 2276 interim,
655 2244 718 2270 dum
737 2244 845 2271 abesset
872 2243 965 2276 domo,

179 2300 293 2326 regnum
308 2291 377 2325 ejus,
395 2290 467 2324 quod
486 2291 567 2317 etiam
582 2292 726 2324 czetcroqui
742 2290 841 2317 sultani
854 2289 967 2316 Muralis

179 2338 363 2377 contineretur
380 2336 503 2370 imperio,
520 2337 546 2363 in
569 2336 685 2363 formam
703 2337 909 2370 beglerbegatus
927 2343 967 2361 re-

177 2384 326 2418 digerctur.
356 2384 394 2410 Ae
418 2383 476 2410 ficri
508 2386 608 2417 potest,
630 2383 680 2409 has
705 2391 766 2410 eum
791 2382 968 2410 subolfecisse

179 2429 330 2456 'l'urcorum
349 2429 472 2459 insidias,
488 2428 604 2463 ideoque
619 2427 797 2463 profectionis
812 2427 966 2464 consilium

180 2481 309 2507 mutasse,
329 2477 427 2502 nedum
452 2475 549 2502 alienis
567 2474 699 2509 augendis
719 2479 746 2500 et
772 2473 967 2511 conservandis

180 2523 301 2549 intentus
326 2526 406 2552 esset,
441 2522 558 2556 propriis
582 2525 736 2548 exueretur.
766 2519 831 2547 Utttt
850 2528 912 2550 sese
925 2527 968 2547 res

179 2568 288 2600 habeat,
307 2566 423 2594 Muratcs
438 2568 579 2601 aegerrime
596 2567 697 2599 ferens,
713 2568 764 2594 hoc
789 2567 869 2593 modo
892 2566 968 2593 delu-

178 2620 240 2640 sum
265 2619 294 2639 se
310 2616 412 2638 tantam
430 2619 491 2638 cum
505 2612 637 2646 pecuniaz,
660 2617 715 2638 tum
745 2611 858 2637 aliarum
877 2618 966 2637 rerum

176 2658 313 2694 iacturam
329 2657 436 2690 fecisse,
466 2658 587 2692 cogitare
604 2666 665 2685 cum
684 2658 778 2684 animo
801 2664 851 2684 suo
864 2657 897 2683 de
910 2657 969 2682 vin-

177 2704 250 2731 dicta
268 2704 360 2739 ctepit.
374 2703 467 2737 Itaque
484 2703 640 2730 mandatum
656 2703 688 2730 ad
699 2703 844 2730 Osmanem
858 2702 967 2729 bassam

180 2751 274 2782 mittit,
290 2758 346 2786 quo
367 2749 552 2785 pl'mcipiebat,
568 2755 597 2776 ut
608 2750 645 2776 ibi
658 2750 775 2784 primum
789 2749 813 2775 id
829 2749 879 2783 ipsi
892 2756 968 2774 man-

178 2796 272 2823 datum
286 2797 430 2824 offerretur
444 2805 451 2823 z
463 2796 524 2824 istic
532 2805 581 2823 suo
592 2796 821 2830 locorelinqueret
831 2794 967 2822 Ciafcrcm

179 2843 288 2871 bassam
319 2845 354 2880 (is
381 2843 528 2879 aliquando
553 2843 709 2871 'l'emcsvari
730 2842 906 2878 beglcrb-gus
940 2843 966 2869 in

1013 913 1136 941 Uluzalis
1152 913 1298 947 prtefcctns
1315 913 1410 945 maris,
1428 921 1490 940 cum
1512 913 1619 948 aliquot
1634 913 1805 945 triremibus,

1012 967 1062 987 nec
1090 959 1223 987 mediocri
1250 959 1441 994 genizarorum
1467 960 1556 986 Portzr.
1581 959 1806 993 sclopctariormn

1013 1006 1152 1042 praesidio.
1166 1006 1316 1040 Postquam
1335 1006 1361 1033 hi
1379 1005 1500 1040 Capham
1514 1005 1695 1040 appulissent.
1712 1004 1806 1032 infelix

1013 1053 1057 1080 ille
1073 1052 1259 1079 Muchemetes
1285 1053 1354 1079 chnn
1384 1052 1509 1079 desertus
1524 1060 1538 1078 a
1555 1052 1622 1083 suis,
1645 1056 1672 1079 et
1696 1051 1806 1086 potissi-

1013 1107 1086 1125 mum
1102 1100 1225 1132 proditus
1243 1106 1257 1125 a
1272 1098 1367 1125 Kihaia
1399 1099 1455 1125 sire
1473 1097 1600 1132 praefccto
1628 1098 1712 1124 curia:
1738 1105 1806 1128 sum,

1013 1144 1169 1171 Tun-orum
1200 1144 1227 1171 in
1251 1151 1349 1171 manus
1374 1145 1470 1170 venit:
1487 1148 1514 1170 ct
1538 1143 1571 1170 ab
1592 1143 1642 1173 cis.
1665 1151 1718 1169 una
1743 1150 1807 1168 rum

1012 1191 1119 1218 duobus
1141 1191 1214 1222 ﬁliis,
1229 1191 1298 1218 eliso
1313 1196 1423 1226 gutture
1436 1190 1621 1222 strangulatus
1636 1189 1695 1215 fuit.
1710 1189 1737 1215 lu
1748 1190 1807 1222 eius

1012 1237 1103 1264 locum
1127 1244 1188 1263 mox
1205 1237 1239 1263 ab
1257 1236 1334 1271 ipsis.
1354 1237 1462 1263 nemine
1485 1237 1650 1270 refragante,
1675 1235 1808 1262 suffer-Ius

1013 1287 1055 1309 est
1069 1283 1140 1309 lslan
1159 1284 1241 1315 ehan,
1260 1291 1291 1310 cx
1310 1283 1421 1310 decreto
1436 1282 1534 1309 sultani
1558 1282 1681 1312 Muralis,
1708 1286 1737 1307 ut
1753 1280 1807 1306 Ke-

1014 1329 1133 1356 raiorum
1146 1329 1309 1356 'f‘alarorum
1325 1330 1395 1356 chan
1411 1329 1469 1356 sive
1483 1337 1528 1356 rex
1545 1333 1629 1355 esset.
1643 1328 1720 1355 Alius
1743 1327 1807 1361 qui-

1013 1376 1075 1404 dam
1091 1376 1163 1403 filius
1189 1376 1248 1410 ejus
1268 1376 1300 1402 ad
1333 1374 1498 1410 Nogaiorum
1522 1375 1684 1401 'l‘atarorum
1708 1373 1808 1408 princi-

1014 1427 1225 1455 pem,soecrum
1239 1428 1331 1452 suum,
1356 1420 1487 1455 profugit.
1511 1420 1673 1447 Muchemcti
1696 1419 1805 1453 quidem

1013 1474 1068 1494 non
1098 1466 1246 1499 immerito,
1273 1471 1384 1500 propter
1411 1466 1576 1501 impietatem
1607 1473 1670 1499 erga
1702 1469 1805 1498 patrem

1014 1504 1186 1544 εἰει-61111111,
1217 1512 1351 1544 ejusmodi
1385 1519 1460 1538 mors
1490 1511 1622 1545 obtigisse
1653 1510 1808 1537 \crosim'le

1015 1558 1132 1585 videtur.
1148 1557 1215 1584 Nam
1230 1554 1290 1584 cuin
1314 1557 1337 1585 is
1351 1557 1426 1584 senio
1454 1557 1605 1589 confectus,
1630 1565 1725 1588 p-u'nm
1753 1556 1808 1581 tilio

1017 1607 1159 1638 putaretur
1172 1602 1205 1629 ad
1230 1601 1455 1636 gubernationem
1475 1601 1607 1632 ith'tcliS,
1633 1607 1683 1634 ope
1705 1598 1805 1624 sultaui

1016 1648 1126 1676 Turcici
1143 1652 1247 1681 patrem
1263 1647 1392 1674 abdicare
1412 1655 1441 1674 se
1457 1653 1542 1681 regno
1558 1650 1683 1679 coegerat
1698 1645 1807 1670 Muclw-

1018 1699 1113 1724 metrs.
1130 1694 1210 1728 idque
1236 1701 1298 1720 mox
1333 1693 1359 1720 in
1394 1700 1424 1720 se
1461 1692 1669 1719 transtulerat:
1702 1690 1810 1718 Tata'is

1019 1740 1129 1768 fratrem
1158 1740 1218 1774 ejus
1253 1738 1366 1766 lslanem
1396 1739 1511 1766 chanem
1542 1737 1735 1772 poscentibus,
1764 1736 1808 1763 cui

1016 1793 1092 1823 pater
1110 1787 1191 1814 etiam
1222 1786 1308 1821 magis
1327 1785 1446 1812 favebat.
1459 1785 1530 1811 lslau
1557 1792 1617 1812 cum
1638 1784 1691 1810 alio
1714 1783 1808 1815 fratre,

1018 1840 1082 1860 natu
1117 1835 1235 1865 minore,
1264 1832 1430 1860 Polonorum
1461 1831 1494 1858 ad
1524 1839 1615 1865 regem
1641 1830 1809 1865 Stephanum

1018 1879 1168 1911 Batorium,
1198 1878 1322 1905 fratcrnze
1336 1877 1505 1904 crudelitatis
1531 1881 1615 1904 metu.
1632 1884 1660 1903 se
1683 1875 1809 1903 contulit.

1018 1925 1122 1959 Rogaui
1158 1923 1335 1951 Muchemelis
1363 1923 1486 1950 sultanus
1519 1922 1652 1949 Turcicns
1676 1921 1809 1948 Polnmun

1018 1981 1108 2008 regem
1127 1977 1214 2005 urget,
1230 1972 1266 1997 uti
1286 1971 1337 1997 sibi
1355 1970 1529 1997 dederentur.
1551 1969 1631 2004 377
1650 1969 1714 1995 Erat
1739 1969 1809 2002 apud

1018 2019 1123 2046 Turcos
1152 2018 1372 2053 TranSsylranus
1399 2017 1520 2050 quidam,
1557 2015 1704 2042 Marchalzi
1745 2015 1810 2042 Paul

1018 2066 1100 2099 vulgo
1111 2065 1211 2096 dictus,
1229 2064 1254 2090 id
1269 2069 1309 2090 cst
1327 2063 1426 2090 Paulus
1440 2062 1633 2091 lllarchatzius,
1656 2062 1701 2095 qui
1728 2062 1811 2089 rubus

1019 2110 1232 2145 Transsylranis
1247 2109 1394 2136 insidiatus
1411 2108 1509 2134 fuerat.
1529 2107 1594 2133 lium
1616 2107 1734 2134 vicissim
1750 2115 1812 2138 ιιι-ς-

1019 2158 1090 2185 conti
1104 2157 1160 2191 regi
1174 2164 1237 2190 spes
1252 2155 1342 2189 aliqua
1356 2154 1504 2183 deditionis
1520 2154 1600 2180 farta.
1627 2153 1765 2185 Quamobr
1785 2161 1810 2178 in

986 2209 1006 2236 D
1022 2202 1137 2230 Tatares
1157 2203 1254 2228 fratres
1274 2201 1382 2227 sultano
1399 2200 1491 2231 mittit,
1505 2199 1551 2234 qui
1567 2204 1657 2225 tamen
1673 2198 1778 2224 Polenu
1794 2209 1808 2222 ιι

1021 2249 1187 2280 ludificatus,
1202 2246 1337 2282 promisso
1347 2254 1402 2272 non
1414 2246 1500 2272 stctil.
1513 2246 1615 2271 Auctor
1627 2244 1699 2270 eriim
1713 2245 1812 2270 (ἰωὴ-11-

1019 2296 1054 2323 do
1068 2294 1128 2327 fuit,
1146 2299 1174 2320 ut
1194 2293 1458 2320 musnlmnnissaret.
1476 2292 1551 2324 Quod
1570 2299 1630 2318 cum
1649 2291 1671 2318 is
1689 2290 1809 2321 feci~sct,

1022 2340 1151 2375 religione
1178 2347 1208 2366 se
1227 2338 1365 2374 prohiberi
1393 2337 1512 2364 Murates
1536 2337 1636 2364 Polouo
1658 2337 1809 2371 respondit,

1020 2386 1170 2420 quominus
1193 2385 1396 2412 Musulrnanum
1417 2384 1574 2411 Christiano
1595 2384 1628 2411 ad
1644 2383 1808 2418 supplicium

1021 2433 1142 2458 dederet.
1170 2432 1228 2464 lpse
1241 2431 1350 2465 quidem
1368 2429 1552 2456 Marchalzius
1574 2435 1695 2464 apostata
1714 2437 1810 2463 snper-

1021 2478 1078 2500 sles
1091 2473 1179 2500 adhuc
1189 2478 1240 2505 est,
1270 2473 1395 2500 Babotzrc
1414 2473 1569 2508 prarfertus.
1596 2474 1665 2499 haud
1690 2473 1810 2507 procula

1021 2516 1124 2550 Zigeto,
1159 2521 1185 2543 et
1209 2517 1326 2544 lbrahim
1346 2517 1395 2551 bcg
1421 2517 1518 2544 Turcis
1550 2525 1621 2544 Imnc
1648 2517 1809 2552 appr-ﬂatur.

1020 2564 1129 2592 Tataris
1156 2564 1286 2592 fratribus
1319 2564 1558 2599 Cunstautinepoli
1588 2566 1750 2599 degentibus
1784 2566 1809 2593 in

1021 2611 1102 2637 domo
1114 2610 1204 2637 Zausii
1224 2611 1365 2644 cujusdam
1382 2611 1483 2644 Ungari
1498 2611 1581 2643 senis,
1597 2612 1659 2644 fuga
1677 2616 1740 2638 natu
1759 2612 1810 2638 mi-

1021 2664 1070 2683 nor
1088 2658 1120 2683 ad
1137 2657 1356 2684 l'ersasclabitm‘
1374 2665 1380 2683 :
1401 2658 1481 2691 cujus
1505 2658 1659 2693 excrnplum
1686 2667 1718 2685 ne
1737 2658 1808 2685 ls'an

1021 2702 1189 2732 imitaretur,
1219 2701 1345 2728 Rhodum
1375 2702 1493 2736 primum
1525 2704 1683 2729 Irin-nribus
1712 2704 1808 2738 (ιι-βω·-

1022 2751 1110 2774 tatur:
1125 2747 1187 2774 inde
1201 2748 1364 2775 lransl'crtur
1380 2748 1510 2777 Iconium.
1525 2748 1623 2775 ibidem
1639 2755 1808 2780 asscrratus.

1021 2793 1107 2820 donec
1140 2793 1248 2820 tandem
1279 2793 1367 2821 factus
1396 2794 1480 2824 liber.
1513 2794 1588 2820 fratri
1627 2794 1808 2826 Muchcmcti,

1021 2839 1252 2875 quemadmodum
1280 2840 1335 2874 jam
1364 2840 1559 2874 imlicavimus,
1586 2841 1810 2868 substitucrctur.
