1962 3071
206 167 261 200 691

821 157 989 190 JOANNIS
1009 157 1241 188 LEUNCLAVII

1785 151 1845 183 ’ῖῦοι

208 224 369 258 posuerant.
386 220 548 246 Accesserat
571 215 613 243 vir
632 215 736 248 integer
761 221 793 240 ac
813 213 925 240 minimc
951 220 996 239 su-
1015 214 1038 242 Α
1052 220 1099 239 cos
1114 211 1243 243 venisset,
1280 217 1341 245 qua:
1367 209 1394 236 in
1419 208 1537 235 medirtrn
1556 208 1589 235 ab
1607 213 1720 242 utroqttc
1736 207 1839 241 profer-

209 269 357 303 spiriosus.
375 264 547 294 Mouebatur,
577 262 698 289 Cosacos
714 259 751 287 uti
779 260 928 289 desereret,
943 262 997 285 sta-

211 316 313 348 timque
325 318 416 346 regem
432 310 520 338 adiret
538 317 545 335 :
574 316 654 343 quetn
674 312 768 334 sancte
800 306 999 341 pollicebantur

211 361 278 389 nihil
294 361 319 387 in
333 367 394 387 eum
413 361 580 385 statttturum
598 356 734 388 asperius.
753 353 818 380 Cum
845 352 897 378 hoc
917 350 999 378 tnodo

210 408 358 440 deceptus,
388 403 420 430 ad
448 401 558 429 comitia
586 408 615 428 se
639 398 799 427 Varsoviam
825 397 998 428 contulisset,

210 453 391 480 deliberatrrtn
412 449 439 476 in
455 453 551 476 senatu
577 447 641 482 quid
659 446 794 481 agendum
812 444 863 471 hoe
880 449 954 471 esset
971 443 998 470 iu

210 495 329 530 negotio.
346 493 440 521 Visum
453 491 549 526 majori
561 496 720 518 senatorum
734 490 814 524 parti,
826 496 998 524 nequaquam

210 539 350 568 hominem
375 538 576 569 Christianum,
593 536 709 563 militem
739 535 887 567 Polonurn,
909 533 998 560 virum

210 586 330 619 denique
359 583 470 616 fortem,
507 583 553 617 qui
568 583 668 609 robore
691 581 816 616 corporis
845 579 999 608 admirabili

211 630 317 658 cunctis
330 630 357 656 iu
372 637 404 656 eo
423 635 508 663 regno
537 631 692 662 praestaret,
710 626 829 653 barbaro
844 630 946 653 certam
965 625 999 651 ad

211 684 306 705 necem
321 675 503 711 prodendum.
527 676 562 700 At
583 674 726 704 Zausiurn,
740 679 820 705 quam
833 669 1000 698 commodis-

212 723 291 751 simis
309 722 367 750 ﬁeri
379 725 480 756 posset,
490 719 660 756 purgandum
675 717 842 745 rationibus.
856 716 935 744 Omni
952 716 998 743 de-

213 767 296 802 nique
310 767 390 794 modo
413 765 611 793 consulendum
631 764 717 798 ipsius
732 763 823 793 saluti,
855 761 902 796 qui
931 760 998 788 salvi

213 818 384 842 commeatus
413 812 480 847 regii
499 811 635 847 promisso
653 810 751 842 fretus,
769 807 930 836 Varsoviam
952 814 998 833 ve-

213 861 272 889 nire
287 869 342 888 non
373 859 536 887 dubitasset.
554 857 610 883 Rex
638 855 793 890 Stephanus
808 862 822 881 c
837 854 947 894 diverso
963 853 1001 880 di-

213 913 288 938 cere,
307 905 359 933 sub
378 904 430 931 fide
446 903 557 939 quidem
575 902 681 937 publica
707 895 871 927 Putocmatn
888 898 1003 926 arcessi-
1020 899 1040 926 Β

214 958 284 985 tttm,
317 953 364 980 sed
377 951 456 978 aliter
475 957 534 977 eam
549 949 640 976 datam
656 955 710 975 non
727 946 852 980 intelligi,
868 945 918 973 nisi
934 953 1002 980 qua-

214 1004 294 1027 tenus
303 1006 415 1026 causam
430 1004 506 1024 suam
522 996 624 1031 justam
638 995 738 1021 docere
758 993 927 1028 probareque
941 999 1003 1026 pos-

213 1050 265 1074 set.
286 1045 365 1072 Nune
381 1051 444 1071 vero
467 1051 530 1071 cum
564 1047 664 1077 pateat,
685 1049 746 1068 eum
773 1045 869 1067 contra
890 1038 1002 1066 fordcris

213 1096 293 1128 pacta
310 1096 443 1119 conventa
456 1090 566 1123 fecisse,
581 1089 650 1124 quod
670 1087 861 1122 indignissime
876 1086 1003 1114 sultanus

213 1138 332 1166 Muratcs
360 1137 459 1164 ferat:
489 1144 543 1164 non
574 1143 654 1170 posse
672 1134 845 1168 l'mdil'ragum
872 1133 1002 1168 pacisque

213 1185 331 1221 publicae
347 1184 506 1211 violatorem
536 1183 602 1209 salvi
620 1187 791 1208 commeatus
807 1180 874 1214 regii
898 1179 1000 1206 beneﬁ-

214 1231 257 1259 cio
283 1231 348 1258 frui.
366 1230 480 1257 Auditus
498 1237 560 1256 esse
585 1229 707 1255 minaces
729 1226 829 1254 sultani
848 1226 1003 1253 Turcorum

214 1276 329 1308 litteras,
342 1276 422 1309 cujus
435 1276 489 1301 iras
504 1275 525 1301 si
545 1274 612 1300 lauti
628 1281 682 1300 non
696 1273 826 1305 facerent,
843 1279 873 1299 ac
886 1271 1002 1299 l’otoco-

210 1330 274 1349 vam
292 1321 383 1356 potius
407 1326 545 1348 servatqu
562 1320 669 1350 vellent,
699 1326 728 1345 se
750 1318 859 1352 quidem
878 1318 1002 1352 ipsorum

215 1369 348 1396 Voluntati
364 1376 417 1395 non
431 1369 651 1397 adversaturum,
667 1366 789 1398 satisque
806 1365 942 1392 facturum
961 1363 1004 1390 of.

216 1415 278 1442 licio
295 1422 344 1441 suo
369 1421 463 1441 contra
480 1413 592 1448 quosvis
609 1412 684 1447 regni
704 1413 816 1438 hostes:
835 1418 947 1438 tuonere
964 1415 1003 1437 ta-

216 1468 279 1488 men
296 1468 328 1487 ne
340 1460 411 1487 bello
422 1459 598 1486 Mosrovitico
616 1458 731 1484 necdum
748 1457 885 1488 confecto,
919 1464 1003 1483 novas

217 1512 318 1534 temere
329 1506 380 1533 sibi
401 1505 576 1532 cumularent
593 1504 760 1530 inimicitias.
786 1503 842 1530 lloc
858 1503 939 1530 modo
960 1497 1004 1530 ee-

216 1553 345 1580 dentibus
361 1552 442 1587 regite
456 1551 598 1578 seuteutim
615 1550 737 1581 Polouis,
749 1556 885 1584 srrnrptrrur
903 1550 935 1576 de
953 1549 1002 1577 Po—

217 1603 313 1625 toeova
326 1597 488 1631 supplicium
511 1597 570 1623 fuit.
592 1597 748 1623 Secundum
765 1597 834 1628 lucc,
853 1602 925 1622 anno
949 1594 1004 1621 Ma-

218 1645 365 1672 lrumetauo
380 1644 432 1671 990
447 1643 522 1678 (Chr.
536 1643 628 1677 1585),
644 1643 755 1678 quidam
769 1642 935 1669 Podolovius
951 1641 1004 1669 Po-

218 1691 297 1718 lonus
327 1691 390 1721 (hoc
409 1691 520 1718 nomine
536 1690 776 1725 Constantinopoli
798 1690 1002 1724 appellabatur,

218 1737 264 1764 alii
283 1737 454 1764 Polidovium
470 1738 580 1766 vocanti
594 1737 680 1764 nobili
693 1744 793 1772 genere
804 1736 1004 1768 natus,stuhuli

219 1783 286 1817 regii
295 1782 440 1817 praefectus
450 1783 598 1816 secundus,
609 1791 689 1818 quem
704 1783 783 1818 vulgo
794 1783 1005 1818 subprchcctum

219 1834 330 1860 vocant,
362 1829 462 1856 missus
490 1829 539 1857 fuit
566 1834 641 1857 extra
657 1830 781 1857 ordinem
797 1830 901 1864 legatrrs
916 1837 930 1856 a
948 1830 1007 1856 Ste-

221 1874 309 1910 phano
327 1883 390 1910 rege
415 1883 477 1902 eum
500 1876 598 1903 litteris
633 1876 666 1903 ad
692 1877 832 1904 sultanum
860 1876 1005 1908 Muratem,

218 1921 319 1956 quibus
336 1921 406 1948 inter
423 1921 474 1948 alia
486 1923 637 1956 petebatur,
658 1927 688 1950 ttt
703 1923 726 1949 ei
745 1923 814 1958 regis
831 1923 871 1950 srri
896 1923 1007 1949 nomine

220 1967 313 1995 liceret
326 1976 412 2003 equos
427 1969 531 2003 aliquot
551 1976 700 2002 generosos
717 1970 743 1996 in
763 1969 887 1996 Analolia
897 1977 1007 2004 compa-

221 2019 292 2043 rare,
310 2013 409 2046 quibus
427 2013 453 2039 in
474 2012 612 2040 l‘olouiarn
631 2014 755 2041 deductis
774 2017 821 2049 pro
838 2022 867 2041 se
885 2023 931 2041 rex
951 2019 1008 2042 ute-

222 2062 307 2084 retttr.
322 2059 467 2093 lnrpetrato
483 2059 595 2086 Muralis
607 2067 754 2090 consensu.
771 2061 799 2087 in
816 2061 907 2088 Asiam
926 2061 1007 2095 profi-

220 2103 347 2135 ciscitur.
378 2109 405 2130 et
434 2105 530 2138 viginti
558 2112 677 2139 quatuor
711 2113 798 2140 equos
827 2097 953 2140 insignes.
977 2114 1008 2134 ac

222 2150 301 2184 plane
319 2151 406 2185 regios
425 2151 500 2178 emit.
515 2152 582 2178 Cum
607 2152 649 2179 lris
665 2152 691 2178 in
708 2151 844 2187 Europam
860 2153 1007 2188 transjicit,

220 2196 333 2224 domum
356 2205 408 2223 rrou
430 2197 488 2223 sine
515 2198 590 2224 salvo
614 2198 837 2226 sultauiMrrr'atis
854 2206 1008 2226 commeatu

1050 263 1155 288 rentur,
1175 256 1262 283 audit.
1281 255 1361 282 Jabet
1371 254 1499 282 exhiberi
1525 253 1577 281 sibi
1600 259 1655 281 tarn
1682 253 1838 285 Podolovio,

1050 311 1130 338 quam
1143 302 1243 330 Zausio
1256 302 1333 329 datas
1346 309 1360 328 a
1372 301 1480 329 sultarto
1495 300 1600 327 litteras
1614 309 1621 328 :
1637 300 1739 335 quibus
1750 301 1840 334 inspe-

1049 350 1112 382 ctis,
1129 357 1190 376 cum
1206 349 1298 376 Zausii
1325 347 1482 375 mandatum
1498 347 1636 374 recentius
1652 354 1712 373 esse
1737 355 1839 381 cogno-

1050 397 1144 427 visset,
1174 395 1225 422 viur
1243 395 1344 430 prioris
1360 390 1527 428 exspirasse.
1548 394 1709 428 posterioris
1728 401 1841 420 etSecu-

1051 443 1153 470 tionem
1175 442 1290 476 requiri.
1311 441 1483 476 pronuntiat.
1513 440 1636 473 Coeptum
1653 447 1718 474 ergo
1733 439 1814 466 rediri
1833 447 1839 465 :

1051 496 1168 523 eumque
1180 489 1212 515 de
1229 489 1271 514 via
1288 487 1361 522 regia
1388 495 1450 514 eum
1469 486 1509 514 eis
1528 486 1646 513 Zausius
1672 486 1840 516 dellectcrct,

1052 540 1179 562 monetur
1203 543 1217 561 a
1243 534 1331 569 legato
1343 534 1414 560 viam
1433 533 1472 560 uti
1487 533 1588 567 regiam
1618 537 1718 559 teneat.
1743 531 1842 559 Occia-

1053 587 1108 608 rnat
1126 582 1269 613 barbarus,
1292 581 1386 615 ipsene
1404 580 1515 607 sultano
1544 578 1781 606 Musulmauorum
1812 587 1843 605 ac

1052 628 1109 666 suis
1132 629 1159 654 in
1177 635 1260 663 regno
1277 634 1328 654 suo
1340 626 1519 662 prarscribere
1537 625 1612 660 leges
1625 625 1716 656 vellet,
1729 632 1784 658 quo
1799 632 1842 650 re-

1053 674 1193 701 ducendus
1210 679 1281 702 esset
1295 673 1393 700 itinere
1410 672 1482 700 ?Sic
1497 672 1581 706 igitur
1598 671 1666 698 itrrrn
1684 671 1711 697 itt
1732 670 1842 700 silvam,
1866 666 1871 671 “

1055 721 1100 748 ubi
1119 722 1151 747 ad
1171 724 1284 747 mortem
1301 726 1397 754 parare
1413 727 1441 746 se
1457 719 1587 753 jubettttrr
1609 725 1714 750 omnes,
1730 725 1762 743 ex
1780 724 1845 743 sen-

1055 767 1141 794 tentia
1157 766 1276 793 mandati
1294 765 1436 793 srtllattini.
1460 765 1543 791 Erant
1558 764 1582 791 ei
1596 764 1708 798 triginta
1724 769 1845 797 quatuor

1055 814 1160 845 famuli,
1178 813 1279 848 quibus
1293 813 1390 840 orditte
1413 811 1559 838 trucidatis
1581 811 1647 844 (uno
1667 815 1772 838 tantum
1797 818 1845 836 ex-

1056 865 1134 894 cepto
1151 867 1243 894 puero,
1262 859 1309 894 qui
1324 858 1439 886 solerter
1455 858 1481 884 in
1498 857 1593 884 silvam
1612 856 1770 891 profugiens
1782 863 1847 882 eva-

1055 907 1125 934 sisse
1139 905 1321 940 perhibetur),
1338 905 1437 932 ultimo
1449 904 1609 934 I’odolovio,
1625 908 1684 938 post
1700 907 1847 936 COIICt‘IIII‘S

1056 953 1089 980 ad
1103 954 1186 980 Dcuru
1206 960 1313 986 preces,
1339 956 1420 986 caput
1443 955 1613 985 amputatum
1631 958 1644 976 a
1663 949 1764 977 Zausio
1782 948 1844 975 fuit.

1056 999 1110 1026 [les
1127 1007 1224 1026 omnes
1239 998 1322 1033 379
1336 998 1421 1033 ipsius
1434 1002 1460 1024 et
1482 999 1611 1024 comitum
1641 996 1757 1024 Zausius
1773 996 1848 1022 Con-

1055 1045 1340 1080 stantinopolim,cum
1350 1045 1428 1078 equis
1439 1044 1534 1078 regiis,
1543 1043 1664 1070 deduxit.
1679 1043 1758 1077 Equi,
1768 1043 1845 1075 jussu

1056 1092 1181 1121 Muralis.
1198 1092 1294 1125 partim
1316 1091 1485 1125 sultaninum
1506 1091 1532 1117 irt
1558 1090 1690 1119 saraium.
1707 1089 1740 1116 ad
1760 1089 1846 1121 ipsius

1055 1138 1167 1164 Muralis
1182 1145 1256 1168 usus,
1267 1137 1368 1171 recepti
1380 1146 1386 1163 :
1399 1137 1497 1170 partim
1508 1137 1579 1162 inter
1591 1136 1685 1162 bassas
1695 1135 1846 1164 distributi.

1054 1185 1202 1219 digitisque
1221 1183 1353 1218 singulari
1370 1191 1430 1210 eum
1448 1182 1600 1217 ignominia
1621 1181 1751 1217 Stephani
1774 1181 1848 1216 regis

1055 1230 1159 1266 passim
1176 1230 1319 1257 monstrati
1337 1230 1458 1256 frrertrnt.

1090 1277 1158 1305 Cum
1182 1277 1239 1304 haec
1266 1284 1311 1310 pur
1334 1281 1493 1303 autumnum
1521 1275 1696 1305 accidissent.
1711 1277 1774 1302 anni
1804 1283 1848 1301 sc-

1055 1323 1164 1359 quentis
1181 1323 1231 1350 991
1252 1323 1336 1355 ((Ihr.
1363 1322 1449 1356 1584)
1477 1323 1555 1349 initio
1595 1323 1668 1349 venit
1692 1321 1846 1349 Grocluam.

1055 1378 1115 1406 quae
1136 1371 1161 1398 in
1183 1369 1330 1397 Litlruauia
1347 1369 1402 1396 sita
1415 1374 1467 1401 est,
1483 1370 1515 1396 ad
1536 1369 1704 1403 Stephanum
1731 1368 1850 1395 Poinnitc

1054 1425 1145 1452 regem
1160 1417 1259 1444 missus
1282 1424 1296 1443 a
1310 1416 1417 1443 sultano
1430 1416 1536 1442 Murate
1550 1415 1706 1448 Mustaplras
1721 1414 1848 1442 Zausirrs.

1055 1461 1101 1496 qui
1122 1462 1222 1488 caedem
1251 1461 1329 1495 legati
1359 1461 1425 1496 regii
1450 1461 1601 1492 Podolovii,
1630 1460 1664 1488 de
1689 1468 1741 1494 qua
1768 1461 1850 1486 modo

1055 1508 1169 1539 dictum,
1193 1511 1344 1535 excusaret.
1377 1508 1472 1534 Aiebat
1501 1507 1534 1540 is,
1571 1507 1641 1534 falso
1676 1512 1764 1533 tamen
1794 1515 1850 1533 t‘r'ttl

1056 1562 1201 1588 narrans,
1238 1555 1313 1582 illum
1339 1554 1424 1581 fuisse
1461 1558 1600 1582 necatum.
1634 1553 1708 1580 nullo
1750 1553 1851 1579 sultarti

1057 1602 1168 1629 Muratis
1184 1601 1382 1630 interveniente
1393 1601 1484 1636 jussu,
1513 1608 1574 1628 cum
1589 1601 1762 1635 prmscriptos
1778 1601 1853 1634 lega—

1057 1648 1124 1676 tioni
1151 1648 1250 1675 limites
1270 1655 1406 1682 egressus,
1423 1647 1516 1682 copias
1540 1647 1670 1674 Turcieas
1698 1650 1852 1680 spectatum

1057 1695 1189 1726 venisset,
1209 1702 1268 1728 qua:
1283 1699 1338 1720 ttrrn
1367 1695 1498 1728 temporis
1524 1698 1619 1720 contra
1647 1692 1744 1720 Persas
1762 1694 1854 1720 mitte,-

1058 1741 1177 1767 bautur.
1203 1740 1281 1767 Nunc
1319 1741 1354 1767 ab
1389 1748 1418 1767 se
1449 1740 1577 1767 mandato
1615 1739 1726 1766 Muralis
1755 1740 1853 1766 adduci

1059 1787 1139 1815 cmdis
1158 1791 1302 1819 auctores,
1324 1786 1357 1813 de
1377 1786 1476 1819 quibus
1501 1795 1544 1813 rex
1570 1786 1725 1821 Stephanus
1748 1786 1854 1820 suppli-

1058 1833 1131 1859 cium
1157 1837 1285 1858 suureret,
1303 1831 1371 1865 Quia
1390 1839 1452 1858 vero
1479 1831 1577 1858 Cosaki
1602 1839 1698 1859 recens
1723 1839 1854 1866 magnum

1060 1879 1159 1906 finibus
1169 1878 1292 1906 Turcicis
1303 1879 1431 1905 damnum
1449 1878 1614 1912 intulissent,
1626 1878 1746 1905 vicissim
1762 1884 1856 1912 petere

1059 1925 1208 1958 llluratem,
1233 1929 1262 1952 ut
1281 1925 1369 1952 ablata
1399 1924 1617 1957 restituerentur,
1642 1929 1666 1952 et
1685 1925 1855 1952 Cosakorum

1059 1971 1113 1999 dux
1129 1971 1162 1998 ad
1182 1979 1275 1999 necent
1293 1971 1345 1999 sibi
1366 1971 1524 1998 dederetur;
1536 1970 1653 1999 Venerat
1673 1972 1697 1998 is
1713 1971 1764 1997 hoc
1787 1975 1858 1997 tmt-

1061 2025 1127 2052 pore
1158 2017 1297 2045 Grodnam
1315 2038 1322 2050 ,
1356 2018 1450 2045 eadem
1481 2017 1589 2045 illectus
1616 2017 1855 2044 frarrdulcutorurn

1062 2065 1207 2091 verborum
1240 2072 1321 2097 esca,
1346 2072 1400 2099 qua
1426 2064 1502 2099 prius
1530 2064 1611 2091 etiam
1638 2065 1856 2091 circumventum

1061 2111 1147 2139 fuisse
1169 2111 1335 2138 Polocovam
1354 2111 1483 2138 diximus.
1508 2110 1554 2137 Vir
1574 2115 1631 2137 erat
1651 2110 1805 2141 itt‘liicns‘tls,
1830 2115 1858 2136 ct

1062 2157 1167 2183 Turcos
1181 2157 1205 2182 iu
1222 2156 1321 2183 finibus
1340 2164 1416 2183 more
1433 2164 1482 2183 suo
1513 2161 1599 2183 semet
1624 2156 1786 2183 insolentius
1811 2164 1859 2190 ει·-

1065 2207 1165 2233 rentes,
1198 2203 1342 2237 aliquoties
1368 2203 1516 2230 ceciderat.
1541 2203 1618 2230 llrrnc
1645 2203 1695 2230 sibi
1727 2203 1857 2235 Muralos,

222 2242 373 2270 rediturus.
392 2241 442 2269 Sed
457 2251 518 2269 cum
535 2243 605 2270 forte
620 2250 675 2270 tum
693 2245 754 2270 novi
768 2244 933 2271 Cosaeorurn
953 2252 1004 2271 ruo-

1065 2250 1125 2276 loeo
1143 2249 1257 2276 duortrru
1280 2249 1323 2276 vix
1350 2249 1539 2276 triobolarium
1557 2249 1739 2278 nebulonum,
1757 2249 1859 2282 quiqu-2

223 2292 267 2315 tus
282 2293 309 2315 et
322 2289 493 2316 excursionis
509 2289 620 2316 nuntius
645 2290 677 2316 ad
698 2290 804 2316 Portam
822 2290 951 2323 renisset,
980 2290 1010 2317 il-

223 2334 276 2362 lico
291 2334 408 2362 alrtrates
426 2335 554 2362 Zausium
572 2335 807 2370 Constantinopoli
826 2336 943 2371 ablegat,
962 2337 1008 2371 qui

223 2381 401 2408 Podolovium
418 2388 561 2409 assecutus
575 2383 601 2409 in
621 2383 728 2412 itinere.
753 2389 813 2409 cum
833 2382 1011 2417 suisjugula-

225 2433 276 2460 rel,
306 2433 332 2454 et
346 2436 430 2462 equos
447 2429 544 2463 regios,
565 2436 626 2455 cum
647 2429 754 2456 caeteris
770 2429 849 2463 legari
865 2429 1011 2456 comitum-

223 2481 278 2508 que
294 2475 385 2506 rebus,
407 2475 672 2509 Constantinopolim
687 2474 839 2502 reduceret.
862 2473 944 2502 Vertit
966 2476 1009 2502 hic

224 2519 257 2546 ad
267 2519 450 2546 ~Podolm-ium
478 2528 531 2547 nort
549 2521 642 2555 procul
660 2520 866 2554 lladrianopoli,
897 2521 1009 2547 matula-

225 2570 338 2598 tumque
355 2565 406 2592 sibi
429 2571 521 2592 narrat
541 2574 556 2592 a
585 2566 745 2600 pra‘potenti
763 2555 871 2592 sultano
887 2573 948 2596 suo,
968 2566 1011 2592 lit-

218 2603 291 2636 ‘tcris
305 2610 385 2636 etiam
402 2610 525 2644 prolatis,
541 2616 569 2637 ut
585 2618 646 2638 eum
657 2618 718 2638 ettm
734 2610 810 2645 equis
825 2615 851 2638 el
864 2611 1011 2638 comitibus

224 2656 493 2691 Constantinopolim
507 2658 662 2685 reduceret.
681 2657 767 2692 Negat
780 2658 805 2685 id
825 2665 854 2684 se
872 2657 1010 2684 facturum

224 2701 402 2735 Polodovius,
424 2703 584 2738 litterastjue
601 2704 668 2730 salvi
689 2709 860 2731 commeatus
877 2705 1007 2731 Ostendit.

226 2747 280 2776 Nec
292 2749 352 2780 has,
367 2757 417 2775 nec
434 2748 513 2784 legati
530 2757 686 2784 personam,
707 2754 801 2776 contra
813 2749 859 2784 jus
889 2750 1010 2784 gentium

225 2794 320 2822 violari
336 2795 445 2826 debere.
463 2797 612 2830 prmsmtim
628 2794 641 2823 a
660 2795 923 2829 eoufmderatis,ait.
942 2796 1012 2823 Zan-

225 2842 283 2868 sius
298 2841 331 2868 ad
348 2842 464 2876 proximi
479 2851 508 2869 ra
521 2843 547 2870 iii
566 2842 734 2878 sirejudicis
747 2843 930 2876 cogn'tiouem
953 2851 1013 2876 pro-

228 2893 318 2920 vocat,
336 2889 380 2923 qui
395 2896 409 2917 c
424 2889 483 2917 loco
498 2889 616 2918 maxime
630 2890 721 2918 vicino
735 2890 895 2922 arcessitus,
909 2897 968 2917 cum
980 2890 1011 2916 ad

1068 2295 1191 2323 fortassis
1208 2295 1278 2321 aliud
1295 2295 1330 2321 ob
1347 2295 1510 2321 mali-lirium
1526 2296 1623 2329 capitis
1647 2294 1776 2328 anqu'siti
1799 2294 1857 2322 frte-

1067 2345 1139 2372 raut,
1164 2341 1234 2368 mitti
1256 2342 1375 2368 volebat.
1409 2341 1645 2368 lntercedcntilms
1674 2342 1744 2376 apud
1766 2350 1857 2374 regem

1068 2394 1116 2421 pro
1131 2386 1189 2419 ejus
1211 2386 1399 2413 incolumitate
1420 2386 1564 2420 pra'cipuis
1585 2387 1656 2421 regni
1683 2387 1858 2421 proceribus.

1068 2441 1121 2459 non
1135 2433 1179 2460 ille
1193 2433 1302 2467 qttidcm
1327 2433 1417 2459 'l‘ur'co
1439 2433 1556 2465 delitus,
1584 2433 1630 2460 sed
1655 2439 1744 2459 tamen
1770 2434 1860 2460 lucer-

1067 2483 1123 2505 tttrn
1140 2486 1193 2513 quo
1205 2479 1374 2513 depart-tus.
1396 2486 1529 2514 nusquam
1545 2487 1576 2506 ex
1606 2487 1637 2505 ro
1654 2484 1778 2513 tempore
1792 2487 1860 2507 cort-

1068 2529 1178 2560 spr‘ctus
1202 2525 1262 2552 fuit.
1300 2525 1410 2552 Solebat
1445 2534 1556 2552 narrare
1589 2526 1863 2560 Constantinopolim

1068 2578 1194 2598 reversus
1223 2570 1272 2597 iste
1302 2570 1460 2605 Mustaphas
1497 2571 1632 2600 Zausius.
1663 2573 1710 2606 qui
1742 2580 1795 2599 non
1825 2581 1858 2599 ex

1070 2616 1217 2650 primariis,
1237 2617 1283 2643 sed
1304 2616 1363 2643 vilis
1380 2617 1451 2643 inter
1478 2625 1544 2644 suos
1567 2622 1637 2647 erat.
1665 2627 1694 2645 se
1716 2626 1729 2643 :t
1753 2619 1860 2652 priori.

1071 2663 1114 2696 pio
1132 2662 1317 2696 conspicatum
1336 2663 1471 2690 terribiles
1487 2671 1519 2690 ac
1544 2663 1665 2690 minaces
1691 2663 1860 2690 i'ulzmttrtttrl

1070 2706 1175 2739 oculos,
1190 2707 1224 2732 ob
1241 2707 1378 2741 indignam
1394 2712 1420 2734 et
1436 2714 1528 2734 routra
1543 2709 1588 2741 jus
1605 2710 1725 2743 gentium
1756 2709 1861 2737 admis—

1071 2759 1130 2780 sam
1148 2753 1226 2787 iegati
1247 2753 1310 2787 regii
1328 2756 1428 2780 Ctdutll
1457 2755 1575 2788 graviter
1598 2756 1784 2786 frcnrenliurn,
1807 2765 1861 2783 non

1073 2799 1173 2833 exiguo
1191 2799 1242 2826 sibi
1263 2799 1351 2826 visum
1372 2800 1396 2826 irr
1408 2800 1528 2834 periculo
1544 2801 1655 2829 versari.
1672 2800 1771 2827 Vrrum
1787 2802 1862 2833 quod

1076 2850 1154 2872 antea
1172 2845 1335 2872 Potocovatu
1357 2846 1389 2873 de
1408 2847 1508 2878 nrt-dio,
1526 2855 1580 2881 pra:
1604 2847 1749 2874 formidine
1759 2848 1861 2874 sulturri

1070 2891 1124 2923 sui,
1142 2891 1278 2918 sublatum
1298 2892 1483 2920 meminisset:
1516 2895 1607 2921 animo
1632 2902 1744 2928 pll):‘51l~
1777 2894 1862 2921 elrlir<
