1962 3071
123 117 171 151 ’ἱῡὶ

672 122 718 152 SU
727 122 862 152 PPI,EM.
886 121 1024 152 ANNAL.
1051 121 1204 151 TUliClC.

1698 125 1750 155 τ(ιέ

125 181 212 208 tnato,
237 180 290 203 tam
320 176 465 208 audacter,
493 178 574 205 minis
597 178 677 206 etiam
703 179 869 214 interjectis,
887 175 917 206 iit
931 180 954 210 Α
969 180 1112 210 cubiculis.
1131 183 1261 206 consueta
1281 186 1393 205 munera
1406 179 1512 206 sultano
1524 178 1630 212 Murali,
1649 180 1750 207 Musul-

124 223 253 249 voluntati
274 222 404 258 principis
422 224 464 251 stti
487 225 641 257 satisfiercl,
662 226 783 253 trt‘sisse:
800 226 907 252 tandem

123 275 149 295 ut
164 269 254 296 omnis
268 270 292 296 ci
305 270 472 297 Cosaltorum
483 271 573 306 praeda
587 279 648 298 cum
668 271 791 306 captivis.
807 272 909 306 absque

123 316 280 350 cujusquam
298 315 503 350 impedimento,
522 317 720 350 restitueretur,
736 325 815 353 qnam
842 325 909 352 pene

124 361 368 395 trimnphahundus
401 362 434 388 ad
463 362 604 389 sultanum
635 370 715 390 suum
746 364 908 390 Constanti-

123 409 242 440 nopolim
260 409 362 436 attulit.

154 455 213 481 Jam
226 455 259 482 de
271 455 373 483 nostris
386 456 469 483 etiam
485 456 566 483 rebus
583 460 611 482 ut
623 456 726 490 aliquid
738 456 909 489 intersera-n,

123 505 182 527 ante
197 501 335 528 birnniltm
352 509 411 534 sex,
423 502 483 536 plus
495 502 629 533 minusve,
644 501 796 529 Turcorum
814 503 909 534 millia,

122 546 188 572 duce
201 546 327 580 sangiaco
348 546 535 579 Solnoccensi,
550 547 596 581 qui
622 547 749 581 deinceps
761 547 911 574 Sasuaren-

124 592 160 619 sis
178 591 236 619 sive
249 592 397 627 Zigetanus
408 593 486 620 bassa
497 593 655 620 nominatus
673 593 735 625 fuit,
760 593 858 628 praedm
873 593 911 620 la-

123 638 228 664 cinndze
240 646 322 665 causa
343 638 469 670 collecta,
487 639 625 666 celeritate
649 639 765 673 quadam
787 639 911 672 inexspe-

125 688 194 710 ctata
220 684 357 719 regionem
373 684 558 719 Cepisiensem
575 685 751 712 invaserant:
765 684 909 721 Quodium,

122 730 191 763 quod
210 730 243 757 iis
263 730 289 756 in
317 729 383 757 locis
409 730 569 764 oppidulum
585 737 639 762 εει,
665 731 801 764 direptum
820 731 910 758 incen-

123 776 235 811 derant;
247 776 329 802 multa
339 776 556 804 Christianorum
569 777 656 810 capita
668 784 728 803 cutn
745 776 910 811 amplissima

124 821 211 854 przcda
228 829 320 848 secum
336 821 519 849 abduxcrant.
537 822 604 854 Quia
622 829 685 848 vero
705 822 821 848 reditum
845 822 911 848 isto-

122 875 178 894 rum
199 868 283 894 nostri
300 868 331 894 ad
356 868 477 902 Agriani,
494 877 574 899 quant
603 868 692 895 Erlam
708 869 786 902 vulgo
802 871 910 900 vocant,

123 913 363 947 pra-stolabantur,
389 913 433 940 ubi
469 915 586 949 primum
604 913 684 940 Turri
722 914 908 946 advenissent,

121 959 244 986 dimicari
277 965 410 994 coeptum.
437 960 501 987 licet
528 960 565 987 illi
602 969 718 987 numero
755 961 910 994 superiores

122 1006 221 1033 nostris
240 1011 341 1033 essent.
368 1005 420 1033 Sed
446 1014 507 1034 eum
536 1007 637 1034 nostris
653 1007 754 1033 auxilia
774 1007 909 1034 destinata

122 1053 365 1085 subntittcrcntur,
399 1061 459 1088 qtne
484 1053 654 1087 Ungarornm
682 1062 727 1080 cra
743 1058 756 1080 it
784 1055 907 1088 cquituttt

123 1098 156 1125 ad
167 1093 225 1124 duo
241 1099 344 1125 millia:
369 1099 459 1125 denuo
482 1105 632 1133 pugilatu-tt
662 1100 771 1130 acriter,
797 1108 910 1126 numero

123 1143 231 1173 Turcis,
249 1144 346 1170 virtute
365 1144 466 1171 nostris
492 1144 648 1171 lidentibus.
664 1144 723 1170 Jatn
740 1152 839 1178 auceps
852 1150 910 1171 erat

124 1189 248 1220 victoria,
270 1197 331 1216 cntn
350 1190 455 1224 equites
483 1190 611 1217 Germani
628 1191 782 1224 sclopetarii
800 1195 908 1216 centum

123 1235 319 1269 quinquaginta
336 1236 573 1268 supervenientes,
601 1237 705 1262 nostris
732 1244 791 1262 cam
821 1237 909 1262 vindi-

123 1281 310 1309 carttnt.Nam
329 1290 343 1308 a
364 1282 448 1309 latere
472 1281 624 1309 Turcorum
648 1282 674 1308 in
704 1282 789 1309 aciem
808 1283 910 1308 irrum-

123 1332 228 1361 pentcs.
245 1327 372 1362 displosis
385 1327 513 1362 sclopetis
535 1336 595 1355 eam
608 1329 699 1354 subito
717 1329 857 1354 solverunt
879 1335 910 1354 ac

123 1371 279 1398 turbarunt.
318 1372 448 1400 Ilostibus
477 1373 503 1399 in
529 1372 619 1407 fugam
638 1373 789 1407 cottjcctis,
815 1374 909 1407 plures

123 1425 218 1444 eorum
247 1419 321 1451 cazsi,
350 1426 400 1445 nec
432 1419 575 1454 pauciores
603 1419 696 1453 capti:
723 1419 812 1453 pra-da
848 1427 909 1445 rum

126 1465 270 1499 mancipiis
299 1465 461 1493 Christianis
479 1470 647 1500 recuperata.
677 1465 765 1493 C-edis
797 1466 909 1499 ltlljllSt'e

125 1509 277 1537 Turcorum
303 1511 400 1538 nuntio
416 1510 673 1545 Constantinopolin
691 1512 782 1542 allato,
797 1511 910 1538 mit-ilice

124 1557 281 1591 perturbari
304 1556 456 1584 Turcorum
490 1557 575 1584 anitni
588 1576 596 1584 .
626 1556 709 1583 Sinon
748 1558 827 1584 bassa
841 1577 848 1589 ,
865 1557 910 1591 qui
925 1546 946 1574 (ἶ

126 1608 183 1630 tum
211 1603 393 1630 vezirazentes
418 1608 486 1635 erat.
512 1604 640 1636 fremere,
671 1603 772 1634 furere,
799 1603 916 1629 max'nte

125 1649 258 1677 terribilia
285 1649 403 1676 minari.
432 1649 485 1676 Sed
513 1649 646 1684 postridie
668 1649 739 1676 illius
763 1649 832 1680 diei,
863 1656 917 1682 quo

127 1695 248 1731 primum
279 1696 403 1722 nuntium
429 1700 606 1730 acceperant,
636 1696 746 1730 quidam
771 1694 917 1729 saugiacus

125 1750 161 1770 ex
181 1741 301 1776 Ungaria
317 1742 430 1769 veniens
449 1742 481 1769 ad
497 1742 592 1770 bassas
609 1742 713 1769 vezires
730 1741 873 1769 deductus.
890 1747 917 1768 et

128 1788 164 1815 ab
178 1788 218 1816 eis
233 1788 266 1815 de
281 1797 320 1821 re,
337 1796 456 1823 quonam
483 1790 564 1816 modo
587 1794 663 1823 gesta
680 1788 788 1817 fuisst-t.
803 1787 918 1814 interio-

129 1839 210 1869 gatus
222 1854 230 1866 ,
251 1835 390 1869 respondit
405 1842 469 1861 suos
487 1835 559 1862 nulla
577 1834 718 1862 lacessitos
746 1834 845 1869 injuria
878 1842 918 1860 re-

130 1880 240 1914 gionem
282 1880 454 1914 imperatoris
473 1881 624 1908 Christiani
642 1885 744 1907 temere
770 1879 917 1911 invasisse,

133 1926 268 1960 mancipia
302 1926 455 1953 Christiana
496 1927 671 1962 praedamque
697 1927 842 1953 maximam
869 1927 918 1953 ab-

131 1974 263 2000 duxisse:
283 1982 334 2008 qua
352 1974 461 2008 quidem
486 1975 587 2006 onusti,
615 1974 680 2000 dum
706 1981 771 2001 suos
794 1973 826 2000 ad
852 1974 919 2001 lines

131 2020 243 2046 dunmm
274 2025 469 2054 properarent,
503 2021 530 2047 in
567 2020 675 2047 hostico
707 2020 770 2046 caesi
798 2019 918 2047 iuerint.

132 2065 181 2092 llis
200 2066 353 2099 intellectis,
378 2071 405 2093 et
427 2067 453 2093 in
471 2066 529 2094 dies
556 2067 589 2093 ab
607 2067 669 2094 aliis
684 2074 793 2101 quoque
817 2068 919 2093 contir-

133 2113 227 2145 tnatis,
251 2112 298 2139 ira:
312 2113 435 2139 nonnihil
457 2113 552 2146 sopitae
571 2112 920 2147 fuerunt:pr.cserlimque

131 2161 282 2192 cogitatum
306 2158 339 2185 de
365 2159 529 2185 renovandis
551 2163 577 2186 et
603 2157 781 2194 prorogand's
806 2158 920 2184 ulterius

930 865 948 891 Β

961 233 1103 252 manorum
1131 225 1297 259 intpcratmi,
1326 226 1589 260 Constantinopolim
1624 227 1748 258 laturus,

962 272 1064 299 Vienna
1079 272 1200 306 quinque
1216 271 1330 298 navibus
1345 271 1463 298 secundo
1474 271 1598 299 Danubio
1612 272 1748 304 (liSCt‘SSil,

964 319 1124 353 Bndamqtte
1149 318 1264 345 feliciter
1287 319 1383 353 quinto
1400 318 1443 345 die
1460 319 1561 345 mettsis
1583 318 1749 352 Septembris

962 366 1066 400 appulit
1088 373 1094 390 :
1122 373 1153 392 ac
1181 365 1384 400 perhumaniter
1409 370 1549 398 exceptus,
1576 365 1681 397 negotia
1697 365 1748 391 sibi

961 411 1124 439 demandata
1139 419 1200 438 cum
1225 410 1325 437 Sinane
1337 411 1415 438 bassa
1430 411 1557 441 Budvnsi,
1569 411 1651 445 380
1664 411 1750 444 patria

962 457 1130 488 Florentino,
1150 457 1213 483 licet
1226 457 1271 483 alii
1288 456 1517 483 Mediolancnscm
1540 463 1572 483 ex
1598 455 1749 483 Vicecomi-

962 509 1018 532 tum
1036 503 1134 530 familia
1145 503 1327 538 perhibereut.
1342 511 1373 528 cx
1387 503 1468 529 animi
1482 502 1614 529 sententia
1638 501 1749 536 peregit.

961 550 1001 577 lbi
1017 549 1163 584 postridie,
1180 556 1261 583 quam
1281 550 1444 581 advenisset,
1459 549 1504 582 qui
1524 548 1575 575 fuit
1589 553 1680 575 sextus
1694 549 1750 573 dies

964 596 1141 630 Septembris,
1160 603 1220 623 cum
1252 595 1433 621 deduceretur
1445 595 1477 621 ad
1496 596 1614 625 bassam,
1631 595 1750 620 insolens

962 643 986 668 ci
1004 643 1206 676 barbarumque
1222 641 1408 675 spectaculum
1426 641 1577 667 exhibitum
1603 640 1664 666 fuit.

999 689 1117 716 Primum
1143 696 1242 722 magno
1268 688 1357 722 popu!i
1396 694 1544 716 concursu.
1578 692 1630 712 tres
1657 685 1750 712 habitu

963 735 1080 762 'l‘urcieo
1115 734 1306 769 prmcedebant
1349 733 1478 768 Zingani,
1505 740 1574 766 quos
1609 732 1752 766 [Egyptios

964 781 1108 813 nonnulli,
1144 780 1248 806 Arabes
1284 780 1330 806 alii
1358 783 1466 806 vocant.
1507 778 1608 804 Horum
1645 778 1750 803 modius

964 827 1137 859 testudinem,
1170 827 1277 853 usitatis
1304 826 1446 858 majorem,
1482 824 1629 858 pulsabat:
1652 822 1749 855 reliqui

964 871 1018 900 duo
1045 873 1152 901 duabus
1180 872 1306 903 fidiculis,
1328 872 1474 899 admodum
1503 871 1635 901 stridulis,
1654 869 1752 903 strepi-

963 926 1019 947 tum
1035 919 1183 951 faciebant,
1209 924 1235 946 et
1248 926 1314 945 voce
1332 919 1449 945 barbara
1475 918 1644 945 sultanorum
1660 917 1753 942 (Jama-

963 967 1087 995 nidarum
1124 973 1166 992 res
1195 964 1450 999 gr-stas,omnibus
1480 964 1511 990 a'l
1558 964 1630 990 hunc
1666 970 1752 995 usque

961 1012 1092 1039 Mur-atem
1111 1011 1206 1037 ordine
1224 1010 1377 1041 recensitis,
1393 1009 1562 1036 accinebant.

998 1058 1052 1084 llos
1065 1058 1249 1091 sequebantur
1260 1061 1313 1082 tres
1327 1055 1484 1090 lymphatici
1499 1054 1602 1081 robusti
1616 1054 1750 1084 homines,

961 1103 1059 1137 citligis
1090 1107 1194 1128 tantum
1226 1101 1325 1130 induti,
1355 1105 1452 1126 cmlera
1483 1099 1558 1131 nudi,
1597 1099 1649 1125 n‘si
1681 1099 1750 1131 quod

962 1150 1056 1182 Capitis
1071 1153 1161 1174 vertex
1180 1155 1261 1177 parvo
1278 1147 1375 1181 pilcolo
1405 1146 1495 1180 rubro,
1511 1150 1537 1171 et
1553 1145 1657 1171 humeri
1685 1144 1749 1170 nn.‘.i

962 1193 1154 1227 superiniecta,
1182 1192 1271 1225 deque
1293 1191 1363 1217 collo
1388 1190 1521 1224 pendente
1539 1189 1606 1222 pelle
1635 1187 1751 1221 tigridis.

965 1240 1178 1266 cxm-nabantur.
1193 1238 1223 1264 lli
1240 1238 1272 1265 ad
1284 1240 1450 1264 concentum
1467 1235 1650 1270 Zinganorum
1665 1234 1751 1265 tripu-

961 1290 1081 1319 diabant,
1131 1292 1256 1314 tenentes
1306 1285 1406 1319 singuli
1437 1284 1565 1310 vexillum
1603 1282 1749 1308 Turcicnnt

962 1337 1036 1364 rtthri
1053 1335 1163 1364 coloris,
1179 1334 1257 1368 cujus
1271 1332 1366 1359 hastile
1385 1331 1457 1358 intra
1472 1334 1558 1357 cutem
1578 1334 1599 1354 et
1615 1328 1750 1354 abdomen

962 1382 1075 1414 ventris,
1098 1385 1242 1407 emanante
1271 1379 1357 1405 mttlto
1375 1378 1517 1411 sanguine,
1536 1375 1653 1401 delirum
1682 1378 1750 1400 crat.

997 1427 1053 1455 llos
1089 1427 1144 1454 duo
1170 1425 1247 1460 pueri
1274 1424 1478 1458 sequeban'ur,
1506 1421 1552 1455 qui
1567 1420 1620 1447 cuti
1653 1419 1752 1446 frontis

962 1473 1102 1509 perforata:
1114 1479 1217 1506 pennas
1232 1470 1306 1505 gruis
1321 1470 1436 1496 insertas
1454 1468 1585 1494 ferebant.

998 1518 1153 1545 Secundum
1174 1523 1275 1550 pueros
1303 1514 1466 1541 incedebant
1483 1518 1602 1548 quatuor
1625 1513 1746 1538 virorum

968 1565 1055 1601 paria.
1070 1562 1269 1599 pcrvnlneratis
1284 1561 1425 1587 lateribus.
1571 1552 1574 1555 ’

1003 1610 1085 1638 Primi
1112 1609 1166 1636 duo
1192 1608 1283 1634 clavas
1331 1606 1443 1636 ferreas,

969 1656 1082 1688 dicunt;
1108 1654 1223 1689 proximi
1247 1654 1299 1679 duo
1317 1651 1405 1679 nudos
1433 1658 1571 1681 aetnaces,
1598 1657 1646 1684 per
1664 1653 1753 1675 cutem

969 1701 1124 1731 translixos.
1143 1700 1295 1734 gestabant.

1003 1749 1110 1776 Rursus
1138 1747 1182 1774 alii
1211 1747 1264 1773 dtto
1285 1746 1480 1780 sequebantur,
1519 1751 1636 1778 qn0runt
1685 1751 1756 1770 unus

969 1794 1086 1823 securim
1106 1793 1248 1820 militarem
1263 1791 1428 1823 Ungaricam
1445 1792 1618 1825 (schacannm
1634 1788 1754 1821 vni-ant),

970 1841 1037 1867 alter
1064 1840 1211 1873 oblongum
1237 1838 1362 1865 Gcnizari
1392 1837 1542 1870 sclopetum
1568 1836 1668 1870 apertis
1691 1835 1757 1861 late-

970 1887 1059 1917 rihus,
1077 1886 1102 1912 in
1119 1885 1251 1912 transﬁxo
1266 1892 1379 1918 corpore
1397 1884 1530 1917 portabat.

1010 1932 1109 1960 Ultimo
1130 1933 1189 1958 loco
1215 1931 1264 1957 viri
1288 1931 1341 1957 duo
1364 1929 1469 1956 robusti
1487 1927 1674 1962 spectaculum
1703 1927 1754 1952 huc

971 1979 1144 2008 claudebant,
1171 1977 1216 2012 qui
1237 1981 1357 2010 lempora
1377 1976 1469 2007 rectis,
1487 1975 1548 2002 latis
1576 1979 1601 1998 et
1632 1973 1758 2002 oblongis

972 2025 1094 2056 ensibus,
1107 2031 1175 2058 quos
1190 2023 1290 2057 litigari
1304 2022 1422 2057 palastos
1436 2025 1542 2051 vocant,
1557 2020 1757 2046 transiuerant.

973 2072 1074 2098 llortnn
1086 2070 1196 2104 capulos
1209 2069 1334 2095 tnanilms
1346 2068 1482 2095 tenebant
1494 2068 1521 2093 ln
1532 2066 1636 2093 cnsium
1649 2063 1760 2097 cuspide

974 2124 1082 2152 pomum
1098 2121 1157 2142 erat
1172 2114 1294 2145 alfixutn,
1317 2117 1342 2140 et
1359 2120 1438 2147 pomo
1452 2120 1538 2146 penna
1556 2111 1630 2147 gruis
1646 2112 1758 2138 inst-rm.

1008 2161 1132 2189 Universi
1153 2161 1222 2188 rasis
1244 2159 1374 2187 novacula
1397 2159 1492 2193 capitis
1518 2163 1545 2185 ct
1569 2158 1659 2184 barba:
1685 2157 1759 2191 piiis.

1479 1612 1548 1638 quas
1587 1603 1752 1638 pustliganus

132 2214 195 2231 cum
213 2205 378 2239 intpcratore
389 2205 607 2232 Christianorum
621 2204 749 2236 induciis,
767 2212 827 2238 qum-
848 2212 915 2230 aunt

974 2212 1087 2242 excepto
1111 2214 1240 2239 mnsrace,
1268 2205 1362 2240 caligis
1389 2210 1492 2231 tantum
1524 2204 1693 2239 largioribus,
1714 2203 1759 2236 qui

134 2252 188 2279 990
201 2251 276 2286 (Chr.
303 2251 382 2286 1585)
412 2252 590 2286 exspiratura:
615 2255 731 2278 essent:
764 2258 921 2285 quanquam

134 2299 195 2325 illas
211 2297 392 2329 impediturus
419 2298 558 2325 videretur
573 2297 658 2325 Sinan
678 2298 866 2334 vizirazemcs,
896 2297 922 2323 ni

135 2345 224 2372 tnasul
241 2344 329 2371 factus
353 2344 457 2375 fuisset,
477 2350 502 2371 ttt
516 2352 598 2379 supra
623 2344 910 2371 conttttentoravimus.

170 2391 251 2415 Anno
279 2389 360 2424 igitur
377 2389 423 2416 991
453 2388 529 2422 (Chr.
559 2389 640 2423 1584)
657 2394 750 2415 secuta
778 2388 828 2414 fuit
856 2393 925 2414 inter

135 2435 311 2470 Rulolphum
349 2435 391 2467 ll,
427 2435 614 2462 Christianum
643 2436 859 2469 imperatorem,
896 2439 923 2460 et

135 2481 272 2508 Muratent
294 2481 338 2514 lil,
358 2481 552 2515 imperatorem
579 2482 828 2512 Musnltnanotnm,
845 2481 926 2507 indu-

136 2528 245 2555 ciarum
262 2529 417 2562 prorogatio
439 2537 446 2554 ε
465 2537 526 2563 qua:
546 2527 660 2554 Kalend.
677 2527 826 2558 Ianuariis,
854 2534 927 2554 anno

136 2575 296 2602 Christiano
315 2574 392 2605 taxat,
420 2574 467 2609 qui
485 2574 691 2601 Mahuntctanus
714 2579 755 2601 est
772 2574 834 2605 991,
862 2573 928 2600 inci-

137 2625 247 2655 perent,
261 2625 287 2647 et
303 2629 404 2647 nonum
419 2621 451 2646 ad
469 2628 571 2647 annum
590 2628 676 2654 usque
691 2620 834 2646 durarent.

177 2667 234 2695 lloc
248 2668 557 2703 primopromgatarum
588 2665 758 2693 induciarntn
776 2674 856 2696 anno.
881 2666 931 2693 Sttl)

139 2715 226 2741 finem
244 2713 345 2740 mensis
360 2713 486 2748 Augusti,
509 2713 645 2747 lluJolphi
666 2712 685 2739 ll
708 2712 824 2740 Romani
844 2712 931 2745 impr-

140 2760 333 2794 ratorisjnssu
352 2761 392 2786 vir
421 2761 535 2787 illustris
550 2765 577 2786 ct
604 2767 763 2793 generosus.
796 2758 931 2784 llenricus

139 2806 214 2834 Baro
229 2807 262 2832 dc
283 2806 479 2839 Lichtcnstain,
505 2807 538 2834 de
555 2806 724 2840 Nicolspurg,
763 2804 931 2832 serenissimi

142 2852 278 2888 ptitcipts
306 2852 431 2885 Matthiae,
458 2853 612 2880 archiduus
629 2853 757 2882 Austriw,
777 2852 881 2886 psitnu‘
913 2858 928 2878 a

975 2255 1126 2282 Turcorum
1155 2261 1201 2287 per
1235 2257 1354 2279 restat-em
1386 2259 1445 2278 mos
1465 2255 1515 2280 est.
1543 2250 1650 2278 induti:
1678 2257 1759 2282 supra

974 2299 1113 2334 cingulum
1148 2298 1226 2333 plane
1241 2298 1304 2324 ttttdi
1329 2301 1416 2329 erant,
1438 2296 1488 2323 nisi
1508 2295 1578 2330 quod
1601 2295 1626 2321 in
1652 2294 1761 2325 vertice,

976 2343 1048 2370 sicut
1061 2348 1087 2369 et
1107 2347 1186 2370 antea
1203 2343 1333 2374 diximus,
1353 2342 1464 2368 rubrum
1484 2341 1665 2374 strictumque
1681 2339 1764 2373 pileo-

977 2389 1132 2423 lunt,qnem
1146 2389 1244 2415 takiam
1259 2388 1296 2423 (ni
1313 2387 1401 2421 fallor)
1414 2387 1562 2421 appellant,
1578 2392 1602 2412 et
1617 2386 1765 2420 pendentes

977 2437 1011 2462 de
1019 2435 1089 2461 collo
1099 2442 1145 2468 per
1158 2435 1287 2460 huntems
1298 2433 1426 2467 tigridum
1442 2432 1524 2466 pelles
1535 2431 1684 2466 gestabant.
1703 2431 1759 2457 Om.

978 2489 1026 2509 nes
1037 2481 1115 2507 etiam
1125 2481 1304 2515 tripudiantes
1316 2479 1445 2506 continuo
1455 2480 1601 2511 saltabant,
1613 2487 1672 2505 cum
1684 2478 1765 2504 inuita

979 2527 1121 2561 sanguinis
1136 2525 1278 2558 t-ilttsione,
1292 2534 1371 2559 quem
1387 2525 1507 2560 spongiis
1519 2525 1722 2557 abstergebuut.

1016 2572 1072 2600 lloc
1095 2580 1180 2607 genus
1199 2572 1349 2602 hominum,
1382 2571 1454 2606 qttod
1472 2571 1563 2597 animo
1582 2571 1685 2597 scilicet
1716 2571 1764 2596 im-

982 2619 1126 2653 pcrtcrrito
1141 2617 1251 2652 quidvis
1279 2617 1406 2650 audeant,
1428 2626 1442 2644 a
1455 2617 1551 2644 Turcis
1570 2617 1685 2647 delilari,
1715 2616 1766 2642 hoe.

982 2673 1035 2697 est,
1058 2666 1130 2693 stulti
1155 2665 1287 2700 delirique
1314 2668 1457 2696 vocantur,
1482 2672 1496 2690 a
1521 2663 1622 2690 Gt'a‘cis
1657 2664 1766 2696 rliitso-

982 2711 1104 2746 ltimlyni,
1125 2711 1196 2745 quod
1218 2710 1370 2744 pt‘ccipitcs
1394 2710 1420 2736 itt
1438 2709 1558 2743 pericula
1585 2715 1676 2735 ruant.
1696 2709 1763 2734 Cum

982 2764 1069 2784 autem
1100 2765 1195 2784 I‘lllSllS
1224 2758 1318 2783 eadem
1346 2761 1505 2791 peragcntes
1527 2763 1586 2787 quas
1614 2755 1710 2789 prius.
1734 2763 1766 2782 cx

981 2806 1083 2832 mtlibtts
1093 2805 1179 2831 bassa:
1193 2809 1312 2835 nostros,
1326 2811 1339 2829 a
1353 2804 1357 2829 l
1371 2803 1478 2829 naviuvn
1494 2807 1547 2829 stat
1560 2811 1650 2832 onem,
1668 2811 1768 2835 przrre-

984 2852 1069 2879 denti.)
1102 2850 1303 2877 deduﬁsscnt:
1335 2855 1445 2884 accepta
1477 2856 1600 2880 tnunct'e,
1633 2848 1703 2883 quod
1728 2848 1768 2874 cis
