1962 3071
110 153 166 184 705

663 143 852 180 serenati.
873 144 1016 178 ANNAL.
1039 139 1199 177 TURCZC.

1694 139 1749 174 7‘6

109 215 135 237 et
147 217 231 237 sacrzc
244 213 346 236 saneta:
358 209 477 245 Sophitc,
491 210 548 237 sive
562 209 706 244 Sapientia:
716 208 761 235 Dei
773 208 902 242 templum
922 212 942 239 Α
958 207 1004 240 qui
1019 206 1128 240 quidem
1144 204 1283 238 iuniorum
1303 202 1440 236 suffragiis
1459 201 1491 228 ad
1512 209 1570 228 iam
1589 201 1747 236 dignitatem

111 263 184 283 liene
200 255 371 290 profanatum
387 263 402 283 a
416 256 555 289 Barbaris,
571 255 635 282 adiit
651 264 658 280 :
674 255 711 281 uti
738 254 842 281 scilicet
853 262 901 280 no-

110 303 189 329 bisrt
202 301 263 328 aliis
278 302 348 336 (erat
364 302 436 328 enim
459 302 598 329 maximus
625 301 766 327 hominum
785 307 902 326 concur-

111 346 168 379 sus)
185 347 353 378 ostenderet,
378 354 407 374 se
421 347 539 374 necdum
558 352 709 373 mortuum.
740 345 798 379 Ipsa
814 344 900 371 facies

110 392 201 418 adhuc
212 391 304 418 colore
318 392 407 418 lurido
422 392 552 419 deformis
565 391 795 425 conspiciebatur.

146 436 203 463 lloe
219 437 313 464 eodem
329 445 402 464 anno
411 437 459 466 991
490 437 567 472 (Chr.
583 437 675 471 l58/l),
691 437 734 464 die
749 436 784 463 Ἡ
799 436 903 463 mensis

111 481 248 513 Octobris,
261 482 437 517 ahquotbegi
452 482 561 509 TurciI-i
592 489 652 509 cuin
673 482 731 509 suis
749 481 846 516 copiis,
875 481 901 507 in

110 529 208 563 quibus
225 534 312 561 erant,
343 529 522 564 ipsorummet
547 528 731 560 confessione,
758 528 901 555 hominum

111 577 144 604 ad
175 577 273 608 10000,
300 577 436 604 Caruiolze
464 578 531 604 lines
558 576 685 612 ingressi,
711 576 901 610 gravissimam

111 623 320 657 impressionem
339 622 488 650 fecerunt:
512 623 626 657 direptis
650 622 753 656 passim
781 621 847 648 vicis
872 628 903 647 ac

111 669 199 703 pagis,
216 676 369 703 magnaque
382 669 604 696 Citrislianorum
619 668 820 707 mancipiorum
833 668 903 694 mul-

111 715 228 742 titudine
241 723 334 742 sceum
353 715 379 742 in
399 715 558 742 servitutem
589 715 696 741 abacta.
723 713 792 740 Cum
814 713 901 739 nostri

111 762 239 789 mintium
261 762 395 788 adventus
411 766 439 788 et
458 761 643 795 populationis
658 761 763 787 hostilis
780 759 903 793 accepis-

110 812 181 837 sent,
196 800 337 832 hominum
363 806 396 832 ad
426 806 513 833 11000
528 806 621 834 subito
639 811 751 840 cogunt,
764 804 842 832 Iusto
854 804 902 831 Jo-

110 852 196 886 sepho
213 852 312 878 comite
327 851 623 884 Turri:mo,ct'l‘homa
646 850 782 878 Erdendio
804 851 902 877 comite

955 255 1127 285 pervenerat.
1142 251 1164 277 Is
1186 250 1230 276 ubi
1245 249 1350 275 Turcos
1368 248 1459 275 sinum
1478 248 1618 282 ingressos
1631 248 1748 282 accepit,

955 305 1015 324 mox
1030 297 1057 322 in
1075 304 1121 323 eos
1136 296 1307 330 provehitur,
1346 301 1520 328 numeroque
1544 294 1697 320 triremium
1717 301 1748 320 ac

955 343 1083 374 militum,
1100 346 1124 368 et
1143 341 1205 368 aliis
1232 342 1314 368 rebus
1338 341 1416 375 longe
1441 339 1577 374 superior,
1608 347 1705 366 omnes
1721 338 1747 365 in

954 392 1116 422 putesaatem
1130 387 1244 421 redegit.
1264 386 1328 413 lude
1345 386 1408 412 diro
1430 386 1548 420 quodam
1576 389 1603 412 et
1626 386 1749 412 inaudito

954 433 1047 460 furore
1062 433 1185 459 smvitum
1200 433 1226 460 in
1245 432 1379 466 captivos,
1396 436 1448 459 lant
1464 440 1566 464 mares,
1577 439 1657 466 quam
1673 431 1743 458 femi-

954 487 1013 506 nas.
1028 479 1146 505 Moribus
1162 479 1262 505 oecisis
1279 478 1462 512 '250,lilioque
1478 477 1643 505 liamadauis
1662 478 1750 504 bassat

955 526 1051 552 matris
1063 526 1088 551 in
1102 526 1246 560 cotnplexu
1260 529 1287 551 et
1302 525 1408 559 gremio
1426 525 1568 557 confosso,
1588 524 1696 551 feminae
1713 524 1749 550 40

955 571 1031 606 prius
1044 571 1164 602 nefariis
1186 572 1295 605 pollnlm
1320 571 1435 604 stupris,
1464 571 1595 598 uberibus
1619 570 1748 598 mutilata:

956 619 1029 652 (qua:
1047 618 1157 651 quidem
1173 618 1241 645 \'l\iS
1259 617 1351 644 adltuc
1367 618 1611 652 spectantibusque
1635 617 1749 644 misallis

955 671 969 689 a
981 663 1146 697 quibusdam
1163 664 1325 698 crudelitate
1340 664 1486 698 plusquam
1500 663 1614 690 barbara
1628 663 1656 689 in
1674 670 1749 693 mare

955 709 1077 743 projecta
1092 709 1297 743 perhibentur),
1311 709 1552 736 disseettctandem
1570 710 1699 736 atrociter
1713 710 1748 736 ad

957 765 1038 783 unam
1051 764 1148 783 omnes
1166 757 1192 782 in
1209 765 1293 790 aquas
1309 764 1323 783 a
1338 757 1461 791 piscibus
1481 756 1643 784 dcvoranrltc
1655 756 1747 789 runci-

954 802 1087 837 pitantur.
1107 802 1198 836 lpsitts
1214 803 1271 829 limi
1288 802 1463 829 fratrislilius
1481 804 1506 829 in
1518 803 1633 836 puellam
1652 810 1748 837 quam-

955 849 1016 875 dam
1035 849 1202 884 t-gregiiOris
1226 849 1356 876 ineidism
1387 850 1484 876 fertur.
1515 849 1550 875 Ea
1576 856 1638 876 etnn
1661 848 1750 883 ipsum

111 897 283 930 Muslovinm,
299 897 448 924 Sclavouizc
465 896 637 931 Croatixque
658 896 741 929 Bano,
763 896 879 923 ducibus
895 905 902 922 :
922 903 940 930 Β
957 897 1095 930 pudicitiae
1104 905 1162 924 suae
1174 897 1227 923 vim
1243 897 1382 934 illaturutn
1401 897 1585 930 constiiecret,
1599 903 1660 922 mox
1670 894 1749 922 Citri-

113 951 145 970 ac
162 943 222 970 sine
239 951 314 970 mora
331 943 458 970 maximis
484 943 630 969 itincribus
656 943 743 969 hostis
772 943 898 976 tergoin‘

114 988 259 1020 barrentcs,
275 989 307 1014 ad
324 988 439 1014 Slumnn
457 988 573 1014 Croatia:
597 987 705 1014 tandem
719 995 767 1014 eos
790 987 833 1014 die.
862 986 902 1013 vi-

111 1035 215 1062 cesimo
228 1039 305 1062 sexto
313 1034 436 1069 ejusdem
453 1035 554 1062 mensis
566 1033 692 1061 Octobris
702 1039 900 1068 assequuntur,

109 1081 254 1113 invadunt,
285 1083 404 1108 caedunt.
433 1080 552 1108 Liberali
576 1081 688 1115 captivi,
715 1085 742 1108 et
768 1087 900 1121 praecepta

111 1127 216 1162 (praeda
230 1128 318 1162 capta)
336 1127 398 1160 fuit,
413 1135 475 1154 cum
488 1127 601 1154 interittt
625 1127 641 1153 Δ
655 1128 708 1154 000
735 1127 900 1154 Tun-orum.

110 1172 228 1200 Eratuus
244 1181 293 1199 nos
304 1173 556 1207 Constantinopoli,
571 1181 624 1207 quo
653 1179 775 1208 tempore
801 1173 836 1200 de
852 1174 902 1200 hac

110 1226 224 1246 suorum
235 1219 312 1246 clade
326 1219 450 1246 sultanus
464 1213 584 1246 Momms
603 1220 703 1246 certior
715 1219 900 1247 reddebatur:

111 1268 156 1302 qui
168 1275 236 1295 sane
250 1274 311 1294 cum
330 1267 521 1297 intellexisset,
539 1277 552 1293 a
582 1267 641 1293 suis
667 1266 773 1300 injuria:
800 1267 900 1293 factum

112 1314 220 1341 initium
231 1313 292 1346 jure
307 1321 391 1341 caesos
405 1314 603 1348 pronuntiavit.
614 1313 681 1340 Nunt
696 1313 766 1340 nolle
782 1321 811 1342 sc
824 1314 903 1348 quid-

111 1367 192 1394 quam
225 1359 315 1386 aiebat
330 1367 344 1385 ιι
369 1360 438 1391 suis,
451 1364 545 1386 contra
572 1359 642 1394 leges
671 1360 855 1391 induciarum,
869 1359 902 1386 ad

110 1405 275 1433 turbandam
287 1413 381 1440 pacem
395 1405 421 1432 in
446 1404 574 1440 Ungariai
600 1405 733 1433 limitibus
765 1406 902 1433 attentari.

109 1451 197 1479 Jussit
211 1451 306 1484 etiam,
320 1451 420 1479 illustri
433 1455 460 1478 et
476 1459 610 1486 generoso
624 1450 762 1486 Rudolphi
780 1451 801 1478 ll
815 1451 904 1479 Caesa-

109 1499 148 1524 ris
159 1499 274 1529 oratori,
298 1497 383 1524 Paulo
410 1498 505 1524 haroni
538 1497 697 1531 Eizngano,
729 1505 842 1525 suarum
870 1498 903 1526 ad

110 1548 259 1578 utrumque
275 1544 383 1571 bassam
405 1543 544 1578 Ungarize.
560 1543 712 1571 Budensem
724 1551 757 1572 ac
787 1543 901 1571 Temes-

106 1599 261 1624 varcnsem,
280 1591 431 1619 litterarum
452 1591 593 1626 exemplar
623 1592 747 1619 exhiberi
766 1601 774 1620 :
801 1593 902 1626 quibus

106 1645 202 1669 severe
217 1637 375 1670 mandabat,
393 1636 432 1664 uti
459 1637 560 1664 milites
592 1645 658 1664 suos
689 1637 848 1666 limitaneos
874 1638 901 1665 in

107 1683 196 1710 oﬂicio
213 1683 396 1710 continerent.
411 1683 483 1711 idem
513 1689 542 1710 ut
563 1692 577 1710 a
597 1684 700 1711 nostris
710 1691 818 1719 queque
834 1692 901 1718 prm-

107 1733 239 1761 staretur,
252 1729 380 1764 imperari
395 1729 516 1756 vicissim
530 1730 651 1764 petebat.

143 1775 203 1803 Sub
219 1776 322 1803 exitum
338 1776 458 1810 ejusdem
471 1777 536 1803 armi
565 1777 672 1804 'l‘urcns
695 1777 806 1812 quidam
829 1778 900 1806 Cott-

106 1822 316 1856 Stantinopolim
332 1822 446 1857 appulit,
477 1824 590 1851 nuntius
615 1824 698 1852 czcdis
728 1832 853 1857 suorum,
885 1834 900 1853 c

106 1876 160 1903 qua
176 1868 252 1895 solus
268 1868 308 1904 (ut
325 1869 383 1903 ipse
400 1869 510 1902 quidem
537 1870 637 1905 aiebat)
667 1879 750 1905 opera
776 1873 898 1907 chirurgi

106 1914 250 1948 cujusdam
263 1913 416 1946 Cretensis,
429 1915 473 1942 cui
490 1915 580 1943 fuerat
595 1921 675 1943 antea
690 1921 785 1950 notus,
801 1925 896 1945 evase-

105 1963 158 1987 rat.
177 1958 231 1987 Res
249 1960 306 1994 ipsa
324 1961 410 1987 relatu
426 1967 479 1987 non
500 1961 624 1995 indigna,
637 1962 709 1995 quod
725 1969 810 1996 prope
827 1969 898 1989 novo

104 2010 172 2033 tunc
193 2005 275 2040 382
292 2006 364 2032 inter
383 2005 500 2033 Venetos
518 2014 551 2034 ac
569 2005 673 2034 Turcos
691 2008 761 2035 bello
783 2016 897 2036 causam

105 2051 253 2086 prtebitura
268 2051 414 2079 videretur.
438 2051 606 2080 Ramadauis
624 2053 712 2080 bassa:
735 2052 896 2089 Tripolitani

104 2096 199 2129 vidua,
213 2103 276 2123 cum
289 2096 354 2128 lilio,
367 2095 481 2128 familia,
494 2098 639 2132 mancipiis
657 2098 801 2133 utriusque
813 2107 897 2127 sexus

104 2142 374 2177 Constantinopolim
391 2143 560 2178 profectura,
576 2144 715 2172 triremctn
737 2145 765 2172 in
797 2142 896 2174 Barba-

103 2188 145 2215 ria
164 2189 207 2216 vel
222 2188 314 2214 Africa
329 2188 466 2216 maritima
488 2196 634 2217 curaverat
659 2190 769 2223 instrui,
786 2199 839 2227 qua
856 2192 896 2220 fa-

953 942 1070 969 stiauam
1091 951 1120 970 sc
1133 943 1266 977 profiteri,
1282 947 1309 970 et
1334 943 1478 978 virginem,
1513 947 1540 969 ct
1555 944 1581 969 in
1597 942 1686 976 Cypro
1703 949 1748 968 na-

953 993 1007 1016 tam
1025 990 1108 1016 nobili
1126 991 1228 1017 familia
1254 990 1388 1022 Cornara,
1415 998 1476 1025 quze
1502 998 1579 1017 suam
1613 990 1748 1025 originem

952 1037 984 1062 ad
1004 1035 1142 1064 Curtmt‘os
1159 1036 1276 1063 Venetos
1290 1036 1423 1069 referret;
1440 1042 1545 1071 captant
1563 1042 1626 1062 ante
1654 1037 1686 1062 i2
1701 1045 1748 1064 att-

954 1089 1012 1112 uos,
1031 1089 1092 1108 cunt
1110 1082 1215 1117 Cyprus
1230 1083 1281 1110 sub
1301 1083 1399 1117 jugum
1415 1082 1562 1109 Turcieum
1582 1083 1698 1114 veniret,
1714 1091 1748 1110 cx

953 1136 985 1154 eo
997 1132 1117 1160 tempore
1134 1129 1262 1155 miseram
1277 1129 1348 1163 apud
1360 1128 1496 1155 Barbaros
1512 1130 1671 1156 servitutem
1685 1137 1748 1156 scr-

954 1174 1046 1201 viisse.
1063 1174 1142 1202 Nunc
1155 1175 1265 1209 quando
1281 1180 1341 1210 post
1357 1180 1396 1201 tot
1413 1183 1552 1202 aerumnas
1583 1175 1609 1202 iu
1627 1176 1748 1202 hotninis

952 1219 1114 1253 Christiani,
1128 1222 1242 1256 pudoris
1261 1221 1436 1255 virgineiyvin
1450 1221 1520 1252 licis,
1546 1221 1645 1248 nobilis
1670 1222 1748 1248 deni~

952 1274 1006 1300 que
1018 1265 1112 1294 Veneti
1133 1275 1229 1295 tnanus
1251 1268 1405 1303 incidisset,
1440 1268 1571 1295 obtestati
1589 1275 1619 1295 se
1635 1276 1682 1302 per
1694 1268 1746 1295 im<

954 1312 1096 1339 mortalem
1112 1313 1206 1347 Deum,
1223 1313 1432 1342 ueChristianie
1465 1313 1569 1342 faceret
1599 1315 1744 1349 iujuriatn,

952 1366 987 1385 ne
1002 1359 1134 1394 virginem
1151 1361 1313 1392 incestaret,
1332 1369 1366 1387 ne
1385 1360 1486 1387 Veneto
1501 1361 1627 1395 sanguini
1645 1361 1744 1388 fwdam

954 1404 1041 1432 labem
1067 1411 1237 1441 aspergeret,
1280 1407 1326 1434 sed
1354 1407 1444 1441 potius
1471 1407 1498 1433 in
1522 1411 1646 1441 optatum
1671 1407 1747 1434 hunc

953 1451 1038 1483 diem,
1060 1460 1114 1486 quo
1136 1453 1320 1480 Christianam
1342 1453 1375 1480 ad
1394 1453 1590 1487 rempublicam
1609 1454 1747 1488 postlimi-

954 1498 1000 1524 nio
1015 1499 1126 1530 rediret,
1141 1499 1234 1526 divina
1248 1499 1367 1534 quadam
1393 1501 1567 1534 previdcntia
1598 1508 1747 1527 conserva-

955 1548 1020 1576 tam,
1034 1545 1109 1572 salvo
1126 1547 1230 1580 pudore
1244 1547 1363 1573 libertati
1396 1547 1562 1574 restitueret.
1589 1547 1662 1573 Nihil
1673 1547 1745 1581 apud

954 1589 1088 1617 immitem
1098 1593 1232 1624 animum,
1242 1600 1273 1619 ac
1285 1592 1443 1627 prodigiose
1454 1594 1592 1620 crudelem
1608 1593 1746 1620 salacem-

953 1644 1007 1671 qne
1025 1657 1033 1669 ,
1047 1641 1102 1663 tam
1120 1643 1224 1664 sanet-'1:
1239 1645 1334 1672 preces
1362 1639 1483 1671 valuere,
1517 1639 1667 1673 quominus
1683 1639 1743 1664 \iu-

955 1681 1068 1714 larctur,
1083 1686 1109 1708 et
1121 1682 1254 1709 sull‘ocata
1267 1691 1329 1710 cum
1347 1683 1408 1710 aliis
1422 1685 1566 1718 mancipiis
1580 1685 1704 1713 Turcicis
1717 1687 1744 1714 in

953 1734 1027 1754 mare
1045 1728 1484 1764 projiccretur.Existimabantur
1510 1730 1649 1766 indignant
1673 1733 1745 1761 hanc

952 1773 1149 1800 immanitatem
1169 1773 1271 1802 Veneto
1287 1775 1411 1809 noutine,
1444 1781 1497 1803 tam
1513 1778 1569 1812 pio,
1587 1783 1641 1804 tam
1655 1781 1744 1813 pudo-

952 1818 990 1845 ris
1001 1824 1028 1845 ct
1041 1820 1131 1846 otnnis
1147 1820 1257 1848 virtutis
1266 1821 1400 1852 studioso,
1432 1827 1486 1848 tam
1506 1831 1520 1849 ιι
1546 1823 1649 1850 επιςνὶιίει
1665 1825 1744 1852 deni-

951 1872 1003 1899 que
1021 1865 1121 1897 alieno,
1137 1866 1306 1899 exercuisse,
1343 1875 1376 1894 nc
1393 1868 1455 1902 quis
1472 1875 1611 1902 superstes
1627 1870 1669 1897 vel
1681 1878 1724 1897 am
1736 1887 1742 1890 -

950 1912 1109 1944 plitudinem
1130 1913 1237 1946 pra-dic,
1263 1920 1346 1948 quant
1376 1915 1520 1942 consecuti
1550 1906 1678 1950 fuissent,
1702 1918 1743 1945 vel

950 1959 983 1985 ad
997 1959 1135 1985 ﬁssorum
1149 1960 1282 1986 scelerum
1311 1959 1465 1988 ftedilatem
1496 1963 1634 1996 proderet.
1652 1963 1741 1999 Hujus

949 2005 1081 2032 facinoris
1107 2005 1178 2031 fama
1219 2005 1456 2040 Conszantinopoli
1486 2009 1740 2044 percrebrescentc,

949 2051 1110 2079 incredibile
1128 2052 1213 2084 dictu,
1224 2058 1394 2087 quantopere
1402 2055 1534 2081 commoti
1550 2056 1659 2084 fuerunt
1673 2057 1742 2084 'l'nr-

948 2105 1043 2126 corum
1059 2097 1156 2124 animi.
1173 2097 1278 2126 Passim
1292 2099 1420 2127 audisses
1435 2108 1529 2128 ontnes
1540 2102 1633 2128 omnia
1654 2101 1741 2131 Vene-

949 2144 983 2170 tis
995 2149 1117 2171 extrema
1134 2143 1305 2171 minitantes.
1320 2144 1371 2172 Vix
1401 2153 1416 2172 a
1449 2146 1523 2173 Bailo
1550 2147 1742 2183 (magistratus

947 2189 1043 2217 Veneti
1060 2197 1159 2217 noinen
1175 2194 1227 2221 est,
1248 2190 1293 2225 qui
1310 2190 1344 2218 de
1357 2197 1470 2218 suorum
1498 2194 1590 2221 causis
1617 2195 1679 2221 istic
1695 2202 1742 2222 co-

104 2234 221 2261 cultates
240 2241 306 2261 suas
331 2235 514 2269 amplissimas
542 2244 636 2263 secum
669 2237 808 2265 aveheret.
842 2238 895 2266 Eas
909 2248 935 2278 Ι)
947 2236 1064 2271 gnoscit,
1079 2241 1105 2262 et
1120 2236 1235 2270 injurias
1250 2237 1309 2264 suis
1325 2237 1415 2264 illatas
1430 2237 1463 2264 ad
1476 2238 1615 2266 sultanum
1646 2239 1743 2268 Turci-

102 2280 231 2314 equidem
247 2279 357 2306 memini
368 2287 382 2307 a
397 2280 495 2308 Turcis
505 2286 531 2308 et
542 2281 662 2310 llebrtcis
677 2284 894 2313 octiescentenis

104 2325 226 2353 millibus
242 2333 383 2354 nuunnum
403 2335 550 2355 aureorum
579 2329 751 2357 aestimatas:
782 2339 893 2365 verene,

103 2379 136 2398 an
150 2373 274 2407 sequius,
283 2372 513 2407 equidctndicere
525 2382 577 2401 non
594 2375 692 2403 habeo.
711 2366 894 2405 lluictrirrini

103 2418 259 2445 securitatis
274 2426 331 2446 sua:
344 2426 427 2447 causa
441 2425 528 2448 semet
543 2421 727 2455 adjnnxeraut
743 2424 804 2451 alite
819 2424 892 2458 dum,

103 2472 173 2499 quas
191 2465 296 2493 idcirco
312 2465 408 2500 vulgus
425 2471 571 2495 nautarum
587 2476 737 2496 conservas
756 2471 895 2505 appellare

103 2512 184 2539 solet.
215 2512 285 2540 Cum
311 2512 400 2546 ipsum
432 2514 534 2541 ostium
562 2515 642 2543 sinus
667 2515 808 2549 Adriatici,
839 2526 894 2545 non

107 2559 201 2592 procul
213 2558 247 2585 ab
263 2558 352 2586 insula
367 2558 486 2594 Corcyra
504 2560 657 2596 (Corphum
683 2570 755 2590 utine
786 2564 892 2596 dicunt,

104 2613 166 2639 qua:
180 2612 230 2632 vox
248 2605 351 2632 Grtccis
368 2606 472 2641 vulgari
498 2607 590 2641 lingua
617 2608 707 2635 sintnn
733 2610 893 2645 significat),

106 2651 337 2686 praeterlcgereut,
368 2652 465 2688 ingens
496 2655 589 2681 subito
624 2660 718 2682 coorta
745 2660 893 2690 tempestas

103 2705 151 2726 eos
170 2698 211 2724 vel
228 2698 328 2725 invitos
352 2699 378 2725 in
392 2699 494 2732 sinum,
518 2708 598 2734 quem
616 2700 746 2733 diximus,
774 2702 893 2730 Adriati-

103 2753 166 2773 cum
182 2745 286 2778 rejecit.
304 2745 367 2772 Erat
381 2746 405 2772 id
419 2747 548 2780 temporis
560 2747 728 2783 CIIFII‘Sll‘ltIS,
741 2755 803 2775 cum
817 2754 892 2777 certo

101 2792 258 2819 triremium
275 2800 400 2824 numero,
423 2798 519 2820 contra
535 2794 645 2828 quosvis
659 2794 762 2828 piratas
777 2802 803 2822 et
819 2797 888 2824 alios

101 2838 196 2864 tuendi
209 2838 290 2872 (quod
311 2839 428 2866 o‘liciuut
456 2840 503 2874 qui
518 2840 598 2873 gerit,
616 2841 743 2873 provisor
758 2842 834 2869 sinus
844 2850 891 2878 ap-

101 2882 231 2918 pellatur)
248 2883 436 2912 commendata
451 2883 531 2912 Petro
548 2883 628 2916 Emo,
645 2884 761 2918 patricio
775 2885 888 2920 Veneto,

947 2289 1009 2308 cum
1021 2281 1136 2317 ejusque
1151 2283 1254 2310 vexires
1269 2283 1368 2319 defert)
1385 2284 1572 2318 abstinebant,
1592 2287 1740 2320 quominus

948 2328 1052 2355 homini
1065 2337 1163 2356 manus
1196 2329 1350 2364 injicerent,
1366 2335 1414 2357 aut
1439 2330 1510 2358 [uide
1536 2334 1632 2359 saltem
1655 2333 1681 2359 in
1709 2341 1740 2361 os

947 2380 1120 2408 exspuerent.
1140 2375 1355 2411 Fungebaturid
1377 2379 1508 2411 temporis
1539 2379 1591 2405 h::c
1626 2387 1740 2406 munere

946 2420 1067 2448 Joannes
1082 2421 1257 2454 Franciscus,
1273 2422 1504 2451 Mauroceuorum
1524 2424 1626 2452 familia
1645 2433 1739 2460 natus,

946 2466 1110 2502 (Mor-eamus
1122 2468 1202 2502 vulgo
1224 2470 1345 2502 vocant),
1357 2470 1403 2502 qui
1417 2469 1499 2503 paulo
1517 2475 1577 2504 post
1594 2472 1739 2506 episcopa-

947 2519 1003 2542 tum
1021 2514 1201 2548 Brixienscm,
1216 2520 1325 2542 mortuo
1341 2516 1504 2544 doctissimo
1525 2519 1664 2547 cardinalc
1677 2520 1738 2548 Dci-

946 2562 1041 2596 phiuo,
1060 2562 1160 2588 absens
1175 2562 1340 2596 impetravit.
1354 2563 1377 2591 ls
1390 2571 1452 2590 cum
1478 2563 1607 2592 Zausium
1639 2574 1738 2601 querit-

946 2607 1008 2633 dam
1027 2607 1129 2634 sultani
1144 2607 1258 2634 Muralis
1273 2608 1366 2642 jussu,
1393 2609 1628 2646 Constantinopoli
1642 2614 1686 2640 die
1700 2614 1736 2640 ‘27

947 2654 1104 2682 Decembris
1120 2654 1249 2683 Venelias
1262 2656 1363 2683 iturum
1383 2665 1444 2685 cum
1462 2661 1598 2687 mandatis
1614 2655 1738 2697 accepis-

946 2707 998 2732 set,
1028 2702 1195 2734 intercessit,
1214 2711 1245 2730 ac
1261 2708 1366 2731 tantum
1379 2706 1505 2738 obtinuit,
1523 2712 1551 2734 ut
1567 2708 1737 2742 ablegandus

947 2748 1073 2775 Veni-tias
1094 2749 1211 2777 Zausius
1235 2750 1472 2786 Constantinopoli
1509 2759 1642 2780 maneret.
1660 2754 1736 2781 Missi

945 2800 1047 2826 tamen,
1058 2797 1103 2830 qui
1116 2796 1229 2825 Muralis
1239 2798 1401 2825 sententiain
1416 2798 1525 2826 Venetis
1536 2799 1733 2833 significarent.

947 2841 1059 2869 Volebat
1073 2843 1096 2870 is
1108 2850 1203 2877 punias
1218 2843 1245 2870 in
1268 2844 1334 2871 tanti
1349 2845 1479 2872 facinoris
1495 2851 1624 2874 auctores
1637 2847 1734 2880 statui,

946 2889 1106 2925 ablatusque
1126 2897 1168 2917 res
1187 2898 1246 2917 cum
1262 2892 1399 2926 personis,
1430 2897 1484 2919 tam
1519 2893 1622 2925 liberis,
1651 2901 1734 2928 quam
