1962 3071
128 130 186 163 ⁷7ῧῦ

696 118 884 165 δειπνίζει]
903 137 918 164 Α

973 135 1040 164 :.-\L.
1061 120 1216 166 TURCiC.
1708 137 1761 168 7ft)

134 189 179 222 qtii
194 187 308 216 Turcico
334 189 412 216 militi
447 197 572 224 suprema
599 198 660 218 cum
682 194 826 225 potestate.
854 200 915 218 ncc-
931 194 952 222 Λ
969 192 1082 216 tnnrilur
1105 191 1168 217 l‘Irat
1192 191 1216 217 in
1233 191 1352 218 exercitu
1371 192 1507 219 secundus
1523 193 1555 219 ab
1574 193 1633 227 ipso
1651 194 1761 229 (ligato-

132 235 195 261 dum
225 235 257 261 ad
291 235 357 262 fines
385 235 511 262 Persicos
543 244 687 271 progresso
715 245 775 264 cntn
794 238 914 264 exercitu

133 280 250 307 Osmane
269 281 347 307 bassa
368 281 546 314 vczirazcme,
569 283 824 315 prmerat,dcbitam
847 283 917 309 mili-

132 324 203 350 tibus
216 331 364 356 annonam,
376 325 485 352 sordida
495 327 609 360 quadam
623 328 736 354 avaritia
749 327 916 360 distractam,

131 376 196 396 suos
211 370 237 395 in
254 377 323 397 usus
342 370 472 398 vertisse:
499 372 575 406 cujus
595 377 684 401 tamen
701 374 776 408 gravi
804 375 917 408 periuria

131 417 273 442 laborabat
288 417 434 444 exercitus.
453 418 524 446 Idem
541 426 601 446 cum
617 420 785 454 imperasset,
802 422 916 447 duarum

131 463 156 488 in
177 463 218 489 bis
240 462 308 490 locis
324 464 507 491 munitionum
532 466 736 493 excitandarum
761 474 843 494 causa
857 487 864 499 ,
885 467 918 494 de

131 509 280 540 provinciis
293 509 329 535 uti
348 509 445 536 vicinis
463 511 639 538 convenirent
655 512 803 539 incolarum
823 513 855 540 ad
873 521 917 540 se-

132 555 239 588 xaginta
259 554 318 588 plus
340 555 431 582 ntintts
457 557 552 589 millia,
577 557 623 591 qui
650 565 748 591 operas
774 562 920 585 strmturte

130 601 300 627 necessarias
331 601 356 627 in
389 609 417 628 se
442 603 604 636 reciperent,
638 603 785 638 asingulis
815 605 916 638 aliquid

131 652 317 677 nummorum,
336 654 386 681 pro
400 647 505 674 ratione
525 648 696 682 facultatum,
711 650 833 684 exegisse
849 650 918 677 ferc-

131 691 221 717 batnr:
238 690 345 725 illisque
362 693 472 719 domum
494 694 626 726 remissis,
641 695 673 722 ad
691 695 844 723 functiones
859 703 918 723 sor-

130 736 206 763 tliilas
223 737 295 770 ipsos
311 738 444 772 Spachios
472 740 614 772 genizaros
629 746 797 776 ca'terosque
820 742 918 769 milites

130 784 267 815 adegisw.
286 783 387 810 Mensis
406 785 526 817 ens-dem
546 786 588 813 die
603 787 635 813 15
655 795 816 814 concessum
833 789 857 814 in
874 788 916 814 di-

131 837 200 854 ιίιηω
219 829 310 855 Ziansi
338 830 435 862 bassac.
463 839 540 865 quem
560 839 640 866 supra
658 834 789 860 masniem
815 833 915 860 factum

130 875 212 910 335,
227 875 357 906 diximus,
379 882 405 902 ut
422 877 522 908 libere,
548 879 646 911 quibus
670 879 695 904 iit
725 879 792 906 locis
819 881 917 911 vellet,
936 867 956 894 Β

132 923 232 947 versari
248 927 350 956 posset.
367 922 423 949 Hoc.
439 924 576 951 decretum
591 925 613 951 ci
628 928 695 951 viam
710 927 827 960 aperuit,
846 928 919 961 prio-

132 974 186 992 rem
203 967 235 993 ad
254 968 411 1002 dignitatem
429 969 569 999 red-eundi;
587 971 658 1004 quod
675 971 796 1004 quidem,
812 978 918 998 mortuo

132 1012 254 1039 Persicos
272 1013 304 1039 ad
324 1013 390 1040 fines
406 1013 526 1041 Osmane
550 1015 638 1046 bassa,
661 1024 713 1042 non
741 1017 827 1044 ntulto
856 1022 918 1052 post

132 1059 239 1085 accidit.
259 1058 370 1086 Constat
390 1067 449 1086 cuin
477 1065 602 1094 utroque,
621 1066 674 1087 tam
693 1061 819 1092 Ferbatc.
836 1071 917 1097 quant

132 1102 237 1132 Stanse.
257 1104 349 1130 mitius
368 1105 455 1138 egisse
473 1105 609 1131 sullaimm
627 1105 767 1137 Moralem,
786 1109 856 1139 quot
874 1114 919 1131 eo-

133 1156 190 1174 rum
208 1149 340 1182 indigeret.
354 1157 446 1182 opera.
465 1150 531 1176 Nam
549 1151 594 1185 qtii
612 1159 660 1185 per
676 1151 802 1178 Osmauis
820 1153 919 1178 absen-

133 1195 195 1220 tiam
210 1196 327 1229 supremi
343 1196 439 1223 veziris
456 1197 516 1223 loco
529 1205 569 1223 res
583 1197 790 1224 administrabat
809 1197 918 1225 Mesites

132 1240 223 1273 bassa,
240 1245 374 1268 castratus
390 1248 415 1269 ct
444 1251 538 1274 senex,
558 1243 620 1269 licet
645 1242 746 1277 alioqui
773 1243 865 1277 justus
893 1247 920 1270 et

131 1296 262 1323 severus,
279 1296 354 1317 tanto
372 1294 461 1316 tamen
479 1289 583 1316 muneri
605 1297 699 1324 parum
720 1295 779 1316 erat
795 1289 918 1316 idoneus.

170 1336 217 1362 Die
234 1337 264 1362 l9
279 1337 380 1364 mensis
396 1337 495 1371 Aprilis
511 1336 591 1363 rediit
607 1336 708 1371 Sinope
725 1336 919 1363 Constantinov

132 1382 214 1417 polint
231 1382 350 1410 Uluzulis
364 1383 508 1417 prmfectus
522 1383 622 1411 maris:
639 1383 711 1417 quod
728 1387 919 1417 argumentum

131 1433 201 1459 erat,
216 1435 247 1454 eo
263 1428 323 1455 loco
341 1433 397 1455 tum
416 1436 458 1456 res
475 1428 558 1456 fuisse
575 1427 726 1461 Tataricas,
744 1433 773 1454 ut
791 1427 920 1454 Osmanis

134 1474 160 1500 in
181 1473 325 1501 Tauricam
345 1474 549 1502 Chersonesum
571 1475 765 1510 transjectione
782 1483 834 1501 noti
848 1478 921 1501 esset

133 1529 212 1556 opus.

169 1568 270 1595 Eodem
286 1575 357 1595 anno
372 1574 434 1595 cum
446 1567 546 1595 Osman
563 1567 642 1594 bassa
658 1566 782 1594 Persicos
800 1566 832 1593 ad
847 1566 919 1593 limi-

133 1620 173 1642 tes
204 1616 379 1648 accessisset,
412 1614 618 1642 occurrentibus
646 1615 779 1649 intrepide
809 1614 919 1645 Persis,

133 1660 213 1687 modo
232 1661 313 1694 mille,
330 1661 411 1687 tnodo
427 1661 538 1695 plures,
555 1660 587 1687 ad
605 1660 697 1687 decem
714 1668 801 1694 usque
819 1660 900 1686 millia
913 1679 920 1692 ,

133 1705 165 1732 de
183 1706 267 1739 ipsius
282 1706 403 1733 exercitu
418 1706 532 1740 carptim
548 1705 623 1732 fuere
639 1705 712 1732 caesi.
728 1704 848 1731 Tandem
866 1705 921 1731 Au-

133 1757 212 1786 gusto
225 1760 328 1784 mense,
346 1751 435 1779 Persis
452 1752 555 1784 insciis,
586 1757 613 1779 ct
628 1752 694 1778 tiilnl
715 1751 747 1778 de
765 1751 816 1777 hoc
834 1751 920 1785 ipsius

134 1799 232 1826 itinere
257 1800 439 1832 cogitantibus
455 1819 462 1830 ,
481 1807 527 1832 per
543 1799 690 1828 obscuras,
707 1806 816 1832 opacas,
833 1806 915 1831 angu-

132 1852 188 1872 stas
210 1847 301 1875 valles.
330 1846 400 1872 inter
416 1846 563 1872 altissimos
583 1846 710 1879 utrinque
727 1850 833 1871 montes
857 1851 920 1878 pro.

134 1892 229 1922 fectus,
242 1892 286 1918 ubi
300 1891 392 1919 militis
405 1892 543 1918 animamli
554 1899 636 1917 causa
649 1890 787 1917 multoties
800 1890 918 1923 displosa

135 1937 207 1963 luere
224 1943 357 1964 tormenta
375 1938 486 1968 bellica.
504 1937 656 1964 Tebrisium
676 1937 799 1964 accessit.
832 1935 921 1962 Facil-

135 1983 227 2009 limum
245 1983 313 2010 lmsti
331 1984 445 2016 fuisset,
466 1985 508 2011 Itis
525 1985 551 2010 in
566 1983 699 2018 angustiis
714 1991 775 2010 cum
787 1988 842 2010 toto
857 1990 919 2009 cum

133 2030 254 2056 exrncitu
271 2030 302 2056 ad
325 2030 536 2056 internecionem
560 2030 662 2062 delere,
685 2030 708 2057 si
733 2030 865 2055 maturius
889 2028 921 2054 de

134 2076 184 2102 ltac
200 2076 259 2110 ejus
276 2075 445 2110 profectione
459 2077 642 2110 cognorissL-t.
656 2076 782 2102 ()smanis
805 2077 920 2101 adrentu

133 2122 282 2154 intellecto,
294 2122 393 2150 Cadius
404 2123 552 2156 sivejudex
568 2123 642 2149 urbis
656 2122 716 2157 fuga
730 2122 780 2148 sibi
792 2121 921 2148 consulit.

133 2164 200 2194 Tum
215 2168 322 2199 ceteri.
340 2169 488 2202 prmsertim
506 2168 555 2194 viri
575 2169 712 2202 sexaginta
733 2169 758 2194 in
776 2170 841 2194 urbe
868 2168 921 2200 pri-

135 2214 224 2246 Ιὶιζὶῖὶῖ,
247 2214 330 2240 variis
356 2221 417 2240 eum
446 2214 615 2241 islrumentis
641 2213 751 2240 musicis
778 2213 803 2238 in
830 2217 920 2238 castra

133 2259 285 2286 Tui-corum
300 2265 412 2287 exeunt:
430 2259 541 2286 Osmani
561 2267 591 2287 se
607 2260 703 2289 basszc.
718 2259 820 2286 salvam
839 2258 919 2285 tibcr—

133 2311 215 2333 tatem
233 2307 474 2340 iuimunitatesque
494 2314 559 2333 suas
572 2309 654 2340 pacti,
671 2306 783 2338 dedunt,
802 2313 919 2338 eumque

134 2357 215 2377 imrtu
229 2360 290 2378 cum
308 2352 365 2378 suis
380 2353 405 2378 iit
423 2352 527 2380 urbem.
543 2351 712 2385 czrtoroquiu
732 2355 852 2384 aperta‘n
868 2358 919 2376 n-~e

134 2398 195 2424 ullis
208 2397 330 2424 clausam
347 2398 442 2430 muris,
454 2397 603 2424 deducunt.
619 2398 666 2424 Est
678 2397 703 2423 in
720 2398 785 2423 urbe
800 2396 919 2435 saraium

133 2443 213 2477 longe
227 2443 424 2477 atuplissituutu
441 2464 448 2476 ,
466 2445 551 2471 altera
566 2444 726 2471 scaehornm
746 2442 916 2469 Persicorum

133 2491 225 2525 regia;
243 2498 304 2516 eum
321 2489 433 2516 iutcrior
445 2490 477 2516 ad
494 2490 652 2516 Casminum
671 2490 706 2516 sit
718 2509 724 2520 ,
742 2489 920 2522 quemadmo-

133 2539 197 2564 dum
217 2539 361 2572 aliquoties
388 2539 450 2566 alibi
473 2539 603 2565 diximus.
632 2539 688 2566 Hoc
714 2538 833 2565 saraium
855 2545 919 2572 pro-

132 2587 295 2619 pugnaculis
307 2586 447 2617 Usmancs,
462 2585 532 2611 intra
548 2585 618 2611 diem
641 2585 821 2614 tricesimum,
844 2592 920 2617 egre-

131 2632 174 2665 git:
187 2631 287 2660 muttit;
305 2630 359 2656 arci
377 2630 508 2656 absoluta:
527 2630 599 2656 mille
614 2630 801 2663 spacbiorum,
820 2629 919 2655 duum-

132 2685 186 2712 quc
202 2677 316 2703 millium
343 2672 552 2710 genizai'orum,
584 2679 682 2709 praeter
707 2675 776 2701 alios
801 2675 919 2706 milites,

132 2723 290 2758 prmsidium
303 2723 429 2757 imponit:
442 2722 628 2749 machinarum
637 2721 751 2755 denique
762 2721 919 2748 bellicarum

131 2771 159 2798 in
178 2778 209 2796 ea
227 2777 354 2803 utagnum
373 2776 514 2795 numerum
529 2787 536 2798 ,
559 2776 620 2794 cum
637 2768 696 2794 aliis
720 2768 801 2794 rebus
829 2774 923 2793 nece;—

132 2818 225 2848 sariis.
251 2818 387 2852 relinquit.
417 2815 480 2843 lude
507 2815 634 2842 chrisio
663 2814 756 2847 copias
780 2813 921 2840 universas

133 2863 246 2891 abducit
258 2883 264 2895 ,
282 2871 312 2890 ae
327 2864 353 2890 in
370 2863 466 2890 itinere
480 2861 644 2896 dysenteria,
663 2860 758 2894 quinto
777 2863 839 2893 post
855 2858 897 2884 diu
911 2877 918 2891 ,

970 237 1020 270 glis‘
1048 237 1139 268 bassa,
1166 237 1342 271 begbtrbegus
1371 237 1547 270 ﬂevanensis,
1574 239 1651 273 cujus
1677 247 1759 274 supra

969 289 1077 315 quoque
1094 282 1255 308 mentionem
1278 282 1400 308 iecimus.
1424 282 1471 309 llic
1491 282 1609 310 Osmane
1634 291 1758 316 mortuo,

970 335 1126 361 supremum
1144 332 1240 354 nactus
1257 327 1417 361 imperium,
1434 335 1499 355 suos
1513 329 1539 354 in
1563 334 1651 356 tutum
1677 333 1758 357 redu-

969 381 1031 399 cere
1049 373 1152 399 nititur.
1168 373 1272 400 lnstant
1285 374 1414 408 Cigulogli
1432 383 1445 401 a
1461 380 1534 410 tergo
1549 375 1647 405 Persaa.
1660 378 1760 411 quibus

971 419 1028 454 ipse
1045 421 1160 446 scaehus
1176 420 1297 447 adfuisse
1314 421 1481 454 perhibetur.
1510 423 1649 449 Accrrimo
1665 425 1760 451 confii-

969 473 1026 499 ctu,
1048 473 1072 494 el
1088 468 1231 502 aliquoties
1259 469 1367 502 quidem
1395 471 1530 503 repetito,
1555 472 1670 497 maxima
1693 471 1760 498 Tur—

969 521 1061 540 corum
1082 518 1185 547 strages
1200 514 1300 540 editur.
1318 513 1511 547 Niliiiominus,
1532 523 1695 550 quocunque
1712 525 1760 551 po-

970 563 1023 586 test
1042 559 1138 589 modo,
1164 558 1311 593 Clguloglis
1334 559 1386 585 iter
1408 561 1551 592 continuat
1568 570 1573 587 ε
1593 569 1654 588 cum
1674 563 1760 590 hostis

971 605 1099 640 impetum
1111 604 1245 638 frangeret
1255 603 1359 638 objectu
1369 605 1570 638 genizarorum,
1579 608 1623 641 qui
1633 608 1761 642 sclopctis

970 651 1027 677 suis
1055 650 1150 677 terrori
1188 650 1277 676 Persis
1305 655 1391 677 erant.
1419 651 1530 683 Quoties
1554 657 1643 679 autem
1670 653 1759 680 Persa:

969 698 1079 732 gravius
1095 702 1230 731 urgerent,
1248 703 1402 732 premerent
1415 718 1421 728 ,
1440 697 1592 726 Tut‘corum
1614 701 1759 734 profectio—

971 752 1030 771 nem
1054 745 1226 778 impedirent,
1252 744 1402 770 subsistere
1417 745 1546 779 legiones,
1564 750 1589 772 et
1612 747 1759 774 fortissime

972 790 1088 824 przciiari
1115 790 1201 824 jub.-t.
1233 789 1399 824 Truusfngas
1420 791 1534 824 denique
1559 793 1760 820 subornatosin

973 836 1091 863 hostium
1121 840 1209 862 castra
1236 835 1336 868 tnittit,
1362 835 1407 869 qui
1429 836 1463 863 de
1492 837 1577 871 ipsius
1596 839 1763 871 profectione

974 882 1141 916 consilioque
1157 882 1234 916 longe
1251 883 1356 908 diversi
1370 882 1500 909 referrent
1517 884 1556 909 alr
1574 884 1604 911 iis
1620 893 1679 918 quzc
1700 893 1760 912 cmn

973 927 1065 953 animo
1081 935 1131 952 suo
1147 927 1235 953 facere
1262 926 1460 953 constituisset.
1480 927 1535 954 liae
1552 928 1611 962 ejus
1631 929 1761 963 imposlu-

974 981 1001 998 ra
1017 973 1121 1006 decepti
1136 971 1242 1003 Ρυιηςίει,
1259 973 1320 998 dum
1337 977 1363 998 ct
1378 972 1428 1006 ipsi
1450 973 1619 1006 subsistunt,
1643 975 1762 1002 maxima

973 1018 1109 1044 celeritate
1125 1026 1186 1044 cum
1201 1018 1257 1044 suis
1271 1018 1413 1052 aufugiens
1437 1018 1583 1053 Cigaloglis
1595 1020 1721 1050 elabitur.
1736 1025 1763 1047 et

973 1063 1090 1090 Wanum
1116 1063 1245 1096 reliquias
1268 1063 1420 1090 incolumes
1439 1065 1523 1090 ducit.
1553 1065 1640 1092 Persa:
1670 1065 1760 1100 fugam

975 1109 1059 1136 liestts
1084 1109 1246 1142 conspicati,
1271 1109 1425 1136 Tebrisiutn
1445 1115 1635 1137 revertuntur:
1653 1116 1680 1138 et
1697 1113 1763 1138 urbe

973 1146 1144 1189 recuperata.
1159 1162 1219 1180 mox
1235 1162 1324 1181 arcem
1340 1154 1466 1181 obsidere
1480 1161 1632 1189 coeperunt.
1646 1157 1762 1184 Periisse

974 1206 1080 1228 constat
1098 1200 1123 1226 in
1140 1200 1213 1227 hisce
1229 1200 1400 1226 conﬂictibus
1419 1201 1489 1227 haud
1507 1201 1588 1228 dubie
1607 1201 1760 1229 Turcorum

974 1248 1005 1275 ad
1024 1246 1128 1278 80000,
1149 1247 1174 1273 in
1201 1247 1299 1279 quibus
1324 1251 1401 1273 erant
1428 1252 1618 1274 veteranorum
1646 1249 1761 1276 militum

975 1293 1181 1321 lectissimorum
1201 1293 1233 1319 ad
1251 1292 1355 1320 4000οε
1380 1293 1471 1327 pra-la
1496 1298 1580 1320 totum
1604 1290 1762 1321 continuata

977 1339 1095 1365 triduum
1119 1338 1342 1372 lrinoctiumque.
1368 1339 1460 1374 Cap-te
1482 1343 1590 1366 centum
1616 1347 1646 1367 ac
1671 1341 1764 1375 plures

976 1385 1108 1410 machina.-
1120 1384 1221 1412 belliem
1232 1385 1359 1418 majores.
1370 1383 1490 1411 Seacbus
1504 1385 1637 1418 Persicus,
1656 1393 1683 1412 re
1696 1387 1765 1413 bene

975 1437 1061 1466 gesta,
1079 1439 1163 1466 regno
1184 1436 1270 1458 semet
1283 1431 1424 1458 abdicasse
1440 1431 1537 1462 fertur,
1555 1431 1635 1466 idque.
1651 1432 1690 1459 sic
1706 1437 1761 1459 tra-

975 1478 1077 1504 didisrc
1094 1478 1158 1509 tilio,
1175 1482 1203 1503 ιιι
1220 1485 1281 1503 eum
1295 1481 1465 1504 sacramento
1481 1477 1554 1511 prius
1570 1478 1761 1512 obstringeret,

975 1531 1029 1557 quo
1045 1528 1138 1549 sancte.
1162 1523 1334 1557 polliceretur
1346 1542 1353 1555 ,
1372 1530 1512 1557 nunquam
1529 1531 1557 1550 se
1581 1531 1642 1550 cum
1667 1522 1763 1550 Turcis

974 1577 1064 1601 part-ut
1084 1570 1230 1600 facturum,
1251 1569 1277 1595 ni
1304 1569 1380 1603 prius
1404 1570 1550 1602 recepisset
1571 1569 1679 1601 omnia,
1704 1577 1764 1603 quin

970 1615 1038 1648 juti:
1058 1616 1202 1649 aliquando
1218 1615 1318 1642 Persici
1337 1615 1463 1642 fuissent.
1483 1615 1543 1642 llzec
1561 1617 1668 1643 tametsi
1687 1622 1762 1650 gesta

972 1661 1048 1688 fur-rc
1064 1666 1125 1695 post
1148 1662 1296 1688 discessum
1316 1669 1331 1688 e
1349 1661 1464 1688 Turcica
1482 1668 1604 1688 nostrum
1617 1681 1625 1693 ,
1650 1670 1699 1689 nec
1725 1662 1761 1689 ita

973 1711 1109 1740 Cutttpet'la
1127 1707 1233 1738 damus,
1249 1706 1287 1732 uti
1312 1714 1372 1740 qum
1394 1713 1476 1740 supra
1500 1707 1533 1733 de
1550 1707 1629 1733 rebus
1648 1707 1763 1734 Persicis

973 1760 1003 1777 ex
1023 1751 1166 1777 intervallo
1188 1751 1307 1784 propiori
1324 1752 1466 1777 observata
1492 1752 1703 1786 descripsimus:
1725 1759 1764 1779 ta—

974 1806 1034 1824 men
1053 1798 1085 1824 ab
1104 1797 1136 1823 iis
1159 1804 1269 1830 accepta
1293 1797 1434 1823 referimus
1452 1798 1485 1823 de
1509 1806 1622 1830 lllllil'tllll
1641 1798 1692 1824 fide
1709 1806 1763 1824 non

973 1843 1139 1869 dubitamus:
1155 1842 1264 1876 sequius
1278 1850 1309 1868 ac
1322 1842 1358 1868 illi
1373 1843 1479 1875 solent,
1497 1845 1542 1876 qui
1573 1851 1661 1870 rerum
1689 1843 1764 1877 ipsa-

973 1897 1044 1919 rum.
1059 1897 1127 1923 quas
1145 1889 1335 1922 scripturiuut,
1357 1889 1438 1915 rudes
1454 1893 1479 1915 et
1508 1890 1604 1923 ignari,
1634 1890 1762 1916 ridiculus

974 1935 1051 1961 nobis
1068 1935 1181 1968 (utinam
1192 1935 1252 1960 sine
1266 1933 1361 1961 fraude
1379 1935 1453 1970 peric
1465 1935 1552 1969 doque
1569 1936 1700 1970 xei-iratis)
1714 1945 1764 1963 nu-

973 1990 1019 2016 gas
1047 1982 1206 2008 obtruiunt.
1463 2007 1465 2009 .

1012 2028 1067 2054 line
1083 2027 1165 2053 etiam
1180 2031 1273 2053 instate
1290 2027 1389 2053 bellum
1415 2026 1546 2053 adversus
1571 2026 1718 2054 Maronitas
1737 2034 1764 2054 rt

974 2074 1078 2112 Tereos
1094 2078 1199 2108 gestum
1218 2074 1278 2100 fuit.
1306 2073 1461 2100 lubabituut
1479 2073 1505 2100 bi
1528 2074 1618 2108 populi
1643 2081 1761 2102 montem

974 2121 1119 2152 Libanum,
1135 2121 1182 2155 qui
1199 2121 1270 2147 ltaud
1297 2120 1391 2154 procul
1415 2120 1528 2147 dissitns
1543 2121 1577 2147 ab
1594 2122 1659 2147 urbe
1677 2121 1763 2156 Syriae

976 2168 1117 2194 Pbmniccs
1134 2167 1235 2201 Tripoli
1261 2166 1430 2201 (Tarabolos
1447 2174 1478 2193 ea
1495 2167 1591 2194 Turcis
1608 2174 1648 2193 est
1663 2167 1684 2202 ),
1708 2176 1761 2194 non

974 2214 1101 2247 exiguum
1128 2214 1160 2240 ad
1177 2215 1294 2248 spatium
1312 2221 1342 2240 se
1361 2215 1482 2248 porrigit.
1498 2213 1582 2248 “eligi
1596 2222 1664 2240 :uetn
1681 2214 1761 2240 Chri-

973 2263 1087 2283 stianam
1105 2259 1275 2292 profitentur,
1294 2267 1324 2284 ac
1342 2258 1445 2284 Maroni
1462 2258 1483 2284 is
1508 2260 1587 2285 etiam
1608 2259 1761 2293 patriarcha

972 2313 1111 2330 sacrorum
1137 2306 1262 2339 princeps
1288 2309 1340 2332 est.
1366 2306 1390 2332 ls
1417 2306 1521 2331 habitat
1544 2306 1570 2332 in
1596 2306 1761 2331 monasterio

973 2350 1091 2384 Virginis
1105 2352 1232 2385 Deiparm,
1244 2352 1314 2384 quod
1332 2352 1503 2378 itinereuued
1517 2360 1533 2377 ο
1552 2357 1668 2378 inutilem
1683 2352 1761 2378 Liba-

973 2406 1036 2423 num
1067 2398 1278 2424 ascendentibus
1299 2398 1427 2424 occurrit.
1451 2397 1555 2424 Habent
1582 2403 1607 2424 et
1633 2399 1762 2424 llteroso-

972 2444 1050 2479 lymis
1069 2445 1207 2471 Maronila:
1225 2446 1354 2478 templum
1380 2444 1408 2471 S.
1430 2444 1538 2479 Georgii
1556 2446 1692 2479 marytris,
1716 2445 1761 2471 ubi

974 2492 1050 2525 vulgo
1076 2495 1206 2517 vocantur
1227 2490 1374 2518 Christiani
1390 2490 1482 2522 cincti,
1496 2491 1552 2518 sive
1575 2491 1688 2521 zonarii,
1701 2499 1764 2524 pro-

973 2542 1031 2569 pter
1060 2536 1152 2570 longas
1177 2537 1298 2571 latasque
1324 2544 1407 2564 zonas
1421 2537 1478 2563 sive
1505 2536 1632 2570 cingula,
1662 2538 1761 2571 quibus

974 2586 1097 2608 utuntur.
1116 2583 1259 2616 Aytbonus
1277 2582 1377 2610 alicubi
1397 2582 1551 2608 Maroninos
1568 2582 1656 2614 dixit,
1676 2587 1702 2609 et
1719 2582 1761 2609 his

974 2628 1060 2654 verbis
1073 2636 1169 2654 eorum
1185 2629 1318 2655 meminit.
1337 2628 1406 2655 Sunt
1421 2629 1448 2655 in
1466 2634 1556 2656 monte
1568 2629 1671 2655 Libano
1682 2629 1763 2655 Chri-

973 2674 1054 2700 stiani
1081 2675 1207 2708 degentes
1231 2683 1314 2708 prope
1339 2674 1484 2708 Tripolim,
1505 2675 1639 2709 sagittarii
1657 2675 1760 2708 pedites

973 2721 1049 2747 valde
1067 2721 1138 2753 boni,
1162 2721 1234 2748 circa
1251 2721 1337 2748 40000
1356 2723 1486 2748 virorum.
1502 2720 1533 2746 lli
1551 2720 1688 2747 multoties
1702 2719 1760 2746 fue-

974 2771 1037 2793 runt
1054 2767 1165 2794 soldano
1183 2767 1307 2799 rebelles,
1325 2772 1351 2794 et
1366 2767 1464 2794 damna
1483 2767 1599 2800 pluritna
1617 2766 1760 2792 Saracenis

975 2813 1136 2840 intulerunt.
1166 2813 1302 2840 Hactenus
1327 2813 1478 2848 Aythouns.
1509 2812 1649 2838 Maronitis
1679 2811 1760 2838 vicini

974 2859 1152 2895 fm'lcratique
1167 2860 1340 2892 suutTrusci,
1357 2860 1402 2893 qui
1421 2867 1450 2886 se
1466 2859 1626 2892 pt'oiilt‘ltlur
1643 2865 1703 2885 (sse
1719 2866 1761 2885 re-
