1962 3071
202 169 253 203 7H

805 159 966 196 iOANXlS
994 165 1231 196 tremunt

1775 163 1830 196 71‘2

203 231 301 264 liquias
319 230 426 257 illorum
453 226 661 256 occidentalium
674 227 902 258 Christianorum,
923 233 990 260 quos
1008 230 1025 256 Λ
1044 225 1194 257 proximum
1213 225 1238 250 in
1255 229 1380 258 stagnum
1408 223 1533 250 tltllllall:
1552 223 1597 249 ubi
1623 228 1702 250 noctu
1731 229 1831 257 stu-pi-

203 275 490 311 imperatorisllenrici
500 274 531 300 IV
542 280 670 308 tempore,
681 275 732 301 sub
749 273 935 300 annnmChris
949 272 988 298 i3-

202 331 266 349 ιιιιιιι
299 323 376 352 1099,
396 322 448 348 dux
476 321 657 348 Bullionensis
671 320 752 355 385
775 320 933 346 Golel‘ridus
962 320 988 346 in

202 373 301 394 terram
317 372 437 393 sanctam
455 366 573 397 duxerit,
584 359 746 400 etquorunt'
761 373 825 392 usus
836 373 916 398 opera
931 369 984 391 tam

201 413 407 448 Hierosolymis,
417 421 497 447 quam
511 414 613 447 reliqua
624 412 775 443 Palaestina,
786 413 885 446 politus
897 411 988 438 fuerit.

199 460 270 486 tiens
291 465 405 493 utraque
423 465 476 485 tam
501 464 541 486 est
559 466 713 492 numerosa,
743 464 797 486 tam
824 458 863 484 rei
887 458 989 484 lis-limae

199 503 304 533 aldicta
328 507 438 537 studiis,
466 511 494 533 ut
513 506 652 532 hominum
675 506 730 541 jam
752 506 784 532 ad
806 505 893 531 60000
910 505 988 531 facile

199 552 303 584 possint
320 552 345 578 in
362 553 468 579 hostem
484 552 612 583 educere,
629 553 673 585 qui
695 552 792 586 majori
809 560 839 578 ex
857 557 931 586 parte
947 559 991 585 pe—

200 599 325 625 ritissimi
340 599 498 632 selopetarii
513 604 587 626 sunt.
615 598 669 627 llos
693 599 807 633 populos
836 607 906 625 anno
932 599 990 624 Ma-

199 646 346 671 hnmetano
379 644 425 670 98|
456 644 531 679 (Chr.
548 645 641 680 ,1574)
669 646 793 671 Sullanus
823 644 936 671 Seliaies
964 642 985 670 ll

197 694 249 719 snh
261 691 358 728 jngum
374 691 490 723 mittere,
504 691 551 718 sed
570 691 680 722 frustra,
693 695 809 718 conatus
823 689 920 717 luerat.
939 690 988 717 lla-

198 749 254 774 qne
271 739 366 766 Turcis
389 745 420 765 ex
448 737 494 764 illo
521 742 642 770 tempore
662 736 780 763 libertati
808 744 841 763 ac
871 735 988 762 fortunis

196 794 290 812 eorum
316 782 521 814 insidiantibus,
544 789 617 808 nunc
641 782 747 807 tandem
761 781 904 807 undecimo
928 785 988 814 post

197 838 268 856 anim
284 829 377 855 domiti
397 828 505 854 luerunt
520 827 553 853 ab
578 826 713 852 lbrahiine
739 825 829 853 bassa.
847 825 916 852 Cairi
945 826 985 852 vel

196 876 304 910 [Egypti
324 875 504 909 beglrrbego:
523 874 567 907 qui
585 872 617 899 de
630 872 723 906 spoliis
740 872 867 897 thronum
884 871 986 904 regium

196 931 228 949 ex
242 930 308 948 auro
333 929 400 955 puro
417 925 481 954 puto
497 918 762 952 Constantinopolim
784 917 891 944 misisse
903 917 986 944 suilll-

197 978 232 995 ιιυ
247 968 342 995 Μαι-ειη
358 967 469 998 dicitur,
481 966 642 992 arstimatum
655 965 743 992 sexies
755 963 878 990 centenis
891 971 986 990 aureu-

198 1024 256 1041 rum
280 1014 409 1040 millibus:
432 1011 503 1039 ldetu
525 1012 656 1042 sultanx,
684 1011 761 1044 cujus
782 1009 862 1036 ﬁliani
883 1010 984 1036 dudtttn

197 1069 236 1086 an,
244 1061 291 1091 bit,
301 1064 327 1086 et
340 1060 409 1086 haud
420 1058 501 1085 dubie
514 1058 645 1084 ducturus
657 1060 712 1082 tum
728 1055 898 1086 credebatur,
907 1055 984 1082 aliis-

196 1115 248 1139 que
265 1105 347 1132 saraii
365 1103 532 1130 mulierculis
547 1102 654 1129 misisse
674 1109 787 1128 munera
805 1102 900 1134 lertur,
916 1107 985 1135 quo-

198 1160 255 1178 rum
266 1151 379 1186 pretium
391 1151 507 1176 ducenta
520 1148 602 1175 millia
615 1147 814 1174 sultaninorum
825 1147 982 1181 aquaveril.

231 1200 310 1224 Anno
322 1198 372 1224 993
388 1197 462 1230 (Chr.
479 1194 570 1229 l58ti),
585 1194 675 1221 Persis
683 1201 773 1222 arcem
785 1193 983 1226 Tebrisianam,

195 1245 230 1271 ab
247 1245 366 1271 Osmane
389 1243 468 1270 bussa
486 1241 622 1276 superiori
651 1245 745 1269 a‘stale
762 1240 906 1272 munitam,
934 1239 983 1266 ob-

195 1290 358 1321 sidentibus,
389 1297 452 1315 cum
486 1287 592 1315 obsessi
624 1286 819 1320 propemodum
842 1285 876 1312 ad
891 1290 983 1313 extre-

195 1343 267 1362 mam
307 1341 398 1361 rerum
427 1333 550 1360 omnium
580 1331 720 1370 penuriam
751 1330 853 1357 redacti
881 1334 981 1363 essent,

194 1380 325 1407 Ferbates
342 1380 433 1411 bassa,
458 1378 541 1405 veluti
569 1371 672 1412 peritus
688 1376 868 1409 architectus,
893 1377 983 1403 muni-

195 1425 295 1450 tionem
313 1430 409 1449 novam
423 1429 438 1448 e
455 1422 564 1454 regione
579 1420 696 1448 Tebrisii
720 1425 827 1448 struere
852 1421 980 1448 instituit.

194 1469 345 1504 Gigaloglis
373 1473 463 1494 autem
492 1467 572 1494 bassa
601 1467 772 1498 Casminum,
802 1474 861 1501 qua:
888 1466 982 1494 Persa-

193 1523 253 1542 rum
278 1515 340 1548 (cett
363 1513 493 1546 diximus)
512 1513 627 1539 interior
648 1516 690 1540 est
716 1513 801 1546 regia,
832 1513 979 1546 petiturum

194 1569 224 1587 se
240 1567 301 1586 cum
316 1558 437 1585 exercitu
450 1557 571 1584 simulat.
587 1557 653 1583 Dum
679 1557 729 1583 hoc
741 1557 802 1590 ejus
815 1557 865 1582 iter
894 1557 976 1590 impe-

193 1607 276 1632 dituri
294 1594 392 1636 Persio,
415 1604 543 1631 maximis
559 1610 620 1630 cum
635 1603 723 1638 copiis
736 1602 874 1635 advolant,
896 1603 981 1630 simu-

195 1654 298 1680 latione
314 1659 409 1686 pugna:
423 1658 584 1678 succursum
614 1649 742 1681 obsessis,
757 1657 849 1683 ett-quc
862 1657 906 1676 res
921 1657 981 1675 om-

195 1708 242 1726 nes
267 1699 293 1724 in
321 1704 423 1729 ari-em,
458 1704 519 1723 cum
535 1703 606 1722 novo
636 1696 825 1729 supplemento
852 1695 980 1729 militum,

195 1747 308 1771 invecte
323 1743 444 1774 fuerunt,
458 1750 575 1777 quarum
589 1742 678 1776 inopia
693 1741 877 1768 laborabatur.

231 1791 330 1818 Eodem
356 1798 427 1816 anno
453 1796 568 1823 magnus
599 1789 643 1815 ille
657 1787 802 1814 Clntainus
831 1788 914 1820 chan,
936 1787 982 1822 qni

197 1835 246 1864 Ulu
275 1838 386 1864 ehanet
411 1835 506 1862 Kezies
533 1836 612 1862 bassa
644 1833 753 1865 dieitur,
784 1833 983 1868 Persarumque

196 1875 408 1916 seaehus,'qne:n
422 1881 536 1908 Kiselem
553 1882 659 1907 bassam
675 1885 782 1911 vocant,
811 1887 910 1905 novum
939 1879 982 1905 in-

197 1935 236 1956 ter
254 1938 282 1956 se
295 1929 385 1955 fiedus
399 1927 536 1964 pepigere,
551 1935 605 1961 quo
627 1926 729 1952 nuituis
745 1933 774 1952 se
789 1924 919 1951 subsidiis
936 1924 983 1951 ad-

197 1985 291 2002 versus
307 1975 470 2002 Usmanidas
488 1973 606 2000 l'cremlis
633 1972 799 2006 obligaruut.
828 1971 893 1997 Nam
911 1971 982 2006 quod

196 2021 323 2052 Talaus,
340 2028 470 2055 oppreSso
486 2019 580 2050 Persa,
599 2019 752 2053 proximum
770 2025 799 2044 sc
813 2017 870 2044 fore
887 2023 983 2052 poteti-

196 2068 240 2094 tia:
256 2066 380 2093 'l‘urcicaa
396 2065 510 2096 videret,
527 2065 568 2091 cui
587 2063 733 2098 plurimum
753 2071 783 2088 ex
814 2063 889 2089 ruina
916 2063 982 2089 tanti

197 2114 267 2147 regis
284 2114 381 2140 virium
397 2116 470 2139 esset
485 2118 678 2140 accessurum,
702 2117 782 2144 quam
805 2109 863 2135 licri
879 2114 982 2136 matur-

450 2158 557 2185 obviam
598 2157 714 2183 eundum
748 2156 881 2183 crescenti
913 2156 983 2183 malo

194 2206 333 2233 censebat.
375 2205 469 2238 itaque
514 2203 625 2237 majoris
661 2203 742 2228 etiam
783 2202 983 2236 eonjunclionis

194 2261 275 2279 eausa
314 2255 482 2278 contractura
518 2250 565 2276 ina
601 2249 670 2275 inter
708 2248 808 2274 liberos
844 2248 986 2282 utriusque

195 2297 410 2328 matrimonium,
441 2295 532 2321 'l‘atari
563 2294 657 2321 clunis
700 2293 765 2324 lilia,
798 2294 889 2321 scachi
918 2293 982 2320 l‘er-

194 2344 243 2370 sici
286 2344 340 2369 lilio
384 2341 479 2376 nuptui
525 2341 598 2367 data.
638 2340 724 2366 Simul
774 2339 854 2366 etiam
897 2339 983 2373 stipn«

196 2391 267 2416 l.-tns
300 2394 342 2416 est
375 2388 502 2420 Tatarus,
532 2387 565 2414 ad
598 2395 676 2413 tlStllll
708 2386 804 2416 l‘ersze,
842 2386 981 2412 hominum

195 2446 224 2463 se
238 2436 325 2463 20000
344 2436 452 2470 proprio
479 2442 533 2461 aare
565 2440 618 2460 tam
651 2433 695 2459 diu
711 2438 806 2459 contra
823 2432 929 2459 'l'urcos
957 2433 982 2459 in

195 2484 279 2509 armis
303 2482 470 2512 habiturum,
495 2481 582 2506 donec
594 2479 663 2506 bello
680 2477 741 2504 linis
764 2485 795 2504 ex
814 2483 875 2504 voto
892 2477 983 2504 l’ersL

195 2529 218 2554 ci
233 2528 303 2562 regis
319 2527 461 2560 impositus
478 2532 558 2552 esset.

231 2573 313 2600 Junio
327 2581 420 2600 mense
434 2572 515 2606 hujus
539 2571 613 2604 anni,
632 2577 691 2598 orta
716 2571 840 2605 qurcdam
867 2570 984 2596 obscura

195 2619 430 2654 Constantinopoli
456 2619 553 2645 nebula
583 2618 651 2645 fuit:
670 2626 724 2652 qua
740 2617 882 2644 desinente
913 2618 985 2643 loru-

197 2668 247 2694 stis
265 2666 342 2700 pluit,
358 2673 418 2699 qlia:
435 2665 540 2691 fructus
565 2672 661 2692 omnes
676 2669 703 2691 et
720 2665 848 2690 arborum
875 2665 986 2689 absunt—

196 2721 274 2748 pstre
291 2711 363 2737 l’olia.
378 2710 518 2736 Diversum
537 2711 600 2744 quid
617 2711 689 2744 apud
719 2718 769 2736 nos
798 2708 894 2735 accidit
913 2715 986 2734 anno

195 2758 319 2792 sequenti
334 2757 413 2787 L387,
430 2754 569 2782 Deccmbri
597 2763 700 2788 mense,
717 2762 777 2781 cum
794 2754 933 2780 Croatinis
959 2754 985 2780 in

197 2804 308 2834 limbus,
326 2804 358 2830 ad
378 2802 548 2834 \Vihilznum,
574 2801 664 2828 Karuli
693 2800 846 2828 archiducis
869 2800 987 2827 Anstrite

195 2842 329 2881 castrum,
350 2848 430 2884 quasi
460 2848 546 2875 nubes
564 2847 687 2882 qua‘danl
719 2852 829 2872 anatum
858 2851 884 2873 et
907 2854 988 2872 anse-

197 2903 270 2928 rum,
298 2896 399 2930 aliquot
428 2902 494 2922 sane
519 2893 691 2929 myriadum,
724 2892 869 2922 advolavit.
904 2900 986 2927 seque

196 2162 263 2187 time
300 2164 402 2194 posset,

1042 274 1085 296 tus
1102 270 1198 304 ingens
1219 270 1396 305 pugnantium
1425 270 1495 297 inter
1520 278 1549 297 se
1565 270 1704 295 volucrum
1731 270 1756 295 in
1775 275 1830 296 to'a

1042 316 1152 347 vicinia,
1181 324 1263 350 seque
1292 316 1393 343 mutuis
1421 315 1625 343 eonlleientium
1659 315 1830 347 vulneribus,

1041 363 1149 390 auditus
1163 362 1222 389 fuit.
1240 362 1345 396 Egressi
1363 361 1496 396 postridie
1520 362 1627 395 milites,
1645 363 1729 394 cives,
1757 363 1831 395 agri-

1041 409 1118 439 colae,
1139 414 1240 435 tantam
1258 416 1282 435 et
1302 413 1413 435 anattnn
1443 412 1470 435 et
1493 416 1621 435 anserum
1651 408 1768 442 capiant.
1795 409 1828 434 ad

1045 456 1157 486 lnnnnn,
1176 455 1207 481 ad
1226 462 1316 481 acrem
1334 453 1559 480 essii-cantlorum
1577 458 1785 488 congesserunt,
1800 459 1829 480 nt

1041 501 1085 525 diu
1109 504 1163 526 lant
1188 501 1278 533 Opima
1300 499 1354 525 sint
1379 499 1525 526 victitaluri
1556 500 1699 526 commode
1727 500 1827 534 puella.

1040 543 1106 570 Nam
1123 544 1168 570 alii
1203 544 1263 575 100,
1293 545 1338 570 alii
1370 544 1433 575 200,
1460 545 1551 579 plures
1579 544 1623 570 alii
1654 545 1829 578 paucioresve

1041 591 1210 625 collegerunt
1223 595 1353 617 mactatas
1364 592 1396 617 ab
1411 598 1439 618 se
1465 590 1580 618 invicem
1595 591 1732 622 volucres.
1757 591 1828 618 Tan-

1041 637 1101 663 dem
1115 644 1129 662 e
1145 641 1222 670 prato
1233 636 1349 671 quodam
1375 637 1573 671 spatiosissimo
1591 637 1705 664 sublatis
1732 646 1830 673 snper-

1040 686 1118 710 stiles
1129 683 1190 712 alis,
1206 683 1359 711 avolarunt.

1077 729 1134 755 Sub
1152 730 1230 756 tinent
1245 729 1321 760 anni,
1337 729 1476 756 Decembri
1507 738 1609 761 mense,
1637 731 1773 758 (li'o.xt'n's
1799 732 1827 758 in

1042 776 1140 802 linibus
1161 764 1368 809 aliquotlmillia
1391 776 1543 803 Tureornm
1569 786 1582 803 ιι
1601 778 1702 803 uestris
1731 785 1826 804 lllllltc-

1042 828 1071 846 ro
1089 821 1166 854 longe
1187 821 1337 855 imparibus
1354 821 1428 848 fuere
1453 830 1533 849 rtesa.
1560 823 1644 848 Periit
1660 823 1730 849 inter
1757 824 1827 849 alios

1041 867 1127 893 bas-sai
1142 867 1290 894 Boznensis
1316 867 1417 894 frater:
1443 869 1520 904 enjus
1547 874 1626 903 caput
1643 878 1656 895 a
1674 869 1828 896 cen’icrbns

1039 920 1166 944 recisum,
1184 914 1351 948 missumque
1364 921 1425 940 cum
1447 915 1559 948 captivis
1583 914 1745 949 quibusdam
1776 914 1829 941 fuit

1039 957 1169 984 Viennam
1191 959 1223 985 ad
1251 959 1455 987 serenissimum
1471 960 1586 987 Austria-
1603 961 1752 995 principem
1780 960 1828 986 Et-

1038 1009 1154 1031 nestum.
1185 1004 1232 1032 llic
1267 1007 1344 1033 bassa
1376 1006 1550 1039 Boznensis,
1580 1012 1606 1034 et
1637 1006 1719 1034 frater
1751 1007 1824 1041 ejus,

1036 1057 1116 1084 quem
1130 1058 1230 1078 cacsmn
1249 1052 1299 1078 hoc
1312 1052 1438 1079 conilietu
1458 1053 1588 1085 diximus,
1606 1053 1661 1079 nati
1679 1053 1826 1087 perhiben-

1036 1101 1080 1122 tur
1092 1104 1123 1123 ex
1144 1096 1246 1124 familia
1261 1097 1436 1126 Mechemctis
1456 1100 1543 1126 bassze
1557 1099 1743 1132 vezirazcmis,
1759 1107 1822 1126 cum

1035 1150 1089 1176 quo
1107 1149 1216 1178 nuptam
1231 1144 1316 1172 fuisse
1331 1146 1431 1173 sullani
1459 1145 1568 1173 Selimis
1584 1146 1605 1173 ll
1624 1146 1716 1175 tiliam.
1733 1146 1823 1174 Mure.

1039 1188 1072 1214 tis
1085 1197 1216 1222 sororem,
1231 1191 1356 1225 superius
1370 1191 1548 1219 ostendimus.

1070 1234 1149 1261 Anno
1176 1237 1300 1270 sequenti
1330 1236 1466 1271 proximo,
1494 1237 1623 1264 nimirum
1655 1237 1824 1265 Mahumeta-

1034 1287 1069 1307 no
1084 1280 1136 1308 994
1153 1280 1230 1315 (Chr.
1248 1282 1339 1318 1587),
1354 1290 1448 1310 mense
1462 1282 1622 1315 Februario,
1635 1284 1721 1311 nostri
1736 1284 1823 1319 Copa-

1033 1334 1110 1358 num,
1129 1335 1218 1354 arcem
1236 1336 1287 1354 non
1308 1328 1403 1362 procul
1420 1329 1498 1355 sitam
1519 1329 1578 1356 lacu
1604 1328 1743 1362 Balatone,
1762 1335 1820 1356 tum

1034 1374 1168 1408 temporis
1179 1373 1337 1408 ‘congelato,
1351 1383 1404 1409 quo
1418 1380 1471 1402 tres
1485 1375 1634 1402 aneorum
1650 1375 1708 1411 begi
1721 1384 1824 1402 conve-

1036 1424 1144 1450 nerant,
1157 1427 1190 1445 ex
1205 1420 1343 1454 inopinato
1357 1421 1457 1454 adorti,
1470 1426 1612 1456 ceperunt.
1625 1422 1709 1449 Erant
1722 1422 1746 1449 in
1758 1430 1822 1449 arre

1037 1472 1098 1490 cum
1120 1465 1204 1491 nostri
1223 1473 1282 1492 eam
1307 1465 1474 1498 invaderent,
1493 1467 1566 1493 mille
1593 1466 1745 1494 Turcorum
1762 1467 1822 1502 plus

1034 1511 1157 1536 minusve
1172 1511 1272 1545 capita.
1287 1511 1323 1537 lix
1340 1512 1382 1538 his
1393 1518 1489 1546 pra'tcr
1502 1513 1567 1539 alios
1579 1513 1682 1540 vilioris
1693 1513 1820 1544 i'urtuua'.

1034 1556 1084 1584 l90
1114 1557 1276 1589 nobiliores,
1307 1566 1369 1584 cum
1395 1559 1429 1585 70
1460 1559 1577 1590 feminis,
1605 1560 1631 1586 in
1661 1565 1821 1594 potestatem

1035 1607 1190 1629 nostrorum
1217 1608 1367 1631 venerunt:
1399 1604 1512 1638 reliquis
1539 1609 1585 1630 aut
1616 1605 1677 1639 fuga
1698 1605 1821 1638 dilapsis,

1033 1653 1080 1675 aut
1097 1650 1147 1676 sub
1165 1655 1235 1676 terra
1249 1654 1334 1676 semet
1349 1649 1419 1676 intra
1437 1657 1536 1684 specus
1564 1651 1737 1678 ahdentibus.
1753 1651 1821 1685 Equi

1033 1698 1220 1730 generosiores
1247 1696 1356 1723 adducti
1390 1702 1514 1728 centum,
1564 1698 1651 1731 praeda
1682 1698 1822 1725 401mm-

1034 1750 1106 1769 tuum
1145 1750 1290 1769 aureorum
1328 1743 1452 1770 millibus
1493 1744 1638 1771 aestimata.
1668 1744 1705 1770 De
1734 1744 1822 1771 nibus

1033 1787 1118 1822 begis,
1157 1797 1226 1824 quos
1259 1790 1285 1816 id
1314 1790 1443 1824 temporis
1474 1790 1529 1816 illic
1568 1791 1652 1818 luisse
1688 1790 1821 1823 diximus,

1034 1836 1178 1870 sangiacus
1217 1836 1397 1872 Copancnsis,
1437 1837 1504 1864 Cara
1543 1838 1600 1864 sive
1641 1838 1723 1871 Niger
1764 1838 1822 1864 Alis

1034 1887 1128 1914 captus
1157 1882 1217 1913 luit,
1244 1888 1270 1909 et
1302 1882 1430 1909 Viennam
1473 1885 1557 1918 prius,
1603 1885 1665 1910 itide
1706 1884 1822 1917 I’ragam

1034 1927 1066 1954 ad
1083 1927 1253 1962 ltmlulphum
1279 1929 1430 1964 Angustum
1461 1931 1580 1957 n;is.~us:
1607 1930 1675 1956 alter
1703 1929 1824 1956 suliora-

1035 1979 1078 2002 lus
1094 1976 1119 2001 in
1133 1975 1193 2002 loco
1208 1977 1385 2004 subterraneo
1408 1983 1610 2007 concaincrato.
1645 1985 1699 2012 quo
1719 1985 1748 2004 se
1774 1977 1823 2004 de-

1035 2021 1170 2054 fendebat,
1193 2023 1255 2057 igne
1283 2023 1307 2050 vi
1340 2024 1507 2050 tormentaiii
1540 2024 1657 2058 pulveris
1685 2031 1822 2058 accenso;

1036 2069 1132 2094 tertius
1161 2067 1231 2104 fugae
1261 2073 1317 2095 tnm
1350 2069 1480 2096 beneﬁcio
1504 2074 1646 2098 servatus;
1679 2069 1725 2103 qui
1759 2078 1821 2098 cunt

1035 2113 1163 2148 deineeps
1177 2115 1300 2149 Augusto
1314 2122 1416 2147 mense,
1439 2115 1668 2149 qnemadtnmlntu
1685 2123 1747 2142 ntox
1778 2116 1823 2143 in-

1036 2158 1150 2184 dicaluri
1167 2158 1419 2190 sinuus,eumaliis
1450 2160 1517 2186 lines
1544 2164 1652 2186 nostros
1681 2160 1823 2194 ingressus

1035 2208 1116 2236 t‘Ssrl,
1147 2211 1227 2238 quam
1257 2204 1308 2231 huc
1336 2205 1361 2230 in
1395 2206 1454 2231 loro
1478 2205 1662 2238 captivitatem
1694 2206 1823 2240 lugiendo

1037 2250 1194 2282 declinarat,
1210 2250 1271 2277 istic
1287 2251 1313 2276 in
1331 2256 1489 2285 potestatein
1516 2252 1589 2278 l'atali
1615 2255 1732 2286 quodam
1757 2261 1822 2280 casu

1036 2298 1171 2330 redactus,
1187 2297 1304 2331 ellugere
1318 2306 1370 2324 non
1389 2298 1484 2332 potuit.

1072 2344 1150 2369 Anno
1164 2343 1270 2375 eodem,
1291 2345 1393 2370 mensis
1406 2344 1521 2379 Augusti
1538 2345 1581 2371 die
1611 2350 1707 2372 octavo
1726 2346 1824 2380 (fastos

1036 2395 1139 2415 veteres
1164 2388 1266 2424 Ungati
1299 2391 1438 2424 retinent),
1466 2395 1584 2424 quatuor
1611 2391 1669 2423 hegi
1702 2391 1822 2423 Turrii-i,

1038 2435 1215 2462 Sasnaiensis
1235 2436 1291 2462 sive
1305 2435 1453 2470 Zigetanus
1480 2437 1569 2466 baSsa,
1583 2437 1728 2470 sangiaeus
1762 2437 1822 2463 Pct-

1036 2483 1161 2508 scherius
1190 2483 1246 2508 sive
1276 2482 1573 2515 Quinqneri-lesiensis,
1607 2487 1633 2508 et
1667 2489 1756 2508 novus
1779 2482 1824 2508 ille

1037 2529 1136 2562 taptiii
1155 2529 1213 2553 loco
1229 2528 1359 2554 solli-ctus
1375 2527 1555 2560 Copancnsis,
1572 2528 1693 2560 quinque
1709 2535 1835 2561 suorunr

1037 2573 1157 2599 millibus
1173 2573 1293 2599 collectis
1314 2572 1384 2599 intra
1401 2573 1469 2598 lines
1501 2578 1619 2603 nostros,
1638 2580 1732 2599 versus
1743 2571 1822 2599 Nem-

1037 2619 1132 2653 ptliim,
1158 2619 1328 2652 irruperunt:
1358 2626 1385 2645 et
1410 2618 1485 2653 pltng
1513 2618 1616 2652 aliquot
1636 2618 1674 2645 cis
1700 2622 1727 2644 et
1753 2619 1824 2644 ultra

1037 2664 1206 2699 Limpaetun,
1233 2665 1314 2699 386
1345 2673 1397 2691 una
1430 2673 1492 2691 cum
1519 2664 1657 2699 oppidulis
1684 2663 1824 2698 (Germani

1040 2715 1165 2742 marctas,
1181 2711 1301 2743 emporia
1318 2710 1406 2737 Grnei
1423 2710 1541 2745 vocant),
1565 2710 1694 2742 Met-acie,
1720 2711 1824 2736 Dobro-

1039 2757 1114 2783 nucis
1136 2756 1279 2788 ambobus,
1310 2756 1470 2789 llcsneccio,
1498 2757 1635 2789 'l'ainoco,
1666 2761 1768 2790 septem
1793 2763 1826 2782 ac

1039 2803 1131 2829 decem
1148 2804 1173 2830 iit
1186 2811 1292 2830 summa
1303 2805 1390 2838 pagis,
1401 2805 1539 2838 repentina
1554 2802 1827 2838 imprcssioneohrn-

1040 2854 1084 2880 li",
1100 2857 1130 2875 ac
1144 2849 1251 2876 miseris
1266 2850 1407 2885 utriusque
1424 2858 1505 2877 sexus
1520 2850 1617 2877 incolis
1646 2849 1743 2883 captis,
1767 2857 1826 2874 om-

1040 2894 1084 2922 nia
1109 2895 1262 2929 depopulati
1279 2896 1461 2930 diripuerunt.
1479 2896 1543 2930 l'Zjus
1570 2896 1607 2923 rei
1623 2895 1711 2924 lactus
1724 2894 1827 2922 certior
