1962 3071
139 110 180 140 '.'l3

680 104 865 137 SUPl'LEM.
893 101 1029 133 ANNAL.
1049 100 1200 132 TURCIC.

1688 96 1739 128 7L4

139 168 241 195 illustris
253 167 486 202 prmsidiariorum
504 167 586 194 castri
612 165 741 192 Canisani
776 164 902 190 tribuntts
919 165 939 191 Α
955 161 1031 187 multi
1047 159 1204 194 gravissime
1220 156 1362 188 vulnerati,
1395 160 1454 190 post
1476 154 1660 190 exspirarunt.
1681 155 1742 202 Ca:-

136 214 256 248 Georgius
270 221 362 240 centes
394 213 521 244 Zerinus,
545 211 652 239 comitis
676 211 789 241 Nicolai,
805 209 908 236 fortiter

136 259 290 292 adligetum
302 259 411 289 mortui.
429 259 509 290 illius,
528 263 626 292 quanta
640 257 779 284 celeritate
791 256 908 282 maxima

136 311 220 340 potest,
231 313 246 332 e
259 305 377 331 castellis
388 304 517 339 proximis
529 304 647 338 aliquam
660 303 774 329 militum
787 309 908 331 manum,

137 353 184 376 c‘utn
199 351 256 376 suis
274 350 388 377 subditis
412 357 445 376 ex
471 349 557 376 insula
575 348 742 379 )lurakeosa,
756 355 816 381 qua:
839 347 910 372 inter

137 396 230 423 Mittam
242 401 269 423 et
289 396 405 422 Drarunt
430 403 524 421 amnes
543 399 584 422 est
604 394 656 421 sita
681 393 761 428 cogit.
778 392 908 418 Praeterea

136 449 252 476 proceres
266 441 317 468 sibi
331 441 445 473 vicinos,
463 440 687 474 vigilantissimos
714 436 908 466 Cisdanubiani

136 486 223 513 limitis
244 487 381 517 custodes,
394 486 521 513 comitem
545 485 719 512 Frauciseum
735 483 909 514 Nadasdium,

121 530 311 558 Baithasarent
336 529 507 557 Batbianiutn
534 530 662 557 baronem
685 528 910 562 Gussingensem,

137 575 245 608 itemque
256 574 412 608 pra-fectum
422 574 599 608 Coprcinitzm
608 573 737 600 Joannem
748 573 909 600 Globitzium

138 625 159 647 et
168 620 296 647 Joannem
306 620 471 646 Fridericnm
485 618 815 648 Trantmansdorlianum,
828 617 910 644 Bandi

140 664 257 698 equitum
274 663 443 698 praefectum,
461 671 507 698 per
535 670 610 696 suos,
625 669 649 689 et
668 671 715 697 per
737 662 910 697 explosarum

140 710 321 737 machinarum
336 715 461 742 tesseras,
476 710 581 737 hostilis
604 709 767 743 irruptionis
780 708 912 735 certiores

139 754 207 786 facit,
224 762 255 781 ac
269 762 332 781 suas
347 755 383 780 ttti
398 755 490 788 copias
506 755 564 782 sine
584 762 659 781 mora
674 761 766 786 secum
793 753 911 787 conjun-

141 803 208 832 gant,
234 799 365 825 hortatur.
394 798 432 825 Illi
457 806 517 825 mox
548 798 604 825 suis
628 798 734 830 excitis,
763 798 796 825 ad
824 798 911 825 locum

140 840 302 878 designatum
319 845 345 870 in
356 849 476 878 tempore
485 844 638 870 convolaut.
652 844 716 871 inde
725 844 786 871 data
800 844 913 878 diligen—

142 893 178 916 ter
191 897 271 924 opera
285 888 436 916 Turcorum
450 888 488 915 ttti
503 888 618 915 reditum
636 888 827 922 unticiparent,
852 895 914 915 eos-

141 943 187 971 que
202 936 260 962 loco
273 936 389 962 maxime
402 935 510 967 idotteo,
536 935 663 969 quasdam
690 935 759 961 inter
773 934 914 968 angustias

142 981 277 1015 paludum,
293 988 353 1015 qua:
369 981 542 1008 transeunda
556 980 623 1015 ipsis
640 984 728 1012 erant,
744 979 914 1008 invaderent.

142 1025 262 1053 Feliciter
275 1026 374 1053 nostris
388 1026 438 1052 hoc
449 1025 591 1052 consilium
600 1025 692 1052 cessit.
706 1024 840 1052 Reversus
854 1032 914 1051 cum

141 1072 236 1105 prmia,
255 1079 403 1106 magnoque
422 1073 603 1106 captivorum,
627 1071 748 1106 cujusvis
777 1071 864 1098 aetatis
889 1077 916 1098 et

141 1126 229 1150 sexus,
270 1118 482 1145 Christianorum
519 1125 633 1145 numero
669 1117 812 1150 Barbaros,
836 1125 915 1151 supra

141 1164 351 1200 Qatzerolaentn,
363 1164 396 1190 ad
408 1171 489 1190 unttm
503 1171 518 1190 a
530 1163 627 1190 Canisa
655 1163 781 1194 milliare,
801 1163 916 1190 necdum

142 1210 275 1243 dissipatis
286 1211 398 1236 omnino
423 1209 551 1241 tenebris,
569 1209 619 1236 sub
647 1202 763 1243 primunt
781 1209 836 1236 diei
860 1217 919 1236 ere.

142 1256 281 1291 pusculum
297 1255 409 1282 viriliter
424 1255 594 1287 adoriuntur,
625 1261 734 1281 manum
760 1259 916 1286 conserunt,

143 1302 263 1328 animose
272 1301 387 1333 ctedunt,
400 1301 473 1328 omni
495 1308 633 1333 armorum
645 1307 743 1334 genere
766 1300 917 1332 vulnerant,

142 1347 299 1374 cedentibus
315 1347 427 1378 instant,
452 1346 581 1372 adversus
601 1350 781 1382 ntactant:eo
804 1345 919 1379 denique

141 1392 326 1428 trepidatimtis
340 1399 372 1419 ae
381 1392 579 1427 desperationis
607 1392 730 1425 adigunt,
744 1395 773 1418 ut
795 1384 919 1418 acinaces

143 1438 242 1466 nostris
253 1446 317 1466 suos
332 1439 402 1466 ultro
421 1439 600 1474 porrigerent,
627 1438 777 1472 objiecrent
790 1447 797 1466 :
812 1438 919 1464 itidem-

142 1492 195 1519 que
207 1485 310 1512 caeteris
326 1485 409 1512 armis
436 1484 577 1519 depositis,
591 1484 636 1511 alii
662 1484 744 1511 vitam
769 1489 796 1511 et
819 1484 921 1510 incolu-
933 1497 955 1528 α

143 1532 265 1568 tnitatem
276 1537 344 1557 voce
355 1535 488 1565 gestuque
506 1530 673 1557 lamentabili
699 1530 919 1564 deprecarentur,

141 1577 201 1604 alii'
226 1584 389 1612 quacunque
411 1577 454 1604 via
479 1582 601 1612 possent.
623 1576 649 1602 itt
673 1576 755 1603 silvas
778 1583 810 1603 ac
837 1576 922 1602 saltus

142 1621 314 1656 :ul'ugerent,
330 1621 452 1656 ipsisque
483 1629 512 1649 se
542 1621 686 1655 paludibus
714 1622 922 1656 immergereut:

143 1667 261 1693 ubicum
278 1667 442 1698 moribundi,
459 1666 531 1701 quod
553 1667 655 1694 viribus
680 1667 835 1698 exhaustis,
856 1667 924 1693 ulte-

141 1712 200 1741 rius
211 1720 322 1747 pergere
337 1719 523 1748 nonpossent,
540 1720 617 1746 opetn
632 1713 720 1739 hostis
732 1712 921 1747 itnplorarent,

140 1759 280 1785 a-nostris
309 1759 482 1785 miseratione
508 1757 588 1784 tanta:
610 1758 773 1784 calamitatis
803 1757 923 1791 ipsorum

142 1805 301 1831 commotis.
328 1803 418 1837 plures
446 1803 530 1837 erepti
564 1802 717 1837 servolique
741 1802 862 1829 fuerunt.
896 1801 923 1828 ltt

142 1850 271 1878 conﬂictu
288 1849 454 1877 Maclnnntes
468 1850 616 1884 Saugiacns
630 1849 925 1885 Quinquecclesiensis,

142 1896 217 1923 ﬁlius
243 1896 301 1923 Alis
316 1896 411 1928 basswe,
438 1895 530 1930 praelio
553 1895 639 1922 navali
654 1896 687 1922 ad
703 1896 865 1922 Cuzzularos
881 1902 926 1922 0c-

93 1947 104 1954 "
143 1942 207 1973 cisi,
220 1942 254 1968 de
268 1949 323 1975 quo
335 1947 415 1976 supra
430 1941 543 1973 dictum,
558 1941 659 1976 quiquo
683 1941 805 1975 captivus
823 1949 836 1967 a
854 1947 926 1968 mor-

143 1993 171 2014 te
186 1988 271 2022 patris
285 1987 397 2014 Romam
424 1987 570 2021 perductus
595 1987 692 2020 fuerat,
723 1992 877 2015 nostrorum
898 1988 926 2013 itt

142 2038 303 2067 potestatem
321 2034 401 2060 venit.
418 2032 606 2065 ltloltaziensis,
626 2032 709 2059 Sinan
732 2033 824 2067 begus,
836 2033 927 2067 palus-

143 2080 195 2106 tris
214 2080 265 2106 loei
283 2079 468 2114 transjieiendi
484 2087 541 2114 spe,
556 2080 653 2107 adacto
668 2079 818 2106 calcaribus
846 2087 926 2112 equo,

141 2126 209 2152 dum
219 2125 323 2152 deﬁxus
341 2126 453 2152 luereret
467 2125 493 2152 in
516 2125 635 2159 uligine.
660 2125 772 2159 sclopeti
790 2132 836 2159 per
853 2124 928 2151 frun-

960 207 982 233 si
997 206 1050 233 ta'nt
1067 207 1090 231 in
1105 206 1162 239 ipso
1184 203 1278 238 prcelizt
1294 210 1375 236 quam
1394 202 1531 235 deinceps,
1546 205 1574 227 et
1591 201 1617 227 in
1633 200 1741 234 paludi-

962 253 1011 278 bus
1025 259 1056 277 ac
1094 251 1171 277 silvis
1188 249 1339 278 oeaslincti,
1370 247 1454 274 multo
1468 247 1567 281 plures,
1594 250 1620 273 et
1639 246 1672 273 ad
1687 246 1740 273 duo

961 296 1016 322 fere
1032 295 1123 322 millia.
1135 295 1229 328 Capta
1255 300 1386 319 cursurum
1413 291 1464 318 400
1481 299 1529 324 pro
1542 298 1616 317 tnore
1631 291 1741 317 militari

960 349 1054 369 eorum
1076 341 1203 370 limitum,
1230 346 1292 366 cum
1312 339 1363 365 600
1380 338 1456 368 viris,
1470 336 1741 363 (Ianisamduntaxat

961 387 1054 414 relata.
1066 386 1144 413 Potiti
1155 390 1281 420 pt-mlerea
1293 383 1377 411 nostri
1394 383 1459 410 1000
1471 391 1503 409 ac
1514 383 1578 414 500,
1593 382 1741 416 etamplius

962 431 1111 459 Turcorutn
1120 431 1206 465 equis.
1214 431 1295 456 Erant
1304 435 1456 456 nostrorum
1467 428 1656 463 peditesjisoo,
1667 428 1742 460 equi-

963 483 1002 504 tes
1012 477 1074 509 500,
1083 485 1113 503 ex
1124 477 1223 511 qutbus
1234 476 1376 503 desiderati
1384 476 1514 502 duntaxat
1523 475 1647 502 undecim
1659 483 1665 500 :
1675 483 1743 501 non-

964 523 1041 555 nulli,
1051 524 1100 550 sed
1113 523 1189 558 pattci
1198 527 1299 553 tamen,
1307 523 1450 549 vulnerati.
1463 521 1553 549 Pranla
1561 529 1621 549 eutn
1631 522 1714 555 captit
1722 523 1744 547 is

962 569 1126 596 Christianis
1156 573 1274 603 recepta.
1294 568 1349 594 Non
1365 568 1472 595 desiere
1500 567 1597 600 nostri,
1622 568 1744 602 juvanti-

965 616 1014 641 bus
1026 615 1106 641 etiam
1121 613 1258 648 agricolis,
1281 614 1313 640 ad
1332 613 1433 647 aliquot
1451 613 1508 640 dies
1535 613 1597 648 luga
1626 613 1745 647 dilapsos

963 661 1089 694 indagine
1113 650 1241 695 quadam,
1272 660 1342 686 velut
1367 661 1393 686 itt
1417 659 1534 686 ferarum
1559 663 1657 686 venatu
1687 659 1745 685 ﬁeri

963 707 1042 736 solet,
1059 706 1180 740 cingere:
1209 713 1324 740 quorum
1349 706 1456 740 quidem
1487 713 1540 732 ttott
1561 705 1675 740 exiguus
1693 713 1745 731 nu—

965 759 1064 783 merus,
1077 752 1117 778 vel
1136 751 1358 786 iuvestigantium
1380 751 1468 778 studio
1485 757 1619 785 repertus,
1636 750 1678 777 vel
1697 759 1744 777 sua

965 801 1070 829 sponte,
1084 796 1155 830 qttod
1187 803 1294 823 omnem
1324 796 1457 823 evadendi
1485 804 1560 831 spem
1581 795 1633 823 sibi
1654 796 1747 829 praeci-

965 850 1021 869 satn
1034 844 1212 875 conspiceret,
1228 843 1293 869 nihil
1313 843 1468 877 proitttutas
1477 842 1605 869 deserens
1619 842 1747 874 latebras,

965 889 990 914 itt
1004 893 1162 921 potestatem
1174 888 1256 915 venit.

1000 934 1029 960 Et
1048 936 1190 966 hactenus,
1211 935 1237 960 in
1263 934 1315 962 ltoe
1330 935 1440 969 quidem
1472 938 1601 968 tempore,
1618 933 1750 959 Tttrcicos

967 979 1094 1010 Annales,
1111 980 1215 1014 adjecta
1235 987 1325 1007 rerum
1342 980 1376 1007 57
1390 981 1586 1015 propemodum
1615 980 1693 1007 anuis
1705 986 1749 1013 ge-

967 1031 1070 1052 starum
1087 1026 1265 1061 expositione,
1294 1028 1456 1053 continuare
1470 1027 1618 1054 voluimus.
1646 1026 1683 1053 De
1695 1034 1750 1060 quo

967 1079 1033 1099 sane
1049 1071 1140 1098 labore
1157 1077 1260 1103 nostro,
1279 1072 1442 1099 cuicuimodi
1461 1072 1505 1104 sit,
1520 1071 1651 1105 inliciunt
1666 1071 1750 1098 lecto-

968 1118 1005 1145 ris
1021 1118 1279 1150 bumanirczndidi,
1294 1122 1320 1145 et
1335 1118 1509 1152 intelligentia
1536 1118 1651 1144 'tninime
1668 1117 1751 1144 refor—

968 1164 1114 1191 midamus.
1131 1165 1248 1192 CzrterOs
1261 1165 1301 1191 vel
1327 1165 1509 1199 improbitatis
1525 1169 1551 1191 et
1567 1164 1685 1196 malitiae,
1711 1165 1752 1190 rei

968 1211 1145 1245 ignorat‘onis
1159 1211 1250 1237 morbo
1265 1211 1447 1242 cuecutieutes.

1110 1256 1232 1291 Manguri
1246 1257 1322 1283 unius
1338 1257 1499 1284 a'stimantus
1514 1265 1611 1283 omnes.

1009 1302 1118 1329 Veritati
1149 1303 1260 1336 quidem
1294 1307 1366 1329 certe
1394 1296 1561 1334 studuimus,
1588 1310 1651 1339 qua,
1683 1302 1756 1329 velut

971 1348 1059 1375 anima
1072 1355 1130 1379 sua,
1145 1347 1168 1374 si
1183 1353 1274 1374 careat
1288 1347 1412 1379 historia,
1428 1344 1490 1375 mox
1508 1347 1534 1374 in
1551 1348 1641 1374 fumos
1665 1348 1754 1380 abeat,

971 1401 1080 1421 necesse
1096 1398 1146 1421 cst.
1165 1393 1259 1421 Testes
1271 1393 1390 1425 idoneos,
1408 1399 1434 1420 et
1447 1397 1573 1420 auctores
1596 1393 1647 1421 lide
1660 1393 1757 1428 dignos

973 1441 1069 1472 habet),
1088 1447 1148 1466 cum
1169 1440 1344 1474 magnificum
1374 1445 1399 1466 et
1426 1439 1625 1474 amplissimum
1653 1440 1752 1471 rit-um,

972 1485 1198 1512 Bartltolontaeum
1214 1485 1376 1518 Pezzenum,
1391 1484 1520 1512 Caesarem
1530 1484 1678 1518 Maiestatis
1692 1493 1757 1512 con-

974 1532 1107 1559 siliariutn
1126 1551 1134 1564 ,
1151 1539 1236 1566 nuper
1248 1531 1280 1558 ad
1308 1531 1415 1558 Portam
1445 1531 1617 1559 Osmanicam
1644 1531 1756 1559 missum

974 1585 1036 1604 cum
1052 1577 1181 1605 ordinarii
1197 1577 1276 1612 legati
1294 1584 1406 1604 munere
1420 1585 1426 1604 :
1441 1581 1496 1603 tum
1519 1577 1599 1603 etiam
1623 1577 1695 1605 \‘iros
1712 1585 1758 1603 ttu-

976 1623 1042 1650 biles
1057 1628 1083 1650 et
1098 1623 1232 1657 egregios,
1248 1622 1363 1649 Paulum
1383 1622 1495 1654 Rosam,
1514 1622 1665 1658 Uttgarum,
1682 1624 1761 1650 beam

976 1676 1031 1695 non
1060 1669 1095 1695 ita
1111 1667 1212 1695 dudum
1242 1668 1477 1702 Constantinopoli
1505 1673 1653 1699 lilOl'luuttl,
1683 1669 1761 1696 Nico-

976 1714 1048 1740 laum
1061 1713 1229 1741 llaunoidutn
1247 1713 1496 1745 Vratislavieusem,
1509 1713 1693 1750 Hieronynttm
1712 1716 1761 1742 Ar-

977 1765 1104 1787 conatum
1121 1759 1333 1787 Leontorinum:
1362 1760 1409 1794 qtti
1425 1760 1672 1795 Constantinopoli,
1699 1768 1760 1788 cum

977 1805 1039 1833 istic
1068 1806 1125 1840 ipse
1156 1805 1352 1839 peregrinarer,
1380 1805 1406 1832 in
1438 1806 1626 1840 attgustalibus
1653 1806 1762 1833 scriniis

977 1851 1171 1879 secretioribus
1212 1850 1376 1877 militabant.
1415 1850 1516 1877 Ilorum
1562 1851 1763 1878 consuetudine

977 1897 1145 1932 quotidiana,
1173 1897 1304 1930 planeque
1326 1897 1442 1930 sincera,
1467 1897 1512 1932 qui
1541 1897 1661 1924 virorum
1692 1899 1763 1932 opti-

979 1950 1084 1969 morum
1102 1942 1204 1969 candor
1219 1946 1269 1972 est.
1286 1942 1370 1968 multa
1395 1950 1437 1968 me
1464 1943 1618 1977 percepisse
1644 1944 1676 1969 tle
1694 1941 1763 1969 Τυν-

978 1989 1044 2016 cicis
1075 1989 1167 2020 rebus,
1197 1989 1313 2022 ingenue
1347 1989 1442 2015 fateor.
1475 1987 1529 2015 Nec
1559 1989 1763 2022 prtetereundus

979 2035 1086 2062 silentio
1102 2033 1228 2060 Matthias
1252 2033 1409 2064 Pltarensis,
1426 2031 1689 2066 ﬂudolpltiCmat-is
1716 2041 1763 2060 no-

980 2081 1028 2108 Stri
1046 2081 1078 2107 ad
1098 2080 1207 2107 Portam
1219 2079 1391 2107 Ostnanicant
1412 2079 1598 2113 Dragontanus
1614 2078 1654 2104 vel
1681 2077 1764 2104 inter-

980 2133 1058 2160 pres;
1074 2132 1106 2152 ex
1123 2126 1201 2161 cujus
1220 2126 1374 2152 narratione
1391 2124 1519 2159 pleraque
1549 2124 1582 2150 de
1599 2124 1649 2150 hoe
1665 2124 1763 2150 dect-n-

140 2177 197 2198 tem
216 2172 330 2198 mediam
359 2172 458 2206 petitus
489 2172 553 2202 ictu,
581 2172 720 2198 occubuit.
751 2170 926 2199 Sasuarensis
944 2170 964 2197 D
981 2173 1033 2199 nali
1045 2172 1175 2200 adversus
1190 2172 1375 2202 fortissimam,
1403 2178 1519 2204 vereque
1544 2170 1680 2197 \ietrieent
1703 2171 1765 2197 ltae-

141 2219 238 2248 batsa,
250 2226 303 2252 quo
316 2219 423 2244 nomine
440 2218 586 2253 gdignitatis
600 2219 757 2246 illttstrioris
783 2218 926 2252 Zigetauns

139 2263 275 2297 appellari
293 2270 322 2290 se
342 2263 409 2294 vult,
436 2271 488 2290 una
505 2271 565 2291 eum
595 2265 662 2298 bego
678 2264 827 2297 tlopaueusi
855 2263 926 2290 (lita-

139 2317 222 2341 sane,
236 2308 295 2343 fuga
311 2317 340 2336 se
351 2309 506 2337 subduxite
529 2310 631 2343 prtelio,
645 2317 706 2336 cum
725 2317 767 2336 res
784 2317 847 2336 suas
870 2309 925 2344 jam

139 2354 302 2387 desperatas
317 2359 451 2382 cerneret.
461 2355 628 2388 Copaucnsis
642 2355 726 2388 prima
737 2360 797 2388 post
811 2362 926 2389 pugnam

142 2406 236 2432 nocte,
248 2401 364 2435 quodam
394 2402 419 2427 in
442 2401 510 2427 saltu
534 2400 675 2432 oberrans,
691 2408 751 2427 cum
777 2400 837 2427 aEiis
865 2408 930 2434 cap—

140 2453 190 2474 tus
204 2447 263 2474 fuit.
281 2447 426 2481 Zigetanus
452 2448 567 2480 septimo
583 2448 689 2474 tandem
704 2447 746 2474 die
761 2447 843 2482 pedes
866 2446 929 2474 Bre-

139 2500 267 2524 settzam,
282 2493 351 2520 [ante
361 2499 442 2528 atque
457 2494 538 2520 animi
562 2493 653 2520 dolore
668 2493 818 2525 confectus,
831 2493 927 2520 evasit.

140 2539 224 2572 llapti
238 2547 269 2565 ex
289 2540 411 2567 hostibus
440 2539 496 2566 fere
521 2540 601 2572 1500,
619 2539 651 2566 de
679 2547 794 2574 quorum
816 2546 928 2566 nurnero

256 2854 389 2884 l’uuut.
405 2854 465 2886 Gtt.
495 2854 586 2888 CLIX

980 2224 1061 2246 tenus
1076 2223 1182 2253 gentem
1196 2217 1334 2245 Persicam
1350 2217 1418 2244 bello
1445 2217 1528 2252 gestis
1541 2217 1618 2252 plene
1641 2219 1766 2252 CCgltori-

980 2273 1051 2293 ntus.
1064 2265 1145 2300 387
1159 2264 1235 2297 Quod
1248 2264 1271 2291 si
1284 2265 1369 2290 visunt
1389 2264 1441 2290 Deo
1460 2263 1551 2295 fuerit,
1575 2264 1677 2291 diutius
1697 2264 1766 2290 ltauc

982 2312 1061 2339 nobis
1079 2318 1226 2346 prorogare
1253 2311 1352 2341 citam,
1379 2310 1503 2336 dabimus
1536 2309 1685 2336 absolutam
1715 2311 1765 2335 alt-

983 2357 1093 2392 qttando
1109 2356 1249 2383 bistoriuttt
1275 2355 1614 2389 Cuttstvnlinopolitttnam,
1643 2362 1695 2388 qua
1724 2363 1766 2380 l'-'s

985 2405 1047 2430 inde
1059 2409 1146 2437 usque
1158 2403 1191 2428 ab
1208 2403 1273 2428 urbe
1298 2402 1418 2433 condita,
1435 2406 1487 2427 tam
1505 2409 1518 2427 a
1535 2399 1675 2430 Romanis.
1695 2400 1768 2426 Grv-

984 2447 1170 2481 cis,Flandris
1184 2448 1403 2482 imperatoribus,
1432 2453 1511 2480 quam
1528 2453 1542 2473 a
1570 2446 1684 2472 sttltanis
1710 2445 1768 2472 Mu-

984 2494 1172 2521 sultnanorutn
1188 2497 1280 2528 gestat,
1306 2492 1377 2519 setie
1390 2497 1517 2526 perpetua
1532 2496 1663 2523 contente
1676 2493 1768 2526 lt‘gull-

985 2545 1038 2566 tur.

1560 2851 1598 2881 23
