1963 3067
215 78 238 111 ῖῗ
245 83 276 114 lii

837 92 1000 124 JOANNIS
1023 96 1252 131 LEUNCLAVH

1790 111 1848 142 ’ῖΞθ

224 141 412 176 ascendentes,
428 149 453 170 et
468 145 651 181 Gunduselpis
664 156 710 174 seu
730 148 855 185 Duzalpis
868 152 949 180 fuerit
964 163 1010 188 pa-
1027 162 1048 187 Α
1064 158 1138 186 rilms
1150 160 1176 186 in
1193 161 1275 189 rebus
1296 155 1538 194 animadvertimus
1556 176 1561 194 :
1579 169 1604 195 in
1631 170 1727 204 titulis,
1753 172 1847 200 officiis

224 190 265 204 lnr
296 186 396 204 num...
423 197 436 204 ι.
455 197 541 204 ..ιη..ι..
568 193 651 204 ,ιλ-»ιη
674 201 716 204 -,η
734 202 757 204 _,
783 200 788 204 .
809 196 814 201 -
837 196 842 201 -
867 201 872 204 .

223 190 275 213 ter.
296 186 397 215 Osman
423 197 436 215 a
455 197 542 217 morte
567 193 652 226 patris
674 201 759 221 annos
782 196 891 231 triginta
913 207 1009 227 novem

223 230 429 260 Malunnetanus
456 242 488 261 ex
506 237 647 264 annalium
676 241 838 268 auctoritate
866 243 943 276 vixit,
962 247 1008 272 sed

185 306 187 309 ι
222 276 315 310 viginti
339 285 434 305 norem
458 284 560 308 tantum
593 283 742 317 imperasse
771 287 920 316 scribitur:
937 291 1008 325 quod

187 322 190 344 ξ
222 320 316 353 primis
339 321 430 348 decem
453 324 534 351 annis
558 326 739 362 principatum
767 332 958 368 acquisiverit,
982 341 1009 363 et

178 362 190 381 ι’
221 366 404 394 constituerit.
423 368 528 396 Sullani
549 380 645 399 nomen
665 374 727 402 huic
743 377 777 403 ab
802 379 939 406 annalium
958 389 1008 408 au-

220 414 294 436 ctore
312 418 364 437 non
381 413 520 447 tribuitur,
540 417 587 444 sed
608 417 704 446 Murali
730 422 846 454 primum
867 427 968 459 nepoti,
981 430 1008 454 et

219 455 344 488 abnepoti
360 457 458 485 deinde
476 460 637 490 lluchemcti
654 471 660 490 :
683 466 756 499 quod
779 468 811 494 de
825 468 875 496 hoc
896 469 1006 498 Muelle-

218 506 287 527 mcte
297 501 458 532 Theodorus
470 507 550 533 etiam
568 507 762 545 Spanduginus
775 513 926 543 adnotavit.
941 516 1005 543 Gazi

217 555 280 573 \el‘o
294 556 444 583 cognomen
458 551 568 579 Osmaui
581 555 671 589 datur,
685 556 756 584 sicut
767 563 793 586 el
805 559 924 587 Urcbani
939 562 1004 595 lilio,

216 594 368 631 Muralique
383 601 484 633 nepoti,
499 601 569 635 quod
590 607 731 631 strenuum
745 608 1005 645 magnaninlumque

214 641 325 668 militem
343 644 487 678 signiticat.
518 646 546 673 In
575 647 703 676 Urebane
720 651 776 685 (sic
791 641 863 680 enim
882 656 1004 683 scriben-

213 687 298 722 dum)
328 691 445 717 notanda
473 700 535 719 cum
563 694 605 721 Ali
631 695 711 723 bassa
738 697 823 726 fratre
846 703 1002 735 concordia,

212 740 274 759 cum
299 741 396 762 omnes
414 737 481 769 alii,
503 746 620 772 quorum
651 741 683 768 de
715 743 795 771 rebus
812 744 935 773 Turcicis
956 755 1003 774 ex-

211 782 283 805 stant
303 781 414 815 scripta,
431 783 524 810 dicant
540 785 573 811 ab
593 785 720 815 Urcbane
744 789 910 826 principatus
926 793 1001 821 initio

211 825 333 854 sublatos
350 827 435 856 fuisse
457 829 491 857 de
513 830 602 858 mcdio
626 832 723 861 fratres
736 835 805 863 duos
824 825 840 863 ιγ
850 843 941 872 aperte
957 847 1000 867 re-

210 873 392 900 clamantibus
406 875 481 901 hisce
489 875 613 905 Turcicis
624 880 779 914 annalibus,
794 883 839 917 qui
855 884 973 918 primum
985 893 1001 912 a

209 918 327 950 Bajazite
339 919 486 949 Gilderune
506 922 600 951 Chane
615 926 790 959 parricidium
807 930 883 964 regni
915 938 998 960 causa

207 967 386 994 commissum
408 966 506 1000 fuisse,
533 976 629 998 necato
656 971 761 1008 Jacupe
781 974 876 1008 .chebj
902 976 998 1010 fratre,

207 1010 316 1037 docent.
332 1011 438 1040 Zelehis
451 1021 564 1048 nomen,
580 1017 651 1050 quod
668 1019 786 1046 nobilem
815 1021 960 1056 significat,
982 1031 997 1050 a

207 1055 304 1084 Turcis
317 1057 436 1085 arbitror
451 1067 624 1096 usurpatum,
642 1063 675 1090 ad
692 1064 874 1094 imitationem
899 1067 997 1096 Itoma-

206 1108 303 1128 uoruul
316 1106 343 1129 et
357 1102 527 1137 Griecorum,
542 1114 660 1140 quorum
674 1108 701 1134 IlI
715 1109 787 1136 filios
800 1111 994 1146 imperatorum

202 1148 269 1180 natu
285 1145 404 1173 minores
419 1149 607 1178 nobilissimos
620 1153 764 1186 vocabant,
788 1155 826 1183 illi
844 1157 997 1185 novellissi-

203 1192 273 1224 mos,
286 1200 351 1220 voce
364 1195 489 1223 nonnihil
502 1203 643 1233 corrupta,
656 1200 726 1228 sicut
735 1208 810 1236 patet
819 1212 850 1231 ex
862 1205 941 1233 hister
950 1206 994 1239 iis,

203 1237 440 1273 inscriptionibus,
473 1244 685 1273 numismalihus
713 1249 830 1283 antiquis
856 1255 883 1277 et
906 1251 993 1278 fastis.

204 1281 316 1310 Unicam
334 1290 438 1312 tantum
455 1286 506 1314 hoc
522 1289 580 1316 loco
595 1289 671 1318 lubet
685 1291 904 1327 inscriptionem,
929 1296 991 1323 lidei

201 1336 293 1362 causa,
327 1331 391 1357 licet
407 1332 433 1358 in
462 1340 491 1359 re
512 1335 668 1368 manifesta,
689 1345 790 1372 ponere
808 1348 816 1366 :
836 1344 892 1366 tutu
919 1342 991 1375 quod

201 1384 250 1409 pro
266 1383 295 1403 se
310 1381 397 1408 \‘ctus,
412 1378 467 1412 jam
482 1387 550 1406 nova
567 1381 612 1413 sit,
628 1382 681 1410 hoc
695 1388 747 1415 est,
766 1392 862 1412 recens
874 1386 990 1420 primum

200 1423 310 1448 inventa
340 1429 347 1447 ε
376 1428 432 1450 tutn
460 1425 533 1458 quod
564 1428 753 1462 antiquitatem
779 1431 877 1459 nobilis
914 1433 990 1462 urbis

1065 205 1240 238 militaribus,
1269 211 1472 242 provinciarum
1489 215 1667 248 prrefecturis,
1691 218 1809 252 legibus,
1821 225 1848 246 et

1062 251 1187 278 universo
1208 252 1321 286 imperio
1335 257 1535 287 constituendo.
1554 260 1612 287 .Iam
1635 263 1704 296 quod
1720 264 1848 298 Bajazitis

1060 294 1216 324 Gihlerunis
1232 298 1288 324 sive
1307 298 1422 335 [κινυρὴ
1439 303 1508 330 filios
1531 306 1639 338 attinet,
1660 308 1685 333 in
1697 308 1738 335 eis
1751 317 1848 337 recert-

1060 341 1151 368 sendis
1162 347 1302 371 auctorum
1318 354 1412 380 magna
1426 349 1568 378 diversitas
1583 358 1633 380 Bal.
1647 353 1728 381 Turci
1745 356 1844 389 primo-

1059 387 1179 419 genitum
1190 389 1292 416 faciunt
1304 392 1416 420 emirem
1431 394 1630 434 Soleimaucm,
1642 407 1709 433 quos
1718 401 1844 434 equidem

1058 440 1170 467 sequor.
1185 435 1218 462 Et
1232 437 1401 467 Snlcimanes
1417 440 1461 468 hic
1474 443 1563 471 dictus
1591 443 1642 471 fuit
1655 447 1734 478 etnir,
1753 453 1844 474 aucto-

1060 480 1147 507 ritatis
1165 483 1277 517 majoris
1303 494 1397 514 causa.
1417 488 1484 516 Nam
1510 492 1610 519 emires
1625 494 1752 528 appellati
1778 501 1845 522 situt

1058 527 1187 559 praesides
1202 535 1228 556 et
1243 538 1436 567 propagatores
1455 537 1559 570 imperii
1576 538 1749 574 Mallumetis,
1765 544 1841 577 quasi

1057 574 1209 607 superiores
1224 576 1384 610 (Gulielmus
1399 581 1497 616 'l'yiius
1510 589 1631 619 satrapas
1645 594 1692 613 seu
1705 588 1842 622 principes

1057 619 1173 653 majores
1205 623 1415 661 interpretatur)
1432 635 1501 662 quOs
1518 629 1604 658 Graeci
1617 633 1717 660 amires
1731 639 1758 661 et
1771 635 1843 661 ami-

1056 665 1134 695 rndes
1147 674 1289 700 vocarunt.
1307 671 1339 697 de
1352 672 1453 706 quibus
1465 674 1544 710 391
1563 684 1615 704 non
1630 684 1701 705 recte
1711 681 1753 706 vel
1768 689 1819 707 am:
1829 695 1842 701 -

1056 717 1109 741 res,
1126 712 1166 738 vel
1179 715 1328 745 amerades.
1344 717 1384 743 vel
1401 719 1561 754 admiratos,
1575 723 1615 749 vel
1629 723 1783 753 admirales.
1798 727 1841 752 vel

1055 755 1221 785 admiraldos
1230 758 1511 797 fecereBelracensis,
1527 771 1552 793 et
1568 767 1705 803 interpres
1717 769 1839 799 Cedrini.

1054 805 1080 828 et
1092 802 1147 829 alii.
1163 803 1217 831 Nec
1234 805 1367 842 hodieque
1392 817 1491 836 nomen
1510 811 1561 839 hoe
1589 820 1771 848 aspernantur
1788 817 1839 852 ip:i

1053 846 1204 876 Turcorum
1219 852 1334 880 sultani.
1348 854 1483 883 Laonicus
1497 866 1562 885 vero
1579 865 1639 893 post
1651 861 1742 889 Iesum
1758 871 1838 890 suum

1052 893 1195 927 majorem,
1211 903 1291 930 quem
1301 899 1460 932 simpliciter
1472 902 1541 930 Isam
1555 904 1634 932 Turci
1649 903 1843 942 vocant(quud

1050 945 1149 965 nomen
1165 941 1246 968 etiam
1264 945 1375 978 propius
1391 947 1514 976 imitatus
1537 956 1579 978 est
1602 951 1736 979 Laonicus
1768 954 1838 981 libo

1050 989 1136 1017 sexto,
1150 995 1233 1021 quum
1243 987 1337 1017 Jessen
1347 991 1475 1020 Brenezis
1487 995 1568 1027 filius.
1581 1005 1660 1031 quem
1673 999 1835 1027 alibiJesuui

1050 1036 1138 1063 vocat,
1150 1033 1255 1066 scribit)
1267 1036 1410 1068 quemdam
1423 1038 1619 1078 Mulsumanem
1629 1044 1736 1071 nomine
1749 1047 1835 1078 ponit-

1048 1075 1121 1102 Idem
1140 1077 1205 1104 iacit
1224 1080 1434 1115 primogenitum
1451 1077 1640 1124 Orthobul‘qm,
1656 1097 1670 1116 a
1693 1075 1769 1124 patre
1785 1091 1836 1118 Se-

1049 1120 1143 1149 bastizc
1157 1124 1326 1158 praefectum,
1339 1132 1366 1154 ct
1382 1129 1479 1169 ibidem
1495 1131 1529 1159 ab
1543 1120 1666 1162 llOS’libUS
1679 1136 1746 1164 urbe
1757 1144 1835 1172 cap‘a

1047 1173 1158 1194 caesum.
1179 1169 1289 1197 'furcici
1324 1180 1389 1200 vero
1413 1176 1526 1204 annales
1554 1185 1681 1213 expresse
1712 1183 1834 1216 tradunt,

1047 1209 1200 1239 Sebastiani
1225 1215 1302 1241 emiri
1333 1216 1550 1249 Soleimaniﬁl-io
1578 1230 1641 1251 natu
1674 1228 1833 1261 maximo,a

1045 1260 1121 1289 patre
1136 1257 1227 1285 datam
1261 1261 1368 1290 fuisse:
1396 1265 1442 1298 qui
1468 1270 1559 1295 tamen
1586 1278 1601 1296 a
1626 1271 1733 1300 Temire
1752 1280 1832 1308 Capta

1048 1301 1185 1337 Sebastia,
1205 1313 1260 1333 non
1273 1307 1358 1335 Tuerit
1378 1311 1546 1342 interfectus.
1567 1316 1647 1345 Plura
1663 1319 1695 1345 de
1711 1321 1752 1348 his
1767 1321 1832 1349 alla-

1043 1351 1097 1375 turi
1119 1350 1248 1386 deinceps
1261 1353 1287 1380 in
1306 1357 1426 1384 medium
1444 1367 1551 1395 sumus,
1570 1364 1601 1390 ad
1619 1372 1762 1394 numerum
1780 1375 1831 1395 no-

1044 1401 1131 1424 tarum
1148 1397 1183 1425 59
1195 1404 1221 1426 et
1232 1400 1276 1428 67.

1078 1442 1162 1470 Tertii
1178 1446 1286 1480 quidem
1303 1447 1495 1484 Cyriscebelim
1509 1456 1593 1489 patris
1625 1457 1753 1493 Bajazilis
1768 1469 1832 1489 suc-

200 1467 316 1494 Austria:
331 1467 505 1501 Viennensis,
521 1473 658 1506 quondam
674 1482 720 1501 seu
742 1475 919 1510 νίηαουυηω,
942 1487 989 1507 seu

200 1511 388 1536 Vlnrlnninnm,
410 1516 480 1536 niiml
508 1518 594 1536 munia
611 1519 757 1536 ..ιιιιιιιιηηιυ
789 1522 931 1536 :....:....:.,..
959 1526 974 1536 EI

1083 1467 1162 1470 __._._
1304 1467 1495 1484 vJIAoLGUCIIIII
1509 1467 1593 1489 patris
1626 1467 1753 1493 uajazms
1768 1469 1829 1489 suc-

1043 1495 1178 1517 cessorem
1191 1491 1313 1527 faciunt,
1338 1497 1417 1531 cujus
1442 1506 1541 1528 nomen
1568 1510 1617 1530 nec
1641 1505 1671 1531 in
1704 1505 1829 1536 Turcicis

200 1511 390 1547 Vindonianze,
410 1516 480 1550 quod
508 1518 594 1552 magis
611 1519 770 1554 probamus,
789 1522 931 1557 insigniter
957 1526 988 1552 il-

200 1560 307 1585 lustret.
326 1558 392 1586 Eam
419 1562 554 1596 magnifici
570 1563 668 1597 equilis
685 1573 730 1592 nu.
751 1566 902 1595 Hienonrm
917 1569 993 1597 Baclk

199 1613 213 1630 Α
231 1603 452 1638 Laorowsuonr,
470 1607 572 1635 Cassar.
590 1609 737 1643 Majcstatis
754 1612 875 1642 Cameris
893 1616 988 1644 aulica:

198 1649 359 1682 consiliarii,
380 1651 471 1679 studio
489 1653 593 1682 lberali
611 1655 742 1684 debemus
760 1667 767 1685 :
787 1660 833 1694 qui
854 1661 987 1690 columna:

197 1695 378 1730 fragmentum
395 1699 504 1730 veteris,
521 1708 581 1734 qua:
598 1701 867 1740 inlegra’Milliaritnu
887 1707 986 1736 Iloina-

198 1748 261 1766 unm
273 1740 333 1772 fuit,
347 1742 373 1769 in
388 1743 465 1769 vinea
481 1745 610 1778 quadam,
638 1747 710 1774 haud
740 1751 835 1783 procul
860 1759 874 1777 a
893 1752 986 1780 Sancti

198 1785 278 1813 .llarci
296 1789 464 1822 ucsoeomio,
481 1790 513 1817 ad
533 1799 615 1818 unum
637 1801 652 1819 a
674 1793 776 1821 Vienna
800 1796 927 1830 lapidem,
945 1808 986 1826 re-

196 1837 301 1868 pertum
321 1840 382 1859 cum
400 1835 572 1871 intelligeret,
588 1845 698 1872 operam
729 1841 803 1867 dedit
826 1848 854 1868 ut
870 1842 982 1871 domum

195 1886 272 1905 suam
288 1879 469 1914 deportatum,
496 1885 651 1917 posteritati
677 1893 899 1916 conservaretur.
917 1890 983 1924 Ejus

195 1925 384 1960 inscriptionis
400 1928 457 1955 haec
473 1929 555 1955 \erba
572 1935 636 1957 sunt
651 1931 747 1959 litteris
760 1941 889 1967 expressa
905 1936 983 1962 nobis

194 1971 386 1999 familiaribus.
399 1972 465 2000 Nam
479 1974 578 2002 ductus
593 1983 699 2010 earum,
721 1979 817 2012 quales
845 1981 871 2007 iu
888 1981 984 2008 archc-

193 2025 255 2051 typo
271 2019 491 2053 conspiciuntur,
511 2021 560 2048 hoc
582 2023 690 2056 quidem
707 2029 827 2059 tempore
850 2025 914 2053 date
929 2034 981 2053 non

193 2070 209 2098 ιι
222 2063 341 2091 luimus.

435 2159 442 2166 _
508 2142 551 2161 utr
566 2143 621 2162 (irES

405 2177 419 2194 I'
437 2176 537 2195 LICINIO
552 2178 653 2198 CUIINEL

405 2211 414 2227 \
423 2211 553 2230 ALEIUANO
573 2213 714 2234 Νυυιιδς..

402 2246 472 2264 ιῖἰίἑ..
491 2246 601 2266 HHNK'II‘I

404 2280 470 2299 ιυν..
487 2281 582 2301 ΝἸὙΤῘΞ
601 2283 655 2302 νΑ..

403 2315 437 2334 IL'I'
458 2315 558 2334 I‘ONTES
577 2317 696 2338 \‘E'I‘US'I'A

434 2350 516 2369 CONIA
522 2351 567 2371 PeA
585 2353 659 2372 ΙίΕδΊΊ

437 2386 451 2404 Δ
475 2385 558 2405 Ηλυ..
576 2387 594 2405 Μ
610 2388 624 2406 P

222 2479 383 2515 lnlclligilur
405 2485 495 2508 autem
516 2483 626 2510 nomine
644 2484 819 2519 nobilissimi,
843 2487 974 2522 juventu—

186 2526 277 2560 lisque
292 2527 434 2562 principis,
466 2527 556 2554 minor
572 2533 635 2555 natu
666 2529 751 2558 frater
777 2531 892 2560 Gallieni
917 2534 974 2560 An-

186 2571 269 2606 gusti.
287 2571 331 2598 Sic
365 2572 449 2605 igitur
477 2577 504 2599 et
535 2572 618 2600 Turci
638 2574 748 2603 Zelebcs
776 2585 841 2605 suos
869 2579 972 2613 dixere,

185 2625 342 2652 quanqua'n
361 2617 387 2644 in
404 2618 550 2645 annalibus
578 2619 620 2647 his
637 2621 854 2651 animadvertere
881 2625 971 2658 liceat,

186 2662 362 2690 Muchemetis
389 2663 511 2695 secundi,
543 2668 569 2690 ct
603 2672 796 2693 successorum
829 2668 899 2696 lilios
919 2678 971 2697 non

184 2709 303 2742 amplius
332 2708 453 2740 Zelebes,
485 2708 532 2735 sed
549 2708 673 2737 sultanos
689 2711 794 2746 eepissu
824 2715 969 2742 nominari.

182 2754 315 2781 Caeterum
330 2762 390 2781 csse
411 2753 514 2780 'I‘nrcos
532 2753 613 2781 veluti
643 2756 738 2785 simias
764 2759 896 2792 quasdam
919 2760 970 2788 Ro-

183 2807 325 2828 manorum
341 2799 543 2833 Cra-eorumve,
568 2801 666 2836 quibus
682 2810 884 2839 successerunt,
908 2806 969 2841 pitt-

993 2163 1168 2201 DLaonicus
1191 2175 1324 2204 etJesum
1363 2179 1494 2208 minorem
1529 2190 1745 2220 commemorat,

1040 1537 1256 1570 commentariis,
1274 1548 1328 1568 nec
1351 1544 1423 1576 apud
1450 1543 1598 1575 Laonicum
1633 1551 1774 1584 reperitur.
1803 1558 1830 1581 it

1041 1579 1165 1608 fictilium
1176 1584 1257 1617 plane
1271 1587 1388 1616 videtur.
1406 1589 1474 1618 Eum
1489 1592 1585 1621 dicunt
1596 1603 1612 1622 a
1622 1595 1730 1624 Temire
1742 1599 1828 1626 fuisse

1039 1631 1156 1661 captum,
1173 1630 1220 1656 sed
1234 1638 1250 1657 e
1266 1634 1390 1667 custodia
1423 1641 1512 1665 tamen
1529 1641 1658 1669 evasisse.
1689 1642 1827 1672 Laonicus

1038 1678 1128 1700 autem
1160 1677 1282 1711 scripsit,
1308 1680 1400 1713 ιιι-ωηο
1425 1681 1582 1713 Temiriano
1608 1694 1716 1722 raptum
1741 1689 1827 1718 fuisse

1039 1717 1151 1752 Mosem,
1169 1723 1214 1755 qui
1229 1723 1365 1752 videretur
1382 1727 1493 1763 reliquis
1522 1732 1696 1764 praestantior
1715 1735 1825 1763 robore.

1037 1763 1157 1792 Proinde
1183 1766 1279 1794 Temir
1306 1777 1368 1797 eum
1400 1763 1597 1808 circumduxit,
1626 1781 1653 1804 et
1673 1785 1764 1806 secum
1797 1782 1824 1807 in

1036 1810 1133 1837 castris
1147 1811 1251 1846 habuit,
1264 1814 1363 1841 victum
1380 1816 1551 1847 ministrans.
1570 1820 1666 1849 Postea
1683 1823 1825 1852 Latmirns

1036 1853 1094 1880 haec
1115 1857 1224 1890 subjicit
1240 1867 1246 1884 :
1265 1858 1358 1886 Temir
1379 1862 1503 1889 Cheriam
1526 1868 1691 1900 properatit,
1717 1869 1824 1904 Bajazi-

1037 1902 1088 1925 lem
1102 1906 1130 1926 et
1147 1901 1229 1944 lilium
1251 1903 1310 1937 ejus
1338 1913 1430 1933 secum
1449 1909 1562 1941 vehens,
1595 1913 1675 1946 cujus
1707 1923 1822 1949 parvum

1035 1950 1186 1978 respectum
1201 1949 1264 1982 egit.
1279 1949 1397 1978 Proinde
1414 1953 1440 1979 in
1452 1955 1568 1988 patriam
1601 1959 1739 1993 regionem
1758 1962 1820 1998 fuga

1034 1991 1128 2017 erasit.
1146 1992 1266 2028 Denique
1279 1996 1357 2022 tertio
1373 1999 1469 2032 repetit
1485 1999 1623 2030 Laonicus
1636 2004 1714 2033 initio
1730 1991 1819 2041 quarvti

1034 2036 1218 2068 libri,MoseIu
1247 2040 1392 2070 dimissum
1419 2052 1434 2071 a
1461 2053 1524 2081 rege
1554 2047 1671 2083 Temire,
1696 2054 1764 2079 mari
1786 2058 1819 2081 ad

1033 2083 1171 2117 regionem
1185 2086 1298 2119 patriam
1318 2088 1445 2117 rediisse.
1461 2089 1565 2120 Similis
1582 2099 1622 2121 est
1650 2098 1774 2126 confusio
1791 2101 1818 2127 in

1034 2127 1169 2155 minorum
1188 2135 1252 2157 natu
1282 2131 1412 2168 Bajazitis
1433 2135 1550 2164 ﬁliorum
1576 2141 1723 2170 mentione.
1750 2143 1817 2171 Nam

1771 2191 1818 2222 qui

1033 2226 1167 2254 nusquam
1184 2230 1209 2248 ιη
1223 2224 1366 2251 annalibus
1384 2226 1505 2255 Turcicis
1521 2231 1667 2264 reperitur,
1682 2238 1708 2260 et
1724 2235 1819 2262 ultimo

1030 2265 1101 2292 inter
1116 2275 1212 2295 omnes
1234 2269 1295 2296 loco
1310 2272 1384 2305 ponit
1411 2273 1580 2309 Mustaphain
1605 2279 1754 2312 respiciens
1776 2284 1817 2314 (ut

1029 2312 1158 2346 arbitror)
1174 2313 1206 2340 ad
1222 2314 1297 2341 illum
1310 2311 1492 2352 illustapham,
1519 2323 1562 2347 cui
1582 2321 1690 2352 Dusmis
1717 2333 1817 2361 cogno-

1030 2363 1089 2383 men
1111 2365 1125 2383 a
1142 2357 1239 2386 Turcis
1268 2360 1358 2393 datur,
1385 2363 1487 2397 quique
1518 2366 1649 2402 Bajazilis
1676 2378 1706 2398 se
1731 2372 1815 2401 filium

1028 2403 1221 2430 mentiebatur.
1244 2405 1326 2440 Atqui
1357 2408 1458 2436 diserte
1474 2410 1554 2439 Turci
1579 2415 1699 2448 tradunt,
1731 2419 1815 2446 initii-

1028 2453 1101 2472 mum
1119 2452 1182 2473 natu
1207 2448 1292 2477 fuisse
1307 2452 1438 2480 Casancm
1460 2454 1587 2491 Zelehim,
1617 2461 1663 2494 qui
1694 2467 1816 2497 tempore

1027 2490 1189 2519 calamitatis
1200 2499 1317 2527 paterna:
1325 2496 1407 2524 fuerit
1421 2499 1510 2527 adhuc
1520 2507 1599 2530 tenue
1613 2490 1705 2533 tertera
1721 2514 1728 2539 ;
1747 2490 1815 2535 nar-

1027 2541 1142 2570 ranlque
1177 2538 1309 2574 deinceps
1341 2542 1375 2568 ab
1405 2545 1489 2572 emire
1518 2546 1673 2577 Soleiinane
1700 2551 1813 2580 fratrem

1026 2580 1096 2607 hunc
1129 2588 1192 2609 natu
1228 2585 1384 2620 minimum,
1415 2589 1545 2617 Casauem
1576 2592 1707 2628 Zrlebim,
1728 2598 1814 2625 fuisse

1023 2625 1288 2663 Constantinopolim
1308 2633 1433 2667 missurn,
1459 2641 1489 2662 ut
1505 2638 1612 2666 obsidis
1638 2642 1696 2669 loco
1711 2643 1811 2670 ibidem

1023 2678 1104 2699 esset.
1134 2672 1272 2702 Laonicns
1300 2678 1383 2705 etiam
1411 2681 1629 2711 aliculii;.;.lesuin
1655 2687 1810 2720 minorem,

1024 2714 1089 2742 facit
1105 2717 1248 2745 minimqu
1264 2727 1341 2753 natu,
1377 2728 1405 2757 et
1428 2725 1660 2763 Constantinopoli
1688 2731 1808 2765 baptiza-

1023 2766 1078 2788 tum
1094 2763 1127 2789 ail
1144 2773 1151 2790 :
1168 2765 1200 2791 de
1213 2773 1267 2800 quo
1282 2775 1349 2796 sane
1362 2778 1428 2798 vero
1456 2773 1485 2799 fit
1515 2774 1614 2806 simile.
1640 2776 1733 2805 Jcsum
1761 2782 1810 2806 "Il-

1023 2816 1115 2836 i:orcm
1132 2808 1254 2847 Laouici,
1274 2821 1334 2842 esse
1361 2816 1437 2845 illum
1451 2820 1539 2854 ipsum
1567 2828 1631 2850 natu
1662 2824 1806 2853 illini-num
