1963 3067
218 215 269 246 7ὶῖ

828 220 989 250 JOANNIS
1005 219 1237 250 LEUNCLAV”

1785 221 1838 253 ’ΤΑ

217 277 323 306 pneral.
353 273 474 301 Asiatico
496 274 582 307 magis
607 275 826 310 compendiario,
854 277 999 310 minusque
1015 279 1036 305 A
1052 283 1163 312 propter
1179 277 1252 304 illius
1265 277 1350 304 σι’ωεί
1381 277 1520 308 virtutem,
1549 277 1684 311 fortiaque
1698 277 1835 312 facinOra,

217 318 329 350 difficili.
345 319 452 347 relicto.
477 320 553 348 lenii
581 321 666 354 fuisse
683 322 780 356 lilium,
807 323 891 350 tradit
917 323 998 350 etiam

217 365 383 392 sceretarius
416 364 585 400 Sigismundi
602 366 762 400 Maiatesuc,
800 368 847 403 qui
860 368 952 396 multis
973 369 999 395 in

217 408 319 437 Graecia
341 415 405 438 tunc
418 416 446 438 et
460 412 523 440 Asia
535 413 619 447 gestis
644 414 727 442 rebus
743 414 879 443 interluit.
904 413 1001 441 Fortu-

217 463 278 482 nam
296 455 388 490 hujus,
404 462 431 485 ct
442 457 605 492 liberorum,
623 460 764 488 memoria:
774 460 895 495 prodidit
913 461 1001 495 Span-

216 501 345 541 duginus,
361 503 409 531 sed
425 504 538 534 nomina
552 512 606 533 non
620 507 758 540 exposuit.
776 506 844 534 Vide
855 515 917 541 qua:
930 507 1001 534 infra

217 548 384 582 notabimus,
413 550 503 585 capite
532 550 593 581 155.
628 551 771 580 Sullanum
798 553 1000 585 Soleimanem,

216 592 326 621 Seliutis
343 594 442 628 ﬁlium,
459 597 611 629 secundum
628 606 706 630 voco.
734 606 788 626 non
808 604 934 633 respectu
952 599 1002 626 So-

217 639 354 673 icimanis,
386 640 522 675 Urcbauis
553 643 613 676 ﬁlii,
644 644 690 679 qui
708 652 761 672 non
795 645 931 676 sultanus.
955 647 1002 673 sed

217 686 363 722 sangiacus
378 688 510 718 duntaxat
524 689 589 722 fuit,
605 698 654 718 nec
686 692 755 725 patri
783 691 934 720 succedere
950 698 1002 726 po-

218 731 280 764 tuit,
294 739 359 766 [cum
377 739 440 767 ante
453 739 558 769 patrem
580 736 617 763 sit
643 741 789 764 mortuus:
818 737 866 764 sed
898 737 1003 764 ratione

217 778 291 807 illius
308 779 405 813 emittis
420 780 595 814 Soieimanis,
611 782 741 817 Bajazitis
753 782 912 811 Gilderunis
942 783 1003 816 ﬁlii,

218 825 387 856 sultanorum
409 825 436 856 in
452 826 553 855 ordine
565 828 664 861 quinti,
681 836 762 863 quem
788 836 932 864 perperam
957 829 1004 856 alii

218 867 418 909 Mulsumanem
431 875 540 899 vocant.
556 872 679 908 Denique
709 875 845 902 monitum
872 874 1001 903 lectorem

221 914 293 948 volo,
313 922 357 943 me
371 915 423 944 hac
454 916 481 944 in
505 919 665 954 genealogia
694 925 806 948 notasse
833 921 1004 949 suitanorunt

219 967 316 993 annos,
329 962 429 997 quibus
448 964 620 999 imperarint,
636 965 864 994 Mahumetanos:
881 968 928 1002 qui
943 967 1004 1002 qui-
1021 958 1041 983 Β

221 1006 283 1034 dem
297 1008 329 1035 ad
346 1017 434 1037 annos
454 1010 625 1040 Christianos
656 1019 709 1047 qua
729 1014 832 1040 ratione
858 1013 942 1049 redigi
957 1013 1002 1041 de-

222 1053 314 1087 beant,
330 1056 410 1090 paulo
429 1057 655 1091 postexposituri
675 1058 895 1087 sumusﬂaetera
923 1059 1005 1094 hujus

221 1101 397 1137 genealogiae,
413 1103 570 1137 prolixioris
596 1104 784 1139 explicationis
815 1105 887 1132 haud
914 1110 1004 1141 egent.

221 1145 311 1179 Unum
327 1148 463 1179 duntaxat
479 1150 531 1179 hoc
555 1150 637 1183 addo,
667 1151 772 1185 liquere
799 1152 834 1179 de
848 1151 910 1180 -hac
934 1153 1007 1180 serie

221 1193 399 1227 Sultanorum
428 1194 659 1228 Osmanidarum,
705 1198 838 1225 hactenus
879 1206 1007 1233 regnasse

222 1239 347 1269 suitanos
358 1241 516 1274 duodecim,
537 1243 608 1270 linea
625 1243 740 1274 directa,
764 1243 826 1270 ﬁliis
855 1243 882 1270 in
901 1248 1005 1278 patrum

223 1285 280 1317 loca
295 1286 504 1319 suacedentibus
519 1295 527 1314 :
544 1288 613 1318 duos
635 1296 709 1321 vero,
739 1285 865 1316 videlicet
895 1290 1007 1317 etnirem

221 1331 425 1366 Soicimanem,
452 1338 479 1362 et
505 1333 609 1361 Musam
639 1334 764 1368 zeleiiitn,
792 1342 824 1362 ex
852 1341 1008 1363 transverso

223 1378 378 1412 irrepsisse.
389 1379 475 1408 nullis
489 1380 518 1409 in
529 1381 646 1415 imperio
663 1386 724 1415 post
742 1389 772 1408 se
783 1381 885 1409 relictis
901 1381 1006 1408 liberis:

222 1425 295 1458 quod
306 1425 427 1454 vaticinii
440 1426 583 1459 cujusdam
600 1427 705 1461 antiqui
726 1434 808 1454 causa
834 1427 1009 1454 dissimulare

225 1478 277 1500 non
293 1471 385 1504 debui,
395 1472 475 1507 cujus
487 1472 590 1504 exitum
607 1472 726 1502 fortasse
739 1472 850 1507 tandem
865 1473 1010 1508 aliquando

224 1517 276 1545 vidi
285 1517 387 1545 bimus.

332 1588 358 1614 Ι.
372 1586 410 1614 De
427 1587 528 1622 oriqine
539 1588 708 1621 sullanorum
725 1589 904 1619 Turcicorum.

264 1653 322 1688 Equ
337 1655 397 1682 dem
411 1655 481 1687 nihil
507 1656 638 1684 hactenus
660 1657 753 1684 inveni
780 1657 918 1683 memoriae
943 1663 1010 1690 pro-

225 1700 313 1730 ditum
329 1705 376 1727 aut
389 1700 508 1735 plenius,
525 1705 572 1728 aut
587 1702 693 1733 verius,
711 1705 758 1728 aut
773 1701 870 1729 saltem
880 1701 1020 1734 similius,

173 1743 178 1750 ’
226 1747 261 1774 de
277 1746 384 1783 origine
400 1747 572 1776 sultanorum
589 1748 813 1782 Ostnanidarum,
830 1755 913 1783 quam
939 1748 1013 1783 quod

227 1793 271 1821 hic
285 1793 312 1820 in
329 1792 480 1820 Annalibus
496 1793 604 1828 legitur.
633 1792 734 1821 Facere
750 1797 840 1821 tamen
868 1801 923 1820 non
950 1800 1014 1828 pos-

227 1844 302 1870 sum,
315 1837 381 1872 quin
395 1837 507 1866 lectoris
518 1845 600 1866 causa
614 1858 622 1870 ,
651 1838 833 1873 cognoscendi
858 1845 903 1866 res
919 1837 1014 1865 Turci-

227 1891 274 1914 cas
287 1884 414 1917 studiosi,
431 1884 556 1920 quadam
573 1885 624 1912 hoc
639 1885 701 1913 loco
722 1884 879 1920 subjiciam.
897 1891 912 1912 a
924 1884 1013 1915 Theo,-

228 1929 298 1960 ἀοι-ο
314 1930 492 1966 Spandugino
503 1930 696 1959 Cantacuseno
710 1931 822 1959 tradita.
849 1930 948 1958 Narrat
978 1930 1013 1962 is,

230 1983 260 2004 se
269 1982 372 2012 quanto
389 1977 508 2006 maxima
522 1977 644 2012 potuerit
654 1977 793 2012 diligentia
815 1976 1015 2012 conquisivisse

230 2025 378 2058 scriptores
407 2031 499 2052 rerum
532 2023 722 2057 Turcicarnm,
740 2023 786 2059 qui
813 2023 948 2058 originem
962 2021 1016 2051 Os-

231 2069 347 2097 manicae
364 2069 474 2096 familia:
501 2069 645 2096 retulerim
663 2069 692 2096 in
709 2069 826 2100 litteras.
856 2070 946 2104 deque
971 2068 1015 2096 his

231 2118 338 2145 tandem
368 2115 558 2143 intellexisse:
590 2115 755 2149 principium
782 2115 864 2149 hujus
892 2115 1017 2142 extitisse

231 2161 395 2195 quibusdam
424 2160 459 2187 ab
479 2161 671 2194 srmentariis,
698 2161 809 2188 natione
839 2159 956 2192 Tataris,
983 2167 1017 2187 ex

231 2206 392 2242 posteritate
405 2207 547 2242 cujusdam
567 2206 679 2240 Oguzis.
693 2205 792 2234 Multas
807 2207 878 2234 enim
902 2206 1017 2233 Tataro-

221 2254 293 2281 'rum
307 2253 427 2285 familias
443 2253 470 2280 id
487 2253 627 2288 temporis,
644 2260 705 2280 cum
731 2252 855 2280 sultnnus
872 2252 1015 2283 Aladiues.

1051 321 1156 349 territis
1171 321 1309 354 omnibus,
1322 329 1401 348 nemo
1424 329 1485 348 cum
1499 321 1552 348 hoc
1568 321 1750 349 dimicaturus
1777 330 1836 350 cer-

1053 369 1154 395 tamine
1182 368 1315 403 singulari
1352 369 1485 403 prodiret,
1514 369 1622 396 tandem
1652 364 1837 398 armentarius

1052 413 1164 448 quidam
1176 421 1210 441 ex
1233 414 1349 449 posteris
1376 414 1486 448 Oguzis.
1518 422 1598 449 quem
1619 422 1699 442 nemo
1723 417 1837 451 scripto-

1053 468 1112 487 rum
1126 460 1305 487 Turcicorum
1317 460 1370 488 alio
1380 468 1462 495 quam
1478 460 1550 488 Delis
1576 461 1697 494 nomine,
1723 466 1836 496 propte-

1053 514 1098 533 rea
1113 506 1185 541 quod
1199 506 1282 534 stulte
1301 507 1472 538 temerarius.
1505 511 1532 534 et
1546 507 1646 534 inﬁma:
1672 507 1838 535 conditionis

1054 553 1133 580 homo
1147 553 1236 585 fuerit,
1250 553 1377 587 appellat,
1403 553 1529 580 Aladinis
1545 553 1572 580 in
1592 558 1767 588 conspectum
1793 558 1839 580 ve-

1054 600 1139 629 nicns.
1159 599 1357 626 vindicaturum
1381 606 1411 627 se
1426 600 1568 634 proﬁtetur
1593 599 1707 634 injurias
1733 600 1767 626 ab
1793 599 1840 626 illo

1053 643 1207 671 Christiano
1219 649 1260 671 tot
1278 645 1342 671 viris
1364 644 1484 672 fortibus
1499 645 1596 672 illatas.
1611 644 1716 678 Quibus
1727 644 1838 676 auditis.

1055 691 1154 718 mirum
1173 691 1225 718 sibi
1243 690 1326 718 videri
1343 690 1411 717 dixit
1426 690 1565 722 Aiadines,
1586 698 1618 718 ex
1638 691 1695 719 suis
1724 695 1764 718 tot
1790 691 1841 717 mi-

1054 736 1180 764 litaribus
1192 737 1257 764 viris
1293 737 1403 771 reperiri
1430 737 1576 763 neminem.
1604 737 1650 772 qui
1681 744 1731 764 sua
1759 743 1842 764 causa

1055 787 1094 810 tot
1108 783 1169 810 neci
1182 783 1261 811 datas
1281 783 1388 811 animas
1402 783 1495 811 ulcisci
1514 783 1604 816 vellet,
1635 787 1733 817 prater
1758 791 1841 811 unum

1057 830 1130 856 hunc
1140 829 1254 857 stultum
1271 829 1419 856 hominem.
1435 829 1461 856 is
1493 836 1558 856 vero
1585 829 1706 856 iterum:
1723 828 1843 857 Obsecro

1057 879 1094 907 te,
1115 876 1261 910 princeps,
1285 875 1384 909 inquit,
1415 878 1442 901 ut
1462 881 1528 908 pace
1548 879 1595 901 tua
1607 882 1668 901 cum
1699 875 1751 902 hoc
1776 875 1842 901 mihi

1056 921 1213 948 Christiano
1229 929 1351 956 pugnare
1365 921 1455 948 liceat.
1472 921 1579 958 Quippe
1595 921 1618 948 si
1636 920 1755 948 maxime
1785 929 1844 948 mo-

1059 967 1123 1000 riar,
1142 967 1268 1002 exiguam
1291 967 1349 1002 ipse
1360 967 1496 1002 jacturam
1525 967 1619 1001 facies,
1655 968 1755 995 amisso
1774 968 1845 994 dun-

1058 1017 1132 1040 taxat
1157 1013 1268 1041 homine
1292 1013 1386 1042 slulto.
1422 1013 1471 1040 His
1502 1013 1592 1047 dictis,
1623 1013 1766 1048 impetrata
1797 1021 1846 1048 pu-

1058 1059 1158 1094 guandi
1173 1059 1295 1092 licentia,
1315 1059 1441 1094 quamvis
1472 1067 1544 1094 aegre
1569 1060 1718 1094 permoveri
1745 1067 1774 1088 se
1801 1067 1846 1093 pa-

1060 1110 1164 1133 teretur
1189 1105 1338 1136 Aladiues.
1365 1110 1393 1132 ut
1408 1106 1432 1132 ei
1447 1113 1509 1132 cum
1539 1106 1624 1132 altero
1650 1105 1845 1140 congrediundi

1059 1156 1219 1186 potestatem
1235 1151 1347 1184 faceret,
1378 1151 1470 1186 prodit
1484 1152 1510 1178 in
1528 1152 1648 1184 hostem,
1667 1152 1847 1185 manibusque

1059 1206 1121 1226 cum
1138 1206 1170 1226 eo
1208 1198 1355 1230 consertis,
1386 1202 1498 1225 strenue
1524 1197 1680 1225 dimicando
1703 1198 1846 1228 victoriam

1060 1245 1169 1271 tandem
1192 1244 1335 1279 apiscitur.
1365 1243 1504 1274 Aladines,
1534 1247 1565 1269 ut
1579 1243 1696 1270 hominis
1717 1244 1845 1271 virtutem

1059 1289 1274 1324 aiiquopramio
1288 1293 1520 1320 remuneraretur,
1533 1288 1557 1314 ei
1575 1287 1666 1315 villam
1692 1288 1846 1321 Otontanzis

1060 1343 1119 1362 cam
1135 1336 1208 1363 dono
1221 1334 1313 1368 dedit;
1327 1343 1343 1361 a
1360 1342 1413 1368 qua
1429 1342 1527 1361 nomen
1555 1333 1764 1366 Otomanorum,
1794 1333 1846 1361 De-

1061 1381 1093 1408 lis
1109 1381 1188 1416 hujus
1201 1380 1302 1415 posteri
1328 1388 1480 1415 sumpsere.
1508 1381 1576 1409 Cum
1606 1381 1678 1408 cnim
1711 1388 1760 1416 per
1787 1388 1847 1407 eam

1060 1435 1142 1462 quam
1184 1426 1315 1458 diximus,
1349 1426 1503 1459 victoriam,
1530 1426 1651 1454 nominis
1677 1426 1719 1454 sui
1745 1425 1848 1454 famam

1061 1475 1140 1509 longe
1155 1475 1265 1509 lateque
1278 1478 1461 1510 propagasset,
1489 1482 1542 1501 non
1568 1474 1626 1509 ipse
1647 1474 1847 1507 tantummodo,

1062 1528 1156 1547 verum
1171 1520 1252 1547 etiam
1273 1520 1428 1555 complures
1443 1520 1500 1553 alii,
1526 1528 1594 1554 quos
1625 1527 1641 1547 e
1664 1520 1772 1549 Talaria
1801 1527 1848 1547 vc-

1063 1567 1136 1594 nisse
1147 1567 1370 1598 memoravimus,
1383 1566 1533 1593 habitatum
1549 1566 1574 1592 in
1589 1565 1764 1595 Otonianzica
1780 1573 1850 1601 pago

1062 1619 1092 1639 se
1108 1612 1291 1639 contulerunt.
1305 1611 1409 1645 Quippe
1422 1610 1530 1637 volebat
1557 1619 1600 1637 res
1618 1611 1678 1637 istic
1689 1617 1755 1637 suas
1785 1617 1849 1636 cum

1063 1658 1125 1685 aliis
1145 1651 1211 1684 sibi'
1229 1664 1390 1684 communes
1408 1663 1488 1684 esse:
1516 1664 1568 1691 qua
1600 1656 1633 1683 de
1660 1663 1743 1682 causa
1773 1655 1850 1684 nullo

1064 1712 1146 1739 prope
1163 1704 1272 1739 negotio
1288 1703 1411 1738 perfecit,
1432 1708 1461 1729 ut
1475 1711 1508 1730 eo
1542 1707 1638 1737 sponte
1654 1710 1703 1728 sua
1734 1709 1850 1735 magnus

1065 1750 1203 1777 hominum
1219 1754 1393 1776 concurreret
1408 1756 1551 1780 numerus,
1564 1749 1677 1781 ipseque
1698 1754 1784 1782 pagus
1809 1747 1851 1774 iu-

1064 1801 1231 1822 crementum
1250 1802 1302 1822 non
1319 1795 1446 1829 exiguum
1469 1798 1587 1828 caperet.
1618 1793 1651 1820 Et
1667 1794 1730 1827 quia
1756 1792 1853 1819 Clu-iss

1065 1840 1202 1867 tianorutn
1221 1839 1248 1866 in
1264 1839 1298 1866 iis
1312 1839 1379 1866 lacis
1394 1839 1544 1872 excidium,
1556 1846 1570 1865 a
1589 1839 1647 1866 suis
1664 1837 1851 1872 profecturum

1064 1885 1193 1920 posteris,
1224 1885 1408 1920 praevidebat,
1438 1885 1518 1912 etiam
1545 1884 1707 1912 durantibus
1734 1883 1853 1911 induciis

1064 1931 1242 1959 excursiones
1255 1931 1281 1958 in
1296 1938 1380 1966 pagos
1391 1931 1610 1958 Christianorum
1632 1929 1760 1963 faciebat,
1786 1937 1854 1957 eos-

1065 1976 1248 2012 quedireptos
1264 1976 1337 2004 ferro
1364 1981 1391 2004 ct
1406 1977 1460 2012 igni
1489 1976 1715 2011 depopulabatur.
1743 1975 1854 2002 Primus

1065 2029 1099 2050 ex
1116 2022 1159 2050 his
1183 2022 1259 2057 pagis
1285 2022 1398 2050 Dimbos
1427 2021 1621 2057 appellabatur,
1650 2020 1722 2056 quod
1754 2029 1854 2048 nomen

1066 2068 1158 2099 lingua
1174 2068 1288 2096 Turcica
1303 2068 1364 2096 ﬁdei
1383 2068 1563 2095 mutationem
1589 2067 1741 2103 significat,
1771 2075 1854 2101 quant

1068 2121 1160 2141 revera
1177 2121 1350 2142 successores
1364 2114 1451 2149 ipsius
1475 2114 1697 2141 introduxerunt.
1724 2113 1856 2140 Aiadincs

1068 2160 1213 2187 intellectis
1233 2160 1309 2187 hisce
1325 2159 1397 2187 Delis
1425 2159 1528 2194 rapinis
1540 2179 1547 2191 ,
1563 2159 1638 2187 misit
1655 2167 1686 2191 ex
1710 2161 1779 2192 suis,
1807 2160 1856 2196 qtti

1068 2213 1130 2232 eum
1142 2209 1302 2233 arcesseret.
1319 2205 1387 2232 Nam
1401 2212 1472 2240 aegre
1487 2205 1600 2237 ferebat,
1616 2205 1673 2231 haec
1692 2204 1725 2231 ab
1755 2211 1788 2231 co
1808 2212 1857 2238 pa-

1069 2251 1108 2278 cis
1121 2250 1330 2278 ctinduciarum
1345 2255 1467 2285 tempore
1479 2250 1624 2277 committi.
1649 2250 1722 2277 Delis
1744 2251 1779 2278 ab
1807 2251 1858 2278 illo

232 2300 319 2329 lconii
330 2300 465 2336 princeps,
485 2307 575 2327 rerum
590 2300 617 2326 in
637 2299 703 2326 Asia
734 2299 840 2326 minore
868 2299 1014 2334 potiretur,
1033 2301 1054 2329 ι)
1068 2297 1140 2324 domi
1157 2305 1213 2325 suae
1223 2297 1369 2331 quaesitus,
1383 2296 1454 2324 forte
1472 2301 1537 2324 tunc
1567 2297 1672 2327 aberat,
1698 2297 1858 2328 excursioni

232 2347 342 2374 venisse
363 2345 507 2380 quasitum
537 2345 616 2372 sedes
645 2344 697 2371 sub
723 2343 847 2371 Aladinis
877 2344 1015 2379 imperio:

233 2400 303 2427 quas
314 2393 386 2420 inter
398 2396 426 2420 et
439 2391 490 2420 ista
517 2390 612 2418 fuerit.
642 2389 773 2418 Aladines
802 2395 893 2418 autem
922 2390 1016 2424 gravia

235 2440 303 2466 bella
324 2438 444 2474 gerebat,
458 2437 557 2473 inquit,
575 2441 709 2465 adversus
739 2436 931 2471 imperatorem
947 2435 1018 2463 Con-

235 2485 515 2520 stantinopolitanum,
530 2484 576 2519 qui
593 2489 652 2510 erat
675 2490 708 2509 ex
737 2482 839 2509 familia
866 2482 1017 2510 Comnena.

237 2533 266 2559 lu
283 2532 357 2559 hisee
371 2531 450 2559 hellis
470 2530 582 2562 accidit,
610 2535 640 2557 ut
654 2529 765 2564 quidam
781 2537 876 2564 eques,
910 2529 1019 2556 natione

234 2577 356 2608 Graccus,
372 2576 414 2603 vir
424 2576 616 2611 magnanimus
641 2579 667 2602 et
685 2575 842 2606 bellicosus,
875 2575 902 2601 in
929 2574 1018 2601 omni-

235 2621 286 2647 bus
300 2618 399 2646 duellis
432 2623 527 2646 contra
560 2618 672 2653 quosvis
703 2619 827 2653 superior
847 2617 927 2654 393
957 2626 1020 2646 eva-

235 2667 322 2699 deret,
352 2670 433 2700 atque
450 2664 523 2691 inter
541 2665 611 2692 alios
625 2665 707 2692 etiam
733 2664 878 2700 quemdam
906 2665 933 2691 in
963 2665 1020 2699 pri-

237 2712 291 2740 mis
317 2712 428 2739 sultano
456 2710 562 2738 Aladini
605 2712 739 2743 charum,
771 2711 863 2745 praelio
889 2711 1021 2746 singulari

239 2760 353 2790 \irtutn,
370 2757 518 2785 occideret.
533 2757 661 2784 Aludiucs
674 2765 774 2792 magno
798 2766 859 2784 cum
875 2757 959 2784 animi
973 2757 1021 2784 do-

237 2807 296 2834 lore
311 2813 461 2834 conversus
477 2805 510 2832 ad
532 2812 617 2832 suos:
637 2804 704 2837 Quis
733 2809 864 2835 vestrum,
887 2804 935 2834 ait,
953 2811 1021 2829 con-

239 2850 314 2885 gredi
327 2858 388 2879 cum
407 2852 457 2879 hoc
474 2851 546 2877 ausit
574 2849 740 2880 Christiano,
762 2848 808 2882 qui
836 2853 874 2876 tot
891 2848 1022 2875 hactenus

238 2905 270 2922 e\
287 2897 366 2927 “teis.
387 2901 414 2924 et
428 2904 501 2923 nunc
517 2895 665 2929 praesertim
693 2895 735 2921 vel
760 2895 877 2921 maxime
907 2894 1022 2921 familia—

240 2951 298 2972 tem
327 2943 399 2972 hunc
431 2943 495 2970 mihi
512 2942 544 2969 de
574 2941 662 2970 medio
689 2940 898 2969 sustulil?t2um
931 2946 1022 2968 autem

1040 2375 1043 2378 Δ
1072 2350 1149 2370 novre
1163 2343 1296 2374 intentus,
1309 2350 1362 2377 qua
1378 2350 1475 2377 pagum
1499 2342 1651 2378 occupavit,
1671 2342 1716 2376 qui
1741 2341 1794 2368 Sar
1815 2342 1860 2370 di-

1071 2389 1151 2416 citur.
1168 2387 1195 2415 lu
1211 2388 1318 2420 itinere,
1332 2396 1386 2423 quo
1398 2388 1511 2422 domum
1537 2396 1599 2415 cum
1620 2388 1710 2422 praeda
1737 2393 1860 2417 rchrtc-

1072 2434 1260 2466 batur,asuis
1277 2434 1301 2461 ei
1331 2433 1512 2468 signiﬁcatum
1541 2433 1610 2467 fuit,
1637 2433 1778 2460 Aladincm
1802 2442 1864 2460 mo-

1072 2481 1137 2507 lesle
1151 2480 1312 2514 fcrrc,quod
1325 2487 1372 2514 per
1386 2479 1511 2507 inducias
1521 2480 1555 2507 ab
1569 2488 1602 2507 eo
1615 2479 1737 2512 Dimbos,
1756 2479 1861 2515 aliique

1075 2527 1133 2560 pagi
1154 2527 1225 2561 capti
1238 2525 1375 2558 fuissent;
1409 2525 1524 2560 ideoque
1548 2526 1666 2558 misisse,
1687 2526 1733 2561 qui
1763 2535 1860 2554 coram

1073 2571 1187 2598 Aladine
1205 2570 1288 2598 Delim
1310 2571 1417 2605 jubcrct
1443 2579 1610 2605 comparere.
1643 2571 1714 2598 Delis
1741 2571 1791 2598 hoc
1813 2579 1863 2598 co-

1073 2618 1160 2653 gnito,
1172 2625 1233 2644 tnox
1245 2625 1337 2645 secum
1357 2616 1452 2644 statuit
1466 2609 1553 2653 prius,
1570 2625 1650 2652 quam
1674 2625 1736 2645 cum
1767 2617 1862 2652 praeda

1075 2664 1183 2690 domum
1200 2663 1307 2694 rediret,
1325 2662 1431 2690 Aladini
1448 2671 1477 2690 se
1488 2664 1585 2691 sistere
1600 2683 1609 2696 ,
1628 2671 1682 2698 quo
1715 2671 1792 2690 suam
1820 2663 1862 2689 illi

1075 2711 1274 2736 demonstraret
1303 2709 1498 2736 obedientiam.
1534 2709 1563 2735 id
1591 2709 1766 2742 conspicatus
1797 2709 1867 2735 Ala-

1076 2755 1164 2786 dines,
1196 2755 1304 2789 cuipam
1328 2754 1385 2781 Deli
1405 2754 1607 2781 condonavitea
1623 2754 1693 2792 iegel
1725 2762 1759 2781 ne
1782 2754 1866 2781 dein-

1076 2810 1140 2836 ceps
1151 2801 1249 2828 vicinis
1262 2803 1394 2828 molestus
1407 2805 1499 2829 esset:
1517 2809 1548 2828 ac
1574 2801 1691 2828 retittct'e
1704 2800 1755 2828 sibi
1783 2808 1866 2826 man-

1077 2847 1146 2881 cipia
1158 2846 1252 2880 jussit,
1267 2853 1282 2873 e
1293 2846 1353 2873 Sari
1369 2854 1437 2881 pago
1464 2851 1561 2880 rapta;
1591 2846 1670 2882 cujus
1684 2854 1698 2872 a
1721 2845 1782 2885 pagi
1811 2853 1869 2873 no-

1078 2893 1151 2920 mine
1161 2892 1283 2933 derivata
1299 2893 1421 2920 creditur
1439 2893 1472 2922 ab
1503 2892 1640 2928 aliquibus
1665 2891 1793 2926 deinccps
1810 2890 1870 2918 Gc—

1079 2942 1234 2967 uizarorum
1248 2938 1403 2974 appellatio,
1430 2945 1491 2975 quae
1506 2937 1720 2973 Turcicaliugua
1747 2937 1869 2973 juvenes
