1963 3067
139 220 193 252 ’ῖ25

712 226 909 256 PANDECTE
924 226 1023 256 111513
1044 228 1194 258 TURClC.

1705 223 1755 257 τρῖ

135 273 225 302 eSa‘ri
242 284 310 311 pago
324 277 469 312 significet.
492 278 592 307 Praeter
605 280 665 312 ista,
691 280 755 308 nihil
771 283 808 309 ait
833 280 920 315 Spau-
935 282 957 309 Δ
973 287 1138 317 recuperatae
1153 292 1166 309 a
1185 283 1314 310 lliichaclc
1343 282 1502 317 Palmologo,
1535 283 1677 310 historiam
1711 291 1755 310 se-

135 321 254 356 duginus
280 328 386 349 exstare
407 324 439 350 de
462 325 513 352 hoc
539 325 596 352 Deli
618 331 767 354 memoratu
789 328 919 363 dignum:

134 367 186 393 nisi
198 367 270 401 quod
286 367 412 395 historici
428 363 578 398 Turcorum
595 371 715 404 tradant,
729 380 792 400 eum
822 374 920 400 sultani

135 410 258 440 Aladinis
273 413 352 447 jussu
383 422 487 442 veneno
511 416 648 445 sublatum
681 417 777 451 fuisse,
814 427 865 446 nec
886 419 931 446 ab'

135 456 183 483 illo
213 463 333 493 tempore
365 460 399 487 de
435 463 484 488 hac
508 463 611 490 familia
642 464 788 499 quidquam
812 466 919 493 recitari

134 510 227 537 posse,
242 505 314 538 quod
327 513 415 539 opera:
434 508 552 542 pretium
564 510 609 542 sit,
636 510 722 538 donec
736 511 843 538 tandem
866 511 919 546 pri-

134 557 195 576 mus
208 548 358 592 Turcorunt
387 554 512 582 sultanus
530 555 631 583 Osman
649 556 675 584 in
704 556 737 584 iis
751 557 818 584 locis
846 558 919 592 prin-

132 595 250 628 c'patum
268 598 434 626 constituere
446 601 569 634 cmpe'rit.
593 600 653 628 Haec
665 602 750 636 prima
776 603 809 630 de
824 602 919 630 Osma—

134 639 258 668 nidarum
288 643 392 677 origine
418 640 587 681 Spandugini
613 649 734 675 narratio
753 653 812 681 est,
841 649 919 682 cujus

134 686 200 712 fides
218 686 301 729 penes
315 694 456 718 auctorem
485 696 555 720 esto.
577 692 678 720 Deinde
699 694 807 729 suiijicit
832 695 918 724 suita-

137 738 200 756 nnm
230 725 438 768 Muchemetem,
466 737 512 771 qui
544 738 808 774 Constantinopolim
836 742 917 776 cepit,

132 777 206 804 nullo
220 779 300 805 modo
314 783 431 815 unquam
447 782 589 810 admittere
601 784 719 813 voluisse
741 787 912 815 narrationes

133 820 256 856 illorum,
288 824 334 859 qui
367 825 499 855 fatniliam
530 827 739 859 Osmanidarum
769 840 784 859 a
811 824 918 862 Tatatis

134 871 307 899 armentariis
331 877 417 900 ortam
446 875 606 904 traderent:
625 885 686 904 cum
720 879 778 913 ipse
805 880 917 908 referret

132 916 265 949 originem
282 918 341 952 ejus
357 921 390 946 ad
412 920 566 950 Corunenos
584 923 763 958 imperatores
780 926 917 957 Constan-

134 960 336 995 tinopolitanos'.
352 961 449 993 Aiebat
461 968 545 1000 enim,
562 969 588 996 in
617 969 649 998 iis
665 970 742 999 bellis
756 981 816 1007 qua
843 980 915 1010 gesta

135 1007 235 1036 fuerint
260 1010 331 1038 inter
360 1012 553 1048 imperatorem
579 1016 760 1052 Comnenum,
781 1025 809 1047 et
825 1007 916 1048 sulta-

138 1058 201 1081 n'um
230 1056 383 1092 Aladinem,
413 1061 563 1094 quemdam
581 1071 686 1099 magna:
713 1065 865 1095 nobilitatis
885 1076 916 1096 ac

134 1102 245 1129 virtutis
262 1104 350 1131 virum
364 1102 397 1132 ab
413 1105 558 1136 Occidente
576 1115 604 1136 se
615 1111 763 1140 contulisse
776 1113 808 1140 ad
836 1114 914 1141 Com-

135 1154 246 1179 nenuni,
265 1153 293 1175 ut
324 1150 347 1176 ei
377 1151 518 1180 militando
544 1153 698 1192 subsidium
722 1156 816 1186 ferret.
847 1160 914 1187 Eum

133 1189 224 1226 prndio
242 1195 358 1228 quodam
374 1197 400 1224 in
421 1198 526 1226 hostem
550 1190 698 1230 fortissime
727 1204 912 1240 dimicantem,

132 1236 287 1276 confossum
304 1242 337 1268 ab
353 1240 477 1272 hostibus
505 1252 604 1280 equum
621 1249 754 1278 amisisse.
775 1251 843 1279 Tum
862 1254 913 1280 im-

132 1290 287 1318 peratorem
304 1286 475 1317 Comuenum
490 1292 581 1321 fratris
607 1295 648 1321 sui
666 1295 729 1326 lilio,
747 1295 789 1324 cui
814 1305 913 1326 nomen

130 1335 202 1357 esset
216 1328 327 1362 lsacius,
360 1335 502 1363 mandasse
529 1335 558 1364 ut
571 1346 615 1376 ex
639 1347 708 1374 equo
724 1342 912 1376 desCendeus,

130 1377 192 1402 eum
210 1375 266 1402 viro
280 1376 318 1403 illi
334 1376 396 1406 forti
410 1380 538 1409 traderet.
555 1374 612 1415 Qua
632 1384 739 1418 quidem
757 1393 785 1412 re
812 1374 911 1415 factam

131 1420 384 1466 lsacius‘iusignem
401 1425 453 1452 sibi
473 1432 547 1454 ratus
563 1427 689 1462 injuriam
701 1450 708 1461 ,
727 1430 913 1466 desperabun-

130 1464 181 1493 dits
212 1461 244 1494 ad
270 1468 410 1497 sultanum
445 1461 595 1500 Aladinenr
627 1482 656 1502 se
694 1461 852 1511 contulerit,
881 1486 913 1507 ac

131 1511 231 1545 rt-j'erla'
248 1512 409 1548 desertaque
436 1512 487 1543 [ide
510 1512 674 1552 Christiana,
692 1512 911 1552 liiahuinctanam

130 1557 288 1592 religionem
308 1560 447 1594 amplexus
468 1562 558 1591 fuerit.
588 1562 655 1593 Hinc
680 1566 820 1596 Aladin'em
840 1570 864 1597 ei
882 1570 912 1597 li-

129 1603 193 1630 liam
208 1611 285 1632 suam
301 1605 410 1635 dedisse
425 1616 549 1642 uxorem,
564 1610 690 1646 detisque
703 1615 813 1642 nomine
828 1616 913 1645 multa
927 1623 948 1650 α

130 1649 244 1683 przedia-
255 1658 314 1678 cum
331 1653 405 1687 pagis
434 1655 609 1689 assignasse:
637 1665 706 1693 quos
728 1659 798 1687 inter
827 1662 908 1689 etiam

129 1695 287 1723 Otmanzica
305 1694 396 1725 inerit.
413 1699 543 1735 Adeoque
560 1702 835 1735 statuebatsultanus
851 1706 910 1735 Mu-

129 1741 277 1774 chemctes,
291 1743 325 1770 ab
339 1740 390 1771 hoc
410 1740 652 1782 Isaeio-sultanum
679 1747 837 1784 Osmanem,
863 1753 910 1788 qui

128 1791 206 1822 pater
221 1792 248 1815 et
265 1792 361 1832 auctor
372 1794 414 1818 est
427 1791 521 1825 stirpis
536 1791 757 1828 Osmanidarum,
775 1797 908 1832 originem

129 1833 251 1861 duxisse.
268 1829 404 1862 Hactenus
419 1843 433 1862 a
449 1836 628 1873 Spandugino
658 1841 756 1868 tradita
783 1829 911 1873 dusimus

129 1880 379 1913 commemoranda,
400 1882 434 1908 de
461 1880 561 1916 quibus
582 1884 717 1919 integrum
745 1887 840 1916 lectori
867 1890 911 1924 ju-

129 1925 231 1952 dicium
244 1924 436 1960 relinquimus.
452 1926 525 1955 Sane
554 1931 690 1965 reperitur
708 1934 778 1966 apud
803 1934 910 1965 Graecos

129 1970 286 2003 historicos,
303 1977 338 1998 ac
346 1970 496 2006 praesertim
514 1975 585 2010 apud
601 1974 722 2004 Nicetam
738 1977 908 2014 Chouiatem,

129 2015 230 2044 mentio
241 2015 372 2044 Comneni
391 2023 532 2053 apostatae,
563 2022 610 2056 qui
625 2027 714 2050 tamen
730 2032 782 2052 non
810 2026 889 2055 lsacii
901 2048 908 2061 ,

128 2061 174 2087 sed
191 2060 302 2088 Joannis
319 2067 419 2090 nomen
439 2063 574 2092 habuerit.
590 2064 695 2102 Quippe
705 2076 766 2097 cum
789 2060 909 2102 Joannes

128 2107 284 2135 Comuenus
313 2108 481 2144 imperator,
513 2119 594 2146 quem
621 2112 814 2148 Calojoaunem
853 2127 908 2147 non

127 2152 225 2185 forma,
244 2154 291 2181 sed
305 2153 427 2182 bonitate
441 2156 585 2191 vocabant,
614 2159 643 2186 in
658 2160 800 2190 obsidione
828 2160 913 2202 394

127 2197 312 2227 Neocaesarete
339 2200 442 2229 diutius
457 2202 572 2231 haereret
595 2212 603 2231 :
621 2204 741 2234 Joannes
767 2197 848 2236 lsacii
859 2197 908 2238 se:

127 2245 333 2278 bastocratoris,
350 2246 443 2286 fratris
467 2248 527 2284 ejus
553 2248 637 2283 ﬁlius,
666 2252 712 2278 tali
739 2254 857 2288 quadam
875 2257 908 2284 ab

128 2290 294 2324 imperatore
310 2296 406 2326 patruo
424 2292 546 2322 irritatus
560 2295 788 2332 injuria,qualem
813 2299 904 2335 Span-
921 2311 944 2338 ι)

125 2335 244 2370 dupin’us
266 2337 402 2371 exposuit,
439 2338 509 2367 ftede
532 2341 677 2377 transfugit
707 2344 741 2371 ad
772 2346 908 2375 sultanum

126 2380 304 2415 iconiensem,
319 2383 456 2419 simulque
472 2386 736 2417 musulmanisSavit.
755 2390 831 2420 Hanc
854 2392 916 2422 ior-'

126 2426 206 2453 tassis
223 2426 258 2454 ad
274 2427 417 2456 ltiswriam
435 2430 475 2457 vel
499 2430 701 2468 Sp‘anduginus,
729 2436 772 2463 vel
797 2436 908 2466 Muche-

125 2477 211 2500 metes
227 2474 390 2508 respexerit.
421 2475 461 2504 Ac
486 2475 649 2507 Mucbemeti
679 2481 801 2516 quidem,
830 2483 909 2520 longe

123 2519 247 2546 omnium
261 2521 414 2548 mortalium
440 2523 678 2556 ambitiosissimo.
698 2528 802 2555 natales
824 2519 909 2563 majo-

123 2572 185 2591 rum
207 2564 339 2593 obseuros
356 2565 538 2602 displicuisse,
555 2578 609 2599 non
626 2571 725 2600 mirum
747 2579 809 2601 est:
835 2575 908 2603 idco-

123 2616 177 2645 que
189 2611 270 2639 facile
285 2611 459 2647 Crediderim,
481 2616 517 2642 ab
533 2614 566 2644 eo
595 2618 736 2651 quxsitam
761 2619 845 2648 fuisse
873 2621 907 2650 de

123 2656 258 2683 industria
276 2659 422 2692 quamdam
443 2664 555 2688 suorum
578 2663 613 2690 ab
627 2664 733 2700 origine
764 2667 849 2702 magis
875 2668 906 2695 il-

123 2701 203 2729 lustri
225 2704 500 2733 commendationem.
533 2706 589 2734 Hoc
615 2712 704 2737 tamen
734 2701 844 2740 minime
866 2714 905 2740 si—

122 2749 209 2775 lentio
223 2750 451 2784 praetereundum,
467 2745 582 2787 Turcos‘,
611 2758 752 2784 auctorum
770 2758 904 2787 bonorum

122 2796 268 2826 eonSeusu,
300 2802 352 2822 non
379 2799 394 2823 e
421 2795 542 2831 Tataria,
568 2800 614 2825 sed
646 2799 760 2835 Persia,
785 2804 904 2837 pulsos:

124 2838 238 2871 tat-aris,
252 2839 280 2866 in
307 2839 396 2867 Asiam
413 2841 547 2870 minorem
577 2844 780 2881 eommigrasse.
798 2848 855 2881 Qua
871 2850 905 2877 de

121 2892 203 2912 causa
217 2884 327 2913 Graecia
358 2885 459 2914 Praetor
485 2894 561 2915 meus
592 2891 704 2918 necdum
731 2893 828 2926 editus,
857 2896 902 2930 qui

122 2931 394 2965 Constantinopoleos
424 2939 438 2960 a
457 2932 581 2962 Flandris
609 2941 704 2972 captae,
736 2947 902 2974 rursumque

972 328 1080 360 xaginta
1091 328 1151 362 plus
1174 329 1261 355 minus
1287 336 1420 355 annorum
1449 328 1604 363 descripsit,
1629 323 1753 356 s'uitanos

970 371 1201 402 lil'usulmanorum
1233 374 1410 406 lconienses,
1452 374 1573 401 Aladinis
1605 380 1752 408 posteros,

970 420 1110 447 Azatinem
1121 424 1147 447 ct
1162 419 1314 447 Jathatines
1328 420 1408 452 duos,
1422 419 1587 448 Persarcltas
1623 421 1752 455 appellat,

970 465 1042 499 quod
1059 464 1181 493 ePersia
1198 465 1324 500 profectis
1351 466 1375 492 in
1398 473 1429 492 ea
1458 466 1572 493 minoris
1598 467 1668 494 Asiae
1696 466 1753 493 loca

970 511 1078 546 populis
1094 519 1156 538 cum
1186 511 1302 546 imperio
1328 516 1485 546 prmessent.
1511 511 1583 539 idem
1609 512 1756 539 observare

969 557 1041 590 licet,
1057 557 1090 584 ab
1104 558 1165 586 aliis
1185 557 1265 584 etiam
1292 558 1348 585 ileri
1364 558 1464 585 Graecis
1478 558 1626 586 historicis.
1650 558 1691 585 An
1707 566 1754 585 au-

970 607 1022 629 tem
1034 611 1066 630 ex
1082 602 1243 630 Tatarorum
1260 603 1427 637 regionibus.
1450 603 1589 638 etquibus
1624 604 1756 639 te'nipori—

969 649 1031 681 bus,
1055 649 1081 675 in
1111 647 1231 676 Pcrsiam
1263 649 1481 684 commigrarint,
1511 649 1555 676 hic
1580 650 1679 683 exponi
1700 658 1753 677 non

969 698 1010 720 ost
1027 700 1149 726 necesse,
1165 701 1196 721 ne
1213 694 1295 721 nimis
1307 699 1447 721 excrescat
1462 695 1672 722 commentatio,

1141 750 1168 778 2.
1184 750 1268 783 diem,
1293 748 1453 784 Padiscaclt,
1474 746 1580 779 Snltan.

1003 808 1080 843 Quod
1095 808 1260 843 Oguziorutn
1287 808 1391 836 familia
1418 810 1594 837 successione
1624 813 1753 844 perpetua

969 861 1059 880 rerum
1072 855 1143 888 apud
1170 853 1285 883 Parthos
1307 855 1391 890 potita
1411 855 1496 883 fuisse
1517 855 1635 886 dicitur,
1665 854 1691 882 id
1710 854 1755 881 his

969 899 1024 925 fere
1035 899 1124 927 verbis
1141 901 1167 926 in
1189 900 1338 936 archetypo
1351 899 1467 927 Turcico
1481 900 1594 934 legitur:
1608 899 1645 926 De
1666 899 1753 933 stirpe

935 944 996 979 ain
1011 945 1124 979 stirpem
1160 945 1235 973 fuere
1267 945 1480 974 Padischacbler
1503 945 1529 973 in
1570 943 1658 972 Aicm.
1690 944 1755 976 Qua:

967 990 1048 1018 verba
1067 995 1096 1018 ut
1118 991 1312 1029 intelligantur,
1340 991 1492 1025 sciendum,
1518 999 1534 1019 a
1556 991 1653 1019 Turcis
1677 991 1753 1018 Aiem

968 1035 1082 1070 Vilaget,
1096 1037 1138 1064 vel
1153 1037 1229 1064 Aiem
1252 1037 1407 1071 Memleket,
1433 1038 1522 1065 vocari
1550 1038 1688 1073 regionem
1712 1037 1753 1065 vel

967 1088 1081 1116 regnum
1110 1081 1253 1109 Persarum
1271 1090 1302 1109 ac
1328 1082 1518 1111 Parthorum:
1543 1082 1754 1110 Padischarhler

967 1131 1057 1154 autem
1086 1135 1202 1156 numero
1237 1127 1439 1162 multitudinis,
1469 1136 1484 1156 a
1516 1129 1648 1164 singulari
1676 1127 1753 1155 Padi.

966 1173 1078 1204 schacli,
1093 1172 1155 1201 esse
1167 1181 1313 1209 supremos
1340 1175 1480 1209 principes
1494 1175 1552 1202 sive
1573 1174 1704 1203 Srachos.
1721 1175 1754 1201 de

966 1225 1018 1252 qua
1031 1226 1095 1246 voce
1115 1219 1197 1254 paulo
1210 1225 1273 1247 ante
1301 1220 1413 1248 dictum.
1437 1220 1549 1248 Rectius
1570 1220 1641 1246 cnim
1670 1219 1752 1246 Padi-

965 1263 1065 1292 scltach
1090 1265 1278 1300 interpreteris
1302 1266 1510 1299 Pantocratoru,
1546 1266 1620 1293 velut
1653 1266 1754 1293 haben-

966 1316 1017 1339 tem
1033 1312 1189 1340 universum
1204 1312 1360 1348 imperium,
1373 1321 1518 1348 regemque
1534 1320 1638 1347 regum,
1666 1321 1749 1347 quam

965 1357 986 1385 si
1002 1365 1093 1385 vocem
1110 1358 1208 1385 sullani
1226 1359 1266 1386 sic
1283 1360 1414 1394 explices,
1429 1359 1501 1395 quod
1518 1358 1653 1387 Cedrinus
1675 1359 1748 1399 fecit.

965 1402 1068 1431 Etenim
1085 1405 1131 1439 qui
1145 1405 1242 1432 Turcis
1270 1406 1398 1434 sultauus
1415 1411 1469 1437 est,
1499 1407 1601 1435 Grtccis
1619 1405 1751 1440 hodieque

965 1457 1058 1476 vocem
1090 1450 1161 1478 hanc
1197 1451 1288 1486 lingua
1330 1459 1379 1480 sua
1405 1452 1593 1485 reddentibus,
1619 1452 1751 1487 Aphentis

965 1496 1004 1522 vel
1025 1496 1119 1531 Megas
1146 1497 1281 1532 Aphcutis
1308 1498 1430 1526 dicitur:
1452 1503 1580 1533 corrupto
1612 1497 1749 1528 nonnihil,

964 1541 1068 1568 ratione
1079 1543 1316 1576 pronuntiationis,
1330 1544 1441 1579 antiquo
1452 1544 1585 1577 vocabulo
1599 1544 1746 1577 αὐθέντης.

964 1587 1043 1621 cujus
1056 1593 1099 1615 est
1124 1595 1188 1616 nom
1211 1588 1385 1623 signiﬁcatio.
1416 1589 1552 1618 Laonicus
1580 1590 1650 1618 libro
1677 1597 1750 1618 nono

964 1632 1126 1661 Mucheuieti
1143 1636 1264 1663 secundo
1282 1636 1390 1664 titulum
1405 1632 1478 1664 hunc
1490 1636 1595 1664 tribuit.
1611 1635 1749 1671 Planeqnc

962 1679 1063 1706 nostris
1082 1680 1163 1707 etiam
1187 1672 1340 1710 Turcorum
1368 1683 1505 1718 princeps,
1523 1684 1550 1711 in
1579 1683 1749 1718 quotidianis

963 1726 1145 1759 sermonibus,
1164 1735 1306 1763 nunquam
1323 1729 1414 1761 aliter,
1427 1737 1508 1764 quam
1520 1729 1540 1756 il
1552 1729 1640 1764 grand
1653 1728 1750 1763 Siguor

962 1769 1129 1804 appellatur;
1143 1773 1215 1807 quod
1242 1773 1353 1808 quidem
1371 1774 1398 1801 fit
1426 1774 1577 1802 imitatione
1598 1772 1749 1801 Turcorunt

963 1813 1187 1851 Graecorumque.
1219 1817 1259 1845 Ne
1292 1818 1381 1846 dicam
1408 1821 1563 1855 Aythonum
1589 1820 1748 1847 Armenium

962 1867 1071 1895 quoque
1102 1863 1219 1896 tradere,
1251 1861 1389 1892 sultanum
1418 1865 1565 1901 Agarensis
1592 1865 1748 1901 signiﬁcare

961 1905 1115 1937 dominum.
1145 1908 1222 1942 Quod
1259 1915 1349 1938 autem
1390 1911 1461 1946 apud
1501 1911 1746 1947 Chaicocondylcm

963 1951 1054 1979 Parthi
1067 1957 1094 1980 et
1110 1951 1183 1981 Pera:
1200 1954 1266 1982 dicti
1296 1956 1426 1990 leguntur
1453 1956 1584 1990 Arzamii,
1620 1965 1651 1984 ex
1681 1959 1749 1986 scri-

962 2002 1041 2032 ptura
1077 1999 1171 2027 vitiosa
1197 2000 1347 2035 profectum
1382 2007 1458 2037 puto.
1484 2003 1552 2030 Nam
1570 2003 1674 2030 Azamii
1705 2005 1747 2031 vel

961 2043 1064 2072 Azemii
1096 2046 1198 2074 rectius
1225 2048 1392 2080 scribentur,
1419 2049 1492 2083 quod
1523 2048 1594 2076 idem
1622 2054 1663 2076 est
1684 2057 1746 2077 cuni

961 2090 1074 2118 Aiemiis
1090 2097 1201 2127 propter
1215 2093 1371 2122 affinitatem
1388 2095 1540 2122 litterarum
1571 2095 1592 2128 Ι,
1608 2095 1641 2129 G,
1659 2102 1685 2122 et
1714 2090 1746 2129 Ζ,

960 2140 1024 2163 ante
1049 2137 1164 2165 litteram
1185 2138 1206 2165 E
1222 2140 1384 2173 positarum,
1414 2142 1496 2169 etiam
1530 2143 1600 2177 apud
1616 2142 1696 2170 italos
1723 2149 1750 2169 et

961 2180 1063 2209 Gallos.
1078 2181 1215 2217 Geufraso,
1231 2185 1277 2220 qui
1290 2184 1429 2213 Azamiam
1443 2186 1543 2214 dictam
1560 2187 1616 2214 vult
1637 2187 1671 2214 ab
1695 2188 1748 2215 As-

961 2227 1091 2263 sambego
1119 2229 1185 2264 (quo
1203 2231 1315 2258 nomine
1345 2231 1410 2259 alibi
1437 2238 1525 2267 vocat,
1554 2240 1634 2267 quem
1661 2232 1747 2260 Usum

961 2271 1111 2301 Chasaucm
1129 2274 1210 2302 Turci
1222 2276 1327 2311 dixere)
1342 2277 1414 2304 sicut
1427 2285 1442 2304 ο
1467 2278 1671 2314 Caramanbego
1696 2279 1749 2306 Ca-

959 2321 1236 2356 ramaniam,perme
1260 2323 1382 2357 quidem,
1405 2328 1433 2350 ut
1459 2324 1495 2351 ita
1525 2325 1636 2358 sentiat,
1663 2324 1746 2352 licet:

960 2366 1070 2400 quando
1094 2367 1178 2394 libere
1209 2368 1301 2402 quivis
1328 2369 1484 2404 opinionem
1516 2378 1592 2397 suam
1625 2370 1748 2405 proferre

961 2416 1058 2445 potest.
1075 2410 1142 2438 Nam
1156 2413 1264 2440 tametsi
1280 2421 1335 2441 non
1365 2415 1413 2442 abs
1433 2422 1461 2442 re
1475 2415 1536 2449 quis
1549 2416 1678 2451 objecerit
1694 2417 1748 2444 dis-

960 2455 1166 2484 similitudinem
1179 2465 1275 2486 vocum
1292 2459 1368 2486 Aiem
1381 2465 1408 2487 et
1422 2460 1541 2493 Chasan,
1556 2465 1647 2488 tamen
1661 2462 1747 2496 pluris

959 2501 1010 2529 hoc
1028 2501 1200 2536 faciundum,
1216 2504 1286 2538 quod
1305 2504 1376 2532 idem
1402 2505 1454 2532 sibi
1481 2507 1578 2540 parum
1595 2506 1657 2533 alibi
1681 2515 1746 2534 con-

959 2553 1022 2581 stat,
1038 2549 1101 2576 dum
1118 2549 1156 2576 ait
1167 2549 1201 2577 ab
1217 2551 1331 2584 Aramo,
1358 2550 1433 2579 Semi
1446 2550 1477 2579 F.
1493 2551 1577 2580 Noha:
1594 2553 1627 2580 N.
1641 2553 1745 2588 Syriam

958 2595 1056 2622 dictam
1071 2595 1222 2630 Azamiam,
1238 2598 1317 2632 quasi
1337 2597 1489 2626 Aramiam.
1518 2598 1577 2626 Non
1594 2601 1665 2626 enim
1701 2608 1747 2634 pa-

959 2648 1042 2668 ruma
1061 2640 1160 2674 Persis,
1174 2647 1202 2669 et
1216 2642 1336 2676 Partitis,
1348 2643 1408 2678 Syri
1422 2643 1525 2671 distant
1540 2653 1546 2671 :
1565 2650 1593 2672 ut
1614 2654 1667 2674 non
1696 2647 1745 2673 illl-

959 2685 1055 2713 merito
1071 2685 1132 2720 quis
1160 2685 1284 2715 Geul‘rzeo
1311 2689 1484 2723 proverbium
1517 2696 1594 2718 vetus
1619 2688 1742 2719 Graecum

957 2731 1086 2765 obiecerit
1102 2741 1108 2758 :
1127 2731 1195 2759 Sunt
1221 2734 1338 2768 separati
1353 2734 1420 2762 tinus
1445 2735 1580 2771 Lydorum
1612 2743 1638 2764 ct
1659 2736 1744 2773 l‘lny-

956 2786 1029 2812 gum.

955 2825 981 2851 5.
995 2823 1085 2863 ςίιιιῃζ
1102 2823 1160 2863 Ulli
1168 2824 1245 2863 _C_ltqu
1258 2846 1265 2858 ,
1283 2825 1439 2861 Hunggiur,
1462 2827 1595 2861 liuor/ter,
1623 2831 1740 2863 Scriplte,

991 2858 1095 2920 ’(ll‘lia/ife
1110 2880 1117 2892 ,
1141 2859 1247 2887 Chitaia
1259 2880 1267 2892 ,
1295 2858 1453 2895 Chorizsau,
1483 2863 1571 2897 b’rlch,
1590 2858 1741 2898 Illac/«latr,

1014 2899 1092 2921 utan.

991 2940 1041 2973 Qui
1059 2940 1155 2968 Turcis
1171 2945 1211 2969 est
1224 2941 1315 2977 lingis
1328 2943 1414 2977 Chao,
1431 2943 1588 2973 b‘clvacensi
1605 2952 1644 2973 cst
1658 2945 1742 2973 Chiu-
