1963 3067
205 163 258 195 727

815 168 973 199 IOANNIS
987 171 1136 201 LEUNCL
1147 171 1218 201 \Vli
1259 204 1261 208 π

1773 173 1822 206 7Ξ8

205 221 247 252 αἱς
263 219 360 252 Cltaut,
378 219 449 254 qttod
465 219 534 246 idem
555 224 598 247 est
623 221 846 255 pronuntiatione
874 217 989 252 Gallica.
1008 228 1026 255 Α
1045 231 1164 253 s'rurum
1179 228 1361 262 Augustorum
1378 228 1540 261 respondere
1550 228 1654 261 volunt,
1663 236 1717 264 quo
1729 237 1759 257 se
1776 230 1822 256 int-

204 266 240 294 Ex
257 265 448 301 Paehymerio,
480 267 638 301 exterisque
664 267 832 298 Grteeismon
864 270 984 303 Tzit.kis,

204 312 245 339 vel
260 312 379 343 Tzincis,
397 312 444 339 sed
458 312 568 347 Tzingis
583 313 639 340 Can
657 315 740 341 set-itii
756 315 846 346 delet,
884 316 988 344 ratione

203 356 431 391 pronuntiationis
447 359 563 386 usitatte.
593 358 672 387 Extat
695 360 761 388 liber
792 361 908 397 Aytltoni
937 363 986 388 Ar-

204 413 218 427 n
231 404 294 435 ruii,
311 404 356 438 qui
374 410 400 430 et
418 404 574 433 Curchinus
591 411 711 438 vocatur,
729 413 755 434 et
781 407 914 435 Antonius
929 416 988 435 cre-

203 448 275 476 ditur
294 456 309 476 a
328 449 490 484 quibusdam
517 452 601 479 fuisse
629 452 718 480 dictus
754 458 812 487 post
846 460 984 488 sumptum

202 495 384 522 monasticum
404 496 545 523 habitum:
562 505 624 524 cum
644 498 866 533 Aythonusitlctn
894 500 985 526 videa-

201 545 244 566 tur
270 547 331 568 esse
360 548 420 568 cum
449 543 588 569 Antonio:
617 548 643 571 et
668 544 823 572 Curehinus
853 555 866 571 a
892 551 986 573 saneto

201 585 317 619 Georgio
334 587 435 614 factum
462 597 560 616 nomen
584 589 630 620 sit,
664 591 894 624 quemadmodum
917 591 986 618 Cur-

199 633 271 660 chini
288 634 330 660 vel
346 635 599 670 Curginidicnntur
618 636 699 663 etiam
725 637 804 664 hodie
828 637 985 671 chrgiani,

199 680 246 712 qui
261 680 398 709 Armeniis
419 682 500 710 vicini
520 691 534 710 a
559 683 644 710 sancti
674 682 782 718 Georgii
809 684 984 710 veneratione

198 726 262 753 dicti
281 731 410 761 putantur
431 727 588 763 Georgiani,
617 729 689 756 sicttt
720 737 734 756 a
767 734 862 757 sancto
884 728 985 756 Iacobo

198 772 320 800 Jacohini
334 779 360 800 et
373 773 515 807 Jaeohitm,
545 782 662 810 quorum
694 775 854 810 patriarchae
885 783 982 802 nomen

198 818 295 845 \itiole
312 819 443 853 scriptum
457 819 554 854 legitur
569 821 639 854 apud
660 819 780 847 Marcum
797 821 911 848 Paulum
932 822 982 848 Vc—

199 870 288 891 nettlm
306 864 433 898 Iacelieh,
451 873 499 900 pro
516 866 649 899 Catolich,
679 867 726 901 qui
750 866 907 894 Catholictts
931 873 981 894 est.

197 909 221 938 Is
243 911 359 946 Aythoni
387 912 455 939 liber
468 919 565 939 nomen
592 912 673 939 habet
688 912 779 947 Zingis
803 913 884 948 hujus
916 922 983 940 non-

155 971 162 979 κ
199 957 265 984 nihil
282 957 466 990 immutatum,
481 958 606 986 videlicet
621 958 752 992 Changis,
767 958 838 985 unde
863 958 981 993 Congius

196 1005 278 1031 etiam
294 1004 349 1031 Can
367 1005 400 1031 ab
416 1005 476 1032 aliis
491 1010 614 1032 vocatur.
641 1005 743 1033 Chauis
761 1007 802 1032 vel
826 1005 909 1033 ilanis
925 1006 980 1040 (as-

195 1050 332 1082 piratione
350 1051 424 1086 furti)
440 1051 584 1085 appellatio
604 1059 734 1086 perquam
764 1053 861 1079 usitata
890 1051 981 1079 Persis

193 1101 220 1122 rt
237 1095 344 1123 Tataris
363 1102 414 1128 est,
431 1097 502 1131 apud
515 1105 584 1132 quos
600 1105 676 1129 reges
689 1102 716 1124 et
732 1098 880 1132 principes,
894 1098 976 1126 etiatn

195 1141 330 1169 minorum
344 1142 385 1177 (ut
401 1143 454 1169 dici
471 1143 549 1173 solet)
563 1144 695 1177 gentium,
714 1143 822 1171 Chancs
840 1144 977 1170 dicuntur:

194 1188 268 1215 verbi
281 1188 378 1222 gratia,
408 1188 487 1215 lierai
517 1189 604 1220 Chao,
622 1189 738 1216 Crimski
757 1190 850 1220 Chan,
875 1190 978 1224 Precop

191 1233 276 1264 Chan,
297 1233 380 1269 Nogai
396 1234 483 1266 Chan,
499 1235 739 1268 SchenthalChan,
767 1235 864 1262 Maxttd
889 1236 976 1268 Chao,

191 1285 217 1306 et
232 1280 290 1314 alii,
306 1289 422 1315 qunrttm
438 1282 463 1308 itt
485 1282 629 1308 Annalium
648 1290 757 1316 qunque
785 1282 977 1317 Supplementa

191 1327 260 1354 facta
274 1327 387 1354 mentio.
404 1327 448 1354 Sic
462 1328 543 1354 etiam
562 1328 632 1355 inter
660 1328 869 1355 Osmanidarum
891 1329 977 1362 iuajo-

192 1381 235 1400 res
267 1373 464 1408 ingencalogia
495 1374 606 1408 quidam
637 1375 704 1400 (Zara
744 1375 813 1401 cltan
857 1375 974 1409 legitur,

190 1426 245 1454 quo
260 1410 430 1454 signiﬁcatur
442 1428 488 1446 rex
507 1424 553 1446 aut
579 1420 705 1454 princeps
720 1421 805 1455 niger.
834 1421 974 1448 Con~itnili

190 1463 295 1491 ratione
307 1464 352 1492 filii
368 1464 521 1498 principum
538 1465 705 1500 Chanoglani
729 1471 872 1493 vocantur.
889 1466 975 1501 Repe—

190 1508 258 1537 t'itur
272 1511 297 1537 in
314 1510 436 1538 historiis
453 1510 589 1538 Graecisot
603 1511 707 1539 Latinis
728 1519 826 1539 nomen
853 1513 973 1546 Chagani

187 1557 365 1592 395-399
378 1558 509 1590 Avarum,
522 1557 594 1592 qttod
610 1558 680 1585 idem
698 1564 739 1585 est
754 1566 815 1585 etttn
831 1559 881 1586 hoc
896 1559 972 1587 Chan

188 1601 228 1628 vel
246 1602 370 1628 Chahan.
386 1599 453 1628 Nam
467 1602 586 1629 Avarum
605 1603 661 1630 sive
675 1603 860 1630 Chazarorum
886 1605 972 1639 patria
985 1615 1008 1647 ο

188 1648 375 1676 Chersonesus
386 1653 428 1675 est
440 1648 568 1682 Taurica,
586 1657 644 1682 qu:e
663 1649 796 1684 hodieque
810 1657 876 1677 suos
892 1651 973 1678 habet

186 1694 331 1721 Cltahancs
347 1686 356 1721 τ’
367 1694 501 1722 Maximus
515 1702 579 1722 vero
590 1694 754 1722 Tatarorum
765 1696 887 1723 ontniunt
901 1697 971 1725 chan

188 1742 231 1768 cui
252 1742 369 1777 sutjccti
387 1747 451 1769 sttnt
467 1741 577 1770 Chanes
593 1742 694 1774 caeteri,
713 1743 813 1778 quique
829 1743 972 1772 Chitainns

155 1781 166 1785 ’
187 1787 315 1822 appellari
328 1788 408 1819 solet,
418 1788 455 1814 uti
469 1790 560 1815 statim
574 1788 790 1817 dicturisumus.
804 1789 972 1816 excellentiae

184 1842 279 1867 causa,
295 1843 348 1870 qua
362 1836 468 1862 cunctis
483 1835 544 1862 aliis
571 1841 691 1869 praestat,
711 1835 762 1862 Ulu
778 1836 854 1862 Chan
883 1837 971 1863 nomi-

186 1887 275 1913 natur.
289 1883 339 1909 hoc
352 1886 404 1914 est,
416 1889 543 1917 magnus,
556 1882 596 1909 vel
627 1883 715 1916 potitts
734 1883 858 1909 excelsus
882 1882 968 1910 Chao.

186 1928 262 1955 Unde
282 1929 394 1961 factum,
411 1933 441 1955 ut
467 1929 660 1963 Spanduginus
678 1933 704 1955 t-t
730 1928 824 1956 Jovius
848 1929 969 1956 Chanetn

185 1976 400 2008 interpretentur
412 1974 615 2008 imperatorem.
633 1973 740 2001 Tnt'eiei
757 1981 882 2009 ,quoque
909 1974 969 2001 Sul-

183 2021 238 2048 ωιιί
253 2026 312 2055 post
323 2021 470 2048 Osntanem
482 2020 586 2052 Gasim,
597 2020 738 2048 setihancs
751 2021 804 2047 dici
814 2021 969 2054 voluerunt,

185 2074 211 2094 ut
228 2076 260 2094 ex
272 2068 427 2103 genealogia
443 2071 528 2101 paret,
546 2067 628 2101 idque
644 2068 759 2094 retinent
772 2068 797 2094 in
808 2067 967 2098 hodiernum

183 2120 270 2146 usque
285 2111 368 2139 diem.
385 2112 460 2138 Solet
475 2111 559 2144 enitn,
577 2119 652 2139 more
676 2111 821 2146 majorum,
850 2113 969 2141 Mttrates

184 2159 234 2184 iste
250 2157 346 2184 tertius
355 2159 407 2184 hoc
421 2157 459 2184 uti
474 2157 634 2192 plerumque
651 2157 730 2184 titttln
746 2167 752 2185 :
767 2157 861 2185 Sultau
880 2159 967 2186 Murat

180 2206 258 2235 chon,
274 2204 316 2230 bin
329 2203 420 2230 sultan
446 2203 530 2231 Selim
546 2204 624 2235 alia",
656 2204 820 2238 elnmzaferu
849 2205 938 2232 (laima
956 2214 966 2238 ;

1045 278 1186 305 iuratores
1201 273 1321 300 Casares
1334 274 1480 307 appellant.
1496 273 1526 300 Et
1538 275 1655 308 primum
1668 283 1701 302 eo
1715 276 1821 303 tradunt

1041 327 1118 344 nsunt
1137 318 1333 346 Muchemctcm
1365 320 1527 352 secundum,
1541 325 1601 354 post
1629 326 1734 355 captam
1754 323 1820 348 (Iou-

1039 363 1256 398 etantinoprtlim,
1287 365 1379 390 sedem
1417 365 1559 392 orientalis
1593 366 1712 400 imperii,
1742 375 1819 400 quem

1039 409 1134 435 imitati
1152 414 1215 436 sunt
1230 409 1364 443 Bajazites
1382 410 1465 441 titius,
1483 416 1510 438 et
1525 411 1640 438 Sclimes
1654 420 1748 447 nepos.
1764 413 1819 446 Qua

1038 454 1071 481 de
1083 463 1176 487 causa,
1193 456 1290 490 partint
1321 461 1350 481 tit
1364 457 1552 488 ambitionem.
1569 459 1667 492 partim
1686 464 1714 486 ut
1728 467 1820 494 super—

1038 500 1175 528 stitiouem
1193 508 1298 531 eorum.
1314 503 1349 528 ab
1368 511 1414 530 esu
1430 504 1516 531 suilla:
1527 504 1744 538 abhorrentium,
1760 506 1820 532 irri-

1037 546 1113 574 deret
1128 548 1245 575 seachus
1261 548 1351 575 lsmail
1367 549 1481 581 primus.
1498 558 1512 577 a
1544 558 1596 584 quo
1631 551 1817 586 Sophinnrum

1037 592 1106 626 apud
1124 591 1221 619 Persas
1248 593 1397 627 profectum
1431 602 1529 622 nomen
1555 600 1606 628 est,
1635 597 1819 631 prmpingttem

1036 637 1108 663 alere
1127 645 1241 671 porcttm
1273 639 1388 670 solebat,
1405 639 1448 666 ctti
1466 647 1565 667 nomen
1582 641 1642 674 ejus
1669 641 1818 669 Turcorttm

1036 682 1146 708 int'rhat
1159 683 1299 717 principis,
1328 684 1374 718 qui
1389 689 1452 711 tunc
1477 693 1567 712 rerum
1588 687 1745 720 potiebatur
1762 696 1770 714 :
1790 692 1818 714 ιιι

1037 728 1077 753 ναι
1094 727 1203 754 Bunker
1217 728 1328 763 Bajazit,
1344 730 1385 756 vel
1404 729 1514 757 "uniter
1524 731 1607 758 Selint
1625 732 1816 767 appellaretur.

1037 773 1157 808 Denique
1172 774 1348 808 Seripharum
1363 776 1444 802 etiam
1465 777 1573 803 titulum
1598 778 1650 805 sibi
1681 779 1817 808 tribuunt,

1035 823 1061 844 et
1077 818 1245 846 Clutidarum
1261 828 1359 848 nomen
1374 829 1407 849 tte
1418 822 1497 850 hodie
1513 824 1622 858 quidem
1641 824 1737 857 vitant,
1748 819 1824 852 velut

1035 865 1211 898 invidiosum,
1228 868 1373 902 potiusque.
1390 873 1549 903 competens
1562 870 1643 896 editis
1655 869 1817 898 Mahnmetis

1036 910 1180 945 sanguine,
1216 913 1445 946 quemadmodum
1480 913 1616 942 Reinerus
1644 915 1816 948 Rcineccius,

1035 955 1139 983 anticus
1152 961 1244 984 noster
1261 959 1372 991 putavit.
1390 959 1456 986 Nam
1472 960 1515 987 ltic
1532 968 1642 995 quoqtte
1652 961 1771 988 .‘llurates
1785 970 1817 989 eo

1033 1009 1063 1028 se
1077 1007 1156 1028 ornat
1175 1003 1257 1030 titulo
1269 1004 1294 1030 in
1309 1004 1406 1031 litteris
1415 1005 1448 1032 ad
1466 1006 1657 1040 imperatorem
1677 1012 1815 1040 nostrum,

1033 1055 1146 1080 quarum
1167 1050 1289 1083 exempla
1307 1050 1372 1081 vidi,
1399 1056 1426 1077 et
1451 1053 1578 1086 superius
1592 1053 1625 1080 de
1642 1054 1693 1080 hoc
1706 1061 1719 1080 a
1738 1054 1817 1081 nobis

1033 1097 1124 1119 notata
1142 1095 1264 1127 quadam
1279 1100 1343 1122 sunt
1359 1096 1385 1122 in
1396 1096 1569 1130 expositione
1594 1092 1738 1124 causarum
1768 1098 1815 1125 de-

1031 1139 1151 1167 cennalis
1166 1140 1244 1175 hujtts
1258 1141 1330 1172 belli,
1343 1142 1416 1176 quod
1433 1143 1505 1169 ittter
1537 1144 1675 1177 Sophiuos
1707 1149 1734 1172 et
1764 1144 1816 1172 Os-

1030 1185 1151 1212 manieos
1161 1185 1248 1212 adhuc
1276 1188 1390 1220 geritur.
1414 1188 1536 1215 Diximus
1563 1189 1648 1221 enim,
1672 1189 1815 1225 Chalipbis

1030 1238 1127 1257 nomen
1143 1231 1298 1266 signiﬁcare
1313 1233 1457 1266 vicarium,
1485 1236 1524 1261 vel
1541 1243 1742 1265 successorem,
1771 1236 1812 1264 vc!

1030 1276 1163 1303 hmredctn
1180 1279 1319 1313 prophetae
1337 1278 1500 1307 Maltutnetis
1515 1292 1521 1308 :
1535 1281 1721 1309 etOstuanicis
1754 1290 1814 1317 per-

1027 1330 1140 1349 sttasttm
1157 1331 1228 1356 esse,
1247 1326 1394 1360 principem
1413 1334 1493 1353 suum
1519 1335 1580 1354 esse
1594 1327 1742 1362 Cltaliphcn
1763 1329 1814 1355 ltu-
1853 1334 1859 1337 ‘

1025 1369 1070 1402 jus
1085 1370 1189 1397 szeeuli.
1203 1370 1358 1399 Secundum
1373 1373 1538 1407 Chaliphen,
1556 1375 1698 1408 proximus
1707 1379 1748 1401 est
1761 1374 1811 1402 Se-

1027 1416 1113 1450 t-iphis
1129 1417 1213 1444 locus.
1236 1418 1280 1445 Sic
1292 1419 1363 1445 enim
1376 1424 1402 1446 et
1415 1419 1561 1452 Cedrinus,
1580 1427 1606 1448 et.
1620 1420 1741 1447 Zonaras
1757 1425 1813 1447 tra-

1027 1462 1163 1493 diderunt,
1177 1463 1302 1498 Seriphis
1313 1473 1411 1492 nomen
1428 1467 1498 1501 apud
1524 1466 1734 1499 Maltumetanos
1750 1475 1812 1494 eam

1027 1509 1302 1544 respoctuChaliphte
1333 1510 1468 1538 rationem
1496 1513 1606 1543 habere,
1639 1506 1699 1546 qua:
1730 1513 1813 1541 fuerit

1026 1555 1096 1588 apud
1111 1555 1220 1583 Graecos
1237 1556 1301 1583 olim
1322 1558 1434 1592 syncelli
1461 1559 1493 1584 ad
1521 1559 1716 1592 patriarcltam,
1747 1566 1811 1586 cum

1027 1605 1135 1628 mortuo
1153 1603 1320 1634 patriarcha,
1341 1611 1400 1630 tuox
1420 1604 1446 1630 in
1456 1604 1516 1637 ejus
1545 1605 1644 1632 solium
1674 1605 1812 1640 syucellus

1025 1646 1216 1676 collocaretur.
1229 1647 1285 1676 Hoc
1298 1649 1341 1676 die
1358 1658 1420 1676 vero
1434 1655 1540 1680 notum.
1555 1655 1658 1685 quanto
1671 1652 1726 1678 sint
1737 1651 1811 1685 apud

1024 1691 1230 1720 Mahumelanos
1262 1694 1288 1721 in
1304 1695 1417 1727 honore,
1437 1695 1482 1730 qui
1515 1701 1587 1723 recta
1613 1697 1682 1723 linea
1715 1701 1768 1723 tam
1795 1706 1811 1724 a

1024 1740 1153 1773 propheta
1166 1739 1330 1773 Mahumetc,
1348 1749 1429 1776 quam
1442 1742 1475 1768 ab
1493 1743 1546 1775 Ali,
1577 1742 1740 1770 Mahumetis
1764 1751 1811 1778 ge-

1024 1791 1102 1815 nero,
1119 1785 1299 1819 descendunt,
1317 1792 1364 1813 aut
1379 1795 1408 1814 se
1436 1788 1539 1823 tingunt
1569 1789 1747 1817 descendere.
1776 1789 1809 1816 lli

1024 1830 1120 1859 'I‘ureis
1140 1832 1302 1868 Tatarisque
1319 1831 1404 1860 Seithi
1416 1835 1497 1870 vulgo
1513 1835 1654 1868 dicuntur,
1671 1836 1810 1864 Arabibus

1022 1882 1112 1905 autem
1130 1878 1273 1913 Seriphum
1300 1888 1369 1913 quos
1385 1881 1502 1907 maxima
1533 1889 1600 1909 sane
1635 1884 1810 1912 veneratione

1022 1927 1102 1956 atque
1117 1923 1289 1950 observantia
1305 1932 1366 1950 cum
1396 1932 1608 1960 prosequantur,
1638 1929 1720 1955 etiam
1754 1929 1809 1964 ipsi

1022 1969 1123 1996 sttltani
1142 1970 1320 2004 Scripharum
1339 1972 1520 2006 appellatione
1546 1974 1619 2001 velut
1634 1976 1809 2008 angustiores

1022 2023 1050 2042 se
1062 2016 1174 2043 reddere
1191 2017 1294 2043 volttnt.
1314 2017 1353 2044 Ad
1371 2017 1535 2045 Tatarornm
1556 2019 1679 2047 Chanem
1707 2025 1736 2047 ut
1763 2029 1807 2047 re-

1022 2063 1112 2095 deam,
1131 2063 1275 2090 lraditura
1304 2064 1442 2099 plerisque
1469 2066 1609 2099 omnibus,
1643 2066 1687 2093 ltie
1714 2067 1808 2101 Zingis

1021 2108 1095 2134 Cltan
1111 2109 1136 2135 in
1155 2109 1249 2143 primis
1263 2109 1395 2137 claruisse
1409 2118 1481 2138 anno
1493 2112 1648 2140 Christiano
1669 2114 1748 2146 1202,
1764 2115 1807 2141 vel

1022 2155 1100 2187 1205,
1114 2163 1168 2190 quo
1183 2161 1304 2190 tempore
1316 2157 1408 2184 Tatari
1419 2158 1514 2192 jugunt
1532 2154 1673 2193 Indorum,
1689 2161 1740 2188 hoc
1754 2166 1807 2195 est,

1019 2201 1078 2234 ejus
1092 2201 1172 2234 regis,
1189 2209 1269 2235 quem
1289 2202 1323 2227 ab
1351 2203 1520 2237 aliquotjatu
1548 2205 1656 2233 saeculis
1684 2207 1809 2241 Preteja~

182 2250 233 2277 hoc
247 2253 298 2281 est,
318 2249 445 2275 Dominus
462 2247 584 2276 Mitt-otes
597 2257 651 2279 rex.
672 2250 773 2276 domini
804 2249 909 2277 Selituis
927 2259 967 2278 re-
981 2247 1007 2276 Β
1021 2254 1084 2273 nulli
1100 2247 1156 2273 sive
1183 2248 1370 2282 presbyterum
1399 2248 1530 2276 Joannem
1566 2252 1647 2285 vulgo
1675 2259 1808 2279 vocamus

181 2296 219 2330 gis
231 2296 312 2330 ﬁlius,
324 2296 479 2323 victoriosus
496 2304 607 2331 semper.
626 2296 731 2329 Quibus
747 2297 772 2323 in
798 2298 888 2324 verbis
919 2298 967 2325 ob-

180 2350 290 2369 servare
306 2342 366 2369 licet
380 2341 659 2369 obiteritnitatiouem
682 2342 837 2372 titulorum.
867 2343 967 2375 quibus

181 2390 359 2424 imperatores
378 2389 475 2421 nostri,
494 2394 600 2417 veteres
614 2394 640 2416 et
656 2393 792 2422 recentes,
823 2397 922 2417 vocare
939 2398 968 2417 se

180 2435 300 2463 victores
314 2443 346 2463 ac
363 2436 589 2470 triumphatorcs,
624 2442 790 2469 semperque
815 2436 965 2470 Augustos,

180 2487 389 2509 consueverunt.
409 2482 461 2509 Sed
480 2483 530 2510 hos
548 2482 642 2509 titulos
660 2482 722 2509 aliis
753 2482 892 2509 interdum
919 2483 967 2509 ad-

177 2528 257 2562 jectis
278 2527 437 2555 nominibus
455 2533 566 2562 augent,
580 2528 606 2554 in
623 2528 722 2562 quibus
732 2531 795 2554 sunt
821 2528 907 2560 Etnir,
933 2528 966 2555 de

178 2582 233 2608 quo
248 2574 376 2608 superius
391 2574 503 2605 dicttttn,
519 2578 545 2600 et
559 2573 639 2607 paulo
656 2578 719 2608 post
729 2574 835 2600 dicetur
851 2581 966 2601 numero

179 2621 225 2652 M,
239 2625 266 2648 et
279 2620 439 2650 l‘adiscaeh,
457 2621 528 2654 quod
548 2620 640 2647 itidem
665 2620 829 2654 explicatum
847 2625 897 2647 :et
909 2619 966 2658 Mn-

179 2667 368 2693 sultnanorum
382 2665 544 2697 Padiscaeh,
561 2674 615 2702 quo
632 2674 717 2700 nuper
751 2666 871 2694 Muratcs
898 2675 966 2694 usus

179 2719 217 2740 est
233 2714 257 2739 itt
273 2713 373 2740 litteris
387 2713 421 2740 ad
439 2713 565 2740 ordinum
597 2713 673 2748 regni
698 2713 819 2740 Polouia:
843 2713 965 2742 comitia,

178 2759 299 2786 creando
311 2767 385 2793 rege,
411 2759 506 2786 missis
539 2763 587 2787 :et
616 2759 746 2786 llunchcr
776 2759 817 2786 vel
843 2758 964 2789 llunkcr,

178 2804 251 2838 quod
267 2805 459 2839 Spanduginus
469 2805 581 2839 scripsit
596 2804 775 2836 Condichiar,
808 2803 964 2831 Ludovicus

179 2853 316 2880 Bassanus
329 2852 472 2880 Jadt'ensis
486 2851 652 2883 Chunchier,
669 2859 730 2878 cum
759 2851 854 2877 Italico
884 2851 966 2876 modo

179 2900 283 2926 rectius
295 2899 464 2934 exprimatur
479 2898 628 2933 lluuggiat.
647 2897 673 2923 ld
689 2897 797 2932 proprie
814 2898 894 2924 titulo
917 2905 966 2924 no—

1019 2298 1211 2320 exettsserunt.
1230 2292 1263 2319 Et
1276 2298 1381 2321 exstant
1408 2295 1535 2330 pleraque
1552 2295 1585 2323 de
1619 2296 1661 2324 his
1690 2297 1771 2325 rebus
1792 2305 1808 2323 a

1022 2340 1165 2367 Vincentio
1178 2340 1347 2373 Bulvaceusi,
1364 2341 1490 2369 etMarco
1502 2342 1587 2369 Paulo
1610 2342 1724 2375 Veneto,
1750 2352 1809 2370 tue-

1019 2387 1113 2413 tnorite
1130 2386 1250 2421 prodita,
1268 2386 1337 2414 lectu
1353 2394 1408 2414 non
1434 2388 1554 2422 indigna.
1574 2389 1679 2416 Chitaia
1711 2389 1807 2424 (quatit

1020 2432 1111 2460 itidem
1140 2432 1260 2460 Joannes
1281 2434 1313 2460 de
1343 2433 1424 2466 plano
1446 2433 1539 2468 Carpi,
1563 2434 1610 2468 qui
1639 2434 1704 2460 vixit
1730 2442 1808 2461 anno

1019 2477 1176 2505 Christiano
1195 2479 1274 2512 1242—2,
1289 2479 1393 2514 legatus
1409 2479 1441 2505 ad
1459 2479 1504 2506 illa
1519 2480 1575 2506 loca
1589 2479 1690 2507 missus
1705 2487 1719 2506 a
1736 2489 1807 2515 papa

1022 2524 1154 2562 liqmano,
1168 2525 1260 2552 Kithai
1277 2526 1367 2559 vocat)
1392 2525 1508 2553 Laonico
1524 2525 1656 2560 Cltataia;
1685 2526 1806 2554 Cltitaini

1019 2572 1121 2603 ’l‘atari,
1134 2571 1272 2599 Chatuidte
1293 2572 1431 2604 dicuntur,
1445 2576 1472 2599 et
1480 2580 1543 2599 vero
1558 2577 1599 2600 est
1614 2572 1715 2606 simile,
1729 2572 1809 2600 Cha:-

1020 2623 1060 2646 tas
1080 2618 1226 2649 Ptoleuuri,
1245 2623 1272 2644 et
1285 2617 1409 2645 Chaucos
1434 2617 1538 2649 Ariani,
1561 2618 1613 2645 hos
1638 2619 1712 2653 ipsos
1744 2627 1809 2646 esse

1017 2664 1160 2690 Chitaiuos
1175 2664 1272 2691 ltorutu
1295 2663 1450 2696 Annalium,
1467 2664 1508 2692 vel
1527 2664 1674 2692 Chataidas
1687 2665 1808 2692 Chalce-

1019 2710 1153 2744 coudylis,
1173 2711 1214 2738 vel
1229 2710 1309 2737 Mat-ii
1339 2703 1412 2744 Nigri
1438 2710 1601 2738 Chatainos.
1636 2711 1809 2738 Chorasauis

1020 2755 1138 2790 regionis
1151 2763 1249 2782 nomen
1277 2763 1310 2783 ne
1337 2755 1416 2783 hodie
1441 2756 1549 2791 quidem
1571 2756 1718 2783 obscurum
1750 2761 1807 2789 est,

1018 2811 1051 2829 ex
1068 2802 1266 2829 recentioribus
1294 2801 1415 2829 historiis
1434 2811 1440 2829 ι
1457 2802 1572 2837 populos
1602 2803 1676 2836 ipsos
1707 2801 1808 2830 Joviu:

1018 2849 1175 2876 (Iotaxenus
1189 2849 1245 2875 vult
1271 2848 1360 2875 dictos
1388 2849 1550 2882 antiquitus.
1578 2848 1693 2876 Cedreni
1719 2850 1807 2877 verba

1019 2900 1081 2922 sunt
1100 2893 1291 2922 inJustiniano
1307 2895 1477 2922 Rhinotuiito
1497 2904 1504 2929 ς
1526 2895 1670 2930 subiugata
1685 2894 1736 2923 fuit
1769 2897 1807 2924 ab
