1963 3067
136 173 193 204 ’129

716 176 787 206 PAN
794 177 910 208 DECTE
924 177 948 207 ll
955 178 963 207 l
970 178 1024 207 ST.
1049 178 1098 208 TU
1105 179 1198 210 ειςις.

1713 182 1771 214 730

135 231 274 259 Arabibus
288 231 336 267 (id
353 236 394 260 est
406 232 563 268 Saracenis)
582 233 663 260 etiam
683 233 774 262 Persis
795 235 920 267 interior.
939 255 960 282 Α
978 236 1099 263 Aladiuis
1117 237 1263 265 habuerim
1277 246 1387 273 nomen,
1403 240 1566 268 Osmanidas
1589 247 1686 267 omnes
1705 241 1769 266 Aln-

135 285 197 312 quae
212 277 352 305 Chorosau
363 279 475 306 dicitur.
489 279 631 307 Cltorasan
641 280 676 307 ab
687 280 789 308 Ortelio
803 282 922 309 Choras-

137 331 186 349 san
202 323 345 357 scribitur,
373 330 401 352 et
433 325 515 352 Belch
548 330 602 352 tam
633 327 708 358 urbs.
739 335 821 361 quam
851 328 924 361 regio

136 368 287 397 Chorasani
305 371 501 403 vicina,Balcb
529 372 615 399 eidem
642 379 695 405 cst,
726 381 823 402 versus
846 375 925 401 Tata-

136 419 204 446 riam
217 419 331 447 tendens
347 429 447 455 ;quam
464 423 576 450 annales
589 423 672 451 nostri
690 424 804 451 Macltan
817 429 924 455 vocant.

137 465 197 491 urbi
212 466 374 501 regiouique
385 468 525 495 commttni
552 469 662 496 nomine
679 478 686 501 ;
703 469 773 495 haud
791 470 848 496 scio
859 476 923 495 llllm

135 511 230 538 eadem
249 513 358 540 sitcum
380 514 436 547 illa,
452 522 513 548 qua:
526 514 634 542 Macran
647 516 681 542 ab
696 515 800 543 0rlelio
812 515 924 546 dicitur,

135 565 232 585 versus
252 558 342 586 sinum
370 560 522 592 Persicum,
557 565 583 587 et
616 569 692 587 mare
720 561 843 588 llnbrum
861 561 923 588 sila.

137 604 255 631 Tataros
273 605 375 637 scribo,
395 614 448 633 non
464 605 604 640 Tartaros,
625 613 653 634 tu
666 615 681 633 ιι
707 608 779 640 quod
793 608 828 633 ita
859 605 923 632 dicti

136 650 192 687 sint
207 657 222 676 a
238 649 338 678 Tataro
349 651 470 684 ﬂumine,
491 652 572 686 cujus
595 653 695 679 accolae
731 651 852 686 Sumuin
884 650 924 676 vel

137 696 280 730 Sumenin
300 697 440 729 dicttntur,
463 698 516 724 hoc
545 702 588 724 est
619 697 711 733 llogli,
740 699 781 724 vel
811 697 922 731 Mongli,

136 741 265 769 Tatarive
277 742 397 777 aquatici
413 752 420 776 ;
440 747 495 770 tum
509 743 589 770 etiam
611 751 644 771 ex
662 744 827 771 auctoritate
838 743 924 771 Saxo-

137 796 202 815 num
218 792 386 821 nostrorum,
415 788 511 823 eisque
539 781 717 821 vicinorum,
739 790 784 824 qui
806 789 923 816 Tataros

135 834 283 868 appellant,
292 838 319 861 et
331 834 487 862 Cra-corum
501 836 682 870 quorumdam
694 836 838 868 librorum,
853 844 923 870 quos

136 880 339 914 manuscriptos
370 880 478 914 habeo;
503 882 530 908 in
553 882 654 924 quibus
686 887 728 909 est
750 882 853 909 Praetor
879 882 923 909 ille

977 282 1055 309 diues
1073 290 1195 313 vocatos.
1209 291 1258 311 ceu
1284 291 1468 319 cognomento
1477 287 1608 325 quodam,
1625 286 1768 321 autdigni-

978 328 1045 355 tatis
1061 330 1252 364 appellatione.
1270 331 1405 359 Similiter
1432 338 1458 360 et
1473 334 1544 360 alius
1572 338 1655 360 restat
1689 341 1767 361 scm-

977 374 1058 408 pulus
1072 375 1104 401 de
1119 383 1163 408 eo.
1179 377 1250 412 quod
1271 378 1359 410 addit,
1381 379 1465 405 videri
1482 379 1628 413 quemdam
1656 387 1687 406 ex
1705 379 1767 406 Gia-

977 421 1080 448 zadiuis
1092 422 1185 450 liberis
1198 423 1247 450 Ala
1259 424 1340 451 linem
1358 425 1505 458 nominari,
1522 425 1568 459 qui
1597 424 1767 451 Chalcocon-

976 467 1044 502 dyl:c
1063 469 1097 495 sit
1116 468 1291 497 Germianus.
1313 469 1368 498 Nos
1380 470 1411 497 de
1425 470 1501 505 begis
1528 471 1685 497 Germianis
1716 479 1766 497 suo

977 513 1036 539 loco
1049 513 1151 540 dicturi
1170 522 1277 543 sumus.
1294 515 1397 543 Ibidem
1426 516 1562 543 Sirastam
1588 518 1763 551 scripsimus,

975 567 1036 594 qure
1052 562 1131 594 vulgo
1159 561 1248 594 Siras,
1276 563 1354 596 quasi
1391 563 1493 595 Sivast,
1535 563 1600 590 urbs
1627 563 1765 589 Armeniae

976 606 1120 639 (minorem
1142 607 1277 642 intelligo)
1292 610 1442 636 secundum
1458 610 1681 637 constitutionem
1695 609 1765 636 Leo-

975 652 1018 678 nis
1034 652 1150 686 Augusti
1166 653 1200 680 (le
1220 654 1318 680 ordine
1342 655 1517 686 thronorum,
1546 657 1593 690 qui
1624 654 1762 682 Constan-

976 697 1159 732 tinopolitano
1174 699 1336 733 patriarchm
1347 700 1464 734 subjecti
1479 705 1554 733 sunt,
1570 708 1651 735 quam
1664 708 1763 727 manu-

974 743 1104 777 scriplam
1122 744 1266 774 habemus.
1297 745 1326 772 ln
1353 747 1402 773 hac
1433 745 1557 774 Sebastia
1586 751 1712 778 vocatur,
1737 749 1764 772 et

974 788 1127 817 Camachus
1142 790 1166 817 ei
1185 791 1274 817 vicina
1294 791 1435 821 statuitur.
1454 799 1535 826 quam
1549 791 1618 819 idem
1632 791 1686 818 Leo
1697 791 1762 818 facit

973 833 1240 868 archiepiscopatum
1260 835 1317 862 sive
1332 836 1506 869 metropolim
1532 835 1676 862 Armenia;
1707 833 1762 861 lie-

973 879 1052 906 mach
1067 879 1148 906 hodie
1160 881 1328 912 nominatur,
1342 881 1423 908 etiam
1433 881 1560 908 Turcicis
1572 882 1599 907 in
1616 881 1761 908 annalibus

135 925 247 953 Cra-cia
264 930 369 959 noster,
387 930 415 955 et
428 927 588 962 Pulologus,
618 928 664 963 qui
686 928 787 962 ubique
808 928 924 956 Tataros
938 925 960 954 Β
975 933 1106 959 expressa
1123 933 1199 953 voce.
1215 926 1291 960 Apud
1305 926 1456 954 Laonicum
1471 927 1498 953 in
1511 926 1629 961 Bajazite
1653 925 1765 960 La-lape

134 977 243 999 vocant.
260 972 341 1008 5.00
354 974 430 1000 Adde
447 974 634 1001 testimonium
659 974 761 1002 veteris
788 974 922 1009 epigram-

134 1019 225 1049 matis.
244 1024 307 1046 ante
319 1024 455 1047 trecentos
475 1027 563 1047 annos
574 1019 705 1047 Ottocaro
719 1020 775 1054 regi
786 1020 922 1047 Bohemiae

133 1065 214 1098 positi
232 1073 239 1096 ;
256 1066 302 1099 qui
320 1074 334 1092 a
358 1065 505 1100 liudulpho
543 1066 708 1100 imperatore
739 1073 828 1093 caesus
852 1066 922 1093 inter

133 1110 281 1138 auxiliares
298 1111 414 1138 Tataros
428 1112 567 1139 Comauos
582 1114 635 1140 hoc
646 1112 827 1147 epitaphium,
863 1120 923 1139 ver-

133 1157 209 1184 sibus
226 1157 326 1184 !actum
346 1157 485 1187 Lconiuis.
499 1165 548 1192 pro
557 1158 666 1186 illorum
680 1166 755 1186 mere
770 1163 921 1193 temporum

133 1202 238 1233 habuit,
251 1207 399 1236 _rcpertum
413 1204 439 1229 in
453 1203 521 1230 libro
535 1203 680 1230 Annalium
692 1203 918 1235 Austriacorum,

134 1249 332 1281 tuanuscripto.
345 1256 424 1283 quem
451 1249 613 1283 magniﬁcus
635 1250 764 1277 dominus
787 1249 922 1284 Hierony—

134 1303 194 1321 mus
205 1294 274 1321 Beck
290 1304 304 1321 a
319 1294 517 1328 Leopoldsdorf
540 1296 679 1322 utendum'
705 1295 771 1322 mihi
798 1302 846 1329 pro
867 1302 920 1322 sua

133 1342 302 1368 humanitate
315 1343 475 1369 concessit:

168 1400 191 1427 0
205 1408 249 1426 rea:
263 1401 384 1426 Oltomre
401 1400 532 1434 quondam
545 1401 667 1433 pugnasti
683 1401 798 1427 honeste.

167 1434 246 1462 Num:
264 1440 318 1463 uas
334 1437 360 1462 in
375 1437 469 1470 pannis
481 1435 598 1470 depictus
619 1444 678 1462 cum
696 1435 848 1463 Tutcranis.

271 1493 299 1524 4.
319 1491 356 1518 οε
374 1492 437 1518 urbe
454 1491 568 1527 Bagdal,
580 1492 634 1519 sive
644 1492 778 1526 Bagatlat.

166 1549 265 1576 Urbem
279 1548 438 1584 Bagadatitn
452 1549 544 1584 accipe
563 1550 596 1576 de
607 1549 740 1576 hodierna
776 1549 918 1581 Babylone

974 971 1077 998 lamaca
1093 971 1190 999 vitiose
1205 972 1315 1007 legitur.
1332 973 1397 1000 Vide
1411 977 1503 1000 notata
1524 973 1652 1007 deinceps
1667 973 1756 1003 capite

972 1017 1035 1044 204.
1058 1017 1147 1044 Libuit
1165 1023 1255 1044 autem
1270 1019 1329 1046 haec
1345 1027 1406 1045 eam
1434 1019 1468 1045 ob
1481 1027 1592 1046 causam
1625 1019 1758 1050 indicare,

973 1062 1044 1094 quod
1066 1062 1186 1090 Ortelitts
1201 1063 1301 1095 varias,
1316 1067 1419 1091 etlnter
1432 1073 1460 1091 se
1473 1065 1642 1091 dissidentes
1656 1064 1762 1098 opinio--

973 1116 1021 1135 nes
1036 1109 1069 1136 tle
1085 1109 1209 1137 Sebastia
1230 1110 1352 1144 proferat
1369 1110 1451 1137 :aliis
1468 1118 1528 1140 eam
1547 1118 1600 1137 non
1619 1111 1713 1145 procul
1725 1111 1759 1137 ab

972 1155 1110 1189 Euphrate
1123 1155 1317 1188 statuentibus,
1333 1156 1394 1182 aliis
1421 1156 1577 1183 inCilicia:
1606 1164 1668 1182 cum
1700 1157 1754 1182 Ar—

973 1201 1067 1227 menia:
1084 1201 1119 1227 sit
1135 1201 1191 1232 illa,
1204 1208 1264 1236 qurc
1278 1201 1370 1238 Sivas_
1385 1202 1551 1236 appellatur,
1568 1201 1666 1228 Turcis
1682 1200 1759 1228 Siras

971 1245 1095 1278 scheher,
1109 1247 1162 1273 hoc
1177 1252 1218 1274 est
1234 1247 1284 1274 ubs
1302 1247 1420 1274 Sit-aste.

971 1304 997 1330 6.
1010 1303 1135 1339 Erzinga,
1148 1303 1277 1332 Romauia
1287 1305 1416 1338 Asiatica,
1427 1306 1544 1340 Amasin,
1556 1307 1653 1340 C/mlrp
1662 1307 1757 1341 Syria’.

1007 1362 1144 1397 Ertzinga,
1165 1363 1244 1396 cujus
1257 1363 1301 1390 hic
1318 1364 1421 1390 tneutio
1439 1364 1482 1395 lit,
1499 1368 1527 1391 et
1543 1372 1604 1398 quze
1620 1363 1753 1390 Erzinzau

970 1416 1080 1443 quoque
1091 1409 1232 1440 scribitur,
1247 1410 1312 1437 urbs
1324 1415 1365 1437 est
1380 1410 1525 1440 Armeniae.
1544 1410 1624 1443 cujus
1650 1418 1751 1437 nomen

971 1455 996 1480 in
1013 1455 1086 1482 edito
1098 1455 1218 1482 Laonico
1231 1456 1338 1483 diverse
1365 1456 1474 1491 legitur,
1505 1461 1533 1484 et
1563 1457 1597 1484 ad
1633 1457 1753 1483 vicinam

969 1501 1105 1527 Armenia),
1118 1501 1319 1535 Cappadociam
1345 1502 1474 1533 refertur,
1505 1503 1585 1529 modo
1613 1503 1756 1537 Artzinga,

971 1546 1054 1573 modo
1066 1547 1239 1582 Artzinganis
1259 1548 1334 1574 urbs.
1365 1548 1511 1583 Arzingam
1542 1553 1622 1575 vocat
1653 1549 1757 1583 Aytho-

130 1600 243 1631 propter
253 1596 351 1631 prisca:
362 1596 512 1631 Babylonis
523 1596 618 1623 ruinas
635 1603 648 1622 a
662 1595 779 1623 sultanis
801 1595 917 1630 cdliphis
930 1600 952 1631 ο
970 1601 1032 1620 nus.
1047 1593 1193 1628 Reperitur
1221 1594 1293 1628 apud
1321 1594 1472 1622 Laonicum
1501 1599 1527 1621 et
1542 1595 1660 1625 Ertzica,
1684 1595 1757 1622 sicut

129 1646 281 1670 exstructa.
295 1642 407 1669 Zonaras
421 1642 525 1677 Bagdas
549 1649 649 1676 genere
663 1642 787 1669 masculo
804 1642 914 1668 dicitur.

129 1687 267 1715 Launicus
284 1687 423 1722 Pogdatim
444 1691 536 1720 vocat,
547 1691 574 1714 et
588 1687 765 1721 Pogdatinam
795 1687 835 1714 vel
850 1686 918 1721 Pag-

130 1733 250 1760 datinam
279 1733 443 1767 Babylonem
464 1733 558 1767 :apud
589 1741 671 1768 quem
701 1737 763 1760 nota
791 1738 918 1767 corrupto

130 1779 262 1814 scriptum
280 1779 331 1806 hoc
346 1779 473 1806 ultimum
503 1779 530 1805 in
545 1778 648 1806 Latinis
674 1778 767 1810 editis,
792 1778 918 1811 Padagti-

129 1833 193 1852 nam
210 1825 539 1860 BahylonemJ’etrarcha
555 1825 612 1852 suis
630 1825 656 1851 in
680 1824 850 1859 poematibus
865 1824 918 1850 lla-

130 1871 189 1898 licis
206 1871 366 1898 Baldaccum
383 1871 518 1898 nominat.

187 1928 216 1956 5.
228 1928 266 1954 De
282 1928 408 1959 Aloi/ine.
424 1928 544 1962 Selgure,
564 1927 755 1963 Tangrolipice,
771 1927 860 1955 Siras.

164 1985 288 2011 Aladinis
299 1985 377 2019 origo
389 1993 402 2010 a
412 1984 509 2011 Turcis
519 1983 635 2011 refertur
650 1984 683 2011 ad
699 1982 854 2018 Selgucem.
867 1983 914 2017 qui

127 2031 262 2058 Guliehno
278 2030 373 2066 Tyrio.
393 2030 510 2057 fortasse
524 2030 627 2057 librarii
643 2031 723 2064 culpa
737 2030 843 2062 vitiose,
855 2030 916 2056 ενι.

127 2078 198 2104 duch
218 2076 329 2103 du:itur.
342 2076 420 2104 llunc
437 2075 613 2109 Reineccius,
625 2077 667 2103 vir
685 2076 872 2106 doctissimus.
888 2082 915 2103 et

126 2121 354 2155 diligentissimus
368 2122 393 2147 in
403 2113 574 2154 explicandis
587 2121 755 2155 genealogiis
765 2121 913 2153 historicis,

128 2169 204 2200 putat
219 2165 345 2192 eumdem
375 2173 436 2192 esse
453 2173 515 2192 cum
535 2164 727 2200 Tangrolipice
747 2165 913 2201 (Tragolipix

127 2218 180 2237 non
202 2215 275 2237 recte
284 2211 425 2245 scribitur)
440 2211 787 2238 Gra‘carumhistoriarum
806 2220 813 2238 :
840 2213 912 2246 quod

125 2263 192 2282 Vero
208 2263 261 2282 non
277 2255 413 2287 absimile,
428 2264 489 2282 cum
505 2255 683 2290 Tangt‘olipix
699 2261 911 2290 cognomentum

126 2300 264 2334 quoddam
276 2308 338 2327 esse
365 2300 501 2332 videatur,
515 2307 529 2326 a
549 2299 651 2335 Tungri
668 2300 825 2332 deductum,
839 2301 911 2334 quod

126 2347 224 2373 Turcis
245 2346 328 2373 Deum
345 2347 496 2380 signiticet,
509 2346 616 2380 adjecta
644 2354 721 2379 voce,
737 2354 819 2381 quam
836 2347 915 2382 equi-

125 2393 186 2419 dem
199 2392 323 2420 divinare
344 2399 396 2419 non
413 2399 536 2425 possum.
554 2391 658 2419 Fratris
687 2392 748 2427 ejus
777 2392 849 2420 titius
886 2393 914 2419 in

125 2439 242 2467 Cedrino
263 2445 323 2465 meo
338 2439 535 2472 manuscripto,
554 2446 609 2472 quo
624 2438 684 2471 ejus
708 2439 831 2466 auctoris
858 2446 912 2465 non

125 2484 200 2510 edita
214 2483 366 2517 fragmenta
380 2488 511 2517 quatuor,
521 2491 582 2510 cum
599 2484 703 2518 aliquot.
715 2483 912 2518 imperatorum

126 2530 189 2556 vitis
202 2530 334 2556 hactenus
349 2529 513 2566 desideratis
539 2530 726 2560 continentur,
762 2536 816 2556 nun
844 2529 913 2555 Cut-

126 2575 227 2606 tumus,
244 2575 291 2602 sed
306 2575 484 2603 Cutlumuses
508 2581 622 2602 vocatur
644 2584 652 2602 :
673 2575 745 2610 quod
775 2575 914 2610 signiticat

127 2619 241 2650 Musem,
254 2620 310 2647 sive
330 2620 431 2648 Mosem
447 2621 614 2647 fortunatum
631 2628 663 2647 ac
678 2620 797 2647 felicem.
815 2621 911 2647 Aladin

126 2666 166 2692 γει
180 2666 274 2693 Aledin
289 2666 428 2700 signiticat
449 2667 584 2694 divinum.
598 2658 759 2694 lteincccius
774 2667 914 2695 existimat

124 2719 187 2739 esse
199 2719 345 2740 commune
357 2720 459 2740 nomen
471 2713 600 2740 omnibus
614 2713 721 2740 ’l‘urcim
735 2713 776 2740 vel
789 2713 913 2741 lconien-

125 2758 203 2784 stltus
217 2758 344 2790 sultauis,
359 2767 408 2786 cett
441 2763 666 2793 cognomentum,
695 2759 736 2785 vel
770 2759 912 2794 dignitatis

123 2804 346 2838 appellationem,
366 2805 437 2839 quod
450 2805 575 2839 equidem
592 2805 708 2839 probare
725 2812 778 2831 non
799 2812 911 2839 possum

125 2849 240 2883 perinde
251 2857 285 2876 ac
310 2850 402 2878 dicere
424 2859 479 2878 non
506 2858 621 2886 possum
649 2855 805 2886 propterea,
833 2852 909 2886 quod

124 2894 218 2929 plures
233 2894 305 2923 inter
316 2895 491 2930 Osmanidas,
510 2898 582 2925 velut
596 2904 610 2924 c
639 2897 793 2933 genealogia
826 2901 909 2933 patet,

971 1639 1042 1673 apml
1056 1638 1174 1666 Leonem
1190 1640 1342 1674 Augustum
1360 1640 1386 1666 io
1416 1640 1510 1666 eadem
1524 1639 1651 1666 Armenia
1678 1640 1757 1674 poni-

973 1690 1016 1712 tur
1030 1685 1148 1718 Artzice,
1180 1687 1231 1713 sub
1247 1687 1393 1721 metropolt
1425 1686 1560 1714 Keltzina.
1593 1686 1755 1714 Romaniam

970 1738 1044 1759 vero.
1061 1739 1112 1758 non
1127 1739 1175 1766 pro
1190 1732 1323 1767 Europam
1334 1732 1449 1765 Gracia,
1466 1733 1493 1759 in
1508 1733 1560 1760 hoc
1572 1733 1680 1766 quidem
1695 1732 1756 1759 loro

970 1777 1099 1811 accipies,
1130 1777 1177 1804 sed
1192 1785 1241 1812 pro
1254 1777 1443 1805 Romanorum
1461 1778 1514 1813 (sic
1530 1779 1618 1806 Graeci
1637 1787 1666 1805 se
1678 1778 1754 1805 vole-
1795 1795 1798 1798 η

970 1824 1034 1850 baut
1051 1823 1154 1858 vocari)
1181 1823 1329 1857 provinciis
1354 1823 1495 1855 Asiaticis.
1525 1831 1578 1859 qua
1605 1825 1685 1851 etiam
1713 1831 1756 1851 re-

969 1869 1106 1896 centiores
1121 1869 1246 1896 historici
1261 1868 1347 1896 Graeci
1362 1869 1503 1897 Romaniut
1515 1869 1648 1896 vocabulo
1677 1877 1754 1896 com-

970 1916 1038 1949 plexi
1057 1920 1131 1942 sunt.
1160 1916 1270 1943 Amasia
1293 1923 1389 1944 nomen
1408 1915 1543 1950 hodieque
1562 1916 1670 1947 retinet,
1689 1915 1754 1943 urbs

968 1961 1148 1997 Cappadocia:
1168 1971 1175 1989 :
1197 1962 1259 1989 licet
1275 1963 1301 1989 in
1317 1963 1515 1989 constitutione
1531 1962 1630 1989 Leonis
1666 1961 1752 1996 impe-

970 2006 1080 2038 ratoris,
1098 2014 1179 2038 quam
1195 2007 1326 2039 diximus,
1341 2007 1373 2034 ad
1388 2007 1566 2041 Helenoponti
1581 2007 1749 2041 provinciam

968 2053 1001 2079 de
1017 2059 1070 2086 qua
1097 2053 1123 2079 in
1149 2052 1297 2090 Justiniani
1329 2053 1443 2087 Augusti
1482 2053 1596 2080 novellis
1624 2053 1754 2087 pleraque

968 2098 1117 2124 Constituta
1133 2098 1269 2132 legunturI
1286 2098 1361 2125 velut
1375 2099 1433 2133 ejus
1466 2099 1625 2132 metropolis
1649 2098 1753 2125 refera-

969 2149 1022 2176 tur,
1035 2145 1085 2171 sub
1100 2152 1152 2179 qua
1168 2150 1266 2179 praeter
1278 2145 1539 2179 aliosepiscopatus,
1553 2144 1634 2172 etiam
1650 2145 1751 2179 Sinope

967 2195 1134 2219 recensctur.
1149 2191 1296 2226 Chalepum
1306 2191 1389 2227 Syria:
1397 2191 1568 2218 notissimam
1586 2198 1658 2217 nunc
1672 2191 1753 2216 etiam

968 2237 1074 2268 urbem,
1091 2242 1117 2263 et
1132 2236 1252 2264 Orientis
1270 2237 1425 2271 emporium
1443 2236 1664 2268 celeberrimum,
1681 2236 1751 2262 male

929 2279 953 2307 ι)
966 2283 1192 2318 Chalcocondylis
1209 2284 1344 2318 interpres
1364 2291 1426 2310 cum
1441 2283 1568 2310 Geufrzeo
1597 2283 1662 2310 facit
1687 2282 1753 2316 Epi-

967 2328 1106 2362 phaniam,
1125 2328 1264 2356 Bellonius
1278 2329 1454 2363 Hierapolim;
1488 2329 1633 2355 Seidlizius
1660 2328 1753 2354 Antio-

965 2375 1054 2402 chiam
1082 2382 1207 2408 magnam
1237 2373 1264 2400 itt
1297 2373 1463 2408 Comagena,
1488 2374 1573 2407 magis
1602 2372 1749 2407 imperite:

965 2428 1026 2448 cmn
1047 2419 1178 2450 Zonaras,
1191 2419 1338 2452 Cedriuus,
1355 2419 1474 2452 Nicetas,
1502 2426 1632 2453 expresse
1647 2418 1749 2452 Chalcp

964 2465 1064 2492 dictant
1079 2464 1143 2491 olim
1173 2464 1278 2490 tradant
1295 2463 1465 2490 Berrhoeam.
1488 2462 1587 2496 llalepo
1598 2462 1654 2496 jam
1669 2461 1750 2495 vulgo

964 2510 1077 2537 dicitur.
1093 2509 1217 2536 Ridicula
1230 2508 1345 2536 Geul'raai
1359 2507 1444 2538 notio.
1457 2507 1503 2542 qui
1518 2507 1603 2541 Aleph
1622 2506 1681 2533 vult
1706 2506 1750 2533 ιΙί-

964 2559 1089 2587 (ιιαιηνει
1106 2563 1121 2582 a
1139 2555 1225 2590 prima
1249 2554 1425 2582 Ilebraorum
1441 2554 1531 2581 littera
1547 2553 1664 2585 derivat,
1678 2552 1750 2587 quod

964 2595 1150 2636 primaSVriae
1172 2601 1269 2629 civitas
1284 2601 1341 2634 sit,
1357 2609 1420 2628 cum
1447 2599 1582 2635 hodieque
1605 2599 1754 2626 Damascus

963 2655 1023 2675 eam
1039 2648 1120 2682 longe
1136 2652 1255 2681 superet.

1078 2704 1104 2730 7.
1127 2703 1246 2738 Mapaliu
1263 2703 1408 2730 Turcorum
1421 2709 1446 2730 et
1463 2703 1637 2737 Tatarorum.

999 2762 1065 2796 Quae
1076 2762 1109 2789 de
1127 2761 1279 2796 mapalibus
1303 2760 1439 2788 Ertuculis
1470 2761 1608 2792 dicuntur,
1636 2759 1750 2793 intelligi

965 2808 1109 2837 commode
1125 2811 1253 2842 poterunt.
1278 2815 1312 2844 ear
1335 2807 1410 2835 hisce
1435 2806 1519 2834 Marci
1544 2805 1619 2833 Pauli
1653 2805 1750 2832 Veneti

965 2855 1068 2892 verbis.
1089 2855 1217 2882 aediculas
1238 2854 1414 2885 Tatarorum,
1438 2854 1497 2880 siVe
1515 2852 1629 2888 mapalia
1660 2851 1750 2885 potius

964 2901 1154 2936 describentis,
1172 2901 1292 2936 antiquis
1323 2901 1398 2928 hisce
1428 2899 1552 2927 Turcicis
1584 2897 1748 2926 simillima:
