1963 3067
207 191 254 222 731

209 244 401 274 homunculus.
418 243 515 276 inquit,
531 243 628 270 habent
657 244 682 270 iu
699 245 808 271 modum
826 245 986 271 tabernacu-
1004 246 1024 272 A
1040 242 1115 268 nitidi
1133 251 1140 269 :

207 291 304 320 lorum,
322 287 399 324 ἀοι
415 290 486 316 ti‘itro
505 294 656 322 coopertus,
671 294 739 324 quas
753 298 845 317 secum
865 289 991 317 deferunt

207 343 368 369 quocunque
389 335 513 368 migrant.
532 332 671 363 Laonicus
688 336 806 362 tentoria
834 336 932 369 pHr-ata
951 335 991 362 di-

207 386 270 406 cere
284 379 400 409 videtur,
411 379 510 413 quibus
522 384 636 406 utantur
651 385 773 413 pastores
792 380 862 415 apud
875 379 989 407 Turcns.

225 434 250 461 8.
273 433 398 460 Romam}:
412 434 519 467 duplex,
539 434 671 467 Analolia,
691 434 821 468 Rumeliu,
836 435 963 464 Rumiler.

239 489 307 516 Cum
328 489 458 517 Aladiues
475 498 624 524 occupasse
637 491 793 525 complures
820 492 846 519 in
856 493 989 519 Romania

206 535 362 570 provincias
378 542 515 568 narratur,
528 537 622 571 accipe
650 537 809 564 Romaniam
838 538 988 565 Asiatieam

206 580 247 607 vel
259 580 426 610 Auatolicam
438 599 445 612 ,
465 581 608 614 Romanis,
634 582 687 609 hoc
698 587 751 614 est,
761 583 863 610 Graecis
873 584 987 617 impera-

206 626 309 652 toribus
321 631 384 653 ante
402 627 447 654 illa
464 632 586 661 tempora
609 627 757 660 subiectam
774 649 780 660 ,
811 629 988 663 quemadmo-

205 671 268 698 dum
284 672 365 704 paulo
383 676 446 699 ante
461 673 630 700 notavimus.
653 673 720 700 Nam
734 673 835 709 alioqui
863 680 957 701 notum
973 682 986 700 a

205 717 302 744 Turcis
312 718 476 750 Anatoliam,
489 727 542 754 qua
556 719 646 746 minor
659 720 721 746 Asia
735 720 986 754 comprehenditur,

205 770 220 789 a
234 762 358 790 Rumelia
371 764 516 797 distingui,
553 769 581 792 et
600 765 764 796 Rumeliam.
779 767 833 794 sive
849 761 919 793 Itum
949 767 988 794 vi—

206 807 285 842 laget,
304 809 411 843 proprie
428 809 620 836 diciGrzeciam
634 810 803 845 Ettrnpatam,
817 812 858 838 vel
875 812 985 839 verbum

205 853 288 879 verbo
302 854 325 880 si
346 854 456 886 reddas.
476 855 586 882 Graecia:
612 855 749 890 regionem
766 864 847 883 :cum
869 857 984 884 Graecia

205 897 302 926 Turcis
316 900 454 934 eleganter
465 901 653 935 loquentibus,
666 902 791 929 Itumiler
806 903 847 930 vel
865 902 986 930 Rumilat‘
1003 909 1022 936 Β

205 944 386 978 appellentur.
404 944 543 974 Uritmilar
569 955 583 974 a
598 949 687 982 vulgo.
705 946 807 975 [tumes
835 947 938 975 Garzire
953 949 986 975 ab

205 988 281 1022 Orta,
297 991 376 1026 cujus
388 991 486 1026 iuterp.
499 993 566 1020 clar.
580 997 606 1019 et
621 997 678 1027 opt.
692 993 762 1024 viro,
781 993 883 1020 Karulo
894 995 987 1021 Clusio

205 1041 299 1064 nostro
315 1037 458 1068 debemus.
476 1039 598 1066 Thraces
615 1045 695 1071 sunt,
723 1039 787 1066 dum
804 1045 907 1074 partem
937 1048 986 1074 pro

204 1084 265 1107 toto
281 1082 376 1109 sumit.
398 1083 504 1117 Quippe
517 1083 643 1111 universa
660 1083 792 1118 Europaaa
807 1084 923 1116 Graecia,
936 1092 985 1112 ceu

204 1127 332 1159 diximus,
347 1125 629 1157 Romania‘vocatur:
646 1130 726 1164 cujus
737 1135 765 1158 et
794 1134 888 1166 partes
913 1130 985 1164 duae,

205 1172 319 1200 Thracia
335 1174 449 1206 scilicet,
465 1175 622 1210 Argivaque
641 1176 727 1211 regio,
742 1176 822 1211 cujus
845 1177 910 1203 urbs
924 1184 984 1203 mu-

204 1217 337 1245 nitissima
357 1218 451 1253 Napoli
471 1219 496 1246 di
512 1219 644 1248 Romania
657 1221 768 1254 dicitur,
781 1217 920 1248 Romaniut
938 1229 986 1248 uo-

203 1269 264 1288 tncu
280 1264 413 1291 obtinent.

203 1318 230 1346 9.
254 1319 401 1353 Tanrhari,
425 1318 551 1357 Tuugon‘,
573 1321 703 1350 Tunc/tari
719 1320 877 1350 Tatarorum
902 1317 984 1350 natio.

238 1377 340 1404 Nomen
358 1377 487 1410 nationis,
517 1385 578 1412 quze
613 1378 711 1405 bellum
745 1378 850 1405 Aladini
882 1378 985 1411 fecerit,

203 1423 324 1450 Annales
340 1423 366 1449 hi
383 1431 437 1450 non
452 1423 611 1457 exprimunt
626 1433 632 1450 :
645 1423 690 1450 sed
703 1432 736 1451 rx
747 1423 864 1452 Prmtore
876 1424 987 1452 Graeciae

203 1473 298 1494 uestro
323 1474 411 1502 paret,
436 1468 553 1496 sultanis
562 1468 749 1497 Iconicnsibus
762 1475 889 1504 perpetua
902 1468 986 1498 fuisse

202 1520 266 1540 cum
298 1513 331 1541 iis
361 1513 468 1542 Tataris
480 1513 558 1548 bella,
573 1523 642 1549 quos
658 1516 716 1550 ipse
725 1513 884 1544 Tancharos
897 1522 985 1550 vocat,

816 188 976 218 JtJANNIS
995 187 1227 218 LEUNCLAVJ

1777 183 1829 213 ΤΞ

1158 241 1263 271 Kcin:
1277 242 1305 268 δὲ
1324 242 1426 273 πόλεις,
1445 242 1510 274 μίαν
1536 241 1565 266 ὲν
1586 239 1623 273 τῷ
1651 239 1752 273 {Plx-up,
1780 241 1828 266 καὶ

1043 289 1128 322 ἄλλην
1144 289 1172 314 ὲν
1185 289 1218 322 τῇ
1243 288 1370 323 Ἄραψι,
1388 288 1436 313 καὶ
1452 287 1548 318 ἑτέραν
1562 288 1590 313 ἐν
1607 287 1694 320 Συρίᾳ
1706 294 1827 313 καταπε-

1044 333 1143 360 σοῦσαν
1161 333 1214 359 ὑπὸ
1228 333 1387 367 θεομηνῑας,
1409 332 1520 368 ὀνόματι
1537 332 1706 368 Σαλαμῖνην,
1721 334 1826 367 ἆνεγεὶ-

1043 386 1108 413 ρας·
1125 379 1237 404 ἐκάλεσε
1250 378 1298 413 τὴν
1312 379 1370 413 μὲν,
1388 379 1541 414 Ἄγκυραν,
1558 378 1602 405 διὰ
1622 378 1652 404 τὸ
1673 378 1761 412 μέσην
1776 378 1826 404 αὖ·

1041 424 1090 458 τὴν
1106 421 1176 450 εἶναι
1193 425 1248 450 τῶν
1262 425 1309 451 δύο
1330 424 1483 456 θαλασσῶν,
1500 424 1550 458 τῆς
1566 432 1596 450 τε
1611 423 1749 456 Ποντικῆς
1777 424 1824 450 καὶ

1039 469 1090 503 τῆς
1107 469 1235 503 Ἀσιανῆς
1248 477 1255 485 ·
1272 469 1322 505 τὴν
1335 469 1374 501 δὲ,
1388 470 1520 504 Βόστραν,
1540 469 1579 499 εἰς
1594 469 1678 502 ὄνομα
1694 468 1747 494 τῶν
1764 469 1825 494 sub

1041 522 1136 546 σαντος
1152 515 1236 549 αὐτὴν
1249 515 1402 550 στρατηγοῦ
1417 515 1548 547 Βόστρου·
1570 515 1620 548 τὴν
1642 515 1670 541 δὲ
1707 514 1823 547 μετωνό-

1042 568 1114 594 pacis
1126 560 1276 587 Διόσπολιν.
1290 560 1412 593 Quorum
1429 560 1472 588 hic
1487 567 1587 587 sensus
1598 563 1659 587 est:
1675 559 1743 586 Cum
1759 566 1824 586 con-

1039 605 1154 632 didisset
1170 609 1306 640 Augustus
1323 606 1414 637 urbes,
1439 612 1519 632 unam
1535 606 1562 632 in
1579 605 1679 637 Ponto,
1708 604 1821 631 alteram

1039 652 1065 678 in
1084 651 1195 684 Arabia,
1215 652 1323 679 tertiam
1355 652 1382 678 in
1413 651 1490 687 Syria
1522 651 1620 686 Cypro,
1648 651 1672 677 vi
1700 650 1823 678 numinis

1038 697 1100 724 irati
1118 697 1280 731 collapsam,
1298 697 1410 724 nomine
1437 696 1606 728 Salamiuen,
1634 695 1798 723 restituisset
1813 715 1820 727 ,

1038 742 1307 777 primnmnppellavit
1330 745 1477 777 Ancyram,
1508 743 1559 769 hoc
1575 746 1618 769 est
1659 741 1818 771 anchoram,

1037 791 1180 822 propterea
1196 789 1268 822 quod
1285 794 1358 816 esset
1368 788 1458 815 medio
1470 787 1522 815 sita
1534 788 1595 814 loco
1609 788 1679 814 inter
1690 787 1745 814 duo
1760 794 1820 813 ma-

1038 834 1089 865 ria.
1103 833 1246 861 Ponticum
1262 838 1289 860 et
1316 834 1468 861 Asianum:
1497 833 1612 860 alteram
1640 832 1776 863 Bostram.
1803 839 1818 859 a

1036 888 1051 906 a
1077 884 1191 914 praetore
1220 880 1316 907 Bostro
1350 887 1432 915 quem
1458 884 1608 908 structurae
1638 879 1818 914 prafecerat:

1037 926 1122 953 tertia:
1137 933 1234 953 nomen
1252 927 1279 953 in
1297 926 1447 961 Diospolim
1481 926 1611 953 mutavit.
1637 925 1818 959 Busbequius,

1036 973 1078 999 vir
1091 971 1215 1003 illustris,
1233 972 1261 998 lu
1276 971 1423 999 Itiuerario
1440 972 1575 1003 meminit.
1591 972 1661 999 hanc
1673 971 1769 998 urbem
1785 971 1820 998 ab

1035 1016 1107 1044 Asiae
1119 1017 1315 1044 communitate
1323 1018 1365 1052 (τὸ
1373 1017 1461 1043 κοινὸν
1473 1017 1522 1051 τῆς
1541 1016 1633 1048 Ἀσίας
1642 1016 1736 1043 dixere
1746 1016 1820 1043 (ἐι-ω-

1036 1063 1072 1096 εἰ)
1092 1063 1214 1097 Augusto
1230 1062 1316 1090 fuisse
1332 1062 1461 1090 dicatam.
1477 1062 1573 1090 Merito
1599 1062 1708 1097 quidem
1722 1061 1748 1088 id
1781 1061 1819 1088 l'a-

1037 1113 1120 1140 ctum,
1136 1108 1158 1134 si
1180 1107 1221 1134 vel
1232 1107 1370 1140 conditor,
1400 1107 1442 1134 vel
1472 1106 1642 1135 instaurator
1670 1107 1731 1140 ejus
1758 1112 1819 1137 erat

1036 1153 1186 1186 Augustus.
1199 1152 1317 1187 Ideoque
1334 1160 1387 1180 non
1403 1153 1453 1180 abs
1465 1160 1496 1180 re
1510 1153 1598 1180 voluit
1621 1152 1692 1178 idem
1721 1152 1814 1186 Augu-

1036 1204 1095 1226 stus
1114 1204 1204 1226 rerum
1223 1199 1272 1226 abs
1285 1205 1314 1226 se
1346 1203 1496 1233 gestarum,
1523 1205 1592 1233 quas
1619 1198 1703 1225 incidi
1725 1197 1818 1224 Romae

1037 1246 1148 1273 duabus
1166 1245 1193 1272 in
1211 1246 1326 1274 abeneis
1341 1246 1404 1281 pilis
1417 1246 1548 1279 iusserat,
1559 1245 1698 1279 excit-plar
1708 1244 1752 1271 hic
1771 1251 1820 1271 ex-

1036 1295 1119 1318 stare.
1149 1291 1363 1326 Couspieiuntur
1395 1295 1488 1318 autem
1516 1290 1710 1326 qualesquales
1738 1289 1818 1322 hujus

1037 1337 1158 1371 reliquize
1174 1336 1337 1364 marmoreis
1354 1336 1499 1369 insculpta).
1531 1337 1683 1371 parietibus
1711 1334 1817 1362 aediﬁcii

1036 1383 1148 1414 veteris,
1170 1382 1242 1417 quod
1259 1382 1344 1410 eadem
1359 1382 1494 1417 Apollinis
1505 1382 1588 1409 fuisse
1609 1386 1704 1416 putant
1718 1380 1816 1414 aliqui,

1037 1427 1210 1460 Busbequius
1224 1428 1394 1462 praetorium.
1407 1427 1434 1454 Id
1450 1434 1514 1455 vero
1532 1432 1586 1454 tam
1602 1427 1707 1462 insigne
1721 1433 1819 1453 monu-

1037 1479 1158 1501 mentum
1175 1473 1347 1508 autiquitatis
1359 1472 1502 1505 Romame,
1530 1474 1594 1508 quia
1616 1473 1701 1500 lector
1725 1473 1820 1500 existi~

1037 1527 1113 1547 mare
1126 1519 1205 1547 facile
1222 1523 1321 1554 potest.
1334 1527 1349 1546 a
1364 1513 1398 1546 34
1415 1523 1441 1546 et
1455 1519 1570 1554 amplius
1579 1519 1657 1546 annis
1672 1519 1819 1546 admodum

203 1559 342 1594 Aythnnus
370 1559 519 1594 Tangoros.
533 1558 590 1588 Non
606 1561 677 1588 enim
692 1558 798 1595 Tanzot
812 1562 883 1596 apud
914 1561 986 1590 hunc
999 1576 1021 1605 ο
1038 1573 1099 1593 esse
1116 1561 1309 1597 deformatum,
1322 1568 1349 1592 et
1367 1565 1401 1592 ab
1416 1563 1524 1593 infestis
1541 1565 1614 1592 omni
1639 1564 1740 1592 Graecae
1765 1564 1820 1592 Ro-

203 1605 390 1637 scribendum.
404 1607 452 1634 sed
476 1606 597 1641 Tangor.
622 1606 717 1634 Itidem
743 1607 848 1636 Ortelio
878 1609 985 1643 'I‘angut

202 1651 277 1685 regio
294 1656 418 1685 vocatur,
431 1660 493 1687 qua:
506 1653 607 1680 rectius
623 1650 745 1689 Tangur.
773 1654 849 1689 Apud
877 1653 984 1690 Pachy—

203 1698 333 1729 Ineritttu,
345 1702 371 1724 et
381 1697 450 1725 alios
461 1694 582 1731 Graecos,
607 1694 736 1732 Tochari,
750 1697 871 1728 detracta
895 1701 985 1729 littera

201 1751 229 1776 γ,
247 1742 391 1777 leguntur:
408 1742 454 1778 qui
480 1745 574 1772 verius
599 1744 810 1780 appellabuntur
835 1743 983 1775 Touchari.

201 1800 246 1828 10.
259 1800 322 1830 Urbs
332 1800 444 1836 Euguri,
455 1802 774 1839 Aucgra.Mouumetuum
785 1810 856 1833 velut
868 1806 984 1841 Aitcyra-

552 1846 625 1866 num.

236 1883 365 1917 Eugurim
380 1885 463 1912 Turci
477 1892 576 1913 vocant
602 1887 697 1914 urbem
719 1886 845 1915 Asiaticae
857 1886 982 1922 Galatiae,

199 1937 261 1965 quae
277 1930 351 1958 dicta
380 1932 479 1966 priscis
506 1931 557 1959 fuit
585 1934 704 1967 Ancyra,
718 1937 746 1961 et
760 1932 982 1970 LeoniAugusto

199 1982 296 2009 quarta
310 1977 471 2005 thronorum
503 1978 530 2005 in
547 1978 644 2006 ordine
669 1981 829 2015 metropolis
861 1985 905 2009 est
930 1981 982 2009 sub

199 2021 356 2054 patriarcha
369 2021 674 2057 Constantinopolitano
689 2033 696 2052 :
711 2025 781 2053 satis
811 2025 877 2053 olim
911 2026 982 2054 cele-

200 2065 257 2093 btis
269 2066 349 2093 etiam
365 2065 401 2093 ob
415 2067 652 2108 _antiquissimam
689 2068 906 2096 Christianorum
936 2077 982 2105 sy-

199 2110 311 2142 nodum,
327 2118 387 2146 quae
398 2111 461 2138 istic
479 2112 569 2138 habita
586 2112 646 2144 fuit,
661 2117 687 2140 et
718 2113 798 2148 cujus
809 2119 870 2141 acta
885 2114 981 2142 decre-

198 2160 280 2188 taque
293 2157 370 2190 plena
397 2156 507 2190 pietatis
526 2161 648 2184 exstant.
681 2156 766 2186 Ilodie
793 2167 892 2195 magna
923 2161 981 2188 illic

197 2201 276 2236 copia
299 2202 435 2237 cymatilis
468 2202 511 2230 vel
540 2203 663 2230 undulati
687 2205 770 2238 panni
802 2205 978 2238 (camelotum

1036 1619 1177 1646 menteque
1194 1611 1336 1646 elegantiae
1351 1609 1478 1638 Barbarie
1492 1607 1616 1645 Quotidie
1630 1610 1716 1645 magis
1735 1612 1818 1638 etiam

1036 1656 1149 1683 lacerari
1167 1663 1197 1683 ac
1210 1655 1280 1683 dirui
1296 1663 1304 1682 :
1319 1654 1406 1689 placet
1418 1656 1511 1682 eorum
1524 1661 1620 1685 causa.
1638 1655 1684 1689 qui
1697 1655 1817 1690 antiqui-

1035 1706 1120 1729 tatum
1139 1707 1203 1729 vere
1222 1700 1313 1736 magni
1344 1698 1570 1728 estimandarum
1601 1700 1715 1728 studiosi
1742 1707 1819 1733 sunt,

1034 1749 1073 1777 sie
1089 1755 1247 1784 expressum
1265 1748 1315 1774 hoc
1328 1747 1389 1774 loco
1401 1746 1537 1780 subjicere
1553 1754 1560 1774 :
1587 1747 1818 1781 quemadmodum

1034 1795 1060 1822 id
1077 1793 1209 1828 temporis
1225 1793 1329 1828 legatus
1343 1791 1463 1820 Cmsaris
1487 1791 1664 1826 Ferdinandi,
1694 1793 1820 1821 maximae

1033 1841 1074 1869 vir
1082 1839 1221 1875 dignitatis
1230 1838 1365 1868 Antonius
1374 1838 1530 1870 VerantiUS,
1543 1839 1688 1874 episcopus
1702 1837 1818 1874 Agrien-

1033 1888 1083 1919 sis,
1100 1894 1147 1921 per
1156 1894 1220 1914 suos
1233 1886 1381 1913 transcribi
1410 1886 1533 1914 curavit.
1549 1886 1653 1913 Mecum
1670 1890 1735 1913 vero
1745 1893 1821 1913 com-

1034 1932 1191 1960 municabat
1207 1936 1272 1960 ante
1293 1931 1491 1967 profectionem
1507 1931 1540 1959 ad
1554 1931 1660 1959 'I'urcos
1687 1936 1819 1964 nostram,

1032 1977 1073 2005 vir
1103 1976 1215 2009 nobilis,
1244 1981 1272 2003 et
1295 1975 1409 2010 antiqua
1432 1975 1533 2002 virtute
1547 1983 1580 2003 ac
1609 1975 1674 2007 Iidc.
1697 1975 1818 2003 Karulus

1031 2022 1141 2051 Clusius
1159 2021 1285 2053 Atrebas,
1317 2024 1459 2055 acceptum
1491 2019 1526 2048 ab
1553 2021 1665 2048 Antonii
1694 2021 1821 2056 praesulis

1034 2073 1144 2103 nepote,
1161 2067 1263 2095 Fausto
1279 2066 1407 2094 Verantio
1424 2074 1432 2093 :
1461 2073 1586 2107 quorum
1602 2066 1723 2093 onmium
1749 2074 1817 2094 sane

1031 2114 1200 2142 mentionem
1217 2112 1287 2144 fieri,
1301 2112 1389 2140 visum
1405 2112 1457 2139 I‘uit
1473 2112 1671 2146 aequissimum,
1701 2113 1739 2140 uti
1750 2121 1817 2140 cou-

1031 2164 1201 2188 servatorum
1214 2158 1356 2194 fragmenti
1369 2158 1478 2193 penitus
1494 2158 1582 2191 aurei,
1599 2158 1672 2192 quod
1703 2158 1766 2186 coeli
1781 2166 1814 2186 ac

1032 2201 1182 2233 Turcorum
1199 2204 1309 2240 injuriis
1320 2204 1486 2239 expositum,
1504 2211 1538 2230 ne
1554 2204 1702 2238 ceteroqui
1729 2204 1811 2231 nobis

197 2247 277 2280 vulgo
289 2248 397 2282 vocant)
413 2249 492 2282 longe
508 2249 730 2283 praestantissimi
756 2250 870 2286 tingitur
884 2257 911 2279 et
923 2252 978 2279 ela-
995 2248 1017 2276 D
1031 2252 1146 2286 Ancyrae
1159 2257 1284 2286 prorsus,
1319 2257 1351 2276 ac
1369 2249 1445 2276 brevi
1474 2248 1588 2284 quidem
1611 2253 1713 2283 pereat,
1744 2249 1817 2277 haud

197 2293 320 2325 boratur,
337 2293 445 2328 alioque
460 2294 635 2322 distrahenda
649 2295 774 2322 vehitur.

231 2338 354 2372 Quodam
367 2340 393 2367 in
425 2341 546 2368 historian
571 2339 671 2369 Graecze
701 2341 780 2374 libro,
809 2342 889 2376 cujus
913 2345 977 2378 quia

197 2384 315 2418 perierat
327 2385 447 2418 initium,
465 2392 499 2415 ne
510 2387 620 2423 quidem
641 2388 760 2416 auctoris
778 2388 844 2416 sciri
876 2396 976 2417 nomen

197 2434 312 2463 poterat,
343 2431 433 2467 legere
461 2432 587 2465 memini,
615 2432 650 2461 de
678 2433 815 2469 Ancyrani
848 2435 976 2467 mancipii

196 2475 335 2503 conditore
349 2477 481 2511 Augusto.
498 2477 595 2506 Verbis
617 2487 650 2506 ea
681 2479 839 2507 reieruntur
881 2479 977 2514 hujus-

1031 2297 1135 2331 absque
1145 2303 1229 2323 causa
1245 2294 1432 2322 metuendum.
1450 2293 1504 2322 Sed
1521 2294 1640 2328 reliquas
1662 2294 1771 2321 tandem
1801 2302 1817 2322 e

1032 2341 1176 2376 naufragio
1192 2345 1247 2368 tam
1260 2339 1383 2375 prmelari
1402 2339 1509 2367 tabulas
1534 2339 1626 2374 operis
1643 2339 1731 2366 lector
1746 2339 1818 2366 acci~

1031 2388 1087 2422 piat
1105 2387 1142 2414 ita
1155 2387 1236 2414 dictis
1251 2386 1279 2413 in
1294 2385 1445 2421 parietibus
1469 2390 1609 2413 exstantes
1625 2394 1632 2412 :
1647 2388 1675 2412 ut
1701 2385 1816 2413 dimidia

1030 2440 1094 2468 pars
1113 2432 1280 2460 intrantibus
1291 2431 1437 2459 aedilicium
1453 2432 1488 2459 ad
1504 2433 1640 2465 dextram,
1660 2431 1750 2458 altera
1773 2438 1819 2459 se-

1032 2483 1087 2506 met
1100 2479 1132 2506 ad
1143 2478 1283 2506 sinistram
1299 2477 1410 2506 oderat.

862 2549 998 2581 SERIES
1011 2548 1150 2581 PRIMA.

452 2617 571 2639 RERVM.
586 2616 767 2640 GESTARVM.
789 2615 866 2639 DIVI.
883 2618 1027 2640 AVGVSTI.
1040 2617 1165 2644 QVIBVS.
1178 2617 1294 2640 OIIBEM.

449 2656 619 2679 TERRARVM
637 2672 645 2679 .
662 2649 805 2679 IMPERIO.
821 2655 942 2678 POPVLI.
953 2657 1085 2679 ROMANI.
1104 2656 1257 2678 SVBJECIT.

451 2695 499 2716 ET.
511 2696 725 2718 IMPBNSAIVM.
740 2695 831 2722 ρης.
843 2695 887 2718 IN.
899 2696 1134 2719 REMPV’BLICAM.
1144 2695 1201 2717 P0-

454 2735 632 2762 PVLVMQVE.
647 2734 815 2757 ROMANVM.
834 2735 933 2757 FECIT.
947 2735 1083 2758 INCISARI
1093 2736 1127 2757 Μ.
1139 2732 1183 2756 IN.

461 2772 582 2796 DVABUS
595 2772 738 2796 AHENEIS.
759 2774 848 2796 PILIS.
864 2772 944 2801 ονΑι.
963 2773 1053 2797 SVNT.
1070 2773 1174 2797 110ωῶ-

453 2812 581 2835 rosme.
597 2805 774 2835 nxdurun.
791 2812 979 2836 SUBJBCTUM.

455 2852 569 2875 ANNOS.
584 2851 792 2875 νΝοΒνισιΝ-η.
809 2852 917 2875 ΝΑτνεε
933 2852 1124 2875 EXEIICITUM.
1135 2853 1282 2874 PRIVATO.

457 2891 609 2916 CONSILIO.
627 2893 674 2915 ET.
688 2892 833 2915 ιίιινΑἸ-Α.
852 2893 995 2915 IMI’ENSA.
1008 2892 1193 2915 COMPAHAVI.
1212 2891 1345 2917 TEBQVK.
