1963 3067
107 98 147 129 ’ῖιίί

625 107 640 116 ~
668 95 868 126 PANDECTE
884 97 987 128 HlS’l‘.
1011 95 1160 126 TURCIC.

1662 90 1720 127 ’1ξέ

106 155 214 189 regionee
226 153 406 187 inAnatolia,
418 161 477 188 qure
492 160 577 181 noras
586 154 781 189 appellationes
799 157 878 180 vete-
893 162 912 189 Α
930 158 993 181 ante
1005 153 1057 180 320
1071 160 1158 180 annos
1186 151 1261 184 vixit,
1286 149 1463 186 Peclarpaces
1488 152 1657 180 scribmttur.
1687 152 1721 178 Et

104 198 168 229 ribus
177 198 331 233 incognitas
343 198 454 230 habent,
469 198 577 227 sedeas
598 199 731 226 duntaxat
754 198 798 225 hic
811 205 879 225 enu-

104 250 197 272 merare
206 243 353 274 voluimus,
368 243 467 277 quibus
483 243 567 271 indita
581 243 665 271 fuisse
677 243 761 270 certis
771 250 785 269 a
798 242 881 269 Duci-

106 290 149 316 bus
167 289 273 320 nomiua
288 288 427 319 Laonious.
436 293 465 318 et
474 289 593 318 Annales
609 289 636 316 bi
651 289 737 316 nostri
758 289 878 316 tradunt.

105 345 142 372 hi.
160 344 356 380 BussaLEmir,
374 345 466 380 Sergi.
483 345 689 380 Corauansarm',
704 344 796 380 Vezir,
807 345 882 372 Vesi-

150 388 232 408 razem
250 378 400 415 Beglerbeg,
417 379 493 408 Emir
511 380 620 412 Halem,
638 379 713 408 Emir
728 378 827 411 Acltttr.

131 424 211 454 Filius
223 425 291 452 alter
305 425 444 458 Osmanis,
459 424 594 453 Urcbanis
615 425 701 453 frater
721 426 805 453 alium
824 433 877 452 non

104 471 210 499 babetin
224 471 375 499 ﬁnnalibus
385 471 506 503 titulum,
517 479 597 506 quam
607 471 664 499 Alis
678 471 755 499 bassa
771 479 779 499 :
805 472 877 506 quod

103 518 181 544 bassat
193 516 354 545 vocabulum
369 516 467 545 Turcis
481 520 563 551 caput
575 517 719 551 signiﬁcat.
737 516 878 545 Falluntur

102 561 241 595 autemqui
250 569 299 598 pro
310 561 426 591 sultanis
440 561 543 590 vczires
552 561 638 590 fuisse
653 563 752 593 dictos,
760 570 792 590 ac
804 562 878 590 Emi-

105 615 158 635 rum
175 608 297 642 (Antores
312 607 363 640 ipsi
377 607 525 641 vocant),in
545 608 635 635 locum
654 614 751 641 putant
768 617 878 637 succes-

103 651 166 682 sisse
177 652 269 679 bassas
286 656 317 679 et.
336 652 535 686 beglcrbegoss
550 652 661 687 (quibus
685 658 715 681 et
743 655 824 689 bcgos
842 655 877 682 ab

99 696 146 727 eis.
160 695 471 731 etsangiacosadjungi,
501 696 576 724 velut
600 702 628 724 et
659 698 733 732 ipsos
756 698 875 729 Emirum

101 748 276 773 successores,
290 742 376 776 magis
384 741 466 769 etiam
483 742 578 777 miror)
590 750 653 770 cum
665 751 719 771 vox
739 743 817 771 Emir
843 752 877 771 ne

99 787 176 823 hodie
193 788 302 823 quidem
317 789 457 817 exstincta.
470 788 517 819 sit,
540 796 573 816 ac
599 794 784 824 praeterquam
803 790 876 825 quod

100 833 147 868 ipsi
161 834 269 862 sultano
281 835 390 868 proprie
408 837 556 869 competat,
582 839 611 861 ut
635 843 717 870 supra
745 836 874 869 diximus,
892 849 913 877 Β

100 879 177 906 etiam
188 879 271 907 certis
283 880 309 906 in
320 880 530 908 aulatribuatur
538 880 687 909 oﬂiciariis.
697 881 803 917 Quippe
812 887 877 910 sunt

99 927 130 952 ad
145 924 262 958 Portam,
277 926 347 953 emir
364 926 471 958 Halem,
487 926 573 961 Bujnc
593 928 663 954 emir
686 927 788 959 Aehur.
819 929 876 964 (qui

100 971 206 1005 [ξηειρτί
222 971 305 1001 etiam
321 970 408 1006 E03-
424 971 534 1000 Graccite
560 978 654 1000 nostro
676 972 877 1008 Antyrarhnres

99 1017 203 1052 dicitur)
220 1022 247 1049 et
263 1017 372 1047 Cudsuc
385 1018 454 1047 emir
472 1018 574 1045 Achar.
590 1018 679 1046 Bassa
697 1027 797 1050 nomen
825 1020 878 1049 hoc

99 1068 215 1097 tempore
230 1063 309 1093 datur,
321 1063 358 1095 iis,
369 1063 499 1097 primum,
520 1064 703 1098 quivezirum
716 1065 875 1099 dignitatem

98 1108 216 1140 obtinent
232 1116 239 1135 :
256 1108 353 1135 deinde
367 1109 547 1144 beglorbegis.
557 1109 735 1144 Ipsanmnina
747 1118 809 1138 cum
824 1110 877 1138 olli-

98 1153 157 1186 ciis.
171 1160 221 1184 suo
234 1153 446 1182 declarabttntur
461 1160 476 1181 a
491 1154 571 1182 nobis
594 1155 654 1186 loco
666 1155 811 1189 prolixius.
829 1155 877 1183 Hic

98 1200 190 1234 paucis
206 1198 388 1232 addoLPortae
398 1198 551 1227 Osmanicae
561 1199 644 1227 duum
672 1207 734 1227 esse
747 1208 875 1235 generum

97 1244 182 1273 cilicia
198 1253 204 1271 :
219 1252 335 1278 quorum
348 1245 398 1273 alia
417 1245 577 1275 ministeriis
592 1245 727 1274 obeundis
746 1247 817 1273 intra
833 1254 877 1273 sa-

97 1290 185 1322 raium
194 1290 295 1324 sultani
310 1291 447 1321 destinata
463 1294 539 1323 sunt,
556 1291 608 1319 alia
630 1293 814 1326 procurandis
829 1300 893 1320 [ιον.

97 1336 175 1371 gotiis
189 1335 308 1370 publicis
320 1337 549 1368 extrasaraiutn.
577 1337 610 1371 Et
630 1338 755 1365 saraiutn‘
781 1338 882 1365 Turcis

97 1381 224 1416 palatium
240 1381 372 1415 principis
385 1386 437 1414 est,
453 1382 494 1410 vel
512 1383 584 1411 aliud
602 1384 723 1418 amplum
732 1383 877 1411 aedilicium

96 1434 173 1454 nona
192 1427 261 1461 Czar
282 1434 349 1454 voce
372 1427 506 1461 Tatarica.
529 1436 589 1463 qua:
613 1437 704 1465 regem
731 1429 877 1464 signiﬁcat,

95 1473 199 1508 dictum
216 1480 224 1506 ς
239 1473 308 1508 unde
323 1473 482 1504 Reincccius
495 1473 644 1509 Saragliam
671 1475 767 1503 T’urcis
783 1477 877 1504 vocari

94 1524 182 1554 putat,
196 1524 227 1546 ut
242 1520 357 1554 regiam.
371 1519 438 1549 Nam
454 1520 514 1554 aliae
534 1528 649 1555 quoque
670 1522 778 1554 domus,
805 1527 881 1550 extra

94 1566 197 1594 Sttltatli
215 1566 641 1601 regiamdnomenltoclerunt:
659 1574 693 1594 ut
716 1568 780 1600 ilhc,
812 1576 881 1603 quas

93 1612 267 1642 sultanorum
282 1612 455 1643 mulierculae.
471 1612 529 1641 sive
542 1613 703 1641 concubinae
717 1614 880 1647 inhabitant,

93 1662 122 1684 ut
135 1656 427 1691 Atscltamoglauot'um
452 1658 534 1691 mdes,
561 1663 591 1685 ut.
614 1659 701 1693 ampla
730 1659 880 1688 Tttrcorum

93 1703 225 1735 hospitia,
241 1703 299 1732 sive
314 1703 465 1731 diversoria
481 1704 600 1738 publica,
632 1712 699 1740 quas
713 1706 791 1740 vulgo
806 1714 881 1733 care-

92 1749 220 1780 vasarias
232 1749 315 1777 nostri
326 1753 436 1778 vocant.
448 1749 682 1785 QuippeaTurcis
691 1754 880 1780 caravansarai

91 1793 136 1821 vel
151 1792 225 1819 serui
238 1792 381 1824 dicuntur,
395 1793 447 1821 hoc
459 1798 513 1826 est,
530 1793 646 1825 aedilicia
659 1795 794 1823 destinata
804 1804 882 1824 cara-

90 1839 185 1870 vanis,
208 1846 269 1873 quae
283 1838 423 1872 hominum
439 1841 548 1875 agmina
564 1846 628 1868 sunt
650 1849 712 1869 cum
740 1843 879 1877 jutnentis,

90 1885 127 1912 ob
146 1885 283 1915 itinerum,
294 1885 412 1919 pericula
424 1887 564 1915 turmatim
589 1895 619 1914 se
643 1889 880 1923 conjungentium.

89 1929 214 1957 Consule
229 1929 317 1957 dehis
338 1930 461 1964 exposita
492 1932 624 1965 prolixius
655 1934 745 1967 capite
765 1934 828 1962 247.
845 1934 881 1962 De

88 1975 191 2002 olliciis
205 1975 276 2001 intra
287 1974 406 2001 saraium
415 1975 490 2007 alibi,
513 1976 584 2004 sicut
598 1982 625 2002 et
655 1976 689 2004 de
711 1977 772 2005 aliis
805 1983 883 2006 extra

88 2021 227 2047 saraium.
244 2019 344 2053 Bessan,
358 2020 393 2047 de
408 2020 507 2054 quibus
519 2021 562 2048 hic
578 2021 695 2056 agimus,
717 2030 792 2050 extra
805 2031 882 2055 sara-

87 2067 148 2093 iunt
167 2066 329 2093 muneribus
345 2066 398 2097 sibi
422 2067 557 2097 mandatis
584 2067 746 2101 iunguntur.
763 2069 795 2096 Et
810 2070 882 2097 inter.

88 2113 142 2139 hos
157 2111 206 2146 qui
221 2112 301 2146 pritni
314 2116 389 2144 sunt,
406 2120 509 2140 vestros
521 2113 651 2142 dicuntur
664 2122 672 2146 ;
687 2115 803 2148 nostris,
817 2123 883 2142 con-

85 2157 192 2185 siliarii
207 2158 318 2189 secreti,
334 2157 375 2184 vel
387 2158 490 2191 arcani.
506 2157 656 2193 Supremus
682 2164 785 2191 autem,
811 2161 881 2188 vezl-

87 2211 184 2232 razetn
203 2203 372 2236 nominatur,
386 2211 446 2238 quae
472 2204 543 2238 apud
571 2203 722 2232 Saracenos
748 2207 829 2233 etiam
852 2208 879 2235 in

87 2257 143 2276 usu
163 2249 294 2284 dignitas,
309 2253 337 2276 et
350 2249 554 2277 existimatione
565 2251 701 2285 praecipua
715 2252 777 2279 fuit.
789 2253 883 2281 Cedri-

87 2302 144 2322 nus
159 2299 189 2321 et
221 2294 265 2322 alii
290 2296 525 2329 protosymbulum
542 2295 775 2331 interpretantur,
804 2299 883 2334 cujus

82 2341 175 2367 etiam
193 2341 295 2367 mentio
312 2340 340 2366 iit
353 2340 458 2367 inlibro
469 2343 502 2368 de
515 2342 673 2376 signiﬁcatis
685 2343 882 2373 insomniorum

82 2392 174 2419 quem
191 2385 307 2417 antehac
320 2385 481 2412 Satnbncani
505 2387 668 2422 exemplaris
697 2389 785 2415 mutili
802 2389 883 2417 ﬁdem

83 2433 253 2464 sequentes,
268 2430 429 2464 Apomasari
457 2431 627 2461 tribuimus:
651 2441 713 2460 cum
743 2434 882 2463 Achmelis

82 2484 153 2502 cum
174 2480 272 2510 postea
287 2477 495 2512 cognoverimus
512 2485 584 2511 esse,
600 2478 634 2506 de
648 2479 719 2507 libro
735 2480 880 2508 bibliothe-

82 2529 124 2548 ct-
138 2521 327 2557 ercsareae,“
341 2530 396 2557 quo
413 2522 464 2552 viri
478 2524 583 2551 clariss.
599 2523 717 2559 llugouis
732 2525 811 2553 Blotii
824 2527 849 2554 J.
861 2527 881 2554 C

81 2573 110 2593 et
132 2567 297 2602 Augustalis
309 2568 509 2597 bibliothecarii
528 2570 672 2602 beneﬁcio,
685 2573 769 2601 nostri
780 2573 881 2601 codicis

82 2615 212 2640 lacunas
224 2620 318 2642 omnes
330 2614 509 2650 explevimus.
526 2614 637 2643 Simeon
668 2616 796 2652 Magister
823 2619 881 2645 olli-

81 2661 202 2690 ciorum
216 2660 314 2687 alicubi
332 2654 506 2688 Solemanem
528 2661 770 2698 Protosymbulum
784 2664 880 2692 Balsa-

83 2712 141 2732 ma:
163 2709 256 2736 vocat,
269 2712 349 2739 quem
365 2704 487 2735 Zonaras
504 2706 718 2742 archlsatrapam
744 2709 880 2738 Masalmm

81 2749 174 2777 dixit.
197 2749 329 2777 Similiter
340 2756 417 2778 extra
436 2751 554 2779 saraium
568 2758 631 2780 sunt
653 2753 818 2790 beglerbegi,
833 2757 877 2790 qui

80 2801 109 2822 et
127 2796 187 2830 ipsi
202 2796 290 2823 besse:
301 2801 442 2825 vocantur.
460 2796 572 2826 Praetori
587 2797 696 2828 Graeciae
711 2807 815 2836 nostro,
831 2804 877 2838 qui

933 205 1012 228 erant
1024 200 1052 226 in
1065 199 1180 233 imperio
1194 198 1357 226 Saracenico
1370 198 1455 225 simul:
1465 202 1495 225 et
1505 198 1618 229 emines,
1638 202 1666 225 et
1676 206 1721 223 vr-
1738 199 1745 206 "

932 247 1014 277 zircs,
1027 249 1055 272 et
1062 245 1227 279 beglerbcgi,
1240 244 1322 271 etiam
1338 247 1400 271 ante
1424 238 1612 271 monarchiam
1624 243 1721 270 Turci-

931 299 991 319 cam
1004 300 1011 318 :
1028 298 1140 326 prorsus
1153 291 1243 318 utdici
1265 295 1395 324 nequeat,
1409 297 1457 324 pro
1467 290 1585 317 sultanis
1617 290 1721 317 vezires

932 335 1093 370 appellatos,
1105 336 1132 362 in
1144 335 1259 362 emirutn
1276 335 1366 362 locum
1394 336 1560 362 successisse
1589 335 1683 362 hassas
1696 341 1722 361 ct

930 380 1118 415 beglerbegos.
1131 379 1237 414 Quippe
1249 379 1371 407 meminit
1386 380 1611 415 beglerbegorum
1639 378 1721 407 oﬂicil

930 425 1064 453 vetustior
1077 431 1193 460 praetore
1211 425 1358 458 Ccdrinus,
1373 431 1399 453 et
1411 425 1500 460 ipsum
1519 432 1617 452 nomen
1631 425 1721 452 intcr~

930 476 1052 506 pretatur
1066 472 1214 498 archontas
1229 471 1391 503 archonton,
1425 476 1455 499 ut
1485 471 1569 498 nostri
1595 471 1723 499 dominos

930 518 1103 549 dominorum
1125 517 1233 544 :veluti
1247 517 1293 551 qui
1316 517 1367 544 sub
1389 524 1437 552 se,
1455 522 1554 552 praeter
1582 518 1722 552 gregarios

929 563 1041 596 milites,
1058 562 1196 597 spacltios,
1211 563 1351 595 snhassas,
1371 562 1454 591 etiam
1478 563 1623 597 sangiacos
1640 568 1666 590 et
1677 564 1725 590 hc-

929 615 978 643 gos
994 608 1111 635 habeant
1130 616 1137 634 :
1152 612 1282 641 utrosque
1299 608 1434 635 minorum
1462 606 1544 642 (quod
1561 607 1647 642 aiunt)
1659 615 1724 645 gen-

929 653 997 681 tium
1011 653 1151 685 dominos,
1166 652 1200 680 de
1216 653 1318 687 quibus
1346 660 1395 679 suo
1411 652 1482 679 loco.
1505 652 1607 683 Prattor
1637 653 1722 684 addit,

928 697 1046 730 cilicium
1083 697 1307 733 beglerhcgorum
1338 698 1502 732 respondere
1533 697 1657 732 dignitati
1681 698 1723 725 vei

928 744 1018 772 olbcio
1032 744 1142 772 maximi
1156 743 1375 778 stratopedarchi
1384 750 1465 778 quem
1479 750 1549 770 nunc
1564 743 1720 778 generalem

928 790 1017 824 campi
1032 797 1131 818 vocare
1142 790 1274 817 solemus.
1291 788 1387 816 itidem
1411 788 1519 820 sultano
1536 784 1636 815 rservit
1647 792 1722 816 extra

930 834 1051 866 saraium
1069 834 1092 861 is
1108 834 1154 868 qui
1184 834 1285 861 dicitur
1316 834 1386 860 entir
1408 833 1509 865 halem,
1537 833 1616 867 cujus
1642 832 1723 867 paulo

927 885 990 908 ante
1000 880 1184 912 meminimus.
1193 880 1358 907 Vexillorum
1368 879 1512 914 przefectus
1518 885 1660 913 supremus
1669 884 1722 912 est,

928 933 961 954 ac
976 930 1031 953 tum
1046 926 1103 961 ipse
1118 925 1245 952 vexillum
1261 926 1365 960 regium
1388 928 1475 959 gestat
1491 924 1518 951 in
1544 924 1723 959 expeditioni—

928 973 992 1003 bus,
1014 976 1071 998 tum
1084 970 1181 998 vexilla
1197 970 1366 1004 beglerbegis
1389 970 1468 997 ollert
1496 977 1563 1003 sua,~
1574 970 1723 1004 itidemque

927 1017 1126 1051 suasangiacis
1145 1016 1231 1054 bcgis.
1248 1016 1323 1042 Etnir
1337 1016 1423 1043 achur
1449 1016 1548 1043 stabuli
1580 1016 1723 1051 praefectus

928 1069 980 1096 est,
997 1063 1040 1091 cui
1059 1062 1193 1090 vocabulo
1215 1062 1236 1089 si
1265 1061 1358 1096 bujuc,
1376 1068 1561 1097 praeponatur,
1577 1061 1664 1095 major
1682 1061 1723 1088 vel

928 1110 1049 1144 primus;
1065 1109 1087 1136 si
1104 1108 1212 1146 cudjuc,
1228 1106 1316 1134 minor
1331 1111 1377 1139 aut
1396 1108 1530 1134 secundus
1546 1108 1644 1139 stabuli
1657 1115 1723 1142 prac-

927 1154 1190 1188 fectusintclligitur.
1207 1153 1243 1180 De
1262 1152 1304 1180 his
1332 1152 1387 1187 jam
1412 1152 1564 1187 percepisse
1592 1153 1721 1180 lectorem

926 1201 1035 1234 opinor,
1046 1200 1091 1236 qui
1105 1198 1201 1226 Turcis
1211 1199 1305 1231 basszr,
1321 1199 1366 1233 qui
1389 1198 1550 1233 beglerbt-gi,
1566 1198 1611 1232 qui
1625 1199 1722 1225 cmires

928 1249 991 1275 sint.
1005 1246 1059 1274 Nec
1070 1248 1165 1280 ignoro
1175 1253 1273 1273 nomen
1284 1245 1352 1272 emir
1365 1244 1609 1278 Quibir,digttitalis
1621 1245 1647 1271 in
1658 1245 1721 1271 aula

929 1293 1098 1321 sultanorum
1109 1290 1278 1322 Cairensium
1302 1289 1438 1316 maximat.
1456 1288 1589 1315 Sedintra
1622 1287 1722 1315 limites

928 1337 1076 1370 coemenda
1102 1335 1223 1370 scriptio,
1240 1342 1273 1361 ne
1286 1334 1497 1361 commentarius
1512 1334 1641 1367 prolixior
1669 1333 1724 1360 lec-

933 1390 1019 1412 torem
1030 1383 1159 1414 offendat,
1171 1387 1219 1409 aut
1241 1380 1339 1415 saepius
1352 1380 1445 1406 eadem
1467 1384 1580 1414 repetat.

1124 1427 1170 1460 15.
1187 1426 1271 1459 lsm'c,
1280 1425 1378 1455 Bursa,
1396 1424 1516 1459 Tegyiur.

967 1487 1082 1519 lsuicaru
1100 1484 1175 1518 dixi,
1186 1491 1285 1511 nomen
1302 1482 1463 1511 hodiernum
1479 1474 1510 1508 et.
1521 1481 1619 1510 Turcis
1639 1483 1724 1510 usita-

935 1532 1138 1566 ttttn,retinetts,
1154 1531 1219 1558 licet
1238 1530 1271 1557 ab
1297 1529 1358 1556 aliis
1383 1528 1461 1556 aliter
1488 1529 1633 1561 scribatur,
1662 1537 1723 1563 qua:

932 1579 1020 1609 Nicaea
1032 1577 1130 1612 priscis
1146 1575 1350 1607 cst.Castaldus
1363 1583 1411 1609 per
1422 1582 1542 1605 errorem
1556 1582 1610 1602 non
1626 1576 1720 1602 urbem

932 1623 1049 1654 Nicmam
1061 1626 1140 1654 vocat
1153 1620 1307 1653 lsnccham,
1325 1621 1372 1648 sed
1386 1621 1474 1648 lacum
1505 1622 1564 1649 sive
1594 1622 1719 1657 paludem

932 1670 1090 1703 Ascaniam,
1108 1676 1170 1704 quae
1185 1668 1372 1697 tantenbodie
1388 1667 1484 1696 Turcis
1509 1669 1582 1697 Acsu
1607 1670 1720 1702 dicitur,

934 1715 1047 1744 nomine
1060 1714 1232 1749 signiﬁcante
1243 1721 1340 1748 aquam
1365 1714 1456 1745 albam
1482 1715 1541 1742 sive
1568 1715 1720 1751 limpidam.

932 1761 960 1788 In
977 1761 1070 1788 multis
1085 1761 1158 1787 enim
1177 1760 1287 1794 antiqua
1304 1760 1413 1786 nomina
1430 1759 1470 1787 sic
1497 1760 1652 1793 immutant,
1691 1766 1721 1789 ut

931 1806 1084 1840 priscorum
1101 1805 1309 1833 similitudinem
1327 1806 1484 1837 retinentia,
1507 1811 1598 1833 tamen
1618 1808 1720 1842 aliquid

932 1853 958 1879 in
976 1852 1068 1886 lingua
1079 1859 1127 1879 sua
1143 1851 1310 1885 signiﬁcent.
1331 1850 1426 1878 Prusae
1454 1859 1552 1879 nomen
1578 1853 1719 1888 antiquum

932 1896 1041 1928 retinui,
1056 1896 1164 1923 tametsi
1189 1902 1261 1922 nunc
1287 1895 1373 1922 Bursa
1407 1896 1486 1931 vulgo
1515 1897 1622 1924 dicatur
1640 1907 1721 1934 :qu:e

931 1949 983 1969 vox
1001 1942 1028 1968 in
1040 1948 1162 1969 errorem
1182 1941 1291 1974 impulit
1304 1940 1470 1973 Bonlinium,
1485 1947 1514 1969 ut
1536 1942 1648 1978 Byrsam
1673 1952 1722 1979 ap-

931 1988 1043 2022 pellaret
1059 1995 1066 2014 :
1082 1986 1160 2021 quasi
1174 1994 1271 2013 nomen
1290 1986 1340 2013 hoc
1356 1987 1474 2019 aliunde,
1500 1996 1581 2023 quam
1596 1997 1610 2016 a
1635 1989 1721 2018 Prusa

931 2039 994 2067 rege
1011 2032 1201 2066 Bithynorum,
1219 2031 1364 2066 acceperit.
1377 2031 1405 2058 In
1420 2031 1519 2060 Leonis
1528 2033 1645 2068 Augusti
1657 2042 1723 2062 con-

930 2078 1072 2105 stitutione
1091 2077 1124 2104 de
1135 2075 1264 2108 Thronis,
1281 2077 1364 2104 etiam
1377 2076 1521 2112 Theopnlis
1538 2080 1594 2107 sive
1609 2081 1654 2108 Dei
1680 2082 1721 2108 ci-

931 2115 1001 2150 vitas
1011 2124 1228 2158 cognominatur.
1240 2122 1312 2149 Idem
1325 2123 1558 2157 Clautliopolitano
1574 2126 1720 2160 provincia:

897 2168 1096 2208 DHonoriadis
1121 2168 1365 2203 arcltiepiseopatui
1393 2169 1553 2197 Prusiadem
1581 2171 1690 2205 Sttbjicil
1712 2193 1721 2206 ,

934 2215 1006 2249 quod
1022 2214 1083 2241 ideo
1100 2215 1260 2244 notandum.
1277 2215 1339 2248 quia
1356 2214 1527 2250 Busbequius
1554 2218 1580 2244 in
1608 2217 1723 2246 linere-

933 2258 975 2285 rio
993 2257 1153 2285 Prusiadetn
1174 2266 1236 2285 cum
1257 2260 1341 2286 Prusa
1359 2260 1491 2293 confudit,
1509 2261 1627 2296 Tcggiur
1654 2263 1723 2291 Tur—

933 2303 1001 2330 eiset.
1030 2304 1175 2338 provincia:
1190 2312 1300 2338 praeses,
1317 2313 1397 2339 quem
1414 2305 1465 2340 ipsi
1485 2314 1559 2334 more
1575 2316 1626 2335 suo
1637 2309 1722 2337 deno—

933 2350 1037 2376 minant
1050 2358 1065 2376 a
1081 2349 1216 2384 cujusque
1230 2351 1375 2385 provincia
1400 2354 1553 2387 metropoli.
1585 2354 1721 2384 Laonicns

935 2393 1096 2421 llarmostcn
1122 2396 1250 2428 reddidit,
1278 2404 1337 2431 qua:
1367 2406 1417 2424 vox
1443 2399 1556 2433 antiquo
1584 2400 1721 2430 Laeonum

933 2446 984 2466 usu
1001 2439 1135 2473 signiticet
1152 2448 1214 2466 eum
1235 2442 1279 2474 qui
1302 2442 1381 2469 νοιίη
1400 2443 1503 2478 urbem,
1525 2445 1566 2472 vel
1587 2448 1721 2482 regionem

933 2486 1047 2520 imperio
1060 2486 1210 2520 subjectam
1224 2487 1349 2519 mittitur,
1365 2493 1393 2515 ut
1420 2489 1480 2523 ejus
1511 2498 1556 2518 res
1576 2493 1723 2521 constituat
1769 2525 1773 2527 Ἴ

932 2539 965 2559 ac
981 2531 1118 2565 disponat.
1133 2532 1236 2558 Praetor
1255 2538 1348 2559 noster
1365 2533 1462 2561 ducem
1488 2536 1607 2571 regionis
1637 2538 1721 2566 inter-

933 2582 1068 2610 protatur,
1081 2576 1127 2611 qui
1142 2576 1244 2604 Graecis
1255 2582 1294 2605 est
1317 2578 1458 2613 Higcmon.
1481 2580 1526 2608 Slc
1553 2584 1626 2610 enim
1661 2593 1722 2619 pcr-

933 2623 1114 2650 turbationem
1132 2631 1223 2650 rerum
1235 2623 1261 2650 in
1276 2625 1339 2651 Asia
1355 2625 1452 2652 minori
1466 2627 1636 2662 describens,
1660 2637 1721 2666 post

932 2672 1090 2701 occupatam
1108 2675 1123 2694 a
1137 2667 1265 2696 Flandris
1288 2670 1561 2707 Constantinopolim,
1591 2675 1648 2703 ait:
1668 2676 1719 2709 Qui

930 2714 1013 2741 duces
1029 2714 1089 2742 aliis
1106 2715 1133 2742 in
1150 2715 1217 2742 locis
1233 2715 1279 2742 alii
1302 2716 1412 2745 fuerant
1447 2719 1591 2753 hactenus,
1619 2722 1719 2756 singuli

930 2759 1068 2794 regionem
1083 2760 1311 2789 administrationi
1322 2771 1379 2791 suae
1394 2766 1578 2800 commissam,
1591 2774 1663 2794 nunc
1676 2769 1720 2795 sui

929 2806 999 2840 juris
1015 2806 1166 2836 cmcicbaat
1184 2810 1244 2837 :vcl
1261 2811 1294 2838 ad
1313 2811 1364 2839 hoc
1378 2811 1489 2846 impulsi
1502 2816 1575 2839 motu
1596 2814 1718 2848 proprio,
