1963 3067
106 143 152 174 “iii

683 147 728 176 ΡΑ
735 142 885 175 NDECTE
907 144 1005 176 l'lIST.
1023 144 1170 175 TURCIG-

1677 143 1728 172 ’ῖίϐ

102 208 178 232 ream,
200 205 368 228 commutare
380 202 476 229 solent.
495 202 599 236 Aspros
613 208 704 230 autem
718 210 795 235 voco,
813 202 887 228 Lnti—
900 203 924 233 Α
939 210 970 228 ex
986 202 1122 229 drachma)
1138 201 1268 229 vocabulo
1280 201 1375 229 Graeco
1392 199 1548 228 mutilatum
1562 205 1613 228 est.
1640 200 1728 235 ipsius

102 255 156 274 nam
175 255 268 274 vocem
284 247 446 275 Nummulos
460 249 620 282 respiciens.
634 257 693 284 qua:
704 249 889 281 subintelligi-

102 301 148 322 tur.
165 293 231 321 Nam
247 293 332 321 Gratri
351 295 458 329 quidem
482 295 729 329 Aspradicnnt.Et
753 300 817 322 sunt
840 295 890 321 du-

105 342 189 374 plicia,
203 341 304 376 majom
321 341 490 376 mineraque.
508 341 610 369 Minera
621 342 699 376 vulgo
714 342 739 368 in
749 350 800 369 usu
815 346 889 374 sunt,

102 387 197 421 majora
209 393 339 414 vocamur
357 387 486 421 peculiari
494 395 558 414 voce
571 387 770 421 Siderocapsia.
785 387 889 422 Quippy.

102 433 276 467 Siderorapsa
291 440 389 459 nomen
402 433 552 468 cstoppidi,
565 434 636 467 quod
647 442 660 460 ρ
669 434 780 467 regione
789 433 889 461 Tltas~i

101 478 176 505 situm
198 483 252 510 est,
283 486 366 513 prope
403 483 523 506 montem
538 485 675 511 sanctum,
694 480 726 506 de
740 487 795 514 quo
809 479 889 514 paulo

100 529 157 551 ante
170 524 285 551 dictum.
303 524 342 551 Eo
358 525 419 551 loco
437 529 491 551 tam
509 525 580 557 auri,
608 533 689 559 quam
715 526 822 559 argenti
849 525 889 552 fo-

100 570 165 597 dinae
177 571 338 605 sunt(unde
355 570 501 598 Chrvsitcn
518 571 585 598 Livii
614 575 690 605 putat
716 578 776 598 esse
803 570 888 597 Bello-

101 616 181 649 nius),
193 622 220 644 et
231 625 309 652 aspra
323 618 478 652 signantur,
494 618 598 644 caeteris
614 617 729 651 majora,
741 617 842 652 quibus
853 619 887 644 ab

100 663 194 697 oppido
209 663 466 698 Sidcrocapsiorum
485 664 584 691 mansit
612 664 745 691 hactenus
771 664 888 699 appella-

100 710 144 736 tio.
161 709 268 744 Recipit
280 710 338 737 haec
354 715 459 737 tantum
477 710 603 738 sultanus
616 710 778 741 Turcorum,
794 715 820 737 et
831 711 887 738 suis

101 756 232 783 thesauris
248 756 339 783 infert.
355 756 455 783 Eadem
467 761 562 791 erogat
574 757 599 783 in
614 757 729 784 militum
745 757 888 784 ministro-

100 808 210 836 rumque
226 809 340 828 suorum
358 802 502 837 stipendia.
520 802 625 829 Minora
636 803 716 837 plane
724 810 778 829 non
789 803 887 829 admit-

99 847 138 877 tit,
151 847 284 882 quidquid
300 848 407 876 tandem
425 849 449 876 ei
461 849 618 877 solvettdunt
633 849 679 876 sit.
692 849 729 876 De
754 849 886 883 ipcrperis

944 248 1070 283 ponderis
1083 249 1214 275 rationi-tn
1235 248 1261 275 in
1278 249 1367 282 aspris
1380 248 1435 282 jant
1466 247 1656 282 exposuimus.
1685 249 1726 278 An

943 301 1008 320 vero
1025 293 1169 321 Turcicum
1185 294 1298 328 antiquo
1311 293 1423 328 ponderi
1438 293 1532 321 Gnaeo
1554 294 1724 328 respondeat,

943 339 1084 373 disputare
1100 347 1173 366 nunc
1191 340 1285 372 religio
1296 344 1348 372 est,
1363 346 1395 366 ne
1408 339 1503 366 lectori
1522 339 1636 366 nimiunt
1653 340 1727 367 velut

943 391 1018 414 extra
1037 391 1123 414 metas
1142 387 1263 421 vagando
1275 386 1380 413 molesti
1409 387 1504 413 simus.
1537 386 1635 413 Scaclti
1667 394 1728 421 per-

943 441 1024 467 quam
1043 433 1198 468 frequentes
1216 433 1240 459 in
1255 432 1354 460 Tureia
1373 437 1435 459 sunt
1449 433 1501 460 hoc
1519 437 1650 467 tempore,
1667 440 1726 459 mo-

944 484 1005 506 neta
1022 479 1120 506 l'ersici
1138 480 1228 506 scaclti
1245 480 1301 506 sive
1317 479 1399 513 regis.
1418 479 1489 506 unde
1502 487 1600 506 nomen
1617 479 1726 512 habent,

943 524 1095 552 Turcorum
1113 526 1199 552 hostis
1220 526 1373 552 accerrimi.
1392 523 1495 560 Singuli
1525 525 1615 553 valent
1628 533 1726 559 aspros

943 569 1078 598 Turcicos
1095 575 1167 597 octo.
1197 570 1331 597 Snltanini
1360 578 1391 596 ex
1411 577 1478 596 auro
1491 574 1563 602 sunt,
1591 571 1726 603 quondam

943 615 1070 648 appellati
1087 615 1208 642 Soltlani.
1225 615 1269 642 Sic
1286 615 1357 642 enim
1377 617 1446 649 apud
1461 615 1649 643 Belvacensem
1669 616 1728 643 loco

940 663 995 694 jam
1012 661 1130 688 indicato
1144 661 1436 696 legimus,argentaria>
1446 662 1562 689 fructum
1577 663 1603 689 in
1619 662 1726 690 Lebcna

943 706 1006 742 (non
1024 708 1146 742 procula
1162 708 1297 744 Sebastia)
1328 709 1411 736 fuisse
1440 714 1495 737 tres
1517 715 1591 737 rotas
1622 711 1727 744 argenti

941 753 1075 785 depurati,
1092 753 1145 780 hoc
1159 759 1211 782 est.
1224 754 1274 780 tria
1289 754 1372 781 millia
1389 755 1576 782 soldanorum.
1598 755 1726 790 Ejusdem

942 807 1003 825 cum
1026 799 1146 826 soldanis
1163 805 1240 826 erant.
1255 804 1310 826 tum
1326 802 1464 835 ponderis,
1478 807 1533 829 ttttn
1560 803 1651 837 pretii,
1679 804 1725 837 qui

940 845 1095 873 Grecorum
1113 846 1307 881 imperatorum
1320 848 1487 882 temporibus
1501 847 1728 883 Byzantii‘nomi-

98 893 262 920 observanda
276 897 392 929 primum
404 895 498 922 vltiosa
507 896 653 930 scriptura.
666 895 724 922 Non
733 896 805 922 enim
818 896 887 929 iper-
903 898 923 924 Β
940 893 1074 920 nabantur
1086 914 1094 925 ,
1110 899 1136 921 ct
1149 894 1289 929 Byzantini
1310 903 1318 923 :
1336 896 1502 923 characteris
1521 897 1652 924 duntaxat
1681 904 1726 923 ra-

101 947 159 972 pera
172 941 253 967 scribi
269 941 377 974 deltent,
393 942 439 969 sed
456 942 617 977 ltyperpyra.
637 942 784 976 Pulologus
798 948 890 969 noster

98 986 237 1022 ltyperpyri
248 994 340 1015 vocem
350 988 438 1015 habet.
451 988 556 1016 Manuel
568 989 696 1016 Musicius
702 989 888 1022 Atheniensis,

99 1027 280 1068 interrogatus
298 1041 312 1060 a
329 1041 372 1061 me
400 1035 496 1069 quanti
511 1035 811 1069 putaretaestimandum
840 1035 889 1070 Ity-

98 1081 464 1114 perpyronzresponbebat,
499 1082 696 1116 propemodum
727 1089 776 1115 par
808 1082 888 1115 hujus

99 1126 215 1159 pretium
225 1134 286 1153 esse
299 1127 422 1153 marcelli
430 1128 549 1161 argentei
560 1127 652 1154 Veneti
666 1127 763 1161 pretio.
773 1127 887 1160 Quidam

99 1170 190 1198 italico
201 1179 311 1199 nummo
330 1171 401 1199 Julio
414 1177 507 1207 putant
520 1175 692 1208 aequandum.
705 1172 835 1207 Equidem
845 1182 889 1200 ac-

98 1223 189 1245 curate
199 1219 312 1253 pretium
323 1225 484 1254 supputans,
497 1219 668 1255 hyperpyron
677 1221 785 1249 invenio
797 1222 887 1249 valere

99 1269 193 1290 navem
203 1265 339 1292 cruciatos
356 1272 403 1292 seu
415 1271 610 1300 quurantanos.
627 1266 724 1294 Incohe
735 1267 826 1301 Cyprii
843 1275 886 1293 re-

98 1309 140 1344 gni
150 1310 325 1345 prius,quatn
336 1310 515 1337 Barbarorum
525 1311 647 1338 subirent
655 1312 757 1346 jngum,
769 1312 795 1338 in
807 1313 887 1347 quin-

97 1363 149 1390 que
156 1355 262 1383 diversa
272 1357 412 1384 hominum
420 1365 516 1392 genera
527 1357 773 1385 distribuebantur.
783 1357 884 1385 Horum

97 1402 288 1434 aliisomissis.
306 1403 377 1438 quod
395 1404 456 1431 huic
482 1404 606 1431 instituto
631 1409 723 1432 nostro
758 1406 885 1440 quadrat,

97 1456 239 1483 exponant.
255 1448 340 1475 lnlimi
351 1448 457 1483 generis
465 1450 668 1483 appellabantur
678 1449 779 1481 I’ariki,
791 1451 885 1478 condi-

99 1494 181 1521 tionis
191 1495 317 1522 ltomines
332 1495 449 1527 servilis,
468 1503 556 1530 usque
569 1495 637 1522 adeo
667 1495 787 1524 dominis
814 1498 884 1524 obli-

96 1540 151 1574 gati
170 1541 365 1573 propemodum
381 1545 410 1566 ut
437 1539 498 1566 vita:
513 1541 641 1574 necisque
661 1545 821 1575 potestatem
857 1543 882 1568 in

96 1594 143 1614 eos
154 1586 294 1613 haberent.
307 1585 409 1613 Nomen
425 1587 513 1620 ipsum
533 1586 634 1619 Pariki,
648 1586 747 1614 Graeca:
770 1588 884 1622 originis

95 1638 148 1661 cst.
163 1633 231 1659 Nam
249 1633 376 1667 πάροικοι
388 1633 520 1659 dicuntur
532 1632 644 1665 Graecis,
663 1633 735 1661 sicut
753 1639 779 1661 et
798 1633 885 1661 Justi-

97 1681 180 1707 niatto
194 1679 316 1714 Augusto
333 1679 498 1714 παροικικὸν
512 1680 638 1714 νόμιμον,
654 1679 698 1713 jus
713 1681 883 1707 colonariutn

95 1732 150 1755 est.
165 1727 319 1753 Secundum
335 1727 384 1753 hos
401 1726 516 1760 proximi
539 1728 709 1753 vocabantur
721 1727 801 1761 vulgo
823 1725 885 1753 Let'~

95 1772 219 1807 teri,qui
239 1771 348 1807 quidem
360 1776 387 1799 et
399 1771 450 1806 ipsi
471 1770 630 1798 Paricorum
647 1779 693 1799 seu
722 1773 883 1799 colonorum

93 1824 176 1847 erant
191 1826 206 1845 e
226 1825 351 1850 numero,
366 1817 414 1845 scd
424 1817 470 1852 qui
487 1817 526 1845 vel
540 1817 735 1846 interveniente
758 1819 883 1852 pecunia,

94 1865 138 1893 vel
164 1865 252 1900 gratia
280 1864 463 1896 dominorum,
490 1865 532 1890 vel
543 1864 595 1890 alia
611 1864 727 1898 quadam
751 1865 795 1891 via
816 1863 883 1892 libe-

94 1917 198 1940 rtatem
214 1914 435 1946 impetraverant,
447 1911 555 1938 diVersa
567 1914 657 1937 tamen
674 1911 787 1938 ratione.
798 1910 885 1946 Quip-

93 1967 129 1995 pe
145 1959 270 1987 nonttulli
283 1959 406 1986 absolute
420 1957 496 1984 liberi
509 1956 712 1988 adiciebantur,
738 1964 800 1983 cum
827 1956 884 1989 alii,

93 2005 234 2039 personali
247 2005 382 2032 duntaxat
397 2003 522 2030 libertate
535 2003 624 2037 potiti,
636 2003 722 2029 nihilo
738 2002 827 2029 minus
840 2010 884 2029 re-

92 2060 158 2081 runt
173 2059 286 2080 suarum
303 2052 412 2077 nomine
427 2050 548 2077 dominis
559 2054 653 2076 essent
667 2049 795 2083 obligati;
809 2053 884 2083 puta.

91 2099 245 2134 quotannis
259 2103 288 2126 ut
303 2097 437 2124 solverem
450 2096 618 2131 principibus
633 2100 681 2123 aut
694 2096 830 2124 nobilibus
847 2097 886 2121 vi-

92 2149 145 2178 ris.
165 2145 323 2180 quindecim
340 2144 381 2171 vel
394 2144 544 2174 sexdecim,
557 2143 617 2177 plus
637 2148 684 2170 aut
695 2142 798 2174 minus,
825 2149 886 2176 per—

91 2201 164 2228 pyra
182 2193 232 2228 (sic
253 2192 325 2219 enim
339 2194 466 2224 corrupte
479 2188 623 2223 vocabant)
636 2188 716 2222 cujus
726 2187 752 2214 itt
763 2189 886 2222 perpyris

942 939 1017 966 tione
1031 940 1144 968 diversi.
1159 941 1346 968 Consimiliter
1359 946 1386 969 et
1399 942 1549 975 seraphini,
1572 950 1643 978 quos
1671 943 1727 978 pri-

941 994 1003 1013 mus
1017 994 1050 1013 ex
1067 988 1188 1014 soldanis
1203 987 1338 1022 .IEgyptiis
1354 987 1474 1022 signavit
1484 988 1697 1023 lllelerltseraph.
1711 997 1725 1016 a

941 1040 995 1066 quo
1013 1041 1110 1060 nomen
1120 1034 1200 1060 etiam
1213 1034 1265 1061 ltoc
1278 1034 1418 1061 consecuti
1435 1040 1507 1061 sunt.
1519 1034 1727 1069 CltrysiniGrae-

941 1080 981 1106 cis
991 1087 1006 1106 a
1017 1080 1114 1115 chryso
1127 1080 1266 1112 dicuntur,
1277 1085 1306 1106 ut
1316 1080 1349 1106 ab
1359 1088 1427 1107 auro
1441 1081 1519 1107 nobis
1534 1082 1610 1108 aurei
1630 1090 1636 1108 :
1652 1083 1725 1116 quod

941 1125 1037 1152 imitati
1047 1125 1140 1158 Turci,
1150 1134 1214 1153 suos
1223 1127 1279 1153 sive
1291 1127 1415 1158 ducatos,
1425 1127 1496 1161 quod
1512 1135 1610 1153 nomen
1634 1135 1648 1154 a
1674 1127 1726 1154 Vc-

940 1176 1063 1198 netorunt
1074 1171 1188 1198 ducibus
1198 1171 1348 1207 profectum
1358 1172 1487 1204 arbitror,
1496 1173 1553 1199 sive
1560 1173 1725 1205 sultaninos,

939 1218 973 1244 ab
986 1218 1076 1245 Altum
1101 1224 1265 1246 vocaverunt
1283 1219 1425 1246 Altumlcr.
1438 1219 1635 1254 Cltrysinorum
1662 1221 1724 1255 qui-

939 1265 999 1291 dem
1018 1265 1044 1291 itt
1062 1265 1163 1299 aliquot
1173 1264 1274 1292 Graecis
1288 1270 1314 1292 et
1323 1265 1451 1292 Asiaticis
1461 1267 1644 1293 monumentis
1655 1268 1726 1293 anti-

938 1310 1000 1344 quis
1010 1317 1107 1337 nonten
1118 1311 1336 1343 observavimus,
1347 1318 1406 1345 quat
1415 1311 1593 1345 alio_lectores
1605 1311 1722 1339 habituri

938 1357 998 1383 loco
1016 1362 1090 1383 sunt.

973 1401 1049 1433 Quod
1068 1400 1217 1436 Aigyptias,
1235 1402 1374 1433 Arabicas,
1393 1402 1575 1437 Syriacasque
1601 1408 1725 1437 monetas

936 1447 1042 1478 attinet,
1068 1448 1162 1473 harum
1182 1455 1289 1482 quoque
1317 1456 1390 1475 nunc
1419 1454 1522 1476 mutata
1538 1450 1627 1477 ratio:
1656 1451 1727 1478 sicut

936 1501 969 1520 ex
987 1495 1036 1519 ttae
1051 1493 1256 1528 consignatione
1271 1494 1302 1521 D.
1317 1493 1474 1530 llteronymi
1492 1495 1562 1522 Beck
1579 1503 1592 1522 a
1611 1495 1726 1531 Leopol-

936 1539 1024 1566 datori
1040 1539 1190 1578 viderecst,
1205 1540 1251 1574 qui
1269 1541 1353 1575 pretia
1371 1540 1541 1575 singularum
1567 1543 1681 1573 notavit,
1698 1548 1727 1570 nt

935 1591 1012 1613 erant
1023 1594 1094 1616 anno
1108 1586 1187 1618 l551,
1199 1594 1259 1613 cutn
1272 1587 1331 1614 illas
1343 1592 1429 1615 terras
1444 1590 1632 1623 perlustraret.
1643 1589 1725 1620 Zibit.

934 1633 1016 1668 406
1038 1633 1100 1660 terei
1122 1634 1263 1661 nuntmuli‘
1276 1635 1425 1670 perexigui,
1443 1637 1519 1669 signa
1543 1637 1633 1672 potius
1651 1643 1726 1668 sunt,

936 1689 1017 1714 quant
1032 1685 1149 1707 moneta.
1166 1680 1224 1708 Duo
1235 1682 1324 1709 valent
1339 1690 1422 1709 unum
1440 1683 1540 1715 Direm,
1558 1685 1603 1718 qui
1621 1691 1647 1711 et
1662 1685 1721 1719 ipsc

935 1735 1065 1755 nummus
1088 1733 1130 1755 est
1153 1735 1252 1756 terens.
1282 1729 1339 1756 Duo
1356 1729 1444 1756 Direm
1460 1730 1550 1757 valent
1569 1730 1724 1758 Nuccarunt

936 1781 1033 1804 ttnutn,
1051 1773 1097 1807 qui
1114 1780 1242 1800 nummus
1257 1779 1299 1800 est
1309 1781 1397 1801 atreus
1419 1775 1517 1809 major,
1538 1783 1601 1803 cum
1626 1777 1726 1803 litteris

935 1818 1070 1846 Arabicis.
1083 1818 1198 1846 Nuccari
1209 1824 1325 1854 quatuor
1338 1819 1428 1846 valent
1440 1821 1609 1848 nummulum
1626 1829 1708 1857 argen
1719 1837 1726 1842 -

936 1869 1021 1896 tcum,
1032 1871 1114 1898 quem
1128 1863 1232 1891 Arabes
1244 1864 1424 1898 Osmannnm,
1440 1865 1521 1892 Turei
1535 1867 1618 1900 Aclts,
1636 1867 1723 1895 Grzeri

935 1909 1041 1944 Aspron
1051 1915 1158 1937 vocant.
1167 1910 1281 1937 Nuecari
1295 1918 1341 1938 sex
1355 1911 1460 1939 faciunt
1471 1919 1611 1939 nummum
1627 1921 1724 1948 argen-

934 1959 1009 1982 teum
1019 1955 1296 1991 majusculum,quem
1307 1956 1454 1984 Maidinum
1465 1958 1504 1985 vel
1514 1958 1620 1985 Cottam
1634 1960 1722 1986 uomi—

936 2008 1013 2030 nant.
1029 2002 1164 2030 Maidinus
1178 2003 1218 2030 vel
1230 2003 1318 2035 Catta,
1332 2003 1501 2030 Osmannunt
1511 2012 1595 2031 unum
1611 2013 1672 2032 cum
1684 2005 1726 2032 di-

937 2049 1020 2076 midio
1031 2050 1104 2082 facit,
1113 2054 1138 2076 et
1146 2055 1263 2084 quatuor
1275 2049 1435 2078 Marcltettts
1443 2049 1552 2078 Venetis
1560 2052 1724 2084 aestimatur,

935 2095 979 2122 vel
998 2101 1061 2122 octo
1076 2095 1178 2122 Bezziis
1196 2096 1254 2122 sive
1272 2096 1357 2130 nigris
1384 2097 1533 2123 nummulis
1544 2096 1725 2129 Germanicis,

936 2149 1052 2177 quorum
1069 2147 1124 2169 tres
1152 2142 1301 2169 coniiciunt
1320 2150 1401 2169 unum
1421 2143 1584 2171 cruciatum.
1615 2143 1723 2175 Scaclti,

936 2189 1054 2221 majores
1069 2188 1189 2222 argentei
1214 2187 1329 2220 nummi,
1350 2195 1465 2221 quorum
1482 2189 1582 2224 singuli
1607 2194 1741 2225 quatnm'_

91 2239 274 2267 numeranda:
291 2237 413 2272 pecunia:
445 2231 539 2266 causa,
565 2235 728 2269 Perpyriarii
756 2234 884 2260 diceban-
901 2240 922 2267 ι)
938 2233 1091 2264 maidinos;
1111 2233 1204 2259 decem
1224 2241 1299 2266 vero,
1319 2233 1467 2260 Turniennt
1483 2242 1598 2261 aureum
1622 2236 1722 2262 valent.

91 2290 154 2312 tur.
189 2285 331 2319 Agnoscit,
355 2282 462 2316 opinor,
488 2288 568 2308 voces
591 2281 675 2306 lector
711 2279 884 2312 depravatas,

90 2340 160 2359 cum
175 2336 203 2358 et.
218 2332 368 2365 ltyperpyra
386 2329 438 2355 dici
457 2328 582 2359 debeant,
602 2331 629 2353 et
655 2326 806 2358 Eleutlteri,
839 2324 886 2359 qui

92 2377 177 2405 liberi
194 2382 270 2409 sunt,
281 2381 308 2402 et
323 2374 527 2410 Hyperpyrarii,
541 2372 586 2406 qui
601 2371 723 2406 singulos
743 2372 769 2397 in
800 2378 886 2397 annos

93 2426 253 2459 ltyperpyra
273 2423 393 2448 solvunt.
413 2421 441 2447 si
456 2421 517 2454 quis
528 2420 646 2453 denique
659 2418 773 2452 pretium
787 2419 887 2451 hyper—

92 2477 230 2505 pyroruut
248 2475 416 2502 cognoscere
430 2467 516 2500 cupit,
544 2466 682 2499 expendat
710 2464 765 2490 inec
795 2463 887 2489 Briva-

89 2516 190 2542 consis
209 2514 302 2542 verba.
315 2513 349 2539 de
365 2512 426 2538 libri
444 2520 507 2544 xxx,
518 2511 605 2545 capite
620 2510 683 2537 M3:
705 2517 714 2534 ι
732 2508 815 2535 Terra
830 2507 888 2534 Sul—

90 2561 163 2587 dani
176 2561 283 2587 valebat
302 2560 326 2586 ei
339 2559 459 2594 quotidie
483 2557 588 2584 £00000
613 2557 747 2591 iperpera.
764 2564 772 2579 ι
795 2555 820 2580 id
847 2559 889 2580 est

90 2607 189 2635 57000
205 2613 311 2633 marcas
327 2605 432 2639 argenti
449 2613 457 2636 ;
473 2606 518 2631 sed
534 2604 609 2638 prius
622 2603 764 2636 scripturae
792 2600 889 2627 tollen‘

89 2654 165 2681 dum
177 2653 284 2684 vitium,
300 2655 330 2678 nt
341 2659 389 2686 pro
401 2650 487 2678 57000
501 2649 600 2677 marcis
611 2649 726 2683 argenti.
741 2647 811 2675 5700
821 2655 891 2674 utar-

89 2707 144 2727 cas
180 2705 358 2733 reponamus.
387 2696 421 2723 Et
438 2696 524 2723 nihilo
553 2696 643 2722 minus
659 2695 715 2721 haec
729 2694 786 2728 ipsa
813 2702 889 2721 sunt-

92 2754 144 2773 ma
160 2749 308 2779 proventus
320 2742 471 2778 quotzdiani
497 2747 571 2768 tanta
596 2741 704 2768 videtur
727 2748 798 2772 esse,
822 2747 891 2774 pene

91 2793 182 2818 ﬁdem
205 2796 235 2816 ut
250 2791 348 2817 mereri
364 2792 491 2822 nequeat.
511 2788 563 2814 Sed
575 2787 648 2814 enim
663 2785 829 2820 pergendum
855 2785 888 2812 ad

91 2838 166 2865 alia.
184 2837 269 2870 Quam
285 2837 404 2862 diximus
428 2833 561 2863 tit-auiam,
594 2840 644 2867 pro
667 2833 734 2859 certi
762 2832 890 2865 ponderis

92 2885 174 2918 apud
188 2883 293 2910 'l‘nrcos
310 2889 421 2908 nomine
438 2881 521 2907 lector
536 2880 662 2913 accipiat,
677 2879 749 2913 quod
778 2875 889 2913 quidem

267 2928 288 2956 1'
295 2936 403 2957 unoL.
420 2927 477 2955 Gtt.
499 2925 601 2956 CLlX.

938 2279 1039 2311 Altum,
1079 2287 1180 2306 aureus
1215 2278 1372 2312 Turcicus,
1406 2281 1511 2306 valebat
1541 2281 1566 2307 id
1593 2282 1724 2315 temporis

937 2325 1117 2360 quadraginta
1135 2325 1277 2355 tnaidinos.
1293 2325 1332 2352 vel
1365 2334 1458 2360 aspros
1473 2327 1623 2361 sexaginta.
1639 2327 1725 2354 Coro-

937 2371 994 2398 nati
1009 2371 1083 2397 aurei
1099 2371 1214 2405 pretium
1229 2376 1286 2397 erat
1324 2372 1433 2397 .naidini
1456 2373 1565 2406 triginta
1591 2372 1724 2407 quinque.

939 2415 1039 2442 Horum
1056 2423 1119 2441 vero
1135 2423 1216 2449 quant
1235 2424 1305 2442 nunc
1321 2417 1376 2442 sint
1394 2422 1472 2443 aucta
1502 2417 1599 2450 pri-lia,
1629 2417 1722 2451 deple-

939 2461 1056 2488 itendere
1070 2462 1156 2488 lector
1170 2469 1202 2487 cx
1217 2463 1341 2494 superius
1356 2461 1480 2488 indicatis
1495 2467 1594 2495 potest.

975 2506 1068 2534 Obiter
1101 2508 1219 2542 denique
1250 2509 1313 2535 huic
1342 2509 1516 2542 cxplicationi
1542 2510 1576 2536 de
1604 2511 1723 2537 monetis

941 2554 1117 2588 adjungitor,
1154 2554 1276 2580 sulianos
1314 2553 1465 2581 Turcorunt
1500 2561 1553 2581 tam
1600 2557 1626 2582 in
1657 2556 1724 2590 ipsis

940 2600 1071 2635 auspiciis
1110 2600 1237 2634 imperii.
1275 2601 1504 2633 quemadmodum
1532 2601 1724 2636 Spandtrgitns

940 2646 1077 2674 memoriae
1109 2647 1236 2681 prodidit,
1258 2654 1339 2680 quam
1368 2646 1491 2674 victoriis
1521 2649 1620 2681 potitos
1666 2647 1726 2674 illn-

941 2694 1053 2724 stribus,
1069 2698 1115 2720 aut
1139 2693 1210 2720 natis
1230 2692 1385 2719 lncredibus
1402 2693 1529 2722 masculis
1542 2694 1723 2723 exsultantes,

942 2740 1014 2767 sicut
1041 2740 1068 2767 in
1094 2740 1237 2766 annalibus
1271 2739 1346 2767 hisce
1373 2740 1475 2767 nostris
1516 2740 1614 2774 passim
1635 2739 1723 2765 attint-

942 2786 1082 2813 advertere
1098 2787 1170 2814 licet.
1188 2793 1283 2820 aspros
1296 2794 1380 2813 novos
1394 2786 1502 2820 signare
1521 2785 1628 2812 solitos.
1646 2785 1723 2816 Quod

942 2831 1049 2866 quidem
1075 2832 1118 2858 ubi
1138 2831 1239 2857 factum
1254 2838 1305 2864 est,
1323 2839 1401 2857 usum
1428 2838 1569 2865 asprorutn
1601 2835 1723 2857 veterum

945 2877 1092 2904 interditto
1126 2877 1262 2911 publicato
1301 2877 1464 2911 prohibent.
1496 2877 1666 2910 Quapropter
1692 2876 1725 2901 ab

1493 2921 1530 2950 2’4»
