1963 3067
228 129 280 159 747
844 129 1003 160 JOANNIS

1030 131 1256 161 LlilINL‘LAVIl
1793 133 1849 164 748‘

227 187 354 213 omnibus
388 186 420 212 ad
453 186 490 211 rei
512 184 669 211 monetariaz
684 184 827 218 pra-[celos
849 185 1009 212 deferuntur
1023 191 1047 219 Α
1062 186 1116 213 lum
1129 187 1273 221 signiﬁcat.
1286 186 1355 213 Sunt
1370 192 1459 214 autem
1472 187 1538 222 ipsis
1551 187 1610 215 loco
1624 188 1846 216 vexillornmsire

228 239 344 264 veteres,
378 240 408 259 ac
432 239 480 266 pro
496 230 627 257 duodecin
659 231 794 258 veteribus
817 231 890 265 aspri
913 231 1006 258 decem

229 280 291 306 novi
307 279 449 305 solvuntur
466 285 473 304 :
487 277 520 303 de
536 284 589 311 quo
606 284 670 303 sane
684 277 788 303 lucrum
809 278 923 303 sultaiiis
939 277 1008 303 hami

230 325 356 359 exiguum
371 322 502 358 provenit.
514 322 690 356 lnquisrtores
699 321 779 348 etiam
792 323 1009 354 constituuntur,

230 372 278 405 qui
294 379 327 397 an
344 369 426 404 aliqui
445 375 549 395 veteres
573 376 667 402 aspros
684 368 826 397 retineant.
852 369 1009 397 observent.

231 416 263 443 lli
297 416 378 442 variis
411 420 524 440 utuntur
541 414 707 447 ,i'raudilius,
737 420 763 441 ct
780 415 863 441 multa
888 416 1011 449 nequiter

230 462 414 489 committunt.
432 459 496 494 Ejus
512 463 601 485 autem
629 459 695 486 lucri
718 467 801 486 causa
829 459 1011 491 Muchemetes

231 506 388 538 secundus,
419 506 464 540 qui
491 505 755 538 Consmntinopolim
774 505 856 539 cepit,
885 506 1011 540 singulis,

230 552 416 589 decempannis
430 558 526 585 asprus
539 551 662 584 signabat
675 557 769 577 novos.
787 550 912 577 Fortasse
922 556 1011 578 tamen

231 600 283 626 hoc
314 600 397 627 etiam
415 598 511 624 iecisse
538 597 621 623 videri
650 597 735 630 possit
764 598 797 622 ad
832 596 1012 624 imitationem

229 643 552 685 antiquitatisRomanae.
574 642 652 675 cujus
682 641 709 668 iu
735 642 906 668 uumisuiatis
933 642 1016 669 toties

230 697 272 720 cst
284 691 402 726 reperire
412 694 474 719 vota
487 688 656 720 decennalis,
670 688 832 720 vicennalia,
843 687 1013 715 tricennalia.

231 737 287 765 Νοιι
303 735 511 777 enim‘dubium
538 738 589 767 est,
613 733 810 760 Muchsmctem
851 734 1013 763 secundum.

229 791 311 819 quem
331 782 462 814 diximus,
489 780 561 807 velut
578 780 604 806 in
620 779 679 813 ipso
695 785 883 806 successorem
901 779 1014 813 imperio

229 830 313 856 inulta
322 827 416 863 priscis
424 828 449 854 in
459 826 599 861 Augustis,
609 833 678 860 quos
688 833 736 860 pro
744 824 937 851 decessoribus
958 824 1014 851 suis

229 876 368 907 nubebat,
393 882 424 901 ex
448 872 597 900 ambitione
609 872 725 906 quadam
744 870 867 897 miliulari
883 870 1013 898 voluisse.

408 929 611 964 19.Sugutzuc,
636 927 721 959 σει-ιε,
756 917 827 958 Boii.

268 976 336 1003 Dicit
351 979 446 1002 auctor
459 974 598 1001 annalium
616 973 767 1000 existimari
778 973 867 1008 vulgo,
881 971 1015 1007 sepultum

229 1021 376 1048 Osnianem
402 1019 435 1046 ad
471 1018 619 1053 Sugutzuc,
641 1018 686 1051 qui
711 1017 788 1044 locus
814 1026 829 1044 a
853 1018 937 1044 salice
967 1025 1015 1044 no-

232 1075 292 1095 men
311 1067 417 1094 liulieat.
433 1066 533 1092 Narrat
552 1069 641 1091 autem
668 1063 815 1095 Laouirus,
840 1072 900 1091 esse
925 1063 1014 1090 vicum

227 1114 305 1150 juxta
329 1113 454 1149 Mysiam,
480 1119 559 1146 quem
580 1110 675 1137 incola:
697 1109 826 1144 Sogutam
845 1114 951 1142 vocent,
971 1109 1016 1136 ubi

228 1163 328 1188 ﬂumen
354 1159 389 1186 sit
405 1157 525 1192 ejusdem
545 1157 673 1184 numinis.
704 1156 733 1183 In
768 1156 821 1183 hoc
848 1156 907 1183 vico
937 1156 1018 1183 tradit.

231 1203 386 1242 aliquandiu
402 1204 541 1232 habitasse
556 1204 683 1237 Oguzios,
699 1208 726 1229 ct
749 1202 837 1236 ipsum
856 1201 1016 1229 Otlnuauem

230 1253 397 1281 domicilium
414 1251 514 1278 ibidem
529 1249 668 1276 habuisse.
686 1249 834 1275 Putabatur
852 1248 934 1282 igitur
953 1248 1015 1274 istic

230 1300 372 1330 conditus,
400 1298 445 1324 ubi
471 1297 631 1332 plerumque
656 1295 756 1330 degere
786 1295 881 1322 solitus
917 1293 1016 1320 fuerat.

230 1346 313 1372 Addit
336 1345 429 1373 etiam.
455 1349 536 1377 posse
561 1341 654 1367 locant
674 1340 803 1374 appellari
831 1339 920 1365 virum
937 1338 1016 1365 luere.

232 1392 278 1418 Sic
301 1390 373 1417 enim
398 1388 484 1416 reddit
510 1387 654 1420 interpres,
680 1393 773 1413 secum
799 1385 826 1412 in
845 1393 964 1412 errorem
991 1389 1018 1411 et

230 1438 299 1464 alios
314 1435 461 1470 abripiens.
478 1433 537 1460 Non
552 1434 623 1459 enim
649 1432 727 1464 ltarae,
744 1432 790 1459 sed
812 1431 904 1458 salicis
929 1431 1017 1458 vicum

232 1484 321 1510 dicere
349 1481 489 1512 debuerat,
513 1487 572 1513 qua:
587 1478 688 1505 Griccis
712 1480 772 1505 itaea
807 1483 930 1504 vocatur.
952 1477 1018 1504 Ger-

232 1528 314 1561 mani,
330 1534 446 1562 quorum
471 1525 564 1560 lingua
578 1524 773 1559 componendis
798 1524 953 1550 nominibus
970 1531 1017 1558 per

230 1579 273 1601 est
311 1574 430 1603 idonea,
464 1569 627 1598 Falberdori‘
670 1570 921 1603 interpretarentur.
960 1569 1013 1597 Sed

230 1619 390 1651 notandum,
411 1625 426 1644 a
445 1617 561 1644 Laonico
574 1621 635 1651 post
666 1614 773 1650 Sogutze
794 1623 897 1648 vocem,
924 1615 1014 1642 omitti

231 1666 342 1691 alterum
370 1662 512 1690 Turcicam
528 1661 591 1694 Gui,
619 1661 733 1688 duartnn
756 1661 933 1695 syllabarum,
954 1667 1014 1694 quae

233 1713 319 1737 vicum
346 1718 393 1737 seu
419 1716 515 1744 pagum
546 1708 693 1743 signiﬁcat.
710 1706 738 1733 ln
754 1707 898 1733 annalibus
914 1707 1014 1733 nostris

231 1762 369 1791 bugutzug
383 1756 491 1792 legitur,
501 1761 566 1781 voce
581 1752 701 1780 novellas
719 1753 776 1778 sive
794 1758 901 1779 teneras
917 1753 1015 1778 salices

230 1803 410 1839 signiﬁcante,
435 1801 476 1827 vel
496 1799 636 1827 saliceium
673 1798 784 1833 potius:
818 1799 890 1825 sicut
919 1797 1013 1825 iisdem

231 1851 326 1878 Turcis
343 1849 457 1883 Beleng
473 1852 573 1875 tenerae
593 1847 650 1873 sive
669 1845 782 1872 novella:
804 1852 923 1880 quercus
940 1849 1014 1877 sunt,

229 1905 275 1925 aut
299 1901 477 1931 quercetum:
504 1894 574 1928 quod
604 1895 692 1928 ipsum
711 1900 820 1927 quoque
852 1899 950 1918 nomen
973 1896 1016 1919 est

229 1945 319 1979 oppidi
351 1941 499 1973 Anatolici,
528 1940 606 1975 cujus
635 1940 705 1966 inira
726 1939 849 1968 meminit
875 1939 1014 1965 annalium

228 1996 334 2018 auctor.
350 1989 420 2016 Hinc
433 1987 514 2015 etiam
528 1987 587 2022 pagi
601 1986 766 2020 Osuianzug,
780 1986 820 2012 vel
832 1983 1014 2019 Otiimanzug,

229 2046 326 2065 nomen
353 2036 448 2063 derivo
473 2044 480 2062 :
504 2035 585 2061 veluti
610 2041 665 2068 quo
694 2033 864 2069 signiﬁcetur
888 2032 1016 2059 Osmanis

216 2086 284 2117 sive
300 2083 488 2113 seminarium,
505 2083 561 2109 sive
581 2081 721 2116 plautatio.
740 2081 816 2116 Apud
829 2081 1015 2108 Abraliumum

227 2132 358 2160 Urtclium
376 2130 402 2157 in
420 2129 511 2156 tabula
533 2126 647 2154 Natolia:
674 2126 772 2160 legitur
802 2125 1015 2161 Oilimangiucli,

227 2178 298 2212 quod
325 2176 411 2203 tribus
441 2174 552 2209 syllabis
577 2173 670 2199 Italico
696 2180 771 2199 more
797 2172 1014 2207 pronuntiatum,

215 2220 296 2252 'itlrm
315 2228 355 2249 est
371 2230 433 2249 cum
458 2219 639 2254 0thmanzug.
657 2218 685 2244 ln
703 2218 843 2244 itmerario
869 2217 1013 2252 Busbequii

227 2272 324 2307 legitur
337 2268 505 2300 Otlimanlik,
519 2269 664 2302 deprarate
678 2271 753 2301 puto,
771 2273 831 2293 cum
854 2266 1011 2294 Otmansick

227 2321 268 2346 vel
305 2315 490 2345 Uthuiansuck
516 2315 551 2342 ab
581 2314 639 2348 ipso
664 2315 796 2348 scriptum
817 2342 818 2345 η
837 2313 919 2340 fuerit
949 2323 955 2342 :
984 2319 1012 2341 ut

227 2366 361 2400 posterius
384 2363 434 2391 hoc
470 2361 490 2389 V
515 2361 648 2388 Gallicum
674 2360 784 2391 habent,
808 2359 905 2387 Turcis
929 2363 1010 2388 etiam

227 2417 366 2439 usitatum.
395 2409 514 2444 Longius
539 2409 574 2434 ab
594 2406 698 2440 origine
720 2407 792 2433 vocis
807 2407 947 2439 recedunt,
964 2408 1012 2441 qui

225 2460 349 2489 0tmanic
362 2458 496 2486 scribunt.
528 2455 564 2483 De
587 2454 656 2487 Boii,
694 2458 749 2480 tatu
782 2454 904 2489 regione,
926 2463 1009 2489 quam

224 2507 335 2540 oppido,
374 2511 456 2538 supra
499 2501 760 2528 diximns'numero
795 2501 838 2527 t5.
868 2499 1008 2529 Bellouius

224 2552 350 2586 oppidum
363 2550 460 2584 priscis
482 2547 659 2575 Aboniiichos
684 2546 786 2573 dictum
814 2551 902 2581 putat.
931 2547 1009 2574 Gerle

223 2606 277 2624 nou
304 2596 433 2631 procula
460 2594 519 2620 Boii
546 2593 646 2628 oppido
675 2591 770 2625 distat,
798 2593 845 2620 sed
867 2594 894 2619 in
911 2593 1007 2620 Ortelii

222 2642 327 2670 Natolta
345 2647 411 2676 puto
424 2648 477 2667 nou
491 2644 563 2666 recte
580 2637 664 2665 scribi
690 2637 805 2671 Gercde,
827 2646 876 2673 pro
901 2639 1008 2671 Gerele,

221 2689 294 2723 quod
308 2687 376 2714 idem
391 2692 432 2714 cst
448 2693 509 2713 cum
526 2685 615 2712 Gerle.

220 2745 266 2773 20.
299 2743 423 2778 Smtgiac,
443 2741 557 2778 Suugiac
586 2741 658 2777 Beg,
678 2742 788 2769 Merc/iit
801 2762 810 2776 ,
826 2741 866 2768 vel
894 2740 1004 2773 Manil,

255 2776 378 2811 unum,
408 2780 459 2805 sive
484 2776 581 2811 Zama,
604 2778 724 2810 [τηαν-ει,
743 2778 860 2807 Canrln,
886 2777 1004 2811 Cangri,

255 2816 416 2850 Cliiungare.

254 2874 369 2907 Sangiax:
384 2872 572 2907 dissyllabum,
588 2871 646 2899 sive
658 2870 773 2904 Sunzac,
799 2870 896 2898 Turcis
919 2868 1001 2897 vexil-

1059 233 1197 267 signorum
1213 233 1381 266 militarium,
1405 233 1487 267 globi.
1508 233 1570 260 aerei
1588 233 1723 264 deauratt,
1740 242 1846 261 summo

1059 279 1085 305 in
1111 279 1201 306 hastili
1226 279 1319 306 deﬁxit
1342 288 1347 305 :
1376 279 1570 313 circumplexis
1584 287 1614 306 ac
1631 279 1848 314 dependi-litibus

1060 326 1179 360 umliquc
1193 333 1239 352 seu
1262 326 1377 353 crinium
1403 326 1592 360 colligatorum
1617 326 1771 359 manipulis,
1801 334 1848 352 seu

1060 373 1154 400 caudis
1174 372 1293 407 equinis.
1316 371 1413 399 Vertici
1442 364 1583 406 pomorum
1609 372 1666 398 sive
1694 372 1847 406 globorum,

1058 426 1127 453 quos
1150 418 1278 450 diximus.
1311 426 1507 453 nonnunquam
1549 418 1612 445 luna
1639 426 1767 446 crescens
1796 419 1848 445 im-

1062 465 1182 498 ponitur.
1202 463 1362 499 Hujusruodi
1393 465 1469 498 signa
1499 464 1628 492 militaria
1649 465 1726 499 plura
1751 465 1849 499 gestari

1063 511 1180 538 vidimus
1202 516 1264 537 ante
1288 511 1394 538 bassam
1422 518 1469 538 sou
1493 511 1680 545 bcglerhegum
1707 510 1849 536 Tenicsra-

1064 564 1184 589 rcnscm,
1212 564 1274 584 cum
1301 557 1336 583 is.
1365 556 1444 584 nobis
1478 555 1743 590 Constantinopolim
1773 556 1853 582 ituris

1063 606 1219 628 occurreret
1237 601 1263 628 in
1281 601 1402 636 planitie,
1433 605 1493 635 post
1518 601 1681 629 descensum
1707 609 1720 626 a
1751 600 1853 627 montis

1064 644 1148 672 Hiemi
1169 645 1288 679 clisuris,
1320 653 1373 678 non
1410 646 1504 680 procul
1535 653 1549 672 a
1584 645 1782 676 Tutarbasare,
1806 643 1852 679 qui

1064 692 1140 719 locus
1154 700 1169 718 a
1187 692 1248 718 foro
1266 692 1427 720 'l‘atarorum
1444 699 1542 723 nomen
1571 692 1663 723 habet,
1686 692 1719 718 ad
1744 692 1852 718 tertium

1065 738 1270 773 aPliilippopoli
1309 738 1425 773 lapidem
1455 746 1462 765 :
1490 738 1537 766 ubi
1570 746 1621 766 nos
1645 742 1851 772 praetereuntem

1065 785 1143 820 regio
1171 792 1233 812 cum
1263 785 1405 818 comitatu,
1437 791 1590 820 magnoque
1624 784 1790 814 camelorum
1827 787 1854 809 rt

1066 830 1180 857 aliorum
1207 830 1395 865 jumentoruin
1422 837 1550 860 numero.
1584 828 1762 864 (summarios
1791 836 1852 855 cor-

1031 867 1051 894 B
1065 883 1142 912 rupie
1159 882 1236 905 vocat
1255 877 1438 910 BelvaCensis.
1453 877 1499 912 qui
1514 876 1614 904 Graecis
1640 876 1750 903 samarii
1777 881 1852 906 sunt.

1065 929 1092 951 et
1108 923 1245 958 saguiarii,
1260 928 1287 950 et
1312 921 1481 958 sagniatarii)
1505 922 1634 951 vidimus.
1657 922 1699 949 Ab
1716 923 1758 948 his
1770 923 1854 956 signis

1067 970 1228 998 militaribus
1259 970 1386 997 dicuntur
1423 969 1614 1004 Saugiacbegi,
1650 969 1851 1004 provinciarum

1066 1016 1170 1043 scilicet
1183 1015 1262 1055 407
1280 1016 1418 1050 pnesides,
1434 1015 1492 1045 sive
1513 1021 1641 1050 praetores
1656 1023 1662 1041 :
1676 1014 1722 1049 qui
1738 1022 1800 1041 cum
1819 1015 1852 1041 ad

1066 1062 1254 1097 expeditiones
1289 1061 1479 1096 suscipiendas
1509 1061 1636 1088 mandato
1662 1061 1762 1091 sultani
1790 1069 1854 1088 evo-

1067 1114 1175 1141 cantur,
1197 1113 1295 1136 curaut
1327 1113 1390 1136 ante
1416 1116 1446 1140 se
1470 1108 1579 1143 signum
1603 1109 1747 1142 ejusmodi,
1775 1108 1855 1143 quale

1067 1155 1196 1187 diximus,
1227 1162 1289 1182 cum
1319 1155 1434 1189 strepitu
1462 1146 1666 1190 tympanorum,
1686 1159 1714 1181 ct
1737 1154 1853 1180 aliorum

1068 1200 1324 1234 instrumentorum,
1349 1201 1449 1235 quibus
1477 1206 1590 1229 utuntur
1616 1201 1694 1229 valde
1721 1200 1854 1231 stridulis,

1068 1247 1181 1282 gestari.
1197 1246 1283 1275 Graeci
1303 1246 1449 1274 Turcicuin
1466 1247 1532 1275 illud
1552 1248 1667 1280 Sanzac,
1692 1247 1854 1274 ﬁambarum

1068 1299 1096 1321 et
1118 1293 1274 1321 ﬁuaibnlum
1299 1295 1435 1329 appellant
1461 1303 1470 1322 :
1502 1295 1640 1323 Sauzacos
1660 1300 1762 1327 autem,
1778 1295 1855 1321 ﬂani-

1068 1340 1187 1369 bulares.
1217 1341 1272 1368 Leo
1298 1342 1423 1377 Sapiens,
1452 1341 1520 1377 Imp.
1547 1343 1664 1378 August.
1692 1342 1789 1369 librum
1817 1345 1855 1368 ile

1069 1385 1368 1421 apparatibus‘bellicis
1392 1387 1514 1421 scripsit,
1539 1395 1715 1420 conversum,
1742 1387 1855 1413 liberius

1070 1441 1150 1468 quam
1179 1441 1230 1468 par
1257 1440 1326 1467 erat,
1351 1434 1380 1460 in
1413 1433 1533 1469 linguam
1561 1433 1685 1461 Latinam
1710 1441 1723 1459 a
1750 1433 1855 1461 Joanne

1069 1481 1160 1508 Checo
1185 1480 1284 1516 Anglo,
1313 1489 1394 1515 quem
1422 1480 1546 1508 Gratcum
1583 1481 1725 1508 habemus.
1759 1480 1787 1507 ln
1821 1488 1855 1506 «υ

1029 1541 1050 1569 c
1070 1527 1233 1561 Flauioluni,
1261 1535 1315 1561 quo
1329 1527 1463 1554 Cedrinus
1491 1527 1572 1554 etiam
1596 1528 1691 1559 utitur.
1715 1532 1742 1554 et
1767 1526 1854 1553 forma

1067 1574 1204 1602 deminuta
1217 1573 1432 1606 Flamuliscium,
1449 1579 1476 1601 et
1488 1573 1657 1609 Flamulares
1670 1573 1853 1609 reperiuntur,

1066 1621 1176 1649 nomina
1208 1620 1310 1648 Graecis
1335 1626 1361 1647 et
1385 1620 1512 1648 Turcicis
1537 1621 1612 1648 hisce
1646 1620 1851 1654 respoiidentia.

1065 1667 1123 1694 Non
1154 1668 1226 1694 enim
1253 1672 1354 1694 temere
1384 1668 1486 1695 dictum
1517 1675 1532 1695 ι
1568 1668 1764 1700 nobis,simius
1793 1676 1854 1695 esse

1065 1714 1220 1742 Graecorum
1245 1715 1360 1745 'l‘urcos.
1393 1714 1420 1741 in
1449 1714 1531 1741 rcbus
1557 1714 1701 1749 plurimis:
1736 1716 1856 1742 maxime

1064 1767 1125 1794 qua:
1137 1764 1261 1793 spectant
1276 1760 1308 1786 ad
1326 1759 1413 1786 ollicia
1432 1759 1570 1792 militaria,
1597 1760 1856 1795 provinciarumque

1066 1806 1241 1840 praefecturas
1256 1813 1287 1831 ac
1297 1806 1469 1839 praesidatus,
1483 1810 1511 1832 et
1523 1814 1618 1834 earum
1635 1806 1855 1835 distributiones.

1066 1851 1180 1881 Messitm
1192 1859 1239 1878 seu
1275 1851 1391 1878 lilesaita:
1418 1851 1516 1880 Turcis
1548 1853 1657 1887 proprie
1683 1854 1781 1888 templa
1813 1856 1855 1880 ιι.-

1066 1902 1175 1927 cuntur.
1188 1904 1203 1924 e
1219 1897 1299 1931 lignis
1318 1897 1451 1925 fabricata
1465 1906 1472 1927 :
1484 1899 1575 1933 qualia
1591 1899 1696 1927 scilicet
1707 1901 1741 1926 ab
1752 1901 1793 1927 eis
1804 1908 1856 1926 ex-

1066 1944 1251 1977 struebantur,
1264 1951 1326 1971 cum
1345 1945 1460 1971 necdum
1487 1945 1592 1980 imperi]
1610 1947 1762 1973 crevissent
1776 1954 1853 1981 opes.

1067 1989 1152 2016 Zuma
1180 1997 1243 2017 vero
1265 1989 1356 2025 (cuius
1381 1990 1506 2017 vocabuli
1533 1998 1617 2025 supra
1646 1999 1755 2025 quoque
1783 1993 1855 2019 facta

1067 2035 1118 2063 fuit
1146 2035 1257 2071 mentio)
1285 2036 1414 2071 templum
1437 2035 1573 2071 signiﬁcat
1602 2039 1734 2071 amplum,
1762 2045 1856 2072 operis

1066 2082 1175 2117 lapidei.
1196 2082 1332 2110 Medressa
1347 2082 1412 2117 quid
1436 2083 1484 2115 sit.
1509 2083 1574 2118 quid
1592 2083 1751 2117 lniaretum,
1778 2085 1854 2112 Gau-

1067 2129 1160 2156 derius
1177 2129 1234 2164 ipso
1271 2134 1402 2156 contextu
1445 2130 1582 2164 exposuit.
1605 2130 1741 2158 Nimirum
1767 2139 1854 2158 xeno-

1067 2176 1163 2203 docliia
1179 2180 1252 2208 sunt,
1269 2180 1297 2202 ut
1312 2181 1352 2204 est
1365 2177 1457 2204 videre
1469 2177 1541 2212 apud
1556 2176 1751 2212 Busliequium,
1779 2178 1852 2205 haud

1032 2217 1052 2245 Ι)
1067 2222 1233 2257 ineleganter
1248 2227 1416 2255 constructa,
1431 2223 1544 2258 suisque
1560 2222 1688 2251 distincta
1705 2225 1852 2252 cubiculis:

1065 2269 1092 2296 in
1123 2275 1183 2302 quae
1215 2276 1268 2296 non
1301 2269 1381 2296 modo
1409 2267 1490 2295 Turci
1517 2269 1667 2302 divertunt,
1694 2271 1740 2297 sed
1769 2272 1853 2301 etiam

1063 2315 1124 2341 aliis
1141 2314 1285 2349 quibusvis
1309 2315 1435 2342 homines
1455 2315 1556 2342 addicti
1580 2316 1614 2343 de
1635 2316 1766 2351 religione
1789 2325 1855 2344 seu-

1061 2361 1165 2388 tentiis.
1191 2361 1296 2396 Quippe
1327 2368 1377 2388 nec
1402 2360 1577 2389 Christianus
1617 2362 1778 2397 quisquam,
1803 2371 1856 2391 nec

1061 2408 1180 2439 Judaeus.
1198 2416 1244 2435 seu
1270 2408 1358 2440 dives,
1384 2414 1431 2434 seu
1451 2408 1603 2442 mendicus,
1617 2408 1652 2436 ab
1667 2409 1700 2436 iis
1731 2415 1856 2438 arcetur.

1060 2454 1149 2482 Bassa:
1174 2462 1294 2489 quoque,
1319 2461 1351 2481 ac
1376 2453 1508 2488 sangiaci,
1538 2461 1602 2481 cum
1630 2456 1855 2491 peregrinanti“,

1060 2501 1113 2528 illis
1129 2507 1252 2529 utuntur.
1275 2500 1333 2528 Mos
1350 2500 1387 2528 ita
1415 2500 1467 2528 fert
1496 2500 1664 2534 Turcorum,
1691 2502 1856 2538 utsiugulis

1059 2548 1154 2581 quieo
1181 2547 1326 2578 divertiint,
1357 2545 1449 2573 cibum
1480 2546 1634 2580 praebeant.
1662 2547 1731 2574 Cum
1766 2555 1857 2575 creua:

1061 2599 1166 2626 tempus
1181 2592 1303 2626 appetiit,
1319 2592 1396 2620 adest
1411 2593 1537 2626 minister
1562 2601 1624 2620 cum
1643 2596 1747 2628 ingenti
1764 2595 1858 2631 ligneo

1058 2639 1147 2671 disco,
1167 2639 1225 2673 qui,
1241 2646 1343 2666 mensae
1358 2639 1446 2666 instar
1461 2639 1548 2667 videri
1565 2646 1665 2673 potest.
1678 2639 1736 2668 Hoc
1751 2649 1856 2676 patum:

1058 2685 1150 2720 plures
1176 2685 1365 2717 continentur,
1391 2685 1510 2719 impleta:
1538 2686 1577 2713 vel
1596 2687 1670 2713 oriza
1692 2691 1782 2720 cocta,
1811 2690 1857 2715 \‘cl

1058 2731 1170 2758 decocto
1189 2731 1224 2758 ad
1251 2738 1403 2758 cremorem
1424 2731 1536 2763 hordeo,
1561 2732 1653 2759 addito
1676 2733 1767 2761 carnis
1798 2736 1860 2768 ple-

1058 2785 1171 2812 rumque
1189 2777 1339 2805 vcrvecina:
1364 2777 1463 2804 frusto.
1498 2777 1609 2805 Circum
1636 2779 1743 2813 patinas
1771 2781 1858 2815 positi

1057 2830 1140 2857 panes
1165 2828 1238 2857 sunt,
1263 2828 1290 2851 et
1313 2831 1510 2858 nonnunquam
1540 2825 1643 2860 aliquid
1671 2826 1736 2854 fari.
1764 2828 1861 2855 Sumit

1058 2876 1090 2895 ex
1108 2869 1149 2896 liis
1177 2870 1222 2904 qui
1250 2869 1316 2897 vult.
1345 2869 1383 2897 Ac
1410 2870 1451 2896 las
1479 2875 1521 2897 est
1547 2871 1796 2906 peregrinantibus,
1830 2873 1860 2899 lii
