1963 3067
124 142 180 177 7:9

703 134 902 168 PXNDECTE
919 137 1020 169 HlST.
1043 137 1193 168 TURCIC.

1697 130 1749 161 7ῐο

125 201 194 228 cibis
220 204 277 226 toto
304 197 394 225 triduo
421 195 507 230 gratis
533 194 598 221 frui.
622 191 720 221 Postea
747 193 907 220 mutandum
924 197 1023 224 Arum
1040 193 1195 228 appellatio,
1223 191 1393 227 principibus
1419 191 1485 225 ipsis
1515 189 1749 218 Musulmanorntn

127 246 275 282 hospitium
290 263 297 271 .
316 244 388 271 Sane
412 242 520 269 'l‘urcicl
550 247 678 276 proceres
709 240 835 266 maximis
861 239 912 266 im-

126 294 218 330 pensis
241 297 381 319 exstruere
395 289 556 325 potissimun
578 287 685 314 studettl
708 287 766 313 haec
789 290 912 321 septeni:

126 339 261 370 lllessitas,
287 337 414 368 lntareta,
448 335 550 362 ϐηεείδ
568 331 688 364 Haratia,
705 331 913 364 caravansaria,

126 386 223 413 balnea
249 383 356 418 publica
372 391 380 411 :
401 381 502 416 quibus
516 380 596 407 etiam
612 378 809 414 pulcherrimos
823 377 913 404 fontes

127 432 289 466 adjungunt,
307 429 333 456 in
354 427 471 458 caeteris.
493 426 526 454 ad
553 433 618 453 ustts
638 426 789 457 hominum,
806 424 916 459 jumen-

126 481 219 503 torum
235 475 428 510 quotidianus;
446 473 472 500 in
495 471 615 499 messitis
628 472 660 498 ad
680 471 855 498 lustrationes
872 469 914 496 vel

126 522 281 550 ablutiones
291 519 420 555 quasdam
434 518 602 554 peragentlas
618 518 703 552 prius,
723 523 804 551 qualn
817 515 916 551 templa

116 576 178 596 sua
195 567 253 595 sive
268 566 394 593 messitas
410 565 609 598 ingrediantur.
619 563 667 592 His
680 564 749 591 adde
772 563 915 590 ﬂuminum

128 621 235 651 pontes,
251 619 278 641 et
306 613 364 640 vias
388 613 510 648 publicas
522 634 529 644 ι
559 612 695 647 lapidibus
712 615 811 639 stratas
828 621 836 639 :
857 618 917 646 quae

127 661 238 695 quidem
280 659 372 685 omnia
405 658 517 693 perittde
551 658 709 692 spectabilia
745 662 810 684 sunt
845 657 917 692 apud

127 707 244 737 Turcos,
262 710 289 732 et
304 704 414 736 eximia,
435 705 507 732 sicut
520 704 590 738 apud
608 703 711 739 Anglos
731 703 794 735 ista.
830 711 914 731 versu

127 751 327 786 comprehensa
342 750 428 776 veteri
446 757 454 776 :

169 799 255 829 Mons.
272 803 295 825 ut
317 797 376 830 fons
392 802 415 823 et
432 803 518 830 pons:
539 795 659 828 ecclesia,
677 795 788 829 femina,
807 795 882 822 lana.

167 845 421 879 Propemodumque
457 841 549 869 licebit
581 845 608 868 et
643 841 758 869 Turcica
793 840 917 876 distycho

129 889 275 924 complecti
287 898 293 916 :

186 947 308 981 Messita,
327 947 470 973 muralium
485 954 492 972 :
512 944 734 977 caraaansaraia,
748 943 864 981 lavacra.

184 979 306 1014 Fontesp
321 987 346 1009 et
363 987 453 1016 pontes
471 981 622 1016 ﬂuviorum,
639 984 725 1006 strata
742 979 856 1005 viarum.

168 1029 262 1057 Obiter
277 1029 327 1056 hoc
341 1028 422 1055 etiam
437 1027 519 1059 addo,
536 1025 771 1059 Constantinopoli
790 1024 920 1055 messitis,

132 1083 195 1111 qua:
208 1076 270 1102 istic
280 1081 392 1101 numero
405 1074 466 1108 plus
478 1074 567 1100 minus
581 1071 871 1107 quadringentaesunt,
883 1074 922 1097 tot

132 1121 290 1157 hujusmodi
321 1121 448 1156 adjuncta
473 1127 534 1147 esse
560 1119 694 1146 maratia:
715 1122 746 1144 ut
768 1117 791 1145 si
807 1117 868 1152 quis
895 1117 922 1144 in

133 1175 189 1196 uno
207 1168 325 1195 triduum
343 1168 457 1198 victitet,
483 1173 515 1192 ac
542 1164 640 1192 deinde
657 1168 750 1199 pergat
774 1162 869 1190 ordine
889 1162 922 1189 ad

135 1219 252 1247 caetera,
277 1214 362 1242 totius
401 1213 465 1241 antri
489 1212 578 1247 spatio
605 1210 645 1238 vel
661 1211 779 1238 invisere
807 1212 924 1243 nequeat

135 1261 239 1292 omnia,
254 1260 295 1287 vel
313 1259 435 1288 omnium
453 1257 659 1285 uti‘benelicio.
687 1256 818 1290 Sequitur
842 1255 923 1282 etiam

135 1307 218 1341 paulo
246 1311 307 1342 post
331 1306 404 1333 hunc
428 1305 516 1332 locum
541 1304 569 1330 in
600 1302 743 1330 annalibus
775 1301 925 1335 explicatus

136 1355 310 1381 intaretorum
328 1359 404 1384 usus,
425 1359 486 1379 cum
510 1354 633 1381 narrant,
660 1349 807 1384 ipsummet
824 1347 925 1375 Urcha-

136 1405 199 1426 nem
214 1398 239 1424 in
256 1401 396 1424 exstructo
410 1396 444 1423 ab
462 1403 491 1423 se
516 1396 631 1422 imareto
646 1395 722 1421 cibos
735 1392 922 1420 distribuisse.

172 1443 290 1471 Candrla
323 1442 400 1477 regio
429 1441 481 1468 sita
507 1445 549 1468 est
574 1441 608 1467 ad
637 1439 751 1467 Pontum
778 1439 925 1472 Euxinum,

136 1483 207 1516 inter
221 1488 387 1523 Bithyniam,
402 1491 429 1514 et
445 1487 574 1520 Pontum,
599 1487 651 1514 hoc
674 1489 795 1518 nomine,
817 1485 927 1520 provin-

967 241 1091 267 sultunos
1131 247 1161 267 se
1188 238 1412 269 nominantibus,
1440 239 1478 265 uti
1502 238 1659 272 lreqttenter
1680 236 1750 271 apud

966 292 1110 322 praetorem
1128 290 1249 314 nostrum
1277 285 1369 312 videre
1383 289 1445 312 est:
1473 290 1563 312 tamen
1586 284 1689 311 Grtccis
1711 284 1742 309 vi

966 333 1047 364 ciuis.
1064 336 1092 359 ut
1120 332 1295 365 Christianis,
1314 337 1372 359 erat
1384 330 1551 359 exsecrabile
1567 338 1679 362 nomen,
1704 339 1750 366 qut

966 379 1049 407 verbo
1063 378 1304 405 Musulmanissare
1318 379 1351 405 de
1366 377 1489 405 omnium
1504 377 1665 412 gravissimo
1680 378 1751 411 apud

967 426 1136 454 Christianos
1155 424 1258 459 ﬂagitio
1287 424 1400 452 desertae
1421 424 1561 458 religionis
1587 425 1753 452 utebantur:

967 471 1047 506 cujus
1060 472 1142 499 etiam
1172 472 1225 498 vim
1252 471 1435 503 declat-antes,
1464 470 1536 497 aliud
1554 470 1752 505 magarissandi

966 518 1050 554 m
1064 518 1174 545 verbum
1188 516 1364 548 adhibebant,
1388 515 1459 551 quod
1475 516 1609 551 signitiCat
1635 521 1756 543 stercore

970 563 1074 591 faciem
1089 570 1282 597 conspurcare.
1300 561 1454 594 ‘Cedriuus,
1485 561 1586 596 aliique
1610 561 1757 596 scriptorcs

971 610 1106 642 historiae,
1133 617 1194 637 cum
1220 609 1253 636 iis
1275 608 1322 643 qui
1349 607 1394 641 jus
1421 608 1584 634 canonicum
1610 607 1757 635 Orientalis

972 657 1102 684 Ecclesia!
1123 660 1286 688 tractarunt,
1328 661 1444 690 utroque
1461 660 1588 682 utuntur.
1618 654 1758 682 Osmanici

970 708 1060 731 tamen
1100 703 1227 730 aﬂ'ectant
1257 703 1327 730 hanc
1352 703 1571 738 appellationem,
1601 708 1629 729 et
1652 701 1758 728 Turcos

971 750 1064 777 sedici
1082 750 1189 777 nolunt.
1205 749 1263 781 Quo
1278 749 1311 776 de
1322 749 1455 776 vocabulo
1468 749 1559 776 facere
1568 757 1621 776 nou
1635 756 1756 781 possunt.

970 797 1036 831 quin
1067 795 1183 831 Philippi
1207 796 1317 823 Μυτιιωὶ
1341 797 1503 824 sententiam
1541 803 1685 830 exponant,
1723 803 1756 821 ex

972 843 1041 870 libro
1051 839 1110 876 eius
1119 842 1220 870 Gallice
1229 842 1340 877 scripto,
1356 843 1390 870 de
1401 843 1511 870 veritate
1521 843 1659 877 religionis
1678 842 1758 869 Clit-i—

971 889 1066 917 stituit»
1089 894 1183 916 contra
1200 897 1327 924 paganos,
1344 889 1461 921 Judmos,
1494 889 1711 922 Mabumetanos,
1733 894 1760 915 et

973 935 1052 968 alios,
1075 936 1117 963 cui
1140 936 1237 963 similis
1258 936 1283 962 in
1313 937 1366 963 ltoc
1383 936 1536 971 argumenti
1551 943 1650 971 genere
1668 936 1759 962 nullus

973 983 1091 1010 antehac
1120 983 1230 1017 prodiit.
1256 982 1323 1009 Nam
1340 983 1435 1010 cadent
1464 990 1545 1016 opera
1562 984 1596 1009 de
1608 982 1760 1009 Turcoruut

972 1030 1054 1057 etiam
1084 1029 1191 1064 origine
1217 1029 1347 1064 quiddam
1377 1038 1431 1056 non
1457 1034 1559 1056 temere
1582 1029 1760 1064 rejicieudtttn

973 1076 1167 1111 intelligemus.
1191 1076 1235 1103 Ait
1249 1084 1313 1111 ergo
1342 1075 1488 1107 Mornaeus,
1510 1075 1648 1103 lsraelitas
1675 1075 1760 1102 fuisse

974 1125 1183 1158 transportatos,
1195 1123 1276 1150 etiam
1293 1121 1430 1150 Herodoto
1452 1126 1530 1154 teste,
1549 1123 1617 1149 ultra
1632 1122 1760 1150 Mediam.

974 1171 1007 1197 ad
1024 1169 1148 1204 regiones
1164 1170 1189 1196 id
1201 1169 1330 1204 temporis
1343 1169 1517 1201 iuhabitatas,
1552 1174 1579 1197 et
1591 1170 1625 1196 ab
1637 1169 1676 1196 eis
1699 1177 1754 1204 pata

975 1214 1148 1242 timColcltos
1157 1214 1288 1250 originem
1306 1214 1427 1246 duxisse,
1437 1215 1484 1249 qui
1495 1214 1623 1242 Herodoti
1641 1222 1762 1250 tempore

975 1260 1266 1293 circumcidebantur;
1290 1261 1391 1295 partim
1409 1260 1539 1294 Tataros,
1556 1262 1602 1296 qui
1619 1263 1691 1288 circa
1714 1269 1763 1287 an-

976 1315 1042 1335 num
1065 1308 1248 1335 Christianum
1276 1307 1345 1335 {200
1364 1308 1445 1335 ductu
1463 1307 1556 1343 Zingis
1571 1309 1673 1336 Chattis
1692 1308 1766 1336 velut

977 1354 1159 1382 inundatione
1174 1355 1291 1389 quadam
1308 1355 1402 1382 orbem
1419 1361 1553 1383 terrarum
1569 1355 1730 1387 obruerunt,
1741 1362 1768 1381 «τι

978 1398 1122 1435 imperium
1138 1400 1236 1427 deinde
1256 1400 1357 1427 Cltanis
1387 1401 1458 1428 illius
1477 1400 1595 1428 Cbitaini
1621 1401 1769 1428 constitue-

979 1451 1053 1474 runt.
1064 1446 1148 1473 Erant
1160 1451 1260 1479 autem,
1275 1447 1372 1482 inquit,
1381 1446 1408 1474 hi
1420 1447 1574 1474 circumcisi
1587 1448 1662 1482 prius
1673 1447 1767 1477 etiam.

980 1498 1061 1526 quam
1073 1490 1237 1519 Mahumetis
1253 1499 1354 1519 nomen
1374 1492 1516 1519 audissent
1534 1500 1541 1518 :
1561 1499 1648 1526 eoque
1666 1492 1766 1526 proch-

136 1535 206 1562 cialll
221 1543 230 1565 ἱ
243 1534 288 1561 ubi
307 1541 334 1561 el
350 1534 478 1568 Oppidum
494 1533 610 1560 Candria
629 1533 765 1567 l‘epel‘ilﬂl'
785 1532 812 1558 in
830 1532 925 1559 οΐιθίίῖ
939 1535 962 1564 ο
977 1537 1068 1564 viores
1099 1536 1209 1564 fuerunt
1239 1534 1272 1563 ad
1287 1537 1505 1571 amplectendam
1529 1537 1614 1571 legem
1628 1536 1770 1563 Mahumc-

136 1581 253 1614 l‘iatolia',
270 1581 352 1611 situm
369 1588 401 1607 eo
417 1580 496 1614 plane
520 1580 590 1612 loco,
607 1587 661 1613 quo
687 1579 829 1605 Dedacana
851 1584 927 1605 vetus

138 1636 152 1655 a
185 1628 296 1655 Nicolao
318 1627 456 1662 Sopltiano
487 1627 608 1661 ponitur.
642 1626 785 1653 Diversum
817 1625 851 1652 ab
877 1627 928 1652 hoc

138 1675 269 1710 oppidum
282 1680 325 1702 est
337 1674 448 1709 Cangri,
461 1681 556 1700 versus
565 1673 702 1699 Amasiam
716 1672 772 1698 sive
786 1671 929 1706 Cappado-

139 1719 232 1751 ciam,
260 1718 332 1753 quod
364 1718 430 1745 olitn
471 1717 579 1752 Gangra
621 1718 821 1747 ttonnnabatnr,
858 1716 930 1742 unde

139 1763 238 1792 Turcis
254 1769 282 1791 et
297 1764 370 1798 regio
383 1765 536 1798 Cltiangare
548 1764 631 1790 dicta.

260 1811 307 1838 21.
324 1810 449 1843 Ζενεοιω,
464 1816 521 1836 tam‘
538 1810 605 1836 ttle
619 1816 699 1844 quam
710 1809 806 1836 rubrm.

177 1857 288 1885 Zemola
312 1857 407 1892 capitis
424 1865 438 1884 e
458 1857 529 1884 ﬁltro
557 1859 741 1892 tegumentum
767 1861 818 1889 cst,
847 1856 929 1882 latam

142 1911 253 1931 tuream
268 1904 403 1931 ﬁmbriam
427 1904 541 1935 habens,
568 1911 621 1938 qua
637 1909 715 1938 parte
738 1903 820 1938 capiti
844 1903 930 1937 impo-

143 1951 241 1979 nitur:
259 1949 292 1976 de
321 1949 433 1984 penultc‘
466 1949 573 1976 manica
597 1949 724 1984 tegminis
741 1948 825 1983 ipsius
849 1948 929 1982 petita

143 1996 243 2028 forma,
255 1996 324 2023 sicut
342 1996 449 2029 ipsitnet
464 1996 542 2022 aiunt
552 1995 646 2022 Turei.
664 1994 803 2029 Superiori
816 1993 930 2020 zezcolre

145 2041 235 2076 parti,
265 2041 523 2076 aesquispithamam
554 2041 635 2071 altae,
669 2044 749 2074 caput
779 2039 928 2066 inseritur:

144 2088 260 2116 inferior
273 2096 287 2115 a
302 2088 404 2115 vertice
415 2088 513 2122 capitis
539 2087 608 2114 infra
624 2087 743 2113 cervices
760 2086 787 2112 in
816 2082 928 2112 dorsum

146 2143 202 2163 non
220 2136 297 2162 aliter
315 2135 420 2162 adtres
433 2135 582 2169 spitltamas
599 2141 683 2168 Vsque
707 2133 868 2163 demittitur.
899 2141 930 2159 at:

147 2182 312 2209 feminarum
328 2181 495 2209 Gallicarum
513 2186 629 2216 tegmen,
649 2180 720 2215 quod
733 2181 881 2214 rltrlppcron
897 2179 930 2205 ab

145 2229 187 2255 eis
200 2228 311 2255 dicitur.
342 2228 364 2254 A
395 2227 484 2254 media
510 2227 598 2254 fronte
614 2226 702 2261 surgit
722 2226 837 2260 oblonge
859 2233 933 2260 quae-

147 2275 210 2302 thm
235 2274 314 2309 quasi
330 2274 379 2302 vel'
394 2274 483 2301 ﬁstula
511 2274 554 2302 vel
575 2274 671 2308 vagina
689 2281 721 2299 ex
745 2280 809 2302 mre.
836 2272 932 2306 partim

146 2322 287 2353 deaurata,
302 2321 400 2356 partim
412 2326 525 2356 argento
537 2321 602 2347 foris
615 2320 743 2349 obducta.
755 2319 799 2345 cui
814 2325 935 2353 gemmas

148 2369 283 2400 inserunt,
297 2376 350 2394 non
364 2367 453 2402 magni
471 2371 559 2394 tamen
570 2367 660 2401 pretii.
676 2365 736 2392 lltnc
747 2365 852 2391 zercola
861 2364 935 2399 geni-

147 2416 221 2442 :aris
235 2415 289 2442 albi
301 2413 402 2441 coloris
416 2414 468 2445 est,
494 2413 555 2439 aliis
572 2412 718 2439 no‘nnullns
733 2411 819 2442 rubri,
832 2411 863 2437 de
874 2410 935 2444 qui<

147 2461 197 2488 bus
219 2460 273 2487 alio
292 2459 438 2487 dicendum
453 2460 523 2486 loco.
546 2457 646 2484 Fistula
665 2458 722 2484 sive
740 2456 850 2483 tubulus
864 2456 937 2482 exci-

148 2507 248 2541 piendo
262 2513 332 2532 cono
354 2505 388 2532 de
404 2504 500 2539 pennis
513 2505 605 2531 avium
621 2504 691 2530 facto
705 2503 800 2534 servit,
816 2502 857 2528 vel
875 2498 937 2527 belli

149 2558 285 2586 tempore,
302 2554 343 2579 vel
357 2559 419 2578 cuin
442 2551 569 2578 satellitio
584 2558 633 2577 suo
646 2548 784 2575 sultatium
797 2548 908 2582 stipant.

186 2603 231 2636 2⁸2³.
243 2607 415 2640 Μαειιιηιηηῐ,
437 2606 679 2638 ntusulmanissare,
709 2606 858 2639 magnrissa
864 2612 900 2636 re,

339 2643 428 2670 'I‘urci.
441 2642 573 2669 Lamum
587 2642 752 2668 emendatus.

186 2690 376 2717 Musulmanos
402 2689 455 2716 dici
477 2696 506 2715 se
536 2688 630 2714 volunt
654 2686 852 2715 Mattutnetani.
876 2691 937 2711 tan-

150 2744 232 2772 quam
258 2741 332 2762 recte
359 2735 524 2762 credentes:
554 2738 583 2759 ut
607 2732 742 2759 Arianieis
769 2731 937 2766 temporibus

152 2783 243 2810 caeteri
257 2782 417 2812 Christiani,
434 2785 569 2816 quotquot
593 2778 822 2806 abotninabantttr
843 2786 937 2805 corum

154 2830 272 2859 lui-ores.
293 2827 504 2854 ot'tlmdoxornm
534 2833 631 2852 nomen
660 2823 868 2858 proﬁtebantur.
899 2825 937 2850 Ac

157 2866 267 2902 tametsi
278 2873 480 2900 ilahnnwtanis
501 2871 690 2899 honestissima
703 2870 737 2898 sit
756 2869 938 2898 Musuhnnno-

980 1582 1014 1610 tis
1025 1583 1097 1616 quod
1112 1590 1145 1609 ex
1171 1587 1247 1617 parte
1270 1590 1332 1610 cum
1348 1583 1469 1617 ipsorum
1486 1582 1616 1616 religione
1642 1582 1770 1608 conveni~

980 1632 1030 1654 ret.
1047 1627 1101 1654 Vox
1120 1627 1176 1661 ipsa
1187 1626 1279 1654 Tatari
1295 1628 1352 1654 sive
1361 1627 1463 1658 Totari,
1476 1627 1567 1661 lingua
1580 1626 1688 1662 Syriaca
1709 1627 1772 1654 reit-

979 1673 1058 1707 qttias
1073 1674 1128 1700 site
1147 1674 1270 1700 residuos
1284 1673 1429 1707 signiﬁcat,
1445 1673 1492 1699 ait.
1505 1673 1579 1700 Inter
1595 1673 1692 1700 ltordas
1703 1680 1771 1708 quo-

980 1726 1033 1753 que
1045 1718 1172 1750 Tutariae.
1182 1727 1277 1746 versus
1289 1724 1393 1754 partem
1404 1719 1463 1753 ejus
1476 1719 1561 1754 magis
1572 1719 1770 1753 aquilonareut,

980 1766 1103 1793 nonnulli
1131 1765 1242 1792 nomina
1274 1765 1342 1799 Dan,
1374 1765 1507 1798 Zabulon,
1538 1765 1671 1800 Neplttali,
1708 1768 1771 1792 reti-

981 1818 1111 1840 n‘uerunt.
1140 1812 1217 1840 Unde
1247 1821 1300 1840 non
1334 1819 1385 1846 est,
1401 1814 1472 1848 quod
1499 1814 1641 1846 mirentur,
1667 1819 1769 1841 tantam

981 1859 1157 1887 Hebraeorum
1192 1867 1254 1887 esse
1280 1859 1385 1895 copiam
1417 1860 1443 1888 in
1471 1861 1628 1895 regionibus
1653 1861 1770 1891 llussia-,

982 1905 1134 1938 Sartnatia‘,
1161 1905 1321 1933 Lithuattiae.
1339 1905 1418 1932 Putat
1435 1906 1527 1938 etiam,
1541 1914 1574 1933 eo
1592 1907 1681 1940 plures
1706 1907 1768 1933 istic

982 1952 1110 1979 Hobraos
1126 1952 1251 1983 iuvenili.
1275 1960 1328 1987 quo
1358 1953 1469 1986 propius
1498 1953 1531 1979 ad
1554 1952 1668 1980 Tataros
1695 1960 1772 1980 acce—

981 1999 1070 2025 datur.
1100 1998 1230 2032 Equidetu
1256 2005 1285 2026 ut
1304 1999 1392 2026 obiter
1414 1999 1530 2034 aliquam
1555 1999 1588 2026 de
1611 2006 1671 2026 tneo
1698 1999 1771 2026 vein:

982 2043 1134 2079 symbolam
1151 2043 1194 2071 his
1212 2044 1349 2078 adjiciam,
1384 2044 1542 2072 adolescens
1570 2044 1596 2070 in
1619 2043 1772 2072 Livoniant.

981 2091 1097 2118 necdum
1125 2090 1239 2124 collegio
1255 2089 1466 2118 Teutonicorum
1481 2091 1612 2126 jequitum
1626 2091 1771 2125 dissipato.

982 2145 996 2163 a
1022 2136 1151 2164 Conrado
1175 2140 1251 2170 patre
1274 2136 1375 2163 missus
1397 2137 1430 2163 ad
1460 2136 1600 2163 Albertum
1635 2141 1773 2171 patruum,

983 2189 1045 2210 cum
1063 2182 1115 2209 alia
1133 2181 1193 2209 istis
1205 2181 1421 2209 animadvertere
1437 2183 1547 2209 memini
1570 2190 1578 2212 :
1602 2187 1659 2210 tttm
1691 2183 1772 2209 etiam

987 2236 1083 2255 versus
1113 2227 1298 2260 Lithuaniatn.
1333 2228 1360 2255 in
1384 2228 1483 2255 vicinia
1514 2229 1670 2263 metropolis
1700 2228 1774 2262 Rigas

987 2277 1060 2310 (qua:
1086 2274 1113 2301 in
1134 2274 1207 2301 edito
1230 2274 1349 2301 Laonlco
1366 2274 1463 2302 vitiose
1478 2275 1650 2310 transpositis
1676 2275 1775 2301 “ueris

986 2320 1115 2347 scribitur
1132 2319 1213 2353 Ucra,
1228 2327 1277 2354 pro
1292 2319 1365 2355 [lyra
1385 2330 1390 2347 :
1403 2321 1472 2347 sicut
1485 2320 1583 2347 ibidem
1597 2328 1645 2355 pro
1661 2321 1777 2355 Eupltla-

987 2370 1028 2392 sle
1042 2366 1225 2400 reponendum
1251 2365 1378 2392 Eillaute.
1397 2366 1442 2393 Sic
1457 2365 1529 2392 enim
1544 2365 1670 2392 Germani
1687 2371 1775 2392 Cil‘lt‘ll

987 2415 1086 2438 vocant
1113 2410 1265 2444 Livoniatn,
1291 2410 1411 2438 Saxones
1435 2411 1520 2438 nostri
1535 2411 1696 2438 Liﬂantlam.
1713 2411 1775 2438 Gat-

987 2458 1058 2485 lit‘us
1084 2457 1217 2491 interpres
1245 2457 1343 2484 Ucram
1383 2457 1439 2484 vult
1474 2464 1533 2484 esse
1565 2456 1774 2491 Novogradiant.

989 2503 1086 2538 puerili
1123 2511 1239 2537 errore,
1270 2511 1332 2530 cum
1370 2503 1443 2530 dicat
1470 2508 1565 2530 auctor
1593 2504 1651 2530 suis
1683 2505 1777 2531 Ul'bl'lll

988 2549 1090 2584 legibus
1102 2555 1129 2576 et
1147 2549 1269 2576 libertate
1283 2549 1346 2579 frui.
1360 2549 1394 2575 ab
1402 2541 1577 2583 optimatibus
1586 2550 1652 2585 regi,
1663 2551 1693 2575 ad
1705 2558 1756 2576 mat
1765 2560 1779 2575 ιτ

990 2596 1068 2623 sitam
1091 2603 1150 2622 esse
1164 2603 1171 2628 ;
1185 2596 1283 2628 Danos,
1309 2596 1420 2631 Anglos.
1437 2595 1530 2623 Gallos
1543 2604 1576 2623 eo
1603 2597 1779 2623 commercio-

991 2649 1051 2668 rum
1071 2648 1154 2668 causa
1184 2643 1309 2675 navigare
1323 2650 1331 2670 :
1348 2650 1407 2676 qua:
1423 2643 1456 2669 de
1471 2641 1639 2676 Novogrodia
1666 2642 1779 2677 intelligi,

991 2686 1139 2722 nequeunt)
1157 2688 1182 2713 in
1207 2687 1287 2722 hujus
1303 2695 1367 2722 ergo
1398 2688 1472 2722 iligna
1497 2689 1596 2715 vicinia
1611 2709 1617 2721 ,
1641 2688 1777 2715 nationem

990 2733 1135 2767 quamdam
1161 2740 1220 2760 esse
1258 2734 1399 2761 barbaram
1450 2734 1604 2765 Lettorum,
1633 2741 1648 2761 a
1672 2735 1779 2761 eteteris

991 2779 1108 2805 Lit-auia:
1129 2778 1370 2810 barbarisincolis.
1389 2779 1544 2806 Cttronibus
1571 2783 1598 2806 et
1623 2778 1779 2806 Estonibus.

993 2825 1081 2857 lingua
1115 2826 1193 2858 plane
1215 2825 1418 2859 discrepantem
1437 2834 1443 2851 :
1461 2825 1507 2859 qtti
1528 2829 1658 2860 perpetuo
1687 2824 1714 2850 in
1731 2831 1782 2850 ore

992 2868 1070 2905 ιμιιίδί
1089 2870 1314 2898 lamentationem
1332 2870 1478 2906 quamdam
1497 2871 1607 2902 habent,
1626 2875 1709 2903 quam
1731 2875 1780 2894 vo-
