1963 3067
203 128 256 162 751

811 134 971 164 IOANNlS
996 133 1222 162 LIZUXCLAVH

1771 132 1826 163 7ἷὲ

202 187 344 216 ι-ιιει-ιιιιιιο
372 198 418 224 per
435 198 513 224 agt-us
537 189 646 216 assiduo
672 195 803 224 repetunt.
840 182 900 218 lei'u
926 192 983 217 leru
999 191 1021 219 Α
1036 190 1080 217 2i.
1097 190 1132 216 De
1159 191 1241 223 primo
1267 189 1408 216 Turcornm
1438 190 1462 215 in
1494 189 1626 222 Eurupum
1651 195 1774 224 ιιηιηδιιη,
1791 189 1825 215 be

204 236 298 263 Masco
315 235 381 262 Lon.
398 236 502 268 Quibus
514 235 603 262 \‘erbis
616 235 765 263 Jerusalem
785 241 811 263 ct
828 238 987 263 llamasrum

208 281 357 315 intelligere
372 282 529 311 creduntur,
550 285 710 307 (ia-terarum
741 282 766 308 in
779 283 887 316 antiqua
905 282 988 316 patria

205 335 306 359 rerum,
323 331 359 353 tot
375 334 389 352 a
406 327 522 356 smculis,
538 333 562 352 et
573 327 598 352 iIt
617 327 805 354 remotissimis
831 328 864 354 ab
880 335 911 354 ea
926 328 989 353 sult-

205 373 356 405 tudinihus,
368 372 455 398 obliti.
471 373 508 398 Ad
527 372 674 399 Moruwuiu
693 378 720 400 ut
743 374 898 405 redeamus,
915 379 991 408 putat.

205 421 256 447 hoc
273 419 342 445 Idem
366 426 419 444 non
448 420 540 444 minus
565 426 625 445 esse
651 425 714 445 vero
731 419 820 446 simile
836 420 868 446 de
882 419 990 451 Turcis,

203 472 283 496 quant
302 463 334 490 de
353 463 459 490 Tataris
488 471 495 489 :
523 472 583 489 cum
607 471 704 492 nomen
724 465 811 498 ipsum
839 465 990 491 'l'urcoium

203 509 335 537 Ilebraiea
349 509 436 544 lingua
449 510 580 543 signiticet
593 510 711 540 exsules.
726 516 751 535 et
767 512 991 537 Cuntmneliusum

202 557 273 589 apud
289 557 362 590 ipsus
386 556 528 582 habeatur.
559 555 704 590 V'idcrique
731 556 909 583 lilahumctem
938 565 991 583 nun

202 609 251 629 aiis
277 610 315 631 re.
345 609 379 628 ne
415 601 530 636 populos
557 601 618 628 illos
645 603 723 635 longe
752 604 993 630 numerosissimos

202 648 372 679 olfenderet,
414 648 460 682 qui
495 653 550 674 tum
588 650 716 682 temporis
748 649 914 683 incipiebant
964 659 994 678 se

202 703 385 727 routmovcre,
428 695 572 722 retinuisse
605 695 865 728 circumcisionem,
889 697 996 724 lustra-

204 746 303 772 tiones,
318 740 419 766 etalias
431 739 564 774 quasdam
580 739 648 774 legis
665 739 789 766 Mosaicze
804 740 993 767 caerimonias.

203 819 246 846 ΞΥ).
266 818 452 850 (ἶριιὶει-ΙιρΙιεν,
471 817 580 848 Goitmc,
606 816 710 846 Cumsi.
731 817 817 849 Cosri,
847 816 995 852 Bergama,

455 853 584 885 Etliemil,
603 852 726 886 Gelipoli.

243 921 347 956 Oppida
379 925 444 948 sunt
476 920 570 948 lsnicaz
607 921 713 951 vicina.
751 920 937 948 Genischelter
971 924 998 947 ct

204 967 321 999 Goiuur,
340 967 381 994 Vel
399 966 504 993 Guinuc
523 966 703 1002 trisyllabum,
717 972 745 994 ut
756 967 799 993 hic
812 967 838 993 in
853 967 998 1001 archetypo

206 1015 344 1041 scribitur.
369 1013 436 1040 Illud
455 1021 552 1039 novam
578 1012 715 1039 civrtatem
746 1011 892 1046 signiﬁcat,
909 1017 936 1038 et
968 1013 996 1038 in

206 1060 302 1087 Urtu-lii
317 1059 434 1091 Natolia,
449 1059 519 1086 sicut
532 1064 560 1086 et
575 1057 739 1092 Busbequio,
756 1057 859 1085 lenisar
873 1063 997 1090 vocatur,

207 1111 236 1132 ut
259 1113 340 1140 supra
365 1105 466 1132 dictum
496 1112 609 1131 numero
643 1105 685 1131 Π.
720 1103 826 1131 Goiuuc
849 1104 875 1130 in
902 1104 998 1130 eadem

204 1153 300 1179 Orteiii
329 1151 435 1178 Natolia
458 1151 593 1186 reperitur
609 1169 616 1177 .
647 1149 684 1177 De
702 1150 795 1177 Carasi
822 1151 998 1184 exposuimus

207 1205 286 1226 antea
304 1206 418 1225 numero
436 1198 480 1225 15.
495 1196 576 1225 Cosri
593 1205 654 1224 cum
684 1196 791 1223 Cat-isto
808 1195 920 1223 Natalia:
934 1201 999 1231 puto

206 1246 300 1272 eadem
331 1250 389 1272 est.
414 1245 545 1280 Bergama
575 1249 652 1270 vetus
675 1249 717 1270 est
747 1244 802 1276 illa,
829 1243 999 1278 celebrisque

208 1293 428 1319 membranarum
458 1293 568 1318 nomine
594 1291 753 1325 Pergamus,
776 1289 870 1316 Galeni
897 1290 996 1317 medici

207 1338 305 1373 patria.
321 1338 389 1370 Qua:
420 1338 517 1364 Turcis
542 1337 586 1364 hic
614 1336 746 1368 Edremit,
771 1335 835 1362 olim
851 1335 996 1362 dicebatur

207 1385 411 1417 Atramyttium,
431 1382 511 1409 Leoni
529 1384 650 1416 Augusto
667 1382 840 1416 episcopatus
856 1380 999 1415 Ephesium

208 1429 352 1463 metropoli
370 1429 507 1455 subditus.
521 1427 614 1454 Nautze
634 1427 719 1454 nostri
737 1427 871 1454 vocabant
889 1428 999 1454 nomine

208 1475 296 1509 magis
327 1479 468 1509 corrupto,
506 1473 679 1503 Landemiti:
715 1472 790 1507 quod
829 1472 939 1506 propius
964 1471 998 1498 ad

205 1523 340 1555 originem
371 1528 447 1548 suam
475 1519 625 1551 accederet,
642 1519 665 1546 si
683 1518 774 1553 lingua
796 1525 854 1549 sua,
882 1518 932 1545 hoc
958 1522 997 1544 cst

209 1569 318 1600 Italica,
344 1569 478 1594 dixissent
505 1566 678 1593 L‘Adremitt‘.
705 1564 788 1593 Nobis
819 1564 929 1599 quidem
955 1572 999 1592 ar-

208 1615 357 1642 tic-ilicqu
373 1615 432 1649 ipso
450 1613 558 1640 nomine
584 1611 710 1639 conlusio
731 1611 914 1646 perdillieilem
937 1611 999 1638 red-

209 1661 291 1688 debat
324 1660 358 1688 de
384 1659 567 1694 appellatione
589 1658 673 1685 veleri
698 1658 898 1692 conjecturam.
928 1657 1000 1685 Sunt

208 1714 299 1736 autem
329 1709 386 1736 haec
413 1707 529 1735 Troadis
553 1707 665 1742 oppida.
687 1705 724 1734 De
741 1705 842 1733 Ulubat
872 1706 998 1741 superius

213 1756 337 1790 «piatdam
350 1763 464 1783 munero
480 1755 513 1782 16
530 1754 693 1786 notavimus.
718 1753 789 1780 intra
804 1753 895 1780 daturi
908 1752 997 1788 plura.

210 1801 295 1828 Paulo
321 1806 382 1836 post
403 1800 555 1836 Callipolim
581 1799 648 1833 dixi.
681 1806 757 1826 more
777 1804 921 1826 nautarum
948 1806 1000 1826 no-

209 1853 342 1879 strorum;
360 1855 422 1874 cum
449 1845 547 1874 Turcis
561 1845 677 1881 Gelipoli
692 1844 860 1872 nominetur.
875 1844 1000 1872 Ridicule

211 1899 276 1921 sunt
305 1893 409 1921 sonmia
437 1892 541 1920 Nicolai
575 1890 722 1919 Nicolaldis
756 1890 936 1926 Delphinatis,
966 1891 1001 1919 de

211 1939 321 1967 nomine
334 1945 419 1974 atque
433 1938 537 1973 origine
559 1937 641 1971 hujus
662 1937 754 1967 urbis;
779 1944 840 1963 cum
855 1945 869 1963 a
886 1937 916 1963 Ο.
930 1937 1000 1964 Cali-

211 1987 271 2020 gula
287 1985 438 2017 noriditam,
453 1985 486 2011 ab
510 1984 606 2011 eodem
633 1991 729 2010 nomen
746 1983 885 2016 accepisse
906 1983 999 2014 tradit,

212 2031 272 2057 Mox
294 2030 424 2065 opinione
452 2032 566 2061 mutata,
594 2028 666 2063 quod
693 2027 775 2055 fuerit
800 2036 814 2054 a
841 2027 924 2055 Gallis
955 2036 1000 2056 ex-

210 2082 325 2108 structa,
353 2075 508 2111 Gallipolim
540 2075 598 2102 vult
635 2075 752 2107 dictam,
783 2081 833 2101 ceu
860 2073 999 2101 Gallorum

210 2122 366 2152 civitatem:
393 2121 505 2156 perinde
533 2127 566 2147 ac
593 2119 789 2154 Philippopolis
816 2119 852 2146 sit
883 2118 1000 2153 Philippi

211 2167 318 2198 civitas.
332 2166 468 2201 Nicopolis
483 2167 560 2201 quasi
574 2165 749 2200 Nicolopolis,
764 2164 867 2193 Nicolai
881 2165 978 2192 civitas
991 2173 999 2191 :

211 2212 340 2246 perbelle,
356 2219 390 2238 ne
408 2211 471 2238 dum
495 2211 586 2238 Gallos
605 2218 669 2238 suos
691 2215 782 2242 ornat,
808 2211 910 2238 suimet
932 2210 1000 2238 ohli—
1016 2203 1039 2231 ί)

212 2260 344 2286 viscatur.
375 2257 434 2284 Non
456 2257 528 2283 enim
555 2255 635 2283 aliam
668 2256 694 2283 in
719 2255 823 2283 ercia
849 2256 1000 2290 reperimus

211 2307 293 2334 ullatn
305 2305 468 2340 Nicopolim,
491 2312 572 2340 quam
587 2305 674 2331 hanc:
693 2304 771 2338 cujus
795 2308 824 2331 ut
845 2308 940 2330 aut-tur
959 2309 1002 2331 est

211 2350 338 2378 Nicolaus
352 2350 518 2383 Nicolaides,
536 2349 573 2376 ita
600 2351 697 2377 merito
722 2357 820 2376 nomen
842 2349 894 2376 hoc
908 2350 932 2376 ei
958 2357 1000 2376 re—

213 2398 379 2432 linquamus,
404 2401 434 2423 ut
464 2405 478 2423 a
506 2395 606 2430 duplici
632 2394 744 2422 Nicolao
764 2393 931 2429 Nicolopolis
952 2401 1000 2428 ap-

209 2444 337 2478 pelletur.
355 2443 407 2470 Sed
420 2442 532 2471 omissis
554 2442 634 2476 juris.
658 2441 774 2476 amplius
793 2441 1002 2475 quadringentis

211 2491 291 2517 anuis
329 2494 392 2516 ante
429 2490 461 2516 (Ι.
503 2489 652 2523 Caligulam
684 2488 755 2522 apud
790 2487 998 2522 Xenophontem

211 2541 334 2562 nostrum
355 2535 473 2562 civitatis
497 2535 579 2568 hujus
604 2534 634 2561 lit
651 2533 765 2560 mentio.
796 2532 850 2560 Nec
883 2541 898 2560 a
915 2532 1001 2560 Gallis

209 2581 290 2608 etimit
305 2580 413 2607 condita
427 2581 486 2612 fuit,
508 2581 553 2607 sed
572 2582 605 2606 ab
633 2579 844 2606 Atheniensibus
861 2588 868 2605 :
883 2586 997 2613 quorum

211 2629 265 2654 dux
279 2626 389 2656 Callias,
405 2626 483 2653 initio
496 2626 631 2653 struendae
645 2626 721 2657 dato,
739 2626 899 2659 promeruit,
917 2629 945 2651 ut
965 2624 999 2650 ab

211 2674 270 2708 ipso
293 2672 462 2706 Calliupolis,
492 2671 673 2707 (Calliopulim
712 2671 794 2707 m
820 2670 877 2698 lere
901 2670 998 2697 Latina

211 2719 410 2746 consuetudine
424 2717 564 2754 vocamus)
589 2726 638 2745 ceu
657 2719 749 2745 Calliae
767 2718 873 2749 ciiitas,
895 2717 1001 2743 dicere-

211 2772 266 2794 tur.
284 2766 476 2800 Episcnpatum
507 2765 587 2800 hujus
605 2765 637 2792 ad
651 2764 852 2791 Heracliensem
875 2763 999 2790 Thracia:

209 2812 381 2847 metropolim
398 2811 453 2839 Leo
468 2812 613 2846 imperator
627 2812 654 2840 in
668 2809 787 2838 Thronis
799 2809 863 2837 refrt
873 2814 891 2836 t.

1120 225 1235 251 rastellis
1249 246 1255 257 ,
1273 225 1403 257 Zr-menic,
1430 226 1635 257 (,liiriilururlru,
1660 223 1752 250 Mm'w.

1077 299 1253 333 Prius.quam
1270 298 1303 325 de
1317 303 1409 325 castro
1425 297 1574 325 Zcmenieo
1590 297 1708 328 dicatur,
1726 298 1825 324 reeita-

1042 344 1132 372 bimus
1147 345 1190 371 hic
1201 344 1283 370 verba
1296 343 1406 371 Laonici
1421 345 1453 370 de
1465 344 1549 378 prima
1568 343 1718 370 Turcornm
1732 343 1758 369 in
1775 344 1828 368 lL‘u-

1044 397 1159 424 ropmant
1185 389 1387 423 trausjectione.
1418 397 1478 417 cum
1505 389 1602 421 quibus
1624 388 1722 415 deinde
1735 388 1825 414 locum

1049 437 1121 462 hunc
1130 436 1269 462 annalium
1281 435 1465 462 conferemus.
1476 435 1573 470 Capto,
1583 435 1669 469 inquit
1679 435 1827 464 Laonicus.

1044 482 1171 516 piaesidio
1184 482 1358 515 Cherroncsi,
1369 487 1395 509 et
1406 482 1522 517 Madyto,
1537 482 1562 508 iu
1579 481 1723 508 Thraciam
1743 480 1828 508 Turei

1046 529 1180 563 progressi
1202 534 1265 555 sunt
1280 537 1365 564 uSqne
1394 529 1426 555 ad
1451 530 1561 555 lluvium
1576 528 1730 555 Taenarum.
1746 527 1829 555 Note-

1047 581 1090 600 tur
1116 576 1142 601 in
1158 575 1199 601 his
1215 576 1304 602 verbis
1320 576 1476 610 interpretis
1502 575 1658 604 oscitantia.
1672 575 1718 608 qui
1735 574 1830 608 prasi-

1047 621 1121 647 dium
1147 619 1308 647 (Iltermitesi
1323 620 1403 651 dixit,
1420 628 1468 654 pro
1485 620 1645 646 Cherrouesi
1673 624 1774 645 castro.
1801 619 1828 644 Id

1047 673 1167 695 casttum
1182 668 1267 702 accipi
1282 676 1334 695 non
1356 674 1443 702 potest
1459 669 1490 695 de
1507 667 1684 694 Uardanellis.
1702 666 1767 693 Nam
1782 674 1830 692 cas

1048 723 1135 745 arces,
1154 721 1214 748 quae
1225 714 1284 741 dua:
1301 719 1373 746 sunt,
1392 722 1445 740 non
1459 721 1523 744 una.
1535 713 1716 740 Muchemetes
1731 720 1829 739 secun-

1048 762 1099 788 dus
1124 761 1257 788 exstruxit
1277 764 1338 794 post
1363 765 1468 795 captam
1495 758 1770 792 Constantinopolim,
1789 758 1830 784 vel

1051 807 1110 841 ipso
1125 811 1194 834 teste
1206 806 1434 840 Chalcomudyla.
1448 805 1517 839 Ergo
1528 804 1690 830 CltPrrun.‘sl
1708 810 1830 831 castrum

1014 866 1035 893 Β
1052 854 1115 879 illud
1134 853 1302 888 intelligitur.
1316 852 1388 886 quod
1404 860 1495 878 versus
1507 851 1627 885 [Εεειιιιιιι
1638 858 1713 877 mare
1723 850 1831 877 duobus

1051 901 1126 926 abest
1141 899 1304 926 niilliaribus
1320 899 1421 926 Graecis
1439 898 1478 924 vel
1493 897 1613 924 ltalieisa
1629 896 1722 926 Maito.
1737 903 1832 922 versus

1051 945 1243 980 Propontidem
1259 952 1321 971 vero
1336 945 1443 971 duobus
1461 948 1487 970 et
1500 943 1592 978 viginti
1607 951 1622 969 a
1633 942 1785 977 Calliupoli.
1801 941 1834 968 Et

1050 991 1145 1018 Maitos
1160 991 1240 1018 hodie
1256 991 1356 1017 dicitur
1372 990 1494 1024 ejusdem
1511 988 1675 1017 Cherronesi
1688 988 1831 1022 oppidum.

1052 1045 1084 1065 ne
1107 1037 1280 1071 Xenophonti
1296 1037 1405 1071 quidem
1431 1036 1565 1070 ignotum.
1586 1036 1628 1063 cui
1643 1036 1769 1071 Madytos
1786 1044 1834 1071 apo

1052 1083 1178 1118 pellatur.
1198 1083 1269 1109 sicut
1283 1087 1310 1109 et
1334 1081 1462 1114 Laonico,
1477 1083 1564 1109 tribus
1587 1082 1716 1109 duntaxat
1735 1090 1749 1109 a
1767 1082 1834 1109 Dar-

1051 1129 1167 1155 danellis
1178 1136 1275 1155 versus
1286 1128 1407 1163 [Egaum
1423 1128 1529 1156 distans
1540 1128 1714 1156 tnilliaribus.
1728 1129 1835 1155 Praetor

1051 1175 1162 1214 Graecia-
1173 1181 1265 1202 noster
1273 1175 1339 1210 Asty
1353 1174 1394 1202 vel
1408 1176 1502 1201 urbem
1517 1175 1684 1210 Madyturum
1700 1175 1833 1205 nominat.

1051 1224 1123 1250 sicut
1135 1228 1162 1250 et
1178 1222 1276 1249 Leonis
1292 1222 1405 1255 Augusti
1423 1222 1528 1248 novella
1544 1222 1577 1248 de
1594 1221 1712 1248 Thronis
1729 1221 1834 1256 Madyta

1050 1270 1160 1305 pariter,
1176 1273 1203 1296 et
1219 1268 1353 1303 Madytum
1369 1268 1447 1295 dixit.
1464 1267 1560 1295 Castro
1589 1275 1692 1300 autem,
1720 1275 1774 1302 quo
1803 1268 1836 1294 de

1050 1316 1166 1350 agimus.
1186 1323 1284 1342 nomen
1310 1319 1352 1342 est
1367 1315 1436 1349 apud
1466 1314 1576 1342 Grazcos
1599 1314 1834 1342 Chiridocastron.

1051 1362 1240 1395 Hellespontus
1255 1361 1316 1388 istic
1329 1369 1417 1395 uSque
1431 1361 1498 1388 adeo
1515 1361 1541 1388 in
1559 1367 1701 1396 angustum
1715 1361 1834 1394 cogitur.

1051 1414 1079 1434 ut
1093 1415 1107 1433 a
1125 1408 1215 1434 littore
1231 1408 1350 1434 Asiatico
1363 1408 1612 1436 Clterionesiaeum
1634 1408 1749 1442 Europa:
1775 1413 1836 1434 tan-

1050 1460 1107 1480 tum
1124 1461 1178 1480 uno
1204 1454 1313 1480 milliari
1340 1453 1433 1482 Graeco
1462 1454 1643 1489 disjungatur.
1665 1454 1723 1481 Hoc
1751 1453 1837 1488 igitur

1051 1499 1152 1526 inloco
1168 1499 1249 1526 Turci
1276 1497 1393 1534 primum
1427 1507 1459 1527 ex
1485 1499 1548 1526 Asia
1576 1499 1788 1526 transmiserunt
1809 1500 1836 1526 in

1012 1533 1033 1562 θ
1051 1545 1196 1580 Europam,
1208 1551 1233 1572 et
1249 1533 1382 1573 industria
1399 1547 1517 1580 quadam
1535 1545 1722 1577 Zeuieuicnm,
1741 1550 1770 1572 ut
1784 1546 1835 1580 ipsi

1051 1595 1173 1625 narrant,
1211 1591 1442 1624 Chridecastmn,
1478 1596 1507 1618 ut
1534 1591 1691 1625 Graeciua
1728 1598 1836 1625 captivo

1051 1637 1168 1673 quodam
1197 1637 1353 1665 Christiano
1371 1637 1444 1665 ducti
1467 1643 1646 1670 occuparunt.
1665 1638 1728 1665 lude
1751 1637 1838 1665 dissi-

1052 1689 1106 1712 tam
1127 1684 1160 1712 ad
1172 1684 1287 1712 alterum
1301 1684 1417 1719 lapidem
1433 1685 1520 1712 adorti
1534 1685 1682 1720 Madytum,
1696 1693 1777 1720 quant
1796 1685 1838 1712 in-

1051 1731 1172 1759 colarum
1192 1731 1347 1766 frequentia
1372 1731 1460 1758 territi
1477 1736 1583 1759 tentare
1605 1732 1682 1766 prius
1696 1731 1756 1758 ausi
1783 1740 1837 1758 m-n

1052 1777 1170 1809 fuerant.
1185 1785 1248 1804 cum
1269 1777 1404 1812 hodieque
1425 1785 1506 1812 supra
1523 1782 1660 1805 trecentas
1677 1778 1837 1805 Grmeoruiu

1051 1823 1147 1850 domos
1164 1823 1270 1856 habeat,
1282 1828 1309 1850 et
1321 1823 1405 1858 ipsam
1416 1824 1441 1850 in
1454 1828 1614 1858 potestatem
1630 1824 1766 1858 redegere.
1781 1823 1839 1851 Nos

1052 1865 1114 1894 istic
1137 1866 1163 1893 in
1179 1867 1275 1894 itinere
1291 1871 1386 1894 uestro
1405 1869 1496 1895 vinum
1514 1869 1615 1896 coloris
1631 1869 1707 1895 rubri
1723 1876 1837 1903 compa-

1052 1913 1189 1945 rabamus,
1203 1913 1275 1947 quod
1293 1913 1435 1941 mensibus
1462 1915 1566 1948 aliquot
1581 1915 1698 1942 durante
1727 1915 1839 1950 naviga~

1054 1959 1136 1991 tione,
1149 1959 1215 1984 varii
1229 1959 1254 1985 in
1274 1959 1364 1990 malis.
1381 1965 1407 1986 et
1424 1967 1524 1987 nausea
1544 1967 1686 1994 perpetua,
1701 1961 1840 1995 praeeipue

1053 2011 1102 2030 nos
1119 2004 1269 2031 recreabat.
1288 2004 1450 2037 Nicolaides,
1466 2006 1500 2033 de
1515 2013 1570 2040 quo
1584 2006 1665 2040 paulo
1691 2011 1752 2033 ante
1767 2006 1839 2033 dixi-

1053 2057 1125 2081 mus,
1143 2048 1247 2077 fabulas
1259 2056 1288 2077 ut
1301 2050 1334 2078 de
1350 2050 1505 2086 Galliopoli,
1519 2052 1561 2079 sic
1573 2052 1655 2078 etiam
1670 2053 1702 2079 de
1718 2053 1771 2080 hoc
1792 2060 1840 2080 ca-

1053 2098 1120 2127 stro,
1139 2095 1216 2122 nobis
1229 2097 1360 2124 obtrudit.
1376 2096 1472 2124 Narrat
1486 2098 1570 2130 enim,
1584 2098 1637 2125 diei
1654 2102 1775 2125 castrum
1791 2097 1840 2125 Vi-

1053 2140 1180 2171 duarum.
1196 2148 1228 2168 ex
1242 2141 1395 2175 huiusmodi
1411 2143 1567 2170 occasione.
1595 2143 1663 2170 Cum
1674 2142 1768 2175 Tutci,
1785 2145 1837 2176 ait.

1053 2193 1104 2220 ope
1118 2187 1233 2213 duorum
1261 2192 1446 2214 mercatorum
1470 2188 1658 2216 Genuensium
1676 2188 1841 2225 Hellespon-

1054 2238 1109 2259 tum
1125 2234 1407 2269 transmisissent,pro
1419 2234 1532 2270 singulis
1548 2235 1685 2270 capitibus
1700 2241 1840 2268 transpor-

1055 2279 1200 2305 tandorum
1227 2280 1324 2307 solutis
1347 2280 1454 2308 duobus
1479 2283 1611 2308 dueatis:
1637 2282 1754 2316 primum
1777 2291 1837 2309 um-

1055 2325 1129 2351 nium
1145 2325 1171 2352 in
1187 2325 1292 2360 Europa
1310 2331 1429 2354 castrum
1447 2329 1497 2354 hoc
1510 2333 1653 2362 ceperunt,
1674 2329 1701 2354 in
1716 2337 1772 2363 quo
1784 2337 1841 2354 n-a-

1055 2380 1099 2399 res
1125 2380 1220 2399 omnes
1248 2373 1362 2400 immani
1393 2374 1497 2401 smvitie
1512 2375 1750 2407 contrucidarunt,
1785 2375 1840 2403 vita

1053 2419 1162 2445 {euullis
1176 2419 1364 2447 tantummodo
1382 2420 1544 2448 coridunata.
1561 2421 1620 2453 Qua
1635 2421 1669 2448 de
1684 2428 1766 2448 causa
1786 2430 1838 2448 nu-

1054 2473 1114 2492 men
1130 2465 1154 2492 ei
1171 2465 1297 2500 deinceps
1314 2466 1423 2498 mansit,
1445 2471 1474 2493 ut
1493 2472 1613 2494 castrum
1628 2465 1778 2494 Viduarum
1790 2475 1840 2501 ap-

1054 2512 1178 2545 pelletur.
1205 2510 1260 2538 Ηοε
1276 2511 1297 2538 si
1327 2519 1420 2539 \‘crunl
1445 2518 1529 2545 esset,
1556 2513 1748 2547 appellandum
1779 2517 1840 2539 erat.

1052 2555 1144 2583 Grmce
1159 2556 1261 2583 Chiron
1283 2563 1405 2590 castron,
1421 2559 1464 2585 vel
1478 2559 1684 2589 Chirocastron.
1697 2559 1770 2593 quod
1786 2564 1839 2585 no-

1053 2610 1113 2628 men
1134 2602 1191 2636 ipse
1205 2609 1258 2628 non
1274 2603 1374 2636 posuit.
1393 2603 1446 2630 Sed
1463 2604 1531 2631 satis
1551 2604 1743 2631 animadvertit
1763 2605 1839 2638 peri-

1052 2652 1096 2674 tus
1107 2648 1228 2675 hlSlUl‘iLe
1244 2648 1339 2680 lector,
1352 2650 1379 2675 in
1395 2649 1456 2683 ipso
1475 2649 1574 2677 fabula.-
1589 2655 1727 2685 peccatum
1747 2651 1839 2678 initio.

1052 2693 1110 2720 Non
1123 2694 1195 2720 enim
1211 2694 1244 2720 ad
1255 2695 1374 2728 primunt
1389 2695 1416 2721 iu
1428 2695 1564 2731 Europam
1578 2695 1729 2724 Turcorum
1748 2702 1839 2723 tran~-

1053 2741 1120 2767 itum
1149 2741 1266 2775 pertinet
1281 2741 1325 2768 illa
1341 2742 1375 2768 de
1389 2741 1581 2770 Geunensibus
1596 2742 1721 2774 historia,
1741 2743 1788 2770 sed
1804 2743 1839 2770 ad

1053 2788 1222 2821 insequentia
1239 2791 1370 2822 tempora.
1383 2789 1454 2814 sicut
1476 2795 1526 2815 suo
1551 2789 1612 2815 loco
1632 2789 1759 2823 deinceps
1784 2797 1839 2815 nn-

1056 2842 1130 2859 tuum
1146 2834 1178 2860 87
1200 2834 1374 2860 indicabitur.
1394 2833 1494 2861 Deinde
1520 2835 1717 2862 Cltiriducastri
1736 2843 1808 2862 nom.
1821 2845 1839 2863 ιι

1053 2881 1190 2908 exstitisse
1210 2886 1320 2908 constat
1335 2882 1416 2908 etiam
1442 2883 1517 2917 prius
1530 2891 1610 2916 quam
1628 2883 1720 2915 Turt-i,
1747 2888 1840 2912 trans-
