1963 3067
156 171 171 200 ’ἶ
176 171 210 199 53

728 169 926 200 PANDECTE
941 170 1044 201 IIlST.
1067 170 1219 201 TURClC.

1713 166 1767 197 751.

154 229 238 252 misso
266 225 438 258 Hellesponto
451 246 457 255 ,
481 230 600 251 castrum
626 225 715 259 ipsum
740 230 930 260 occupassent.
946 226 969 255 Λ
983 227 1096 262 gnacula
1113 237 1119 253 :
1137 235 1189 254 non
1220 227 1393 261 (.‘allmpoies,
1405 231 1458 252 aut
1474 225 1617 259 amphoras
1635 224 1701 253 viui,
1718 222 1765 248 sed

155 273 219 298 l-Lrat
236 271 262 296 in
277 270 335 296 nari
352 276 443 297 lltlsll'it
458 278 537 296 senex
554 270 699 296 tuultarum
716 278 804 296 rerum
819 271 934 304 peritus.

155 317 289 343 Antonius
305 315 454 347 Mcliensis,
468 315 561 341 Greco
583 321 657 348 patre
674 321 755 342 natus
770 317 797 343 in
812 315 879 343 Melo
893 317 936 342 in-

155 362 215 388 sula
235 362 327 396 (Milon
358 361 443 388 Graeci
464 361 653 397 pronuntiant)
687 362 838 388 conductus
857 369 870 387 2
890 370 936 388 tta-

156 408 267 439 varcho,
285 411 312 433 ut
330 407 411 434 index
429 407 534 433 itineris
564 407 683 433 interdiu
702 412 836 441 noctuque
861 408 938 434 nobis

155 457 238 482 esset.
254 461 332 485 quem
350 453 477 480 l’odotam
497 453 582 480 Graeci
610 460 682 480 uttnc
699 453 792 480 dicunt
809 454 938 481 vocabulo

156 500 298 534 peculiari.
314 501 385 534 quod
403 501 428 528 in
445 501 574 534 Pulologo
604 500 747 534 reperitur,
764 501 861 535 vulgus
872 509 937 528 nau-

157 552 245 573 tarttm
255 547 374 573 Pelotam
385 553 471 574 vocat.
485 547 510 574 Is
523 547 600 576 mihi.
610 555 670 574 cum
682 547 824 580 Calliupoli
835 548 939 577 relicta.

155 593 210 626 jam
228 592 321 627 viginti
351 593 457 620 duobus
485 593 649 619 milliaribus
669 593 798 623 emensis,
814 592 938 619 Chirido-

160 643 282 665 castrum
299 639 602 673 pra‘ternavigaremus,
619 644 644 665 et.
668 638 772 665 ruinosi
789 639 870 665 castri
893 645 940 664 no-

159 691 219 710 men
244 683 425 717 significabat.
443 688 468 710 et
486 684 627 710 historiam
644 692 699 710 non
711 683 816 711 frivolis
832 683 866 710 de
877 691 942 710 catt-

156 729 193 755 sis
205 729 401 757 observandam
419 730 659 757 commemorabat.
672 730 742 763 Quo.
757 730 858 764 inquit,
875 735 941 757 tetu-

158 782 222 809 pnre
237 774 318 802 Turci
335 774 453 807 primum
465 777 545 803 hasce
565 775 625 803 freti
640 775 832 810 Hellespontici
854 780 942 802 trans-

159 821 292 848 miserunt
312 821 462 854 angustias,
486 827 513 848 ut
533 822 595 848 Asia
620 821 708 855 potiti,
723 821 839 856 Europae
853 822 942 854 regio-

165 874 213 894 nes
249 867 408 894 invaderent
424 876 430 894 :
451 868 502 894 hoc
519 868 578 901 ipso
599 873 700 899 castro.
723 868 794 902 quod
812 867 898 899 vides.
915 867 942 894 in

988 273 1150 303 l‘atmuuias.
1163 273 1208 300 sed
1222 272 1336 307 Cypros,
1346 272 1448 306 integra
1465 279 1545 303 regna
1558 270 1672 298 scilicrt.
1690 269 1767 295 amit-

989 319 1081 346 timus.
1101 319 1152 345 Sed
1167 319 1283 353 reprimo
1297 326 1348 345 tne.
1365 317 1430 345 Nam
1453 318 1530 353 plura
1548 320 1620 343 vetat
1637 315 1726 347 dolor,
1742 320 1769 342 et

989 365 1088 392 ominis
1104 364 1214 391 infausti
1232 369 1330 392 metus.

989 435 1033 461 25.
1046 433 1202 461 Triturrmdi
1220 442 1274 460 mos
1290 434 1358 468 apud
1373 433 1488 463 (ἔνατος,
1507 437 1531 457 et
1552 431 1691 460 Asiaticos.
1721 428 1771 455 Bo-

1242 470 1303 503 lat'r.
1323 470 1527 502 Asprolimionu.

1026 542 1156 567 Arearum
1172 540 1198 565 iu
1212 546 1280 574 quas
1293 538 1392 565 messis
1411 543 1534 571 tempore
1549 539 1654 569 segetes
1670 537 1725 559 tam
1745 532 1772 558 in

992 587 1104 617 Graecia.
1124 594 1205 620 quant
1223 586 1250 612 in
1271 585 1345 617 Asia,
1371 583 1556 618 colliguntur;
1575 587 1602 608 et
1620 581 1676 614 ipsa
1694 579 1774 606 tritu-

992 634 1070 661 randi
1099 633 1178 663 ralin.
1197 632 1352 666 huiusmodi
1367 635 1419 658 est.
1435 631 1531 657 Solent
1559 629 1666 656 illarum
1684 626 1774 660 regio-

992 689 1057 708 num
1081 680 1186 710 incolaa.
1204 685 1346 714 postquam
1365 679 1494 705 demessa?
1509 676 1600 710 fruges
1628 679 1701 706 sunt,
1719 681 1772 700 non

993 727 1101 754 domum
1118 734 1165 754 eas
1180 734 1212 752 ex
1225 726 1308 760 agris.
1325 732 1401 751 more
1417 729 1522 754 nostro,
1541 722 1635 757 granis
1652 721 1771 748 net-dum

993 774 1124 805 excussis,
1137 773 1165 799 iu
1177 773 1274 799 horrea
1286 771 1440 798 convehere
1454 779 1462 797 :
1478 769 1524 797 sed
1538 769 1564 796 in
1575 776 1665 796 aream
1681 775 1776 801 quain-

994 819 1055 846 dam
1070 818 1122 845 sub
1136 818 1181 845 dio
1194 821 1378 851 comportare.
1394 816 1495 843 Deinde
1506 815 1609 849 sparsis
1623 821 1670 848 per
1684 820 1775 840 aream

995 865 1140 899 manipulis
1150 864 1255 900 frugum
1271 865 1353 890 boves
1368 868 1395 890 et
1414 862 1528 890 bubalos
1549 861 1711 890 immittunt.
1728 859 1776 893 qui

160 916 317 945 potestatem
331 911 451 945 redacto,
462 912 579 946 primum
597 911 624 938 in
638 901 741 946 Europa
759 912 853 946 pedem
875 912 942 939 tlxe-
959 901 980 930 Β
994 911 1057 938 dum
1078 910 1191 945 pedibus
1219 909 1356 944 subject-as
1383 912 1536 943 proteruut.
1568 906 1662 934 aristis
1693 912 1778 940 grana

159 962 231 984 runt.
261 958 324 990 Ejus
344 957 382 984 rei
402 959 507 988 nuntio.
524 966 628 986 summa
642 959 793 990 celeritate,
807 959 939 987 Constan-

159 1003 300 1037 tinopolim
314 1004 417 1038 perlato
436 1013 442 1030 :
464 1008 537 1031 tanta
559 1004 727 1039 Graecorum,
743 1005 878 1039 majorum
893 1014 942 1033 no-

160 1054 281 1076 strorum
294 1049 538 1085 arrogantia,tanta
553 1051 687 1078 securitas
699 1050 753 1078 fuit
767 1060 774 1078 :
788 1057 818 1079 ut
832 1052 942 1080 minime

161 1095 310 1127 cogitarent
325 1095 358 1122 de
374 1101 463 1122 castro
477 1103 539 1123 mox
553 1097 750 1131 recuperando,
762 1103 789 1125 et
801 1098 943 1132 ejiciendis

162 1142 236 1175 prius
253 1150 284 1168 ex
301 1141 407 1176 Europa
419 1141 529 1173 Turcis.
552 1149 632 1177 quam
649 1144 768 1178 majores
783 1144 809 1171 in
826 1152 856 1172 ea
869 1145 942 1172 vires

162 1186 381 1220 acquisivissent,
392 1187 527 1222 altiusque
543 1196 607 1216 suas
618 1189 856 1224 egissentJadices
870 1198 878 1216 :
894 1190 942 1217 sed

162 1234 264 1267 acct‘pti
282 1233 375 1260 damni
391 1235 552 1268 gravitatem
566 1235 656 1263 verbis
665 1235 795 1263 elevando
808 1236 941 1269 dicerent,

162 1285 222 1304 esse
241 1278 373 1305 duntaxat
384 1279 513 1307 amissum
530 1280 665 1307 stabulum
680 1289 834 1315 porcorum.
851 1281 943 1309 Lude-

163 1323 225 1349 hant
238 1324 321 1356 enim,
338 1329 363 1351 ιιι
377 1324 538 1354 Nazianzeni
559 1327 644 1354 nostri
659 1328 750 1355 verbis
773 1333 844 1360 utar,
860 1329 886 1355 in
899 1336 941 1355 re-

163 1369 213 1395 bus
244 1370 355 1396 minime
370 1371 480 1398 ludicris
499 1382 506 1399 :
528 1372 662 1405 ridebant,
679 1374 705 1400 in
722 1374 803 1401 rebus
833 1375 942 1402 minime

162 1417 295 1450 ridis-uiis,
318 1419 365 1446 sed
394 1419 566 1454 deplorandis
596 1420 696 1454 potius,
723 1419 786 1446 dum
817 1428 850 1447 ex
878 1419 942 1447 Chi-

164 1464 312 1491 riducastro
345 1473 392 1499 per
419 1466 511 1501 jocum
541 1467 679 1492 stabulum
722 1473 867 1500 porcorum
900 1465 942 1492 fa-

162 1509 281 1537 ciebant.
312 1510 414 1541 Graecis
442 1511 514 1538 cuitu
544 1510 663 1538 Chiridia
697 1511 827 1538 dit-untur
855 1512 941 1546 porci.

164 1555 216 1582 Sed
235 1556 367 1584 risusiste
380 1557 488 1584 tandem
505 1557 531 1584 in
550 1566 658 1585 amaras
670 1566 819 1586 conversus
836 1559 886 1586 fuit
900 1559 940 1585 la-

163 1609 279 1636 orytnas.
295 1601 444 1637 Audiamus
463 1602 594 1636 majorem
608 1610 680 1630 nunc
697 1611 729 1629 ex
752 1603 874 1636 ejusdem
888 1604 942 1630 Au-

164 1647 230 1673 touii
250 1649 407 1675 narratione
428 1648 584 1675 Graecorum
609 1649 754 1676 insaniam.
772 1645 852 1676 Venit
868 1649 941 1682 inde.

165 1701 217 1720 non
230 1701 327 1728 magno
340 1695 469 1728 temporis
483 1695 623 1729 interjecm
633 1695 732 1729 spatio.
745 1696 896 1723 Turcorum
914 1697 942 1724 in

166 1745 325 1773 potestatem
340 1746 365 1767 et
380 1740 549 1774 Calliupolis,
567 1746 595 1768 ut
611 1742 637 1768 in
654 1742 695 1768 his
708 1743 863 1770 Annalibus
874 1751 942 1777 quo-

164 1794 216 1821 que
233 1787 378 1813 recitatur:
395 1785 496 1813 Graecis
508 1787 615 1813 interim
629 1788 713 1814 altum
730 1787 942 1821 dormientibus,

165 1839 214 1862 nec
225 1831 257 1858 de
272 1831 424 1858 rationibus
434 1833 594 1859 occurrendi
608 1833 751 1860 conatibus
764 1834 883 1861 hostium
901 1834 942 1860 vel

165 1878 299 1904 tantillum
332 1878 465 1905 sollicitis.
483 1878 552 1910 Quid
584 1878 636 1905 lit?
653 1878 738 1912 [lujus
762 1879 842 1905 etiam
860 1879 946 1906 delri-

166 1923 248 1949 menti
266 1924 367 1957 accepti
379 1925 488 1951 nuntius
500 1924 762 1959 Constantinopolim
777 1925 859 1952 venit.
874 1925 943 1952 Tum

165 1971 250 2003 magis
266 1975 294 1996 ut
316 1969 424 1997 Gnecos
439 1970 578 1998 dementes
602 1978 739 2003 cerneres.
761 1972 889 1998 antissam
906 1971 945 1998 illi

165 2017 334 2050 Calliupolim
348 2016 424 2043 ﬂocci
436 2017 535 2049 facere,
551 2018 685 2051 jacturam
705 2018 838 2052 publicam
851 2025 945 2052 reapse

166 2068 301 2093 umquam,
329 2062 418 2088 verbis
442 2063 572 2089 secordiac
601 2062 688 2096 plenis
715 2068 871 2094 extenuare,
891 2070 945 2089 non

167 2107 216 2134 nisi
235 2108 393 2140 amphoram
418 2109 470 2134 vini
501 2116 515 2135 a
536 2109 632 2135 Turcis
647 2108 729 2144 410
752 2114 870 2144 ereptam
892 2109 945 2136 sibi

167 2152 269 2180 dicere.
286 2152 338 2180 Sed
353 2160 401 2180 eos
418 2152 500 2180 Turci
525 2154 621 2188 paucis
636 2154 715 2180 annis
735 2155 760 2180 in
780 2154 894 2181 Thracia
909 2153 948 2181 fc-

166 2206 229 2226 cerc
254 2206 423 2233 progressus,
453 2205 482 2226 ut
500 2200 580 2234 hujus
600 2200 761 2227 Soleimanis
787 2201 882 2232 bassaa,
899 2200 946 2235 qui

993 957 1068 984 nullo
1089 955 1199 991 negotio
1221 955 1407 982 excutiuntur.
1424 953 1457 980 Et
1474 953 1563 980 solent
1580 953 1637 978 hate
1657 951 1710 978 sub
1733 950 1779 978 dio

994 1003 1061 1034 ﬁeri,
1083 1007 1160 1029 extra
1182 1009 1265 1036 pagos
1282 1006 1308 1028 et
1323 1001 1432 1036 oppida.
1463 1000 1579 1033 Semper
1605 1003 1697 1025 autem
1718 1006 1779 1024 mos

993 1050 1038 1076 hic
1049 1049 1120 1084 apud
1136 1048 1288 1075 Orientales
1304 1047 1448 1074 triturandi
1472 1046 1532 1078 fuit,
1547 1045 1609 1072 inde
1633 1052 1720 1079 usque
1745 1044 1779 1070 ab

994 1093 1192 1128 antiqu’ssimis
1211 1094 1390 1128 temporibus.
1404 1093 1476 1120 sicut
1496 1096 1523 1118 et
1545 1094 1572 1117 in
1597 1091 1682 1117 sacris
1703 1090 1779 1116 libris

994 1141 1168 1168 interdictum
1191 1144 1267 1167 vetus
1283 1139 1416 1174 reperitur
1436 1148 1444 1167 :
1460 1138 1494 1166 Oa
1513 1138 1570 1164 bovi
1594 1136 1732 1164 trituranti
1747 1144 1779 1161 ne

993 1187 1133 1222 obligatur.
1152 1186 1308 1214 Secundum
1333 1186 1391 1213 hzec
1416 1184 1519 1212 mentio
1551 1184 1579 1210 tit
1596 1182 1779 1217 expeditionis

992 1233 1154 1265 Turcornm,
1184 1231 1301 1266 primttm
1322 1231 1402 1262 mari,
1432 1230 1548 1264 navigiis
1567 1237 1642 1256 erant
1661 1229 1777 1255 Cherro-

993 1281 1049 1308 nesi
1060 1288 1155 1307 versus
1165 1279 1287 1315 Egestum
1304 1279 1467 1314 legentibus,
1483 1282 1510 1304 et
1524 1277 1662 1312 praeterito
1675 1276 1779 1303 Rome-

993 1327 1036 1354 lia:
1060 1327 1101 1354 vel
1118 1326 1231 1361 Europa:
1258 1326 1458 1360 promontorio,
1486 1324 1576 1352 sinum
1604 1323 1775 1356 Magarisiunt

994 1373 1045 1408 (sic
1062 1380 1078 1399 a
1092 1371 1173 1400 foedis
1197 1372 1404 1406 tempestatibus
1417 1379 1450 1398 ac
1474 1370 1572 1403 pluviis
1587 1370 1700 1398 dictum.
1717 1376 1778 1402 quas

993 1418 1047 1446 illis
1061 1419 1089 1445 itt
1101 1418 1259 1452 regionibus
1273 1418 1406 1444 exsistere
1423 1417 1514 1445 borcis
1530 1415 1661 1454 ﬂantibus
1677 1414 1777 1444 Solent.

993 1473 1053 1493 cum
1071 1464 1140 1499 apud
1160 1472 1210 1491 nos
1236 1464 1327 1498 aquilo
1342 1464 1518 1491 serenitatem
1547 1463 1618 1489 acris
1645 1461 1722 1495 ferat)
1740 1461 1781 1487 itt-

994 1513 1139 1544 trantibus.
1156 1511 1201 1538 ubi
1214 1510 1378 1538 Cherronesi
1392 1509 1464 1537 latus
1478 1509 1606 1540 alterunt,
1629 1509 1710 1542 longo
1723 1512 1779 1534 lt'a—

993 1564 1050 1590 ctu.
1063 1559 1091 1586 in
1107 1565 1182 1585 mare
1195 1565 1224 1585 se
1239 1557 1353 1592 porrigit
1366 1566 1373 1584 :
1387 1556 1485 1583 deinde
1503 1561 1586 1585 terra.
1600 1555 1692 1582 missis
1704 1554 1781 1588 equi-

994 1605 1076 1636 tibus,
1087 1604 1132 1638 qui
1146 1612 1207 1631 cum
1220 1603 1362 1637 Edzebego
1374 1602 1514 1637 planitiem
1537 1602 1703 1629 Cherronesi
1722 1607 1781 1627 ναις

993 1658 1039 1678 sus
1056 1658 1164 1677 amnem
1179 1650 1322 1676 Maritzam
1346 1653 1567 1684 pervagarentur,
1585 1653 1612 1675 et
1625 1648 1722 1674 Album
1744 1647 1779 1673 ad

993 1696 1104 1724 Partum
1132 1696 1273 1723 navalibus
1288 1703 1319 1722 se
1341 1703 1403 1722 cum
1418 1694 1504 1728 copiis
1527 1694 1734 1728 conjungerent.
1751 1693 1780 1718 ln

994 1743 1036 1770 his
1055 1742 1146 1769 verbis
1161 1742 1361 1769 observandum
1392 1741 1465 1768 illaut
1491 1740 1607 1767 Bolairis
1639 1739 1780 1774 planitiem

993 1788 1091 1816 Turcis
1103 1789 1215 1820 dictam,
1229 1787 1340 1815 Praetori
1357 1787 1468 1814 (ζητεῖτε
1483 1791 1578 1813 nostro
1593 1786 1686 1813 vocari
1704 1785 1780 1811 Bole«

995 1842 1066 1864 rum.
1079 1841 1130 1867 qua
1141 1833 1246 1860 scilicet
1259 1841 1306 1867 per
1320 1833 1406 1867 ipsam
1420 1833 1649 1862 Cherrronesum.
1662 1831 1780 1858 "adria-

995 1879 1085 1914 nopoli
1097 1879 1190 1914 procul
1202 1879 1235 1905 ad
1247 1879 1370 1906 dextram
1388 1879 1491 1908 relicta.
1502 1886 1561 1905 cum
1578 1878 1779 1912 Didymoticbo.

995 1934 1090 1954 versus
1103 1925 1203 1952 [Ειιιιιῐι
1216 1925 1355 1959 oppidum.
1367 1930 1392 1951 et
1402 1924 1540 1951 Maritzam
1555 1924 1678 1954 fluvium,
1692 1931 1780 1957 quou-

995 1973 1056 1999 dam
1071 1971 1189 1999 Hebrum
1214 1971 1326 1999 dictum.
1343 1978 1375 1998 ac
1398 1971 1504 2004 longius
1530 1970 1592 1996 inde
1607 1969 1779 1997 Thessaliam

996 2027 1091 2047 versus
1121 2019 1184 2045 itur.
1218 2018 1284 2045 Nam
1301 2026 1315 2045 a
1332 2018 1536 2045 Chiridocastro
1550 2018 1607 2045 sive
1623 2017 1779 2049 Zemenico.

998 2073 1045 2100 per
1061 2065 1230 2092 excurrentis
1243 2065 1270 2090 in
1280 2072 1355 2092 mare
1368 2063 1533 2092 Cherronesi
1547 2071 1668 2098 campos.
1680 2063 1712 2090 ad
1727 2062 1783 2089 Ma-

998 2112 1095 2138 ritzaut
1112 2111 1236 2143 fluvium.
1256 2115 1284 2137 et
1297 2111 1373 2137 illum
1391 2111 1473 2137 maris
1492 2110 1593 2140 sinum.
1613 2110 1639 2136 in
1655 2117 1736 2144 quem
1753 2117 1783 2136 se

999 2157 1109 2184 Maritza
1126 2157 1182 2184 sive
1199 2156 1341 2188 Taenarus,
1355 2162 1384 2183 ut
1399 2156 1534 2183 Laouirus
1556 2156 1590 2183 de
1608 2163 1691 2182 causa
1706 2154 1784 2181 dein~

998 2210 1062 2235 ceps
1090 2202 1249 2237 exponenda
1274 2207 1364 2233 vocat.
1395 2207 1505 2236 propter
1528 2201 1628 2229 Aﬂnnm
1644 2201 1782 2228 civitatem

165 2245 336 2278 Calliupoliu)
360 2248 424 2272 tunc
441 2246 480 2273 eis
499 2246 607 2280 eripuit,
629 2246 721 2273 fratris
751 2246 821 2279 illius
841 2246 947 2280 Bajazi-
964 2254 985 2280 1)
1000 2248 1124 2279 etTundit.
1144 2248 1275 2275 directum
1297 2249 1347 2275 iter
1364 2256 1416 2274 non
1447 2255 1574 2282 magnum
1601 2251 1655 2274 est.
1678 2246 1784 2280 Quippe

166 2293 217 2319 tes.
234 2290 373 2324 occupatis
386 2291 467 2317 etiam
477 2290 643 2317 suburbanis
659 2289 742 2324 agris,
754 2289 948 2316 Constantino-

166 2335 247 2368 polim
266 2335 390 2369 pluribus
404 2335 483 2362 annis
497 2335 636 2362 obsideret
649 2343 656 2361 ί
670 2343 750 2369 quam
769 2335 878 2369 quidem
890 2343 947 2361 υιιι-

167 2381 231 2408 nino
250 2381 410 2408 redactnrns
427 2386 485 2408 erat
501 2382 526 2408 in
545 2386 721 2415 potestatem,
749 2381 775 2408 ui
793 2380 882 2408 Tatari
896 2381 948 2408 Tc-

166 2427 244 2454 miris
267 2427 458 2454 intervenisset
474 2428 611 2462 expeditio
630 2427 740 2462 Bajaziti
760 2427 851 2454 fatalis
868 2436 875 2454 ;
894 2434 947 2461 qua

165 2473 504 2508 prosperrimi'l'urcornm
523 2481 665 2501 successus
684 2473 840 2507 aliquandiu
857 2473 949 2500 divino

166 2519 283 2546 consilio
299 2519 408 2546 fuerunt
426 2519 545 2552 inhibiti,
561 2527 592 2545 ne
607 2524 669 2546 ante
683 2525 789 2554 tempus
805 2527 819 2546 a
833 2519 887 2546 Deo
902 2520 948 2544 de-

167 2565 307 2597 stinatum,
325 2565 431 2599 imperii
450 2565 536 2593 Graeci
549 2565 677 2600 reliquias
692 2566 864 2593 devorareut.
884 2566 948 2593 Ha-c

167 2612 288 2639 narratio
300 2612 363 2638 licet
374 2611 400 2639 in
414 2612 535 2639 historiis
550 2612 651 2640 Graecis
663 2620 716 2639 non
729 2616 827 2643 exstet,
839 2612 948 2645 dignam

169 2663 258 2685 tamen
273 2659 377 2691 censui.
395 2667 455 2693 qum
470 2659 607 2686 memoriae
627 2658 787 2693 proderetur
803 2667 810 2686 :
828 2664 858 2684 ιιι
870 2667 903 2686 ex
918 2667 948 2685 ea

168 2705 255 2731 nostri
276 2704 401 2732 homines
420 2705 574 2740 exemplum
602 2705 720 2739 capiant,
741 2705 820 2732 nobis
831 2705 902 2739 quod
916 2712 950 2731 cx

171 2757 220 2776 usu
241 2750 286 2776 sit.
304 2749 411 2777 Utinam
422 2758 455 2777 ne
468 2758 518 2777 nos
531 2751 612 2778 etiam
632 2751 712 2778 modo
725 2755 778 2777 tam
792 2751 887 2781 altum,
905 2758 951 2776 ve-

171 2801 248 2822 terno
257 2795 411 2823 Gra‘corum
426 2797 541 2830 correpti
558 2801 746 2827 sterteremus,
757 2796 801 2822 vix
814 2801 840 2822 ιιι
853 2803 950 2830 exper-

171 2841 236 2877 gisci
245 2841 382 2876 possimus
393 2851 399 2868 :
412 2843 475 2869 dum
486 2851 538 2870 non
549 2843 951 2877 tibirodocastra,porcorunne

173 2888 289 2916 stabula.
303 2890 348 2915 sed
365 2889 496 2918 hattcnus
513 2889 611 2917 invicta
626 2888 842 2917 Christianorum
852 2896 950 2921 propu-

999 2294 1131 2321 Thracica
1147 2294 1336 2321 Cherronesus
1350 2294 1435 2320 instar
1459 2293 1559 2326 linguae
1575 2300 1603 2319 se
1617 2292 1733 2326 porrigit
1756 2291 1784 2318 in

1000 2340 1122 2375 Egazum
1137 2348 1222 2370 mare.
1237 2345 1291 2367 tant
1313 2344 1428 2374 angusto
1442 2343 1522 2366 terra;
1537 2338 1705 2365 continentis
1721 2345 1783 2372 spa-

998 2385 1036 2412 tiu
1048 2404 1055 2415 .
1068 2392 1115 2411 sex
1131 2389 1234 2411 tantum
1252 2389 1281 2410 ut
1296 2384 1456 2411 tnilliaribus
1472 2383 1573 2410 Grzccis
1588 2382 1669 2410 distet
1685 2381 1785 2409 Helles-

1000 2436 1099 2464 pontus
1123 2437 1138 2456 a
1156 2431 1216 2457 sinu
1231 2430 1389 2463 Magarisio,
1413 2429 1460 2464 qui
1487 2433 1529 2456 est
1548 2429 1582 2455 ab
1599 2429 1685 2455 altera
1701 2428 1784 2454 Cher-

1000 2476 1088 2504 ronesi
1103 2481 1179 2511 parte
1193 2484 1199 2503 :
1215 2476 1312 2510 quibus
1328 2483 1398 2503 asex
1413 2475 1577 2503 milliaribus
1587 2475 1667 2502 etiam
1680 2475 1784 2502 dictum

1000 2527 1042 2550 est
1059 2522 1238 2550 Hexamilium
1256 2522 1430 2554 Cherronesi,
1451 2530 1498 2549 sex
1514 2523 1702 2549 tantummodo
1724 2522 1784 2548 ιιιὶΙ-

1000 2569 1117 2596 liariltus
1134 2569 1235 2596 Graecis
1248 2576 1262 2595 a
1286 2568 1429 2602 Calliupoli
1444 2569 1570 2596 dissitum
1588 2577 1595 2595 :
1619 2573 1647 2595 ut
1665 2569 1783 2595 alterum

1001 2616 1134 2643 et-lebrius
1153 2615 1220 2642 illud
1235 2614 1419 2647 llexamilinm
1433 2615 1524 2642 Isthmi
1541 2615 1707 2642 Corinthiaci
1721 2615 1785 2641 toli-

1001 2663 1061 2690 dem
1077 2661 1186 2695 patetin
1212 2661 1384 2688 latitudinem
1411 2662 1587 2691 milliaribtts.
1608 2666 1634 2688 et
1654 2661 1784 2693 utrinque

1001 2708 1109 2743 gemino
1125 2707 1251 2735 similiter
1268 2714 1283 2733 a
1302 2708 1369 2734 mari
1382 2707 1502 2736 alluitur.
1522 2707 1584 2741 Βεεί
1608 2706 1782 2738 vocabuhnn,

1001 2752 1072 2784 quod
1092 2751 1135 2777 hic
1152 2751 1214 2777 Edzi
1230 2750 1337 2777 cuidam
1355 2758 1388 2778 ex
1404 2751 1574 2785 proceribus.
1591 2750 1715 2777 ancicis
1735 2750 1784 2776 tri-

1000 2796 1104 2827 buitur,
1130 2795 1298 2830 interpretati
1314 2795 1368 2829 jam
1399 2801 1577 2823 antesumus.
1605 2793 1662 2821 Hoc
1677 2799 1783 2821 tantum

1003 2843 1085 2869 lector
1102 2842 1240 2874 observet.
1271 2843 1411 2877 planitiem
1442 2842 1638 2874 Bolaireusem,
1658 2841 1716 2868 sive
1733 2840 1786 2870 Bo-

1006 2889 1149 2919 lereuscm,
1169 2892 1198 2915 ut
1213 2892 1312 2921 przctor
1327 2894 1414 2920 vocat,
1429 2888 1554 2922 deinceps
1573 2887 1644 2921 apud
1677 2885 1782 2913 Turnus
