1963 3067
204 143 258 172 Ίὸὶι

205 291 282 322 lium.
307 294 418 327 patebit.
442 293 539 323 Portus
555 296 639 325 Albus
667 299 784 334 denique
811 300 913 328 Graecis
945 307 987 329 est

203 339 413 373 Asprolintiona.
729 342 732 343 ⁷

203 395 248 422 26.
265 396 303 423 De
321 399 429 435 pppidix
459 399 596 435 Cherepoli
611 407 637 429 et
662 403 747 435 Zarli.
769 406 886 433 civilntea
904 407 984 434 Cher-

239 433 335 463 rnnesi,
351 435 382 472 ob
400 433 514 474 Eyropn:
525 433 713 477 promontorio
729 433 984 477 Constantinopolim

236 474 328 502 usque,
344 476 402 495 cum
418 471 563 498 interuallis
579 473 656 499 unius
672 473 703 500 ab
724 476 820 503 altera.

237 524 302 556 Quae
314 527 412 560 oppida
426 527 550 556 Thracia:
564 530 734 570 Cherrpolim
747 539 773 560 et
783 533 891 562 Zorlum
903 535 986 571 Turci

202 577 312 604 vocant,
332 571 417 601 Graeci
444 575 537 604 dixere
558 577 742 613 Chariupolim
767 585 794 608 et
822 581 981 615 Tzurulum.

202 619 375 655 Chariupolis
392 622 448 650 sive
466 623 647 659 Cbariopolts.
664 627 776 660 perinde
804 636 836 656 ac
852 638 933 664 supra
949 631 984 658 de

201 664 344 700 (Zatliopoli
374 668 490 702 dictum,
508 670 543 697 ab
553 666 710 699 Atheniensi
726 672 823 700 Chnria
840 676 983 704 conditore

202 710 252 738 l‘uit
264 714 408 748 appellata.
424 715 490 742 Nam
513 722 666 751 prmpolens
681 722 748 746 mari
769 721 885 754 populus
900 722 984 749 Athe-

203 758 304 786 niensis
319 765 382 787 ante
402 760 501 789 bellum
512 763 782 798 Peloponnesiacum,
799 771 908 801 propter
924 775 984 794 am—

203 804 362 836 plitudinem
376 806 483 839 classis_
497 813 522 835 et
538 817 615 836 nsum
630 818 720 837 rerum
738 812 884 844 navalium,
899 812 984 839 Clter-

205 857 330 877 ronesum
356 859 417 879 cum
438 854 531 886 majori
551 860 627 888 parte
644 856 786 884 maritima:
796 857 920 885 Thracia:
951 866 983 886 ac

202 896 376 929 Macedoniae.
391 907 453 926 cum
482 900 612 928 Perintho
638 901 722 936 (nunc
749 903 893 936 Arach'wa,
913 906 984 937 quod
1003 913 1022 942 Β

204 943 275 969 idem
292 949 333 971 est
363 953 425 972 eum
443 946 594 982 Heraclea),
612 957 673 975 cum
691 948 825 984 Selybria,
845 959 903 978 cum
924 952 984 986 ipso

203 989 341 1023 Byzantio,
361 992 517 1026 possidebat
535 1002 541 1020 :
556 994 581 1020 in
604 1001 690 1029 caque
709 995 778 1027 loca,
800 998 882 1024 semel
902 1005 983 1025 occu-

200 1039 274 1067 pata.
289 1036 410 1064 colonias
424 1037 573 1065 deducebat
587 1048 595 1066 ι
612 1038 779 1075 Thucydide,
792 1041 981 1075 Xenophonte,

203 1086 282 1114 atque
297 1082 357 1109 aliis
385 1084 510 1111 testibus.
529 1085 631 1112 Prtetor
643 1085 754 1114 Graecia:
766 1093 858 1115 naster
869 1088 982 1116 Chario-

203 1127 283 1160 polim
300 1135 505 1161 commemorat,
523 1136 550 1158 et
567 1139 622 1167 quo
638 1132 689 1160 sita
707 1133 767 1160 loco
793 1134 838 1166 sit,
857 1134 959 1162 indicat
974 1144 980 1162 :

201 1174 265 1200 dum
280 1175 375 1202 ordine
390 1176 514 1205 civitates
538 1178 587 1206 has
616 1179 642 1206 in
657 1179 830 1208 Cherroneso
847 1187 980 1215 recenset,

201 1219 369 1253 Heracleam,
379 1221 505 1254 Panium.
518 1224 703 1258 llbaedestum,
716 1226 911 1261 Chariopolim.
925 1227 980 1255 Me-

203 1267 278 1293 minit
293 1272 320 1294 et
335 1267 469 1296 Cedrinus
485 1269 512 1296 in
525 1270 706 1299 Constantino
715 1271 894 1300 Monomacho
910 1274 979 1309 Aug.

201 1311 246 1338 ubi
273 1313 305 1339 de
322 1311 474 1341 Patzinacis
488 1315 514 1341 in
540 1315 726 1344 Macedoniam
743 1317 906 1352 proiecturis
933 1326 981 1345 ex—

198 1358 290 1392 plicat.
308 1358 362 1386 Leo
370 1359 484 1394 Sapiens
495 1362 563 1396 Aug.
574 1361 601 1389 in
616 1361 725 1390 Novella
740 1363 773 1390 de
788 1363 914 1395 Thronis,
929 1364 980 1392 He-

199 1402 296 1428 raclea‘.
320 1405 472 1438 metropoli,
496 1412 577 1439 quam
603 1405 725 1433 Thraciae
762 1406 980 1442 Macedoniaeque

198 1449 281 1474 simul
297 1449 430 1483 attribuit,
452 1450 531 1486 411
547 1451 621 1478 velut
634 1452 660 1478 in
672 1452 790 1479 conﬁnio
803 1454 894 1486 sitam,
910 1453 980 1480 inter

200 1494 267 1521 alios
282 1495 466 1530 episcopatus,
487 1497 536 1523 hos
554 1497 686 1530 subjicit:
707 1497 858 1533 Madytum,
878 1498 912 1525 de
927 1506 978 1533 qua

198 1540 329 1567 diximus.
348 1541 521 1570 haedestum
541 1544 625 1574 (utmc
647 1543 826 1578 Rhodostnm)
852 1543 977 1576 Paninm,

813 151 978 182 JOANNIS
1000 154 1233 184 LEUNCLAYII

184 198 299 234 .Edzeze
315 200 445 233 planitici,
465 201 505 228 vel
523 201 599 229 Elea
611 211 708 231 nomen
722 205 757 233 ab
772 205 822 234 hoc
836 207 906 235 Edze
919 209 987 245 bego
1002 220 1023 247 Α

205 252 391 276 ronSecutam.
409 251 438 273 ut
457 247 537 282 infra,
555 250 636 278 certis
649 258 681 278 ex
696 252 763 279 locis
779 253 875 280 horum
903 263 988 282 anua-
1003 253 1007 257 ’

1767 157 1820 188 756

1073 212 1094 237 Α
1110 211 1194 238 Ponte
1207 211 1302 246 grandi
1317 212 1349 238 ad
1363 211 1473 239 Pontem
1487 220 1612 247 parvum,
1629 222 1665 242 ιη.
1678 214 1718 241 l0.

1081 257 1100 283 Λ
1116 257 1198 283 Ponte
1210 264 1294 292 parvo
1305 257 1336 284 ad
1352 256 1381 285 S.
1399 257 1577 293 Stephanum,
1593 267 1630 286 m.
1641 259 1682 287 l0.

1078 303 1099 329 Α
1115 303 1142 330 S.
1158 303 1294 338 Stephano
1310 304 1342 331 ad
1360 304 1582 341 Hcptapyrgium,
1594 307 1651 334 sive
1662 306 1824 340 Jadiculam,

1040 348 1081 375 vel
1096 355 1185 375 arcem
1201 354 1302 383 septem
1320 350 1448 382 turrium,
1460 350 1539 378 sitam
1556 351 1582 378 in
1605 355 1728 379 extremo
1749 353 1826 380 urbis

1038 393 1323 429 Constantinopoleos,
1338 395 1371 422 ad
1389 396 1579 430 Propontidem
1597 397 1709 431 angulo,
1726 405 1763 424 m.
1778 398 1804 425 5.

1074 439 1114 466 Ab
1130 438 1311 476 lleptapyrgio
1322 441 1355 467 ad
1368 441 1466 468 suitani
1484 442 1617 474 sarainm,
1641 443 1685 470 ubi
1702 444 1825 471 alter-est

1038 485 1115 511 urbis
1141 485 1255 520 angulus
1285 487 1317 513 ad
1347 484 1527 521 Bosphorum,
1556 487 1713 522 Propontidi
1737 495 1824 517 seruet

1038 530 1241 563 inl‘undentem,
1257 540 1294 559 m.
1312 533 1337 559 '7.

1074 576 1208 605 Tzurulus
1226 578 1370 613 (Castaldo
1384 579 1497 611 Chiorli,
1515 579 1671 614 Busbequio
1685 579 1823 613 Chiurli),

1037 631 1118 656 quam
1133 622 1187 650 Leo
1203 624 1348 658 imperator
1370 618 1532 652 Tzurolloén
1544 630 1639 658 vocat,
1660 626 1783 653 nonnihil
1806 633 1822 653 a

1039 669 1205 704 Propontide
1219 677 1315 697 versus
1335 670 1533 698 mediterranea
1556 671 1648 703 distat,
1667 679 1681 698 a
1701 671 1821 707 Selybria

1037 715 1172 742 maritima
1200 723 1248 742 sex
1275 716 1336 750 plus
1367 717 1457 745 minus
1481 718 1611 744 horarum
1634 718 1741 746 itinere.
1767 717 1822 746 Nos

1036 760 1100 788 istic
1116 761 1182 788 satis
1198 761 1343 789 commode
1360 762 1431 790 diem
1457 771 1489 790 ac
1506 769 1614 800 noctem
1630 763 1744 798 egimus.
1762 763 1821 791 Fal-

1036 805 1101 832 litur
1119 807 1145 833 in
1162 807 1262 834 Selime
1275 808 1362 842 primo
1381 808 1484 843 Invitis,
1514 814 1541 837 et
1565 816 1662 837 auctor
1681 811 1819 837 annalium

1039 851 1141 879 Silcsia:
1154 852 1270 885 Cureus,
1285 856 1331 888 qui
1349 862 1447 890 pagum
1463 856 1610 891 ignobilem
1629 862 1655 884 et
1670 857 1816 884 obscurum

1037 902 1137 924 vocant
1154 907 1161 925 :
1178 906 1240 926 cum
1262 900 1397 935 hodieque
1419 903 1455 929 sit
1472 902 1611 936 oppidum,
1632 907 1659 929 et
1674 910 1687 928 a
1705 907 1819 937 praetore

1038 941 1144 969 dicatur
1153 943 1228 978 Asty,
1245 945 1316 978 quod
1334 945 1469 972 civitatem
1488 947 1638 981 signiﬁcat;
1656 955 1687 975 ac
1703 947 1729 974 in
1742 947 1819 974 Grae-

1037 994 1133 1015 corum
1151 989 1273 1018 historiis
1300 991 1381 1018 etiam
1406 991 1530 1021 Mauricii
1551 993 1664 1028 Augusti
1689 994 1820 1028 tempori-

1037 1033 1100 1066 bus,
1118 1039 1180 1062 ante
1196 1036 1269 1064 mille
1284 1038 1388 1065 scilicet
1406 1046 1504 1071 annos,
1521 1040 1624 1067 mentio
1639 1040 1748 1068 Tzuruli
1763 1041 1817 1073 ﬁat,

1037 1081 1081 1108 ubi
1095 1082 1206 1114 dicitur,
1217 1083 1345 1119 Chagano
1359 1092 1420 1112 cum
1433 1084 1537 1112 inﬁnita
1548 1086 1719 1114 multitudine
1733 1086 1820 1113 Thra-

1035 1127 1104 1154 ciam
1132 1129 1267 1163 ingresso.
1296 1130 1480 1157 Romanorum
1510 1131 1606 1159 ducem
1623 1132 1758 1164 territum,
1789 1132 1818 1159 in

1035 1174 1149 1201 castello
1162 1174 1285 1208 Tzuruli,
1302 1180 1430 1210 tanquam
1446 1177 1506 1205 loco
1521 1170 1637 1210 munito,
1651 1185 1679 1205 se
1705 1178 1817 1205 conclu-

1037 1219 1118 1247 sisse.
1128 1219 1194 1247 Nam
1207 1221 1263 1248 haec
1277 1222 1332 1256 ipsa
1347 1222 1472 1258 leguntur
1483 1223 1553 1257 apud
1573 1223 1706 1250 Zonaram
1721 1225 1815 1252 verba.

1007 1302 1013 1313 ι
1032 1277 1078 1304 27.
1101 1277 1228 1309 Eurenos,
1245 1283 1270 1305 et
1286 1280 1373 1306 δίεισι-ἱ
1400 1284 1451 1306 tres
1468 1280 1538 1314 apud
1557 1280 1655 1307 Turco:
1671 1281 1816 1308 illustrium

1205 1319 1319 1348 quatitur
1335 1315 1498 1349 familiarum
1515 1321 1643 1343 auctores.

1068 1367 1190 1396 Tradunt
1214 1370 1311 1402 nostri,
1335 1371 1399 1397 etin
1431 1371 1472 1398 his
1495 1371 1647 1405 Geul‘raaus,
1667 1372 1814 1406 Osmanem

1034 1414 1085 1441 sibi
1103 1419 1157 1441 tres
1171 1414 1317 1443 foederatos
1337 1417 1478 1449 ascivisse.
1497 1425 1612 1451 quorum
1629 1416 1737 1453 adjutus
1752 1425 1814 1453 ope,

1034 1459 1218 1494 compluribus
1245 1461 1351 1496 oppidis
1377 1461 1515 1494 subactis,
1545 1463 1734 1490 auctoritatem
1761 1464 1815 1491 sibi

1033 1505 1235 1541 potentiamque
1264 1507 1472 1541 comparaverit.
1501 1507 1603 1535 Horum
1632 1510 1700 1537 duos
1730 1509 1813 1537 fuisse

1033 1550 1151 1584 Graecos,
1174 1551 1312 1587 religionis
1339 1552 1500 1581 Christianae
1520 1554 1684 1587 desertores,
1701 1555 1810 1582 tertium

200 1585 380 1614 llexamilium
405 1587 488 1622 (nime
508 1588 639 1623 Xamilii),
668 1589 846 1624 Calliopolim,
861 1589 979 1617 Perista-

1034 1604 1095 1624 vero
1108 1596 1236 1626 Turcum.
1252 1598 1407 1626 Graecorum
1425 1608 1506 1633 unus,
1523 1600 1636 1628 Michael
1656 1601 1814 1630 nominaba-

198 1631 262 1663 sim,
301 1632 498 1667 Cbariopolim.
530 1632 705 1669 'l‘znrolloétr
724 1634 809 1670 (nunc
843 1634 930 1670 Zorli)
953 1640 979 1662 ct

198 1679 311 1712 Athyra.
331 1679 376 1713 qui
392 1687 464 1706 nunc
476 1679 548 1707 Pons
579 1681 688 1715 grandis
715 1681 881 1708 nominatur.
901 1681 977 1714 Quod

199 1724 222 1749 si
239 1724 314 1750 lubet
341 1725 577 1756 intelligentlarum
605 1727 780 1754 historiarum
795 1734 876 1754 causa
895 1735 977 1754 nosse

199 1770 337 1796 intervalla
362 1771 457 1798 borum
485 1772 657 1806 oppidorum,
683 1777 713 1799 ut
734 1772 829 1800 ordine
845 1773 896 1800 sita
911 1778 976 1800 sunt

197 1824 211 1843 a
224 1816 229 1841 l
250 1816 325 1843 littus
340 1815 506 1851 Hellesponti
521 1826 553 1846 ac
566 1819 748 1854 Propontidis,
766 1819 829 1846 inde
844 1827 859 1846 a
876 1819 977 1847 Darda-

198 1862 287 1894 nellis,
319 1863 362 1888 ubi
386 1863 479 1891 fauces
502 1863 668 1899 Hellesponti
697 1870 771 1897 sunt,
801 1864 827 1891 in
855 1863 976 1899 Egaeum

196 1917 279 1936 cursu
298 1909 395 1943 rapido
423 1914 510 1937 semet
524 1912 710 1944 exonerantis,
732 1911 766 1938 ad
790 1911 876 1946 ipsam
893 1919 979 1945 usque

198 1957 297 1989 regiam
308 1956 402 1982 urbem
415 1955 678 1991 Constantinopolim
693 1967 699 1984 :
717 1957 774 1984 haec
803 1961 978 1991 peraccurate

196 2006 351 2035 computata
371 2002 454 2035 illius,
473 2011 555 2038 quem
575 2004 630 2031 dixi
645 2003 782 2031 Meliensis
799 2004 906 2031 Antonii
920 2009 978 2031 stu-

196 2048 250 2079 dio,
269 2048 384 2074 notabis.

231 2093 251 2119 A
266 2091 408 2126 Romolius,
420 2095 461 2121 vel
476 2094 627 2128 Romaniae,
645 2095 789 2124 Grarciaeve
815 2101 977 2131 promonto-

200 2141 252 2169 rio.
269 2140 342 2173 quod
360 2145 513 2167 extremum
525 2146 568 2168 est
586 2142 613 2168 iu
631 2141 737 2177 Europa
754 2147 863 2177 propter
875 2143 975 2170 Helles-

196 2186 272 2219 ponti
291 2187 441 2220 angustias,
457 2188 491 2214 ad
503 2195 581 2215 arces
596 2188 728 2220 lanciunt,
752 2190 810 2216 sire
834 2188 978 2216 Dardanel-

196 2233 248 2262 los,
266 2233 390 2260 milliaria
402 2233 496 2260 Graeca
514 2240 578 2261 sunt
593 2235 635 2261 18.

229 2279 251 2305 Α
266 2278 433 2306 Dardaucllis
447 2279 558 2307 Maitum
577 2288 675 2314 usque.
693 2290 727 2308 ιιι.
743 2282 767 2308 5.

229 2324 310 2351 Μιιίιο
323 2325 565 2359 Cbiridocastrum,
581 2335 617 2355 m.
633 2327 660 2354 ἲ.

227 2370 436 2398 Cbiridocastro
450 2373 632 2409 Calliupolim,
648 2382 684 2401 m.
701 2374 747 2401 22.

228 2417 371 2452 (ἒτιΙιίιψοιὶ
386 2417 576 2451 Hexamilium,
598 2428 633 2447 m.
651 2420 676 2447 6.

229 2463 378 2491 llcxautilio
387 2464 419 2491 ad
432 2463 523 2492 Sancti
534 2464 643 2500 Georgii
655 2469 885 2503 promontorium,
897 2477 933 2494 m.
944 2469 970 2496 li.

229 2514 250 2537 Α
266 2510 295 2537 S.
310 2510 427 2546 Georgio
443 2511 601 2544 l’eristasin,
616 2520 654 2540 m.
670 2513 699 2540 6.

229 2557 358 2584 l’erislasi
370 2557 552 2590 Aracblizam,
569 2567 605 2586 tn.
621 2559 646 2587 ’1.

228 2602 366 2630 Arachliza
384 2602 591 2638 Myriophytum,
610 2614 646 2632 nt.
657 2606 682 2633 7.

227 2647 397 2682 Myriophyto
413 2647 521 2680 Coram,
539 2657 575 2676 m.
589 2650 615 2678 6.

227 2694 295 2720 Cora
310 2693 439 2726 Gaiuutu,
455 2702 491 2722 m.
511 2694 537 2721 6.

226 2739 312 2766 (hino
325 2739 506 2771 Rhodostum,
523 2748 560 2768 m.
576 2741 622 2769 25.

224 2785 363 2812 Rhodosto
381 2785 552 2819 Arachleam,
574 2795 609 2814 tu.
627 2787 670 2814 30.

226 2831 358 2857 Ararhlca
374 2832 540 2866 Silyuream,
558 2842 593 2860 m.
609 2834 655 2861 20.

230 2879 352 2918 ῥῆξαι-εει
366 2879 398 2906 ad
417 2879 527 2907 Pontcm
545 2881 684 2918 grandem,
706 2890 742 2909 ut.
762 2882 801 2909 15,

1031 1645 1098 1669 tur‘:
1114 1642 1194 1675 alter,
1210 1642 1327 1672 Marcos.
1349 1643 1438 1672 Turco
1464 1653 1562 1673 nomen
1591 1646 1700 1673 Aurami
1729 1646 1813 1675 fuisse

1030 1688 1136 1715 Scribit.
1151 1689 1191 1716 Ab
1205 1689 1248 1716 his
1268 1696 1430 1725 propagatae
1449 1698 1508 1719 esse
1534 1696 1588 1720 tres
1607 1691 1725 1720 familias
1740 1693 1811 1728 apud

1030 1732 1136 1761 Turcos
1162 1735 1269 1763 caeteris
1296 1737 1434 1770 omnibus,
1461 1738 1610 1765 secundum
1637 1738 1811 1772 Osmanidas,

1030 1779 1199 1806 nobiliores:
1215 1788 1229 1807 a
1244 1780 1385 1814 Michaele,
1407 1782 1452 1816 qui
1473 1782 1637 1819 Micbalogli,
1658 1785 1734 1819 quasi
1759 1783 1812 1811 Mi-

1030 1825 1159 1857 cbalides,
1174 1827 1318 1861 dicantur;
1331 1836 1346 1855 a
1357 1827 1458 1860 Marco,
1475 1829 1520 1864 qtti
1540 1829 1712 1866 Marcozogli,
1730 1830 1810 1865 quasi

1028 1871 1197 1900 Morcozides
1212 1881 1219 1906 ;
1234 1873 1268 1900 ab
1284 1874 1408 1906 Aurami,
1423 1874 1470 1909 qui
1487 1875 1641 1910 Auramogli
1651 1875 1810 1903 etAurami-

1029 1917 1086 1945 des.
1096 1917 1151 1945 Nos
1163 1919 1293 1947 hactenus
1305 1919 1401 1947 borum
1415 1920 1442 1948 in
1458 1922 1601 1949 annalibus
1613 1923 1687 1950 hisce
1695 1922 1812 1949 mentio-

1029 1971 1091 1990 nem
1101 1964 1201 1991 nullam
1213 1965 1370 1993 habuimus.
1379 1966 1527 1995 Eureuosis
1536 1975 1632 1995 nomen
1642 1968 1684 1996 hic
1693 1968 1810 2003 primum

1028 2018 1100 2037 anno
1111 2010 1268 2039 Christiano
1294 2011 1363 2039 1357
1376 2013 1500 2048 legimus,
1517 2021 1596 2048 quem
1620 2022 1652 2041 ex
1667 2022 1810 2049 proccrmn

1029 2064 1143 2083 numero
1160 2056 1243 2085 fuisse
1257 2066 1310 2085 non
1323 2058 1434 2086 dubium
1446 2064 1498 2092 est,
1512 2068 1573 2087 cum
1594 2060 1677 2095 begtts
1693 2061 1813 2095 appelle-

1029 2106 1080 2129 tur.
1099 2102 1130 2129 Et
1140 2101 1243 2130 Turcos
1253 2103 1296 2131 hic
1314 2105 1423 2137 quidem
1438 2105 1514 2140 sequi
1527 2106 1607 2139 malo,
1620 2107 1719 2141 quibus
1730 2106 1814 2132 Eure-

1029 2156 1098 2182 nos;
1115 2157 1195 2184 quam
1209 2149 1374 2183 Geulra-um,
1397 2151 1440 2178 cui
1457 2152 1568 2179 Aurami
1594 2156 1716 2179 vocatur.
1734 2151 1812 2179 Unde

1029 2195 1130 2227 posteri
1140 2202 1246 2229 quoque
1253 2203 1306 2222 non
1314 2196 1469 2231 Auramogli
1478 2205 1540 2224 cum
1550 2196 1683 2227 Geulraeo.
1694 2198 1740 2224 sed
1748 2205 1810 2224 cum

1030 2240 1127 2268 Turcis
1146 2241 1332 2276 Eurcnosogli,
1349 2242 1423 2269 velttt
1441 2243 1630 2272 EureuOsides.
1643 2243 1812 2278 suutappel-

1031 2286 1114 2312 laudi.
1126 2285 1275 2321 Michalogli
1285 2288 1372 2314 serius
1382 2287 1422 2314 his
1431 2293 1679 2315 commemorantur
1689 2288 1714 2314 in
1725 2296 1813 2315 anna-

1027 2331 1108 2364 libus,
1134 2336 1161 2358 et
1176 2333 1334 2359 nominatim
1349 2333 1499 2361 Mecltemet
1511 2334 1561 2369 beg
1578 2334 1742 2369 Michalogli,
1757 2335 1812 2363 dux

1028 2379 1219 2411 Acauziorum,
1240 2379 1291 2405 sub
1314 2378 1421 2406 initiqu
1440 2379 1616 2407 Muchemetis
1632 2380 1722 2414 primi,
1739 2388 1812 2407 anno

1027 2423 1182 2450 Christiano
1198 2424 1286 2456 HM;
1302 2424 1459 2460 Malcozogli
1476 2426 1552 2460 longe
1578 2431 1638 2460 post
1651 2425 1711 2459 ltus,
1738 2434 1812 2454 anno

1026 2467 1183 2496 Christiano
1203 2469 1280 2502 1480,
1300 2478 1353 2504 quo
1374 2475 1494 2506 tempore
1513 2471 1569 2498 Bali
1586 2472 1636 2507 beg
1651 2472 1810 2507 Maleozogli

1026 2518 1192 2549 nominatur,
1205 2519 1255 2546 sub
1266 2519 1432 2547 Mncbcmcte
1442 2522 1569 2548 secunde.
1584 2521 1692 2554 Quartae
1701 2521 1810 2561 familia».

1026 2571 1078 2589 non
1093 2563 1120 2590 lit
1131 2565 1201 2597 apud
1211 2565 1361 2592 Geuirwuut
1375 2567 1486 2598 mentio,
1496 2574 1575 2601 quatn
1585 2566 1712 2595 Turchan
1724 2567 1809 2603 hegus

1025 2610 1194 2644 propagavit.
1222 2610 1277 2638 Hoc
1304 2619 1402 2639 nomen
1420 2613 1446 2639 in
1463 2613 1505 2639 his
1519 2613 1662 2640 annalibus
1676 2614 1810 2644 reperitur

1026 2655 1076 2682 sub
1087 2655 1191 2682 .‘llurate
1209 2658 1338 2685 secundo.
1350 2665 1420 2684 anno
1431 2659 1584 2685 Christiano
1597 2660 1672 2686 1453.
1689 2659 1808 2687 lim-eno-

1024 2709 1068 2728 ses
1075 2703 1145 2735 apud
1155 2702 1300 2731 La0nicum
1310 2703 1440 2732 Brenezes
1448 2705 1585 2737 set-ibitur,
1597 2714 1644 2740 pro
1654 2706 1810 2735 Eureuezes

1025 2747 1229 2777 autUrenezes.
1250 2749 1323 2777 Idem
1342 2750 1527 2785 Michaloglios
1546 2753 1626 2779 etiam
1649 2752 1809 2781 Mle-baliues

1023 2793 1122 2820 alicubi
1151 2799 1238 2822 vocat.
1272 2795 1450 2824 Malcozzides
1477 2802 1505 2824 et
1530 2797 1685 2833 Maleozogli
1711 2806 1761 2825 cur
1793 2808 1808 2825 a

1024 2837 1120 2866 Turcis
1141 2849 1189 2874 pro
1215 2841 1371 2869 Marcolziis
1398 2849 1424 2869 et
1451 2843 1640 2879 Marcnzogliis
1667 2845 1806 2876 dicantur,

1024 2887 1097 2912 svio:
1116 2894 1193 2918 cura
1214 2886 1357 2920 licinrccio
1377 2889 1528 2922 .‘lalacuuii,
1561 2891 1661 2918 nescio.
1682 2889 1806 2921 Eureuo-
