1963 3067
207 135 260 167 759

808 143 969 172 JOANNIS
985 144 1216 173 LEUNCLAVH

1773 143 1828 174 7ῧῦ

206 201 287 226 grano,
301 194 495 229 etoppidulum
514 204 539 222 tu
562 204 592 222 eo
604 197 723 224 condidit
744 208 749 224 ;
767 207 820 231 quo
846 199 986 227 Nicolaum
1004 205 1023 229 Α
1041 201 1129 233 panis,
1148 200 1193 233 qui
1216 200 1236 227 ἡ
1266 199 1398 230 scribunt,
1417 199 1552 226 faitiiliari.
1569 198 1639 225 lmer
1665 199 1828 233 lIit'lltipOiCS

205 241 348 272 Cotertzen
365 242 509 275 ablegavit,
525 249 553 269 ut
570 244 700 271 excubias
720 245 817 271 ibidem
834 252 934 279 ageret,
962 252 988 273 et

208 285 312 322 Latinis
323 287 394 314 intra
409 287 556 314 Tzurulmn
569 289 728 323 degentibus
740 291 847 324 negotia
872 292 988 320 facesso:-

208 336 262 359 wt:
280 334 350 364 quod
365 334 474 367 quidem
485 335 612 368 oppidum
624 336 733 363 Tzuruli
749 346 802 364 non
815 346 910 373 magno
923 345 988 365 imit-
1003 343 1006 347 '

207 385 270 410 pore.
286 379 425 413 interiecto
437 379 566 407 Romanis
579 390 593 407 a
605 383 690 416 copiis
701 384 726 409 in
736 389 894 418 potestatem
909 386 988 411 reda-

205 428 277 450 ctum
292 423 352 451 fuit.
369 424 474 457 Quibus
489 426 514 452 in
530 427 619 453 verbis
633 427 721 455 obiter
729 434 754 454 ct
767 428 884 456 Mai-illae
897 429 987 456 Humi-

205 469 247 496 nis
259 471 361 496 mentio
381 471 419 501 ﬁt,
439 472 509 506 quod
524 473 613 499 statim
631 473 673 499 hic
700 474 725 500 in
741 475 890 502 Annalibus
907 478 987 504 etiam

204 515 347 550 reperitur,
379 523 405 544 et
431 526 446 545 a
475 517 571 545 Turcis
604 519 712 547 Mcritza
734 522 898 548 nominatur.
935 523 986 550 Sed

204 567 303 595 pra-tor
315 563 396 596 paulo
410 569 479 598 post,
494 565 550 592 inec
569 566 602 592 de
631 565 743 593 Maritza
770 568 896 602 subjicit:
921 570 986 596 «Alii

204 607 282 635 sedes
306 610 509 638 (onstiluebant
535 620 630 640 versus
659 613 801 641 inferiores
837 621 935 649 partes,
962 621 988 642 et

203 661 265 681 eum
280 654 402 688 ﬂuvium,
415 666 494 692 queui
507 658 596 693 lingua
610 659 740 694 vulgaris,
756 666 783 687 ut
796 666 873 688 antea
884 662 985 689 dictum

203 706 255 731 est.
284 701 423 730 Maritzam
446 709 533 732 vocat.
555 715 564 730 ι
582 705 685 740 Reapse
699 707 806 741 quidem
832 707 854 734 is
884 707 987 735 Hebrus

204 748 302 780 estqui
318 756 411 776 \‘ersus
423 748 522 777 Ᾰζηιιηι
549 751 679 785 oppidum
709 759 868 785 excurrens.
887 753 985 781 ibidem

204 793 230 818 iu
250 791 372 827 Egreum
390 802 419 821 se
438 795 548 830 pelagus
563 796 687 824 eiiundit.
710 797 762 824 Sed
776 798 838 833 quia
854 806 916 826 cum
936 799 987 827 hoc

204 842 230 863 et
246 837 290 864 alii
303 846 332 865 se
344 839 512 874 conjuuguut
526 847 631 872 attines.
657 849 689 869 ac
706 841 835 878 majorem
856 842 986 875 emciunt,

206 883 311 912 idcirco
327 894 424 913 nomen
448 887 527 915 etiatu
543 888 615 922 apud
633 888 740 916 accolas
764 893 860 916 mutat.
887 889 989 917 Flumi-
1003 883 1025 912 Β

207 938 241 958 ua
257 938 332 962 vero.
349 940 409 967 quze
425 937 525 967 praetor
535 935 568 961 ab
583 934 672 962 Hebro
689 935 747 962 sive
765 935 875 963 Maritza
902 936 986 971 recipi

206 984 415 1012 rommemorat,
429 979 480 1006 alia
496 988 548 1007 non
563 985 604 1008 est
632 989 742 1009 necesse
757 982 904 1014 recenseri,
916 983 987 1016 quod

205 1024 329 1053 Turricis
345 1027 443 1054 nostris
456 1027 624 1055 illustraudis
639 1036 691 1055 non
709 1029 848 1062 serviant;
869 1029 915 1056 sed
934 1030 987 1056 duo

207 1075 311 1098 tantum
327 1074 462 1106 prreter're
479 1074 586 1101 silentio
600 1082 652 1100 non
674 1082 793 1108 possum.
806 1082 866 1108 qua
875 1074 985 1102 Hadria-

205 1118 295 1152 uopoli
311 1126 339 1145 sc
351 1118 377 1145 in
396 1120 514 1146 Hebrum
533 1125 694 1147 exonerant.
708 1119 795 1148 Unius
819 1120 921 1148 ﬂuvioli
937 1128 986 1148 no—

206 1171 266 1190 men
277 1168 318 1191 est
333 1163 432 1196 llarda,
452 1172 501 1192 nec
518 1166 592 1197 olim,
610 1173 660 1193 nec
677 1167 757 1194 hodie
772 1167 904 1194 celebris:
922 1168 986 1194 alte-

205 1210 262 1237 rius
295 1210 396 1243 Tunsa,
424 1211 502 1245 cujus
536 1211 662 1239 faciunda
691 1211 743 1238 fuit
774 1213 886 1244 mentio,
915 1213 985 1247 quod

205 1255 438 1291 Chalcocondyles
459 1264 530 1291 saepe
543 1257 687 1284 Taenarum
709 1258 840 1289 nominet.
857 1258 928 1285 sicut
953 1266 984 1285 ex

203 1302 258 1329 vita
279 1302 457 1331 Mucbemctis
486 1302 518 1335 ΙΙ,
550 1311 628 1338 quem
660 1303 851 1339 Hadrianopoli
885 1304 986 1340 regiam

204 1349 296 1376 sedem
315 1350 384 1376 ultra
400 1349 554 1381 Taenarum,
572 1359 624 1385 qua
642 1350 761 1378 Hebrum
782 1351 912 1384 illabitur,
929 1360 987 1378 tnu-

206 1394 308 1421 nivisse
321 1395 434 1428 scribit;
445 1401 513 1422 ctex
530 1396 650 1429 allegatis
678 1404 773 1430 supra,
787 1405 862 1424 num.
875 1397 920 1429 24,
948 1397 988 1423 vi-

205 1439 268 1467 dere
282 1445 333 1467 est.
352 1441 456 1476 Quippe
479 1442 611 1469 Taenarus
638 1441 736 1470 ﬂuvius
760 1443 830 1470 idem
859 1449 901 1470 est
924 1451 985 1471 cum

206 1485 307 1518 Tunsa,
335 1487 494 1521 videturque
523 1496 719 1523 nonnunquam
755 1489 859 1517 Taenari
889 1497 986 1516 nomen

207 1540 316 1561 manere
325 1533 441 1564 ﬂumini.
449 1535 550 1561 abolita
560 1535 641 1562 Hebri
655 1536 846 1570 appellatione,
856 1537 888 1564 all
902 1537 985 1571 ipsam

205 1579 306 1607 Ainum
320 1588 408 1614 usque
421 1580 570 1615 civitatem,
587 1582 631 1609 ubi
647 1582 714 1609 mari
728 1581 821 1617 {E3220
845 1582 986 1610 miscetur.
1003 1573 1025 1603 (ἶ

208 1625 326 1653 Hebrum
335 1626 452 1660 denique
465 1627 583 1654 Valizatn
595 1636 674 1655 nemo
681 1633 770 1660 vocat,
781 1636 830 1655 nec
840 1627 988 1661 iiIazeram,‘

206 1676 236 1698 ut
248 1671 439 1699 existimarunt
454 1672 581 1700 Nicotaus
594 1673 757 1705 Nicolaidrs,
771 1680 796 1700 et
818 1674 963 1701 ()Jivarius.

375 1737 420 1765 51.
440 1729 537 1772 Ypsnla
558 1739 678 1767 T/traciru
692 1742 826 1776 oppidum.

242 1796 306 1824 Post
335 1801 440 1831 captam
473 1797 692 1833 Didymotiebum
725 1800 834 1827 tradunt
857 1801 986 1830 Annales.

209 1842 320 1870 Chazim
345 1842 414 1870 Elim
446 1843 542 1878 begun)
561 1852 656 1871 versus
673 1845 799 1878 Ypsalam
823 1854 885 1873 cum
903 1847 988 1884 copiis

208 1889 369 1922 perrexisstz.
389 1889 457 1917 Huic
484 1890 586 1917 nomini
613 1891 782 1918 simillimum
807 1897 848 1920 est
864 1893 988 1928 Cypsala,

207 1936 278 1970 quod
293 1937 419 1973 oppidum
435 1937 470 1964 ab
486 1937 622 1964 Antonino
635 1937 784 1967 inThracia
793 1947 989 1966 commemora-

206 1987 261 2010 tur.
280 1983 330 2009 Alii
344 1983 460 2019 cypsdla
473 1983 606 2013 scribunt.
627 1984 664 2010 uti
683 1984 781 2018 legitur
795 1985 874 2012 etiam
891 1985 917 2012 in
935 1986 988 2012 Νι)-

206 2029 274 2056 Velln
285 2029 383 2057 Leonis
393 2031 506 2066 Augusti
517 2031 549 2056 de
559 2030 687 2058 Thronis.
697 2029 756 2057 Non
770 2032 863 2065 procul
875 2033 910 2060 ab
919 2032 989 2060 Αῖιιο

206 2075 317 2104 civitate
329 2077 488 2107 collocatur,
501 2076 534 2103 de
549 2083 602 2110 qua
618 2084 678 2103 mox
690 2077 787 2103 dicturi
800 2085 905 2104 sumus.
918 2078 990 2113 Chy-

207 2122 281 2155 psala
308 2122 446 2157 Sophiano
469 2123 580 2154 dicitur.
601 2122 750 2158 .Chapsilar
781 2123 911 2156 Bellonio,
943 2125 990 2159 qui

211 2169 284 2196 haud
318 2169 376 2196 scio
395 2176 430 2196 an
461 2176 515 2195 non
551 2173 634 2198 erret.
662 2169 842 2196 similitudine
871 2171 989 2198 nominis

205 2215 310 2249 Clzap=e
321 2215 362 2242 vel
381 2215 509 2250 Chaphsc
534 2215 675 2249 deceptus.
706 2217 752 2250 qui
773 2216 847 2244 vicus
876 2217 989 2252 exiguus

1040 247 1081 273 vel
1097 246 1350 280 archiepiscopatus
1372 245 1492 272 Thracia:
1517 246 1634 271 reici-tur
1661 245 1695 271 ab
1712 246 1828 279 impera-

1040 298 1099 319 tote
1111 292 1200 319 Leore
1215 292 1240 318 in
1251 291 1358 318 Novella
1380 291 1557 318 tle-Throuis.
1576 290 1701 325 Virgilius
1728 296 1754 318 et
1781 292 1827 318 alii

1040 338 1139 365 ,(Είιιιηι
1150 339 1183 364 ab
1198 338 1284 365 [linea
1315 343 1375 373 post
1387 338 1521 365 excidium
1547 338 1636 372 Troia:
1649 338 1784 364 conditam
1799 337 1826 364 ia

1041 383 1166 416 Thracia,
1179 385 1272 418 sicque
1291 385 1455 411 nominatam
1467 383 1499 410 ab
1509 384 1602 410 eodem
1628 388 1750 410 narrant.
1760 382 1828 410 Pro-

1040 438 1097 464 pter
1104 431 1203 457 Aluum
1215 431 1312 457 llurius
1324 431 1431 457 Mt-ritra
1445 430 1484 457 vel
1500 429 1602 457 Hebrus
1615 430 1641 456 in
1653 437 1729 457 mare
1741 435 1827 457 semet

1039 482 1179 509 exonerat,
1197 478 1235 504 uti
1253 477 1403 512 pauloantc
1418 477 1520 503 dictqu
1542 485 1572 502 ex
1588 481 1704 510 przrtorc
1721 481 1825 503 nostro.

1041 523 1179 556 Principes
1195 523 1343 554 aliquando
1374 523 1526 550 Catclusios
1553 522 1689 549 Genuates
1718 522 1825 552 habuit.

1039 571 1110 597 sicut
1123 577 1148 596 et
1162 570 1265 598 Lesbus
1278 571 1365 596 insula
1378 571 1423 604 (de
1433 570 1532 605 quibus
1547 569 1617 596 infra
1629 569 1750 596 dicemus
1763 576 1824 603 cap.

1040 616 1114 650 158),
1129 625 1189 644 cum
1203 616 1238 643 illi
1258 624 1271 642 a
1289 617 1393 643 civibus
1418 615 1541 643 arcessiti
1561 615 1728 649 temperibus
1741 614 1828 648 impe-

1041 669 1161 690 ratorum
1177 663 1332 690 Grzncorum
1347 663 1418 690 inter
1433 670 1462 688 se
1485 661 1663 691 discordium.
1692 661 1765 688 urbis
1779 661 1826 685 de-

1040 708 1191 736 fensionem
1208 709 1402 743 suscepissent.
1419 708 1490 736 sicut
1502 708 1572 742 apud
1601 707 1749 734 Laonicutn
1761 706 1826 740 legi-

1040 760 1094 782 tur.
1109 756 1253 783 Castaldus
1268 755 1333 782 Enio
1350 755 1472 788 scripsit,
1500 755 1570 789 quod
1591 754 1697 781 duabus
1711 753 1752 786 (ut
1767 751 1826 787 opi-

1040 802 1112 836 nor),
1125 801 1237 837 syllabis
1254 802 1464 829 enuntiamlum.
1483 801 1617 829 Antonius
1632 799 1771 826 Buniiuius
1797 799 1825 825 in

1040 847 1161 875 historiis
1179 848 1318 882 ungaricis
1329 848 1487 882 corruptius
1504 847 1601 874 Eniam
1631 845 1748 877 voravit,
1763 853 1825 872 cum

1040 899 1112 920 anno
1132 892 1199 920 H69
1215 893 1355 920 Nicolaum
1385 892 1513 920 Canalem
1539 891 1695 926 pra-fectum
1716 890 1826 918 Veneta:

1041 940 1136 968 classis
1148 940 1242 967 Euiam
1255 940 1380 968 Thraciae
1397 941 1492 968 urbem
1512 940 1646 974 direptam
1671 939 1826 966 incendisse

1039 987 1131 1013 tradit.
1558 992 1560 994 τ

1210 1043 1254 1070 55.
1271 1042 1385 1079 Zagora,
1404 1044 1536 1075 Debeltus.
1554 1043 1663 1071 l’liilibe.

1074 1101 1175 1135 Zagora
1212 1100 1334 1129 Thraciae
1364 1102 1438 1133 prius
1452 1102 1827 1137 appellabaturliciwltus,nt

1038 1153 1078 1174 est
1094 1147 1163 1182 apud
1174 1147 1321 1174 Cetlrinum
1340 1152 1365 1174 et
1381 1148 1524 1176 Zonaram.
1552 1149 1653 1175 nebeiti
1681 1149 1825 1182 episcopa-

1039 1199 1094 1220 tum
1109 1194 1163 1220 Leo
1180 1193 1294 1228 Sapiens
1312 1195 1458 1228 imperator
1480 1195 1505 1220 in
1528 1194 1637 1221 Novella
1660 1196 1693 1221 de
1707 1195 1827 1222 Throuis

1039 1241 1458 1274 metropoliHadrianopolitanm
1477 1242 1575 1268 montis
1598 1241 1679 1268 Haemi
1698 1241 1821 1273 subiicit.

1038 1287 1066 1313 lu
1089 1287 1229 1314 historiam
1255 1286 1391 1314 Sitncnnis
1407 1288 1527 1320 magistri
1560 1287 1708 1314 oiliciorum
1731 1295 1827 1314 mauu-

1037 1333 1135 1366 scripta
1175 1332 1288 1366 legitur,
1320 1331 1502 1359 Iustinianum
1532 1332 1712 1359 Riuntmrtum
1742 1333 1828 1365 impe-

1039 1383 1155 1404 ratorem
1198 1379 1351 1404 restitutum
1386 1386 1467 1412 opera
1504 1378 1624 1404 Terhclis
1649 1377 1826 1411 Bulgaroruiu

1037 1423 1176 1457 principis,
1193 1423 1216 1450 ei
1232 1432 1292 1450 cum
1304 1425 1355 1450 alia
1369 1424 1437 1451 dona
1459 1424 1575 1453 dedisse.
1593 1429 1648 1450 tum
1665 1423 1825 1450 deialcataut

1037 1470 1071 1495 ab
1090 1463 1203 1503 imperio
1220 1468 1343 1495 Romano
1362 1470 1510 1504 regionem,
1523 1477 1582 1504 qua.-
1616 1474 1706 1502 postea
1736 1469 1826 1503 Ζωρο-

1039 1519 1078 1544 ria
1099 1518 1169 1544 dicta
1197 1517 1289 1548 fuerit,
1305 1517 1494 1551 possidendam
1517 1518 1699 1544 concessisse.
1732 1517 1825 1544 Darei-

1042 1569 1192 1596 tus.r3uam
1218 1564 1307 1590 adhuc
1334 1565 1371 1590 ita
1400 1563 1484 1591 Gra-ci
1506 1569 1615 1596 vocant,
1629 1564 1686 1590 sive
1710 1563 1824 1596 Zagora.

1039 1611 1110 1645 quod
1131 1611 1153 1637 ei
1174 1611 1388 1644 notnanuigari
1420 1611 1583 1640 tribuerunt.
1605 1610 1733 1637 tnilliario
1747 1618 1824 1637 sexa-

1039 1658 1142 1690 gesimo
1160 1658 1194 1684 ab
1211 1657 1402 1690 lladrianopnli
1427 1657 1518 1684 distat.
1533 1656 1637 1683 l‘hilibe
1653 1664 1715 1683 vero
1727 1655 1825 1682 Turcis

1039 1709 1078 1729 est
1098 1703 1292 1737 Philippopolis
1308 1702 1440 1733 Thracirc,
1467 1701 1578 1729 Debelto
1605 1701 1647 1728 vel
1660 1701 1770 1735 Zagorce
1786 1701 1827 1727 vi-

1041 1749 1103 1774 cina
1119 1757 1125 1773 :
1141 1756 1222 1782 quam
1237 1748 1330 1775 urbem
1344 1748 1419 1782 quia
1445 1747 1569 1782 Philippo
1594 1747 1749 1778 Macedone,
1768 1745 1824 1772 Ma-

1041 1795 1085 1829 gni
1104 1794 1249 1821 Alexandri
1264 1798 1351 1828 patre,
1375 1794 1513 1821 conditam
1537 1802 1598 1821 cum
1631 1793 1712 1828 vulgo
1731 1792 1826 1820 existi-

1040 1845 1124 1872 mant,
1141 1840 1282 1867 falluntur.
1304 1839 1370 1866 Nam
1383 1839 1499 1874 Philippi
1527 1839 1639 1867 Ca‘saris
1651 1847 1717 1873 opus
1732 1842 1784 1870 est,
1795 1843 1826 1864 ut.

1039 1886 1098 1912 alia:
1113 1885 1266 1919 complures
1276 1887 1301 1911 in
1314 1884 1428 1912 Thracia
1440 1885 1562 1912 civitates
1573 1886 1606 1911 ab
1616 1884 1825 1919 imperatoribus

1041 1932 1116 1958 fuere
1127 1931 1251 1960 couilitze.
1262 1931 1332 1964 quod
1345 1931 1400 1965 ipsa
1422 1939 1529 1965 quoque
1542 1931 1649 1957 nomina
1678 1934 1825 1962 testantur,

1041 1982 1070 2004 ut
1088 1977 1276 2011 Trajanopolis
1296 1978 1395 2004 montis
1406 1977 1562 2011 llhodupes,
1579 1976 1825 2010 tttlladrianopolis

1040 2023 1124 2050 Haemi
1149 2023 1259 2055 montis,
1275 2028 1304 2049 ut
1327 2023 1525 2057 Arcadiopolis,
1547 2027 1574 2049 ut
1594 2023 1823 2056 Anastasiopolis.

1040 2069 1122 2105 414
1131 2069 1167 2096 De
1177 2069 1355 2104 Philippopoli
1364 2077 1428 2096 vero
1439 2077 1566 2103 expresse
1575 2070 1702 2103 scriptum
1714 2069 1756 2097 his
1766 2078 1826 2096 ver-

1040 2115 1082 2142 bis
1094 2116 1181 2150 reperi
1191 2115 1306 2150 quodam
1324 2115 1350 2142 in
1370 2115 1490 2142 historiae
1502 2114 1601 2142 Graecae
1614 2115 1693 2148 libro,
1703 2115 1782 2149 cuius
1796 2121 1825 2142 et

1046 2161 1224 2196 principium,
1244 2166 1271 2189 et
1285 2169 1383 2188 nomen
1401 2161 1521 2188 auctoris
1548 2161 1673 2196 perierat,
1689 2168 1750 2188 cum
1773 2170 1824 2189 cte-

1042 2206 1149 2241 teroqui
1164 2206 1246 2233 multa
1259 2206 1329 2232 scitu
1348 2207 1429 2240 digna
1461 2206 1614 2233 contineret
1645 2215 1652 2233 :
1684 2206 1824 2241 Philippus

205 2263 288 2289 estin
308 2262 475 2296 itinere,quo
503 2262 736 2296 Constantinopoli
765 2261 982 2297 Didyutotichum

1042 2254 1188 2286 imperator
1202 2252 1296 2278 urbem
1315 2253 1340 2278 in
1371 2251 1478 2286 Europa
1506 2252 1638 2285 condidit,
1665 2261 1746 2287 quam
1760 2251 1823 2280 Phi-

208 2309 271 2340 itur,
292 2313 320 2335 ut
333 2308 402 2334 infra
420 2308 525 2342 parebit
542 2308 567 2335 in
589 2312 712 2335 extremo
726 2308 842 2342 Bajazite
857 2309 989 2337 secundo.

207 2356 291 2382 Distat
300 2356 380 2385 etiam
389 2356 423 2383 ab
433 2355 632 2388 Hadrianopoli,
642 2362 694 2390 qua
704 2355 851 2391 Selybriam
861 2356 990 2389 tenditur,

205 2411 259 2430 non
280 2410 377 2437 magno
390 2403 486 2429 itinere
503 2402 601 2428 diurno
615 2402 749 2436 quoddam
763 2401 932 2436 oppidulum.
945 2403 990 2429 cui

205 2456 304 2475 nomen
316 2448 442 2483 ansala.
468 2448 640 2475 nobilitatum
659 2447 769 2474 messita
787 2453 815 2475 et
830 2455 991 2476 caruvansa-

207 2495 263 2520 rain
279 2495 454 2521 Mcchcmetis
469 2494 565 2527 bassze,
585 2494 717 2521 alnbubus
744 2502 808 2521 sane
825 2494 990 2528 pulcherrri-

207 2541 257 2566 mis
271 2545 298 2566 et
314 2541 493 2574 sumptuosis.
504 2540 542 2567 Eo
556 2547 606 2567 nos
620 2541 646 2567 iu
669 2540 728 2567 loco
750 2541 987 2573 pernoctabamus.

207 2586 259 2612 Scit
278 2586 314 2611 uti
334 2585 458 2612 diversus
488 2590 528 2612 est
547 2586 580 2611 ab
608 2585 716 2620 Ypsala,
733 2586 772 2612 sic
787 2593 847 2612 cum
863 2585 990 2613 Castaldo

206 2631 330 2658 ettindem
347 2638 407 2657 esse
416 2638 478 2657 cum
492 2631 590 2665 Capsa,
600 2636 718 2658 statuere
734 2639 786 2658 non
796 2639 917 2665 possum.

295 2700 340 2728 52.
359 2699 453 2734 anos.
469 2699 504 2726 ad
517 2699 635 2726 Met't’lzw
647 2700 765 2734 ﬂuminis
776 2701 884 2727 ouium.

241 2758 302 2786 lbcc
315 2758 410 2785 civitas
419 2757 518 2785 Grtrcis
527 2757 626 2785 dicitur
636 2757 721 2784 [Enos
732 2758 865 2789 etOEnos,
874 2765 989 2792 quorum

206 2806 344 2841 posterius
355 2805 403 2838 ipsi
416 2804 594 2838 pronuntiant
605 2803 677 2835 litos,
694 2804 764 2831 unde
779 2811 876 2830 nomen
888 2803 989 2837 anos,

205 2851 277 2883 quod
290 2851 332 2877 hic
347 2851 372 2876 in
389 2849 538 2876 Aunaltbus
556 2849 663 2883 legitur.
680 2849 751 2875 ttlvlli
769 2849 990 2883 pronuntiatione

203 2901 235 2931 tit
267 2906 299 2923 ιλιι·
315 2896 335 2923 Ν
351 2904 395 2931 per
410 2895 460 2927 Gn,
478 2894 586 2928 Graecis,
602 2901 629 2922 et
640 2894 745 2927 Turcis,
757 2900 782 2922 et
801 2895 882 2929 italis,
895 2893 989 2922 ctllis-

1042 2298 1200 2332 lippopolim
1218 2298 1371 2332 appellavit.
1386 2297 1414 2324 ln
1428 2298 1479 2324 ltac
1510 2299 1577 2324 urbe
1591 2303 1676 2324 totum
1713 2306 1762 2326 nos
1776 2298 1826 2325 tri—

1042 2345 1125 2371 duum
1142 2344 1387 2374 commorabamur.
1413 2344 1476 2370 dum
1502 2343 1582 2370 Tui-ci
1612 2344 1726 2371 comites
1738 2345 1824 2372 nostri

1043 2399 1123 2418 suum
1135 2389 1240 2417 Bairam
1256 2390 1355 2424 majus,
1366 2395 1460 2417 exacto
1472 2391 1573 2424 jejunio
1586 2391 1693 2425 triginta
1707 2390 1823 2422 dierum.

1042 2436 1138 2463 diebus
1153 2436 1254 2463 tneusis
1285 2435 1412 2463 Octobris
1431 2436 1535 2470 quinto,
1565 2439 1652 2467 sexto,
1683 2436 1798 2471 septimo
1815 2457 1823 2467 ,

1041 2481 1219 2509 Celebrarent.
1237 2480 1284 2508 Est
1296 2482 1385 2508 adhuc
1410 2481 1670 2516 archiepiscopatus,
1687 2481 1728 2507 cui
1759 2485 1825 2507 tunc

1041 2533 1156 2564 praeerat
1173 2527 1196 2554 is
1208 2527 1254 2562 qui
1271 2533 1363 2562 postea
1389 2527 1476 2554 factus
1499 2531 1540 2554 est
1575 2527 1727 2560 patriarcha
1745 2528 1824 2554 nobis

1042 2572 1277 2606 Constantinopoli
1288 2571 1460 2606 degentibus,
1471 2572 1628 2604 Theoliptus
1642 2581 1648 2598 :
1668 2572 1701 2598 de
1713 2577 1824 2599 senten-

1042 2618 1079 2644 tia
1109 2617 1204 2653 synodi
1235 2617 1393 2645 Gracorum
1423 2617 1548 2644 abdicato
1573 2617 1731 2648 Pochomio,
1765 2618 1825 2644 viro

1042 2663 1167 2698 profano,
1183 2669 1210 2691 et
1226 2664 1378 2690 litterarum
1397 2664 1474 2697 plane
1488 2664 1615 2698 rudi,qui
1633 2663 1824 2697 largitionibUs

1042 2713 1069 2735 et
1087 2708 1146 2735 aliis
1157 2709 1234 2736 malis
1246 2709 1352 2736 artibus
1364 2708 1522 2743 dignitatem
1541 2707 1655 2743 adeptus
1670 2708 1769 2735 fuerat.

1042 2766 1088 2793 5L
1103 2764 1279 2799 Crudusjlegis
1294 2764 1486 2791 Malmmelana:
1508 2767 1649 2798 peritorum
1668 2765 1739 2798 apud
1754 2763 1824 2790 Tur-

1209 2808 1263 2829 ws,
1277 2806 1301 2826 et
1318 2801 1361 2834 qui
1377 2800 1509 2826 tulismtmi
1534 2799 1666 2826 dicuntur.

1080 2847 1111 2874 Ut
1130 2847 1277 2874 Talisutani
1294 2849 1338 2882 qui
1365 2847 1419 2874 sint
1445 2847 1614 2873 contunnlius
1631 2847 1795 2881 intelligitur
1814 2857 1819 2873 :

1043 2895 1169 2922 sciuntur
1185 2914 1192 2927 ,
1203 2899 1289 2922 certos
1300 2902 1359 2921 csse
1388 2893 1488 2929 gradus
1516 2892 1713 2921 Mahuatcttmis
1728 2900 1822 2920 eorum
