1963 3067
224 156 277 193 τω

221 260 302 285 verba
317 261 431 294 reperies
443 268 555 286 numero
577 261 611 287 fit
628 260 753 287 Historiae
771 261 907 288 Saxonum
923 261 1004 289 Sora-

225 306 273 333 bos
292 309 400 336 vocant,
424 314 492 340 quos
505 305 639 333 Snrnbros
652 307 722 341 apud
748 306 893 334 Laonicum
910 308 1014 342 vitiose.

222 352 347 386 lvgimus.
370 351 505 379 Vocantur
519 357 545 379 et
559 352 648 380 Roscii
663 354 702 380 vel
718 353 803 386 llazii.
816 354 886 388 quod
907 362 920 380 a
936 354 1002 385 llos,

224 398 280 425 sive
293 397 386 425 [lassis
397 399 540 425 deductum
555 404 629 434 puto,
642 407 703 426 cum
715 399 813 434 quibus
825 400 959 434 originem
976 403 1004 426 et

223 441 339 476 lingulati:
352 450 523 470 communem
538 443 646 470 habent.
661 443 802 471 Bonllnius
814 444 942 471 llatianos
961 444 1004 470 di-

222 488 305 518 xit,et
316 488 413 515 melius
426 488 574 517 Roxianos.
586 489 658 524 quod
675 494 715 516 est
737 497 752 516 a
769 489 924 517 Grmcorum
957 490 1004 516 illo

224 533 280 561 llus
293 534 362 560 haud
373 534 463 561 dubie.
477 533 504 561 in
520 535 586 562 actis
599 535 704 562 concilii
716 535 930 562 Constantiensis
943 535 1005 562 Sirli

224 579 361 609 dicuntur.
374 580 445 613 quod
463 588 559 607 nomen
572 581 611 608 eis
624 580 757 614 hodieque
774 581 854 608 datur
882 589 895 607 a
910 581 1006 609 vicinis

220 623 402 657 Carniolanis,
418 625 574 658 Corinthiis.
591 626 779 659 Stiricnsibus,
805 627 921 660 Croatis,
943 627 1005 654 Dal-

221 670 313 701 matis,
329 669 456 704 Ungaris.
469 670 531 697 Ideo
544 671 619 699 locus
627 671 680 704 ille,
693 679 773 706 quem
789 672 874 699 nostri
890 673 1006 699 Annales

225 722 240 741 a
257 715 411 742 Sen-iurum
425 716 501 742 clade
518 723 616 743 nomen
634 717 770 751 accepisse
785 722 904 750 narrant,
922 717 948 744 in
963 725 1007 744 ar-

228 761 342 795 chetypo
361 762 503 788 Annaliun.
533 761 596 789 Serf
618 763 658 789 vel
688 762 752 789 Z--rf
767 762 890 798 Zunguni
918 763 1007 791 dictus

225 808 309 835 fuisse
327 807 462 835 scribitur.
481 807 538 835 lloc
551 808 622 835 enim
635 808 788 836 Gauderius
797 808 910 836 Caesaris
923 810 1008 837 inter-

224 862 287 888 pres
313 854 339 881 in
370 854 495 882 versione
523 861 570 881 sua
599 862 652 881 non
681 854 804 886 inseruit.
835 855 889 881 vim
920 855 1006 890 ipsius

225 901 418 935 appellationis
444 901 596 935 explicasse
619 905 772 928 contentus.
796 900 872 928 Facit
900 901 1009 929 alterius
1026 896 1046 925 Β

225 948 275 974 1ιεί
290 948 451 974 mentionem
468 948 600 975 Cedrinus
618 953 644 975 et
658 948 713 978 alii.
730 948 775 982 qui
795 956 809 975 a
828 947 1008 982 Bulgarorum

226 993 298 1021 caede
310 999 422 1022 vocatus
439 994 519 1022 fuerit
531 995 780 1030 Bulgaroctonium.
795 994 835 1021 Ad
853 994 911 1028 ejus
936 994 1011 1021 vocis

226 1040 404 1067 imitationem
435 1040 524 1067 licebit
555 1040 604 1067 hoc
635 1039 698 1067 Serf
722 1039 846 1074 Zunguni
864 1040 1008 1067 Turcicum

225 1085 336 1112 reddere
350 1086 496 1119 composita
514 1093 578 1113 voce
594 1085 699 1116 Graeca.
716 1086 937 1113 Serroctonium.

329 1142 373 1169 58.
389 1141 524 1169 Gilderum
548 1142 663 1177 Bajnzit,
682 1141 768 1176 Jacup
791 1142 886 1170 Zelebi.

259 1187 335 1221 Quod
363 1188 474 1223 Bajuziti
492 1188 586 1215 datum
616 1187 666 1215 fuit
691 1196 841 1224 cognomen
873 1188 1010 1215 Gilderum

225 1234 281 1261 sive
312 1234 454 1266 Gﬂderun,
486 1234 712 1268 signiﬁcationem
756 1234 878 1262 fulminis
908 1234 1011 1271 habet;

227 1280 335 1314 perinde
350 1287 382 1307 ac
395 1281 427 1306 de
441 1281 536 1314 priscis
552 1280 604 1307 illis
629 1280 748 1315 regibus,
775 1280 921 1307 Alexandri
946 1288 1010 1308 suc-

225 1327 390 1358 cessoribus,
407 1326 515 1360 quidam
531 1326 648 1353 Cet-anni
680 1327 737 1353 sive
767 1326 887 1354 fulminis
913 1334 1013 1362 cogno-

227 1380 287 1398 men
312 1372 417 1403 hnbuil,
432 1372 525 1398 eadem
549 1379 582 1399 ex
600 1379 682 1398 causa
711 1372 866 1404 celeritatis,
886 1377 912 1399 et
928 1373 1013 1407 impc-

227 1425 270 1445 tus
290 1419 315 1444 in
337 1418 412 1444 bellis
439 1417 564 1452 gerendis
590 1417 685 1445 subiti.
715 1417 828 1452 Laelapis
857 1418 1013 1452 appellatio,

227 1472 306 1498 quam
322 1464 345 1490 ei
373 1463 483 1498 quidam
508 1471 538 1489 ex
564 1462 685 1490 LaoniCo
711 1463 843 1496 tribuunt,
871 1463 1013 1497 signiticuti

227 1510 339 1537 ulterius
353 1514 404 1537 est.
433 1510 478 1536 Sic
495 1509 566 1535 enim
581 1509 717 1536 turbinem
734 1509 818 1535 Grtcri
847 1513 955 1536 vocant.
984 1509 1015 1536 Et

829 159 989 190 JOANNIS
1008 162 1239 198 LEUNCLAVII

223 218 250 241 et
272 213 386 241 Annales
402 214 532 241 Attstriuci
564 214 685 249 Syrviam
711 214 846 244 dixerunt.
877 219 1116 250 quorum-Anc."
1145 221 1302 250 cetbianum
1332 224 1387 250 sive
1426 223 1582 250 Cyprianum
1621 233 1718 258 ponere

1782 169 1838 200 7(ὶὲ

1740 233 1747 251 ἕ
1774 233 1836 252 (ῚΙἾΙ

1057 272 1161 299 narrat,
1193 269 1362 296 Theodorqu
1393 271 1542 301 Lascarim.
1573 278 1683 306 aI-cepto
1712 272 1835 304 imperio.

1057 315 1214 343 Celvianum
1245 318 1400 346 universum
1417 339 1424 349 .
1453 328 1514 347 cum
1541 319 1682 346 Mmaudria
1714 319 1836 354 regione,

1057 368 1118 387 cum
1135 361 1331 397 Philadelphia,
1349 369 1376 390 et
1404 364 1569 396 Neocastris.
1597 371 1755 398 occupasse.
1784 363 1838 390 lle-

1058 405 1164 433 ferenda
1187 415 1252 434 vero
1269 413 1332 435 sunt
1348 408 1404 436 haec
1417 410 1449 436 ad
1467 417 1567 436 annum
1577 409 1760 436 Christianum
1775 409 1836 444 plus

1058 452 1146 479 minus
1165 453 1243 486 l206;
1253 462 1307 488 quo
1325 460 1445 488 tempore
1460 456 1573 482 necdum
1601 463 1648 482 seu
1677 455 1836 488 Grrmieno,

1058 505 1106 526 seu
1119 499 1245 526 Celviano
1275 500 1444 536 imperabant
1458 501 1540 537 416
1558 501 1711 529 lcouienses
1725 501 1835 535 sultani,

1059 545 1104 571 sed
1119 550 1178 572 erat
1202 546 1291 573 adlmc
1316 554 1346 574 ea
1377 547 1451 580 regio
1476 547 1560 574 Gnaei
1583 547 1665 582 juris,
1683 551 1710 574 et
1735 554 1750 574 a
1767 547 1837 574 duce

1058 589 1151 616 Graeco
1175 590 1422 619 administrabatur.
1468 592 1591 620 Flandris
1634 597 1724 619 autem
1764 592 1837 619 Con—

1059 636 1230 671 stantinopoli
1271 637 1373 671 potitis,
1431 637 1589 665 Theodorus
1645 637 1767 665 Lasearis
1809 637 1837 665 in

1059 683 1150 709 Asiam
1187 683 1316 710 minorem
1355 684 1502 718 profectus,
1531 684 1611 711 urbes
1635 686 1667 710 ad
1692 684 1837 718 imperium

1059 733 1212 763 spectantes
1230 737 1245 755 a
1265 729 1378 756 ducibus
1393 729 1507 761 Graecis,
1523 730 1568 765 qui
1584 737 1614 757 se
1630 730 1656 756 in
1681 730 1730 757 ista
1747 737 1838 756 rerum

1060 775 1265 810 perturbatione
1287 775 1412 803 dominos
1430 783 1524 803 earum
1543 775 1673 808 fecerant,
1694 775 1775 803 sicuti
1791 783 1840 802 stt-

1060 829 1107 854 pra
1123 821 1224 847 dictum
1240 829 1316 848 num.
1332 821 1376 853 15,
1403 822 1549 854 repetebat.
1578 822 1666 855 Atque
1685 822 1736 848 hoc
1760 821 1841 848 modo

1060 867 1217 894 Crlvianum
1247 875 1357 902 quoque
1386 868 1488 901 redegit
1529 868 1556 895 in
1571 871 1746 903 potestatem,
1773 867 1844 894 duce

1060 912 1211 946 Theodoro,
1244 920 1323 948 quem
1366 921 1381 942 a
1414 913 1561 941 stoliditate
1606 913 1842 940 Morotheodornm

1061 959 1242 994 appellabant,
1257 959 1355 994 eiecto.
1376 958 1472 986 Postea
1499 964 1588 986 tamen
1622 959 1844 986 decrescentibus

1060 1004 1190 1039 paulatim
1218 1004 1372 1032 Graecorum
1393 1005 1507 1036 viribus.
1539 1004 1696 1033 Celvianum
1712 1012 1726 1032 a
1744 1005 1844 1031 Turcis

1061 1055 1221 1085 occupatum
1233 1051 1328 1083 fuisse,
1342 1057 1555 1078 consentaneum
1573 1055 1629 1079 est:
1652 1051 1751 1085 quippe
1764 1053 1843 1084 cujus

1062 1097 1117 1132 agri
1163 1097 1313 1131 principem
1347 1098 1467 1125 Turcum
1501 1097 1635 1124 Laonicns
1666 1097 1842 1124 Germianum

1062 1149 1148 1170 vocet.
1197 1143 1357 1171 Reincrcius
1394 1143 1486 1171 Meleci
1512 1148 1542 1171 et
1572 1143 1684 1170 Audiui
1732 1142 1843 1170 fratrem

1062 1190 1202 1217 Aladinem
1227 1190 1311 1218 tradit
1336 1191 1463 1217 eumdem
1493 1197 1552 1218 esse
1577 1189 1662 1216 videri
1691 1197 1751 1216 cum
1773 1188 1844 1215 Lao-

1064 1236 1115 1263 niri
1144 1236 1300 1269 Gcrminno,
1327 1236 1373 1270 qui
1403 1235 1522 1270 regnarit
1549 1235 1655 1267 lcouii,
1686 1239 1765 1269 atque
1792 1234 1844 1261 hac

1063 1283 1193 1316 dignitate
1219 1288 1339 1314 exutus.
1369 1283 1394 1309 in
1421 1282 1523 1310 Ioniam
1557 1281 1725 1316 profugerit,
1753 1280 1845 1314 ibique

1065 1331 1145 1355 vitam
1160 1329 1300 1362 privatam,
1324 1328 1441 1362 quietem
1465 1329 1605 1361 amplexus
1620 1327 1716 1360 egerit.
1728 1328 1765 1354 ita
1781 1328 1846 1361 qui-

1064 1375 1150 1400 deme
1163 1373 1251 1400 verbis
1266 1373 1376 1400 Laoniri
1388 1373 1475 1407 colligi
1504 1380 1583 1408 posse
1598 1373 1694 1404 fateor,
1723 1373 1847 1408 adeoque

1065 1428 1118 1446 non
1153 1420 1200 1446 abs
1227 1427 1255 1446 re
1284 1419 1380 1451 videri,
1407 1419 1522 1447 Germen
1547 1427 1609 1446 cum
1642 1419 1846 1454 commigrasse.

1065 1467 1151 1501 deque
1163 1466 1222 1494 loco
1237 1466 1367 1493 domicilii
1388 1466 1483 1500 privati
1515 1473 1665 1500 cognomen
1697 1466 1846 1500 acc~pisse.

1066 1511 1165 1538 Verum
1180 1519 1234 1538 non
1247 1511 1336 1543 video,
1353 1519 1404 1538 cur
1421 1511 1539 1538 hominis
1554 1511 1659 1546 privati,
1680 1511 1848 1546 privatisque

229 1557 375 1589 liuiaziles,
392 1564 453 1583 cum
472 1555 681 1586 vehementioris
708 1561 779 1582 esset
808 1555 919 1590 ingenii.
938 1554 1048 1598 facilec
1067 1557 1223 1592 parentibus
1255 1557 1306 1584 orti
1340 1557 1402 1584 ﬁliae
1431 1556 1538 1592 nuptias
1566 1562 1702 1591 tantopere
1727 1556 1848 1584 Murates

229 1604 329 1630 turbini
346 1602 557 1631 assimilabntur,
578 1606 603 1628 ut
625 1602 692 1628 ileu‘t
710 1600 845 1628 Laonicus
860 1602 956 1635 inquit.
972 1601 1010 1628 De

228 1648 389 1683 coguOmiue
403 1647 504 1677 Zelebi.
540 1647 611 1681 quod
629 1647 672 1674 hic
695 1646 787 1681 Jucupi
816 1647 953 1678 tribuitur,
970 1647 1011 1673 di-

229 1700 303 1721 ctum
333 1694 466 1728 superius,
495 1700 556 1720 esse
573 1692 719 1727 profectum
754 1701 787 1719 ex
815 1692 1011 1720 consuetudine

231 1742 362 1773 Romana,
381 1740 425 1774 qui
453 1739 635 1766 nobilissimos
663 1739 797 1766 vocabant
825 1740 1010 1774 Augustorum

231 1787 300 1814 tilios
314 1792 378 1813 natu
395 1786 521 1812 minores.
540 1784 667 1818 Jacupem
681 1784 737 1819 (qui
751 1783 867 1819 Jagupes
880 1784 1011 1816 Laonico.

231 1832 330 1860 nostris
343 1832 458 1859 Iacobus
475 1836 526 1863 est,
542 1839 594 1857 non
616 1830 762 1865 .lnsephus,
781 1831 818 1857 uti
833 1831 934 1865 putavit
947 1830 1014 1857 Lao—

230 1880 319 1906 nicus.
343 1878 408 1905 Nam
441 1877 553 1912 lussupb
582 1877 679 1905 Turcis
703 1877 884 1912 dicitur,'qui
914 1877 1013 1913 Joseph

229 1925 342 1960 nostris)
369 1925 490 1952 nontmlli
514 1929 614 1951 temore
645 1930 777 1952 vocarunt
814 1923 1012 1951 Soleimanem:

229 1972 290 1999 cun't
302 1972 388 2006 potior
401 1972 522 1998 habenda
537 1972 572 1999 sit
587 1971 663 2001 ﬁdes.
693 1972 743 1999 hac
760 1972 867 2004 quidem
883 1972 908 1998 in
926 1977 1012 2007 parte,

230 2018 327 2046 Turcis
341 2024 367 2045 et
386 2018 497 2047 Graecis.
512 2025 593 2051 quam
611 2017 688 2051 ipsis.

375 2063 418 2091 59.
438 2062 573 2090 Cerminni
587 2063 661 2094 ditio,
674 2062 795 2089 Germiau
812 2063 868 2096 θεν.

264 2110 439 2138 Germianum
454 2110 523 2136 Asizc
538 2108 650 2136 Minoris
680 2117 741 2142 pars
758 2114 810 2137 est.
844 2117 904 2144 quo!I
931 2109 1018 2137 Cariae

229 2156 326 2187 veteri,
349 2163 410 2181 cum
442 2160 516 2189 parte
550 2154 640 2189 Lyditc
666 2155 837 2190 Maurumque
863 2157 1016 2189 respondet.

230 2206 365 2236 quatenus
381 2201 412 2227 ad
443 2201 637 2227 mediterranea
664 2200 861 2236 Phrygiamque
887 2201 1016 2236 majorem

1064 1609 1138 1638 pater
1157 1603 1268 1638 Bajnziti
1286 1603 1342 1630 ﬁlio
1356 1603 1516 1634 conciliare,
1544 1609 1696 1636 pompaque
1719 1603 1846 1635 magniﬁ-

1061 1650 1215 1677 centissima
1231 1649 1372 1677 celebrare
1384 1648 1530 1679 studuerit,
1545 1647 1590 1682 qui
1605 1647 1740 1682 praecipue
1751 1653 1847 1682 poten-

1062 1696 1126 1723 tiam
1156 1695 1274 1722 afﬂnium
1303 1695 1330 1721 in
1356 1693 1505 1729 deligendis
1535 1694 1667 1720 uxoribus
1695 1693 1847 1727 spectabat,

1061 1742 1100 1769 nti
1112 1742 1238 1776 deinceps
1251 1741 1389 1776 apparebit
1403 1749 1435 1767 ex
1452 1739 1517 1767 inito
1528 1747 1588 1766 cum
1612 1739 1708 1767 illustri
1734 1739 1847 1774 despina

1064 1787 1174 1817 Serviat.
1189 1787 1264 1814 Bulci
1276 1787 1341 1817 ﬁlia.
1357 1786 1493 1820 coningio.
1505 1785 1558 1812 Nec
1567 1785 1630 1812 item
1642 1785 1712 1812 scire
1725 1791 1847 1818 possum.

1064 1835 1108 1869 qui
1118 1833 1219 1861 fuerint
1231 1834 1256 1860 bi
1282 1832 1571 1867 Germianiprincipcs
1598 1832 1632 1858 ab
1660 1831 1849 1858 lconiensibus

1064 1879 1133 1906 orti:
1150 1886 1210 1905 cutn
1228 1878 1307 1911 eiecti
1318 1886 1332 1904 a
1347 1877 1455 1904 Tataris
1469 1876 1634 1907 Iconienses,
1650 1876 1742 1902 nonin
1758 1874 1848 1906 lunia,

1065 1926 1110 1953 sed
1123 1925 1155 1953 ad
1172 1925 1272 1952 1Enum
1289 1924 1384 1951 urbem
1401 1924 1426 1950 in
1443 1923 1557 1950 Thracia
1570 1922 1735 1949 exsulat-int.
1761 1920 1848 1947 Velim

1065 1972 1117 1998 hoc
1127 1971 1207 1998 etiam
1223 1969 1364 2004 explicari,
1380 1975 1500 2002 quonam
1525 1967 1605 1994 modo
1632 1965 1794 1993 Germianus
1814 1972 1848 1991 ex

1067 2017 1163 2043 horum
1193 2015 1309 2050 posteris
1337 2023 1352 2042 a
1380 2013 1498 2048 Baiazite
1528 2011 1638 2047 spoliari
1669 2012 1787 2046 potuerit
1816 2017 1849 2037 ea

1067 2063 1187 2097 regione,
1201 2069 1283 2096 quam
1300 2061 1421 2095 privatus
1439 2059 1508 2094 ipse,
1533 2058 1646 2092 privatis
1670 2057 1711 2092 (ut
1734 2057 1849 2089 dictum)

1067 2107 1226 2143 pereuntibus
1242 2111 1331 2138 natus,
1345 2113 1398 2132 non
1415 2104 1584 2140 possidebat?
1610 2111 1663 2137 quo
1678 2103 1741 2130 item
1768 2102 1850 2129 modo

1069 2154 1156 2189 possit
1167 2161 1181 2180 a
1196 2153 1369 2180 Temirlancu
1382 2152 1522 2178 restitutus
1538 2150 1566 2176 in
1591 2149 1627 2180 id,
1639 2148 1710 2183 quod
1733 2149 1758 2175 in
1775 2153 1851 2182 pote-

1070 2206 1200 2227 stutcnon
1218 2197 1368 2225 habnt-rat?
1390 2196 1450 2224 ll;cc
1460 2196 1531 2222 enim
1551 2194 1578 2221 in
1603 2194 1753 2221 Annalibus
1776 2194 1852 2220 hisac

231 2251 272 2278 inc
288 2249 413 2275 tendunt.
443 2246 517 2274 Licet
530 2246 582 2273 hoc
597 2246 637 2273 vel
664 2254 697 2273 ex
723 2254 756 2274 eo
782 2247 919 2282 colligere,
945 2248 1015 2283 quod
1031 2237 1274 2272 Dilisertclradita
1299 2243 1434 2278 leguntur.
1457 2241 1527 2268 Sunt
1554 2240 1605 2274 alia
1630 2246 1740 2274 quoque
1762 2239 1850 2273 plura,

232 2294 397 2322 nuncetiam
411 2293 472 2320 Nisa
490 2293 639 2319 collocetur
663 2292 690 2319 in
710 2292 867 2323 Germiano,
883 2300 943 2327 qua:
969 2300 1016 2320 ve-

232 2341 335 2368 teribus
349 2345 390 2371 est
405 2339 473 2374 Nysa
497 2339 583 2366 Caria:
609 2339 811 2366 mediterranea:
833 2338 938 2370 civitas,
957 2346 1017 2366 ver-

231 2397 278 2415 sus
293 2387 455 2415 Mmandrum
469 2385 591 2413 ﬂuvium.
617 2385 672 2412 Leo
684 2385 800 2420 Sapiens
813 2384 958 2420 imperator
989 2385 1016 2412 in

231 2433 341 2460 Novella
362 2433 395 2459 de
410 2431 526 2459 Throuis
541 2431 657 2466 appellat
672 2431 796 2466 Nyssam,
821 2431 871 2458 sub
883 2430 1018 2465 Ephesina

207 2474 209 2476 ’
235 2478 390 2512 metropoli.
429 2478 560 2504 l'r:cterea
595 2477 769 2504 Germianum
800 2475 898 2503 ﬂuvius
928 2475 1018 2503 Madre

236 2533 308 2551 nunc
322 2524 453 2554 interluit,
474 2528 502 2551 ut
513 2523 576 2550 olim
590 2522 725 2550 Maeander
738 2521 869 2549 iudicatas
882 2521 1018 2556 regiones,

235 2571 279 2602 qui
298 2577 409 2603 prorsus
422 2569 492 2596 idem
515 2577 577 2596 cum
593 2568 694 2596 Madre.
718 2567 821 2595 Nomen
839 2569 925 2602 ipsum
951 2567 1018 2594 Ger-

236 2616 317 2643 miani
335 2617 405 2642 unde
421 2615 520 2650 factum
536 2616 582 2645 sit.
607 2619 683 2642 certo
711 2614 801 2642 dicere
817 2622 870 2641 non
893 2621 1018 2646 possum:

237 2663 288 2689 nisi
303 2662 417 2689 velimus
429 2669 442 2688 a
458 2661 556 2688 Germe
571 2661 703 2694 derivare,
716 2661 789 2695 quod
806 2660 896 2695 oppidi
909 2664 937 2687 et
963 2659 1020 2694 epi-

236 2713 365 2742 sropatus
385 2714 484 2734 nomen
500 2711 540 2733 cst
560 2706 588 2732 in
605 2705 705 2733 Leonis
716 2705 830 2740 Augusti
856 2704 965 2731 Novdla
989 2705 1021 2731 de

235 2753 367 2786 Turonis,
385 2753 519 2786 Cyziceno
551 2752 714 2786 Hellesponti
747 2751 958 2786 metropolitano
993 2751 1019 2777 in

236 2801 299 2829 Asia
315 2799 425 2827 subditi.
459 2799 559 2826 [νηριοΓ
575 2804 674 2828 noster.
690 2799 735 2832 qui
760 2798 814 2825 200
840 2798 902 2833 plus
934 2797 1022 2824 minus

237 2849 316 2875 allllls
331 2853 393 2876 ante
401 2847 644 2882 Chalcocondylcm
657 2854 732 2873 suam
749 2845 858 2880 scripsit
869 2843 1021 2873 historiam.

241 2896 344 2924 Videtur
360 2896 385 2922 iu
416 2895 482 2922 luris
509 2893 653 2921 Gcrtniauo
679 2891 916 2928 rcspzmdcntilms,
935 2889 1022 2924 regio-

1068 2299 1128 2326 qum
1141 2292 1173 2317 de
1189 2290 1231 2317 his
1242 2289 1267 2316 iu
1291 2289 1408 2316 medium
1423 2287 1519 2314 afferre
1546 2293 1664 2318 possem,
1681 2292 1713 2311 ac
1729 2283 1853 2312 nornina-

1069 2338 1116 2364 tim
1131 2337 1237 2368 docere,
1251 2337 1318 2363 duos
1345 2333 1616 2361 fratreslatbntinem
1644 2338 1670 2358 et
1697 2330 1852 2362 Aladiuem,

1069 2392 1138 2418 quos
1156 2382 1316 2410 lleiueccius
1333 2381 1359 2408 iu
1381 2380 1560 2408 Iconiensium
1575 2383 1718 2406 stemmate
1736 2377 1855 2405 Caicho-

1069 2430 1139 2457 srois
1156 2429 1226 2456 ﬁlios
1239 2428 1315 2460 facit,
1331 2427 1369 2454 uti
1397 2425 1611 2456 commentitios,
1637 2429 1665 2451 et
1681 2425 1728 2458 qui
1757 2430 1852 2451 rerum

1070 2478 1096 2503 in
1109 2480 1206 2503 natura
1220 2482 1358 2510 nunquam
1377 2472 1542 2503 exstiterint,
1562 2471 1756 2506 expungendus
1779 2476 1852 2497 esse.

1069 2523 1168 2550 Verum
1186 2522 1242 2549 haec
1260 2521 1314 2548 alio
1326 2520 1475 2556 pertinent,
1490 2518 1582 2546 futura
1598 2517 1685 2545 Cuivis
1695 2516 1853 2548 manifesta,

1071 2577 1131 2596 cum
1159 2572 1256 2603 praetor
1285 2566 1430 2601 aliquando
1463 2570 1554 2592 noster
1583 2564 1610 2591 ln
1629 2565 1715 2592 lucem
1744 2563 1853 2591 exierit.

1070 2615 1147 2648 Quod
1165 2615 1281 2648 denique
1306 2612 1467 2640 Reineccius
1498 2612 1545 2643 ait,
1571 2611 1656 2638 videri
1685 2610 1856 2638 Chalcouon-

1070 2661 1158 2696 dylcm
1171 2661 1196 2687 in
1216 2659 1331 2687 Thracia
1344 2659 1478 2687 collocare
1494 2658 1630 2692 regionem
1658 2656 1854 2684 Germianum:

1071 2707 1104 2733 de
1115 2707 1166 2734 hoc
1180 2706 1288 2740 quidem
1305 2705 1453 2732 Germiauo
1475 2711 1528 2730 non
1558 2708 1646 2736 potest
1662 2702 1760 2736 accipi,
1790 2708 1854 2728 cum

1072 2753 1152 2779 situm
1166 2752 1194 2778 in
1209 2751 1331 2778 Anatolia
1345 2751 1392 2781 sit.
1419 2754 1447 2777 et
1475 2750 1524 2777 sub
1542 2749 1725 2776 Iconiensium
1740 2746 1856 2782 imperio

1071 2797 1175 2824 Turcos
1196 2797 1310 2824 necdum
1328 2796 1354 2823 in
1381 2796 1490 2830 Europa
1509 2794 1600 2821 ﬁxisse
1617 2795 1711 2828 pedem
1738 2796 1856 2820 constet.

1074 2842 1101 2869 Si
1118 2843 1178 2874 quis
1195 2847 1284 2870 tamen
1310 2841 1446 2868 desiderat
1472 2847 1552 2867 nosse
1576 2839 1641 2874 quid
1670 2839 1721 2866 hoc
1745 2838 1856 2866 nomine

1075 2889 1209 2917 Laonicus
1227 2889 1366 2924 intelligat,
1382 2890 1405 2915 is
1431 2887 1510 2919 sciat,
1527 2886 1597 2922 apud
1616 2885 1733 2916 Leonem
1767 2886 1860 2921 Auguo
