1963 3067
241 186 294 217 ’ἷῇἹ

843 188 1007 218 JOANNIS
1028 190 1227 219 LEUNCLAV
1237 191 1262 219 ll

1813 193 1862 223 7'78

242 243 328 268 naslir
357 242 485 276 oppidqu
515 242 612 270 Turcis
648 244 757 274 dictum.
778 253 875 271 nomen
905 246 1028 272 Cra-cum
1046 250 1066 275 Α
1084 247 1247 277 Astracauii.
1270 256 1295 274 ιιι
1314 249 1479 281 l‘rmrnpilm.
1504 255 1532 276 ut
1559 249 1659 276 Kcraii.
1688 250 1860 278 Rcincccium

241 289 318 316 liabet
330 288 518 319 lllonastiriou.
534 297 548 315 a
568 291 770 325 propinquitate
788 292 875 326 (puto)
890 298 1027 319 monaste-

241 335 341 360 riorum
372 334 471 361 Montis
490 335 590 365 sancti.
607 344 721 369 quorum
742 337 830 364 obiter
846 339 914 364 facta
933 347 1027 365 inunc-

240 387 271 406 ro
294 380 326 407 l7
343 379 393 407 fuit
409 382 521 408 mentio.
543 382 650 410 Nicetas
668 384 702 415 (si
719 390 791 412 recte
815 385 937 419 memini)
960 385 1028 412 Leo-

240 433 300 451 nem
318 427 461 459 quemdam
480 427 692 455 lllonastiriotem
721 431 851 459 nominat.
881 432 1024 458 oriundum

240 477 271 495 cx
288 471 338 496 hoe
357 471 467 505 Oppido.
483 471 637 507 Geograpbi
660 477 746 501 nostri
764 474 894 501 lilonestir
912 475 983 502 aliud
999 477 1024 503 in

240 514 395 543 Macedonia
422 523 546 551 ponunt,
575 520 646 546 ultra
676 519 923 551 Thessalonicam:
952 523 1024 557 quod

239 561 294 588 huc
319 562 456 595 pertinere
481 572 534 591 non
558 565 693 596 arbitror.
711 567 746 594 ob
764 569 930 594 mentionem
961 569 1027 595 vici-

239 615 334 635 norum
354 609 488 641 locorum.
508 619 568 645 qua!
587 613 657 639 ultra
677 613 902 641 Tbesealonicam
921 623 950 642 se
970 624 1023 643 non

238 656 391 690 porrigunt.
409 657 439 684 Et
455 657 650 686 Thessalonica
664 659 744 687 Turci
766 669 819 687 non
835 662 886 688 sub
903 663 953 688 hoc
967 663 1024 690 Mu-

238 708 298 729 rale
318 703 337 734 1,
353 704 401 730 δοιά
420 705 479 737 ejus
497 711 646 739 proni-pote
673 705 692 732 li
705 727 712 737 ,
734 708 811 740 potiti
824 713 899 734 sunt.
912 709 1024 737 Selenio

238 748 266 774 in
282 749 482 777 recentioribus
496 751 593 778 tabulis
609 753 797 787 geographia-is
813 762 866 780 non
880 756 1023 788 reperitur.

238 794 289 821 nisi
307 795 376 822 forte
391 796 426 823 sil
441 796 508 824 illud
523 797 630 827 Silclar.
648 799 720 832 quod
734 807 788 826 non
801 801 895 835 procul
909 810 921 827 ιι
936 802 1024 829 Μοιιω

238 845 334 868 ειιιιοιο
351 843 512 872 collocatur.

237 897 282 926 45.
301 898 458 930 Temirlanc.
474 900 560 928 Temir
592 902 676 933 C/iau.
696 904 781 930 Temir
805 904 885 932 Crttlu
902 916 912 933 :
926 906 1020 934 Sulla):

423 935 534 968 Barcae,
550 937 683 966 liesteuses
708 939 810 968 Tatari.

273 977 359 1011 Quem
386 982 474 1008 nostri
500 990 553 1010 non
581 989 654 1012 recte
678 984 1021 1019 Tamerlanem,et'l‘am-

238 1023 392 1057 burlanem.
419 1027 504 1055 Graeci
532 1029 670 1057 Tcmirem
707 1038 806 1059 vocant
826 1042 834 1060 :
858 1034 907 1060 isa
924 1034 1020 1063 Turcis

238 1071 397 1107 plerumque
424 1073 527 1106 Temir,
554 1077 596 1103 vel
626 1077 727 1105 Texitur
751 1078 838 1111 Cliau,
855 1081 926 1115 quod
942 1083 1021 1116 regia:

237 1116 374 1150 dignitatis
391 1124 431 1146 est
447 1128 559 1153 nomen.
575 1124 738 1158 explicatum
757 1134 838 1160 supra
861 1136 973 1155 numero
985 1129 1020 1160 5.

236 1162 288 1189 dici
301 1164 392 1191 solet:
415 1174 447 1193 ac
467 1168 489 1194 si
509 1169 698 1198 nominaretur
721 1170 906 1206 Hispanorum
933 1182 1019 1208 more.

238 1207 293 1235 Don
312 1209 412 1239 Temir.
431 1211 574 1246 Significat
588 1220 678 1243 autem
695 1225 745 1245 vox
763 1218 855 1246 Teznir
874 1241 882 1251 ,
896 1221 954 1248 sive
969 1221 1020 1249 Te-

236 1263 305 1289 tnur,
322 1255 434 1289 ferrum.
453 1259 478 1286 id
495 1266 546 1292 est,
565 1262 695 1295 gladium.
714 1265 817 1296 Tatari.
834 1272 943 1301 prontcr
958 1277 1020 1295 suc-

235 1308 329 1329 cessus
350 1311 441 1330 rerum
471 1308 669 1341 prosperi-imos
684 1329 692 1341 ,
716 1310 808 1338 Temir
823 1312 903 1339 Cutlu
920 1321 1020 1348 cogno-

237 1346 373 1375 minaruut
395 1358 402 1376 :
432 1350 482 1377 hoc
497 1358 548 1382 est.
573 1352 674 1381 ferrum
701 1363 750 1382 seu
769 1356 886 1390 gladium
902 1346 1018 1386 felicem.

237 1392 436 1429 Nonnunquam
458 1401 559 1429 tamen,
577 1403 604 1425 ιιι
621 1399 673 1427 boc
687 1401 768 1428 etiam
781 1402 926 1430 Annaliqu
947 1404 1018 1436 loco,

236 1438 328 1466 Temir
344 1441 418 1469 Lanc
432 1444 676 1480 appellatur,quod
691 1446 824 1475 Ternirem
839 1449 964 1476 claudum
980 1451 1018 1477 si-

238 1484 358 1518 gnificat.
373 1486 478 1522 Quippe
497 1489 682 1523 claudicabat,
697 1497 726 1518 ut
741 1491 856 1526 ipsemet
873 1495 1018 1522 confitetur

238 1532 264 1558 in
281 1532 368 1566 primo
385 1541 446 1567 eum
468 1533 586 1569 Bajazite
613 1542 692 1571 capto
717 1546 862 1573 congressu
890 1545 916 1567 et
935 1541 1018 1568 collo-

1080 302 1144 319 snno
1158 295 1241 320 miror
1257 304 1287 321 cx
1308 296 1440 322 Sabellioo
1457 302 1575 328 repetere
1588 316 1595 328 ,
1620 296 1782 324 Tatarorum
1813 299 1863 324 im-

1078 346 1230 372 pmntorriu
1252 346 1330 368 :clate
1348 342 1475 370 Sabellici
1489 349 1614 370 vocatum
1631 344 1716 371 fuisse
1737 344 1860 376 Nogaim,

1077 385 1183 420 Quippe
1210 387 1291 421 Νομιιὶ
1318 388 1409 415 Tatari
1435 389 1554 417 nationis
1579 395 1621 417 est
1650 399 1762 419 nomen.
1781 391 1860 424 cujus

1079 433 1203 467 princeps
1226 434 1360 468 budicque
1386 434 1469 469 Nogai
1491 436 1566 462 Cban
1585 437 1694 463 dicitur.
1717 437 1762 464 Sic
1788 438 1858 472 apud

1078 478 1290 514 Par-bymcrium
1316 479 1405 515 Negas
1432 481 1532 516 Scytha
1565 482 1674 515 legitur.
1695 489 1721 510 ct
1739 483 1859 510 Cazanrs

1079 524 1193 560 Scytha.
1220 535 1269 560 pro
1287 526 1452 562 Nogaiorum
1464 548 1472 560 ,
1490 528 1531 555 vel
1550 528 1712 564 Nugttmrum
1729 535 1755 556 ct
1775 530 1858 557 Casa-

1077 574 1184 600 niorum
1201 575 1296 601 (ibatne
1322 576 1378 602 sive
1397 576 1530 609 principe.
1549 575 1599 608 Qui
1617 585 1682 602 vero
1694 577 1748 604 sint
1762 578 1787 604 bi
1809 578 1856 605 De-

1076 625 1194 652 stcnses.
1212 621 1361 655 intelligere
1375 622 1438 649 licet
1449 630 1479 649 ex
1495 622 1530 649 iis
1543 630 1603 656 qum
1615 623 1745 657 deinceps
1762 623 1787 650 in
1804 624 1857 651 vita

1077 667 1255 694 lilucbemctis
1281 667 1395 694 secundi
1416 668 1561 702 leguntur.
1577 668 1611 695 de
1625 669 1747 695 subactis
1763 669 1859 696 intentis

1076 713 1198 741 Taurica'
1221 714 1388 741 Clu-rronesi
1405 720 1466 749 post
1482 719 1588 749 captain
1610 715 1705 742 urbem
1724 715 1857 748 Capbam.

1075 759 1180 794 Quippe
1195 760 1341 787 Dcstcnses
1359 768 1420 787 cum
1438 761 1567 788 lierimiis
1579 762 1636 788 sive
1647 761 1758 788 Ct‘imiis
1774 761 1857 788 Tata~

1075 807 1114 833 ris
1143 807 1272 839 (Criniski
1288 815 1361 834 nunc
1393 815 1406 833 a
1440 807 1537 834 vicinis
1567 807 1719 840 dicuntur),
1745 815 1778 835 eo
1795 808 1858 835 loco

1075 857 1232 879 nostrorum
1263 853 1402 880 annalium
1437 853 1661 888 conjuoguntur:
1693 853 1727 880 de
1755 854 1858 888 quibus

1074 899 1182 925 Crimiis
1195 907 1243 926 nos
1256 899 1282 925 in
1297 897 1490 933 Snpplemento
1512 899 1650 926 annalium
1668 919 1675 930 .
1693 900 1738 926 ubi
1754 899 1856 927 bellum

1074 947 1125 971 hoc
1141 945 1286 972 decennale
1297 944 1439 972 Persicum
1454 945 1627 979 exponimus.
1644 946 1793 973 luculente.

1072 1004 1115 1031 46.
1135 1003 1229 1029 [cauri
1254 1003 1352 1030 Servii?
1369 1004 1497 1038 principes
1513 1011 1521 1030 :
1541 1003 1669 1037 Bufcogli.
1687 1004 1855 1035 Bnlcovilzii.

1107 1039 1254 1066 Bucoeilzii
1262 1047 1272 1065 .'
1287 1039 1447 1070 Crateuilzii.
1458 1039 1618 1066 Ccrnauilzii
1630 1048 1636 1066 :
1648 1040 1819 1067 Karlouitzii.

1107 1085 1144 1112 Ex
1160 1085 1193 1112 iis
1207 1093 1268 1119 qme
1288 1085 1420 1119 deinceps
1433 1085 1459 1112 in
1477 1085 1519 1113 liis
1532 1085 1685 1113 Annalibus
1701 1091 1857 1119 εειιιιιιιιιιιι·

1071 1131 1288 1159 animadvertere
1302 1131 1365 1159 licet
1381 1140 1388 1158 :
1403 1131 1509 1158 Turcos
1521 1139 1536 1158 a
1554 1131 1658 1159 Lazaro
1672 1132 1712 1159 vel
1725 1132 1856 1160 Eleazaro

1072 1176 1167 1206 Bulco.
1191 1177 1262 1204 sicut
1282 1176 1433 1211 appellatur
1448 1184 1463 1203 a
1482 1176 1698 1212 Clialcocondyle
1711 1197 1719 1209 .
1735 1177 1781 1211 qui
1799 1181 1857 1212 pri-

1072 1231 1131 1250 tuus
1158 1223 1295 1257 regionem
1324 1223 1393 1250 Istro
1417 1223 1588 1256 adiacentem
1618 1224 1675 1251 sive
1700 1223 1823 1252 Serviani
1841 1234 1857 1254 a

1072 1270 1210 1304 Stephano
1236 1278 1298 1304 rege
1320 1271 1437 1305 Bulgaro
1472 1276 1568 1298 nactus
1592 1271 1653 1301 fuit.
1677 1279 1857 1300 successores

1070 1324 1175 1347 omnes,
1195 1317 1296 1344 Serviae
1311 1317 1438 1350 despotas
1454 1317 1512 1344 sive
1529 1317 1678 1352 principes.
1700 1318 1857 1351 appellasse

1071 1362 1188 1389 Lazarus
1199 1382 1205 1393 ,
1224 1367 1253 1389 ut
1267 1370 1362 1390 omnes
1380 1363 1659 1396 Constantinopoleos
1673 1363 1857 1396 imperaIm-es

1071 1408 1162 1435 itidem
1176 1408 1270 1434 dixere
1284 1407 1490 1435 Constantinos.
1508 1407 1645 1436 Laonicus
1661 1408 1718 1442 ipse
1733 1409 1854 1441 quodam

1070 1455 1170 1482 inloco
1185 1455 1332 1489 Georgium
1350 1453 1453 1481 Servia:
1469 1454 1611 1489 despotam
1639 1462 1714 1481 more
1734 1454 1855 1483 Turcico

1069 1500 1229 1527 Eleazarum
1250 1501 1309 1527 sive
1325 1499 1457 1527 Lazarum
1475 1507 1572 1528 vocare
1588 1501 1705 1531 videtur.
1723 1501 1768 1528 ubi
1785 1502 1856 1529 dicit

1069 1545 1226 1573 Eleazarum
1240 1553 1290 1580 pro
1302 1546 1434 1580 Belgrade
1450 1546 1550 1573 multas
1572 1547 1654 1574 urbes
1668 1548 1694 1574 in
1710 1547 1854 1574 Pannonia

235 1578 311 1611 quio.
339 1581 411 1614 quod
439 1581 466 1608 in
498 1583 650 1610 Annalibus
679 1585 758 1619 longe
787 1586 1014 1621 pulcherrimum,
1030 1595 1051 1624 α
1068 1578 1248 1619 consecutum
1263 1599 1278 1618 a
1290 1578 1483 1625 Sigismundo.
1501 1591 1609 1626 Quippe
1622 1592 1742 1619 Thomas
1761 1593 1855 1620 ΕΙιιιιι-

236 1631 368 1660 tantoque
384 1628 532 1657 monarcba
551 1629 661 1664 dignum
682 1631 790 1665 legitur.
806 1632 837 1658 Et
852 1633 897 1660 alii
912 1633 1018 1661 claudi-

237 1671 351 1698 catiouis
375 1671 444 1699 banc
470 1673 594 1701 referunt
608 1683 729 1708 causam,
744 1681 772 1703 ιιι
782 1677 929 1710 Laonicus.
943 1680 1014 1714 quod

236 1716 356 1748 privatus
372 1718 459 1746 adhuc
483 1725 510 1747 et
531 1721 610 1755 inops
631 1730 750 1755 murliml
768 1732 822 1759 quo
837 1726 918 1753 cincli
935 1735 1016 1762 peco-

234 1770 293 1789 rum
314 1772 408 1798 greges
424 1771 501 1793 erant
522 1787 529 1799 ,
551 1767 615 1794 furti
640 1770 828 1797 committendi
845 1779 929 1798 causa
949 1781 1013 1800 con-

234 1810 371 1837 accnderit
390 1820 396 1838 :
412 1820 528 1848 cumque
540 1821 569 1841 se
580 1814 668 1842 visum
687 1823 702 1842 a
719 1816 913 1850 patrefamilias
927 1819 1015 1845 anim-

233 1855 404 1890 advertisset,
417 1858 443 1885 iu
461 1863 559 1887 terram
574 1860 713 1894 desiliens,
728 1870 790 1889 crus
805 1863 914 1898 fregerit
930 1873 937 1897 ;
956 1866 1013 1898 alii,

233 1902 306 1935 quod
330 1902 400 1929 inter
422 1905 597 1938 pugnandum
614 1906 641 1932 in
659 1908 727 1941 pede
745 1909 913 1942 vulneratus,
932 1910 1015 1946 418

232 1957 264 1974 ιλιι
294 1957 326 1974 eo
350 1954 471 1985 tempore
501 1952 615 1980 claudus
645 1953 738 1982 fuerit.
762 1955 787 1982 is
816 1958 1013 1992 autem,cujns

233 1994 332 2022 deinde
348 1996 377 2022 fit.
393 1998 505 2030 mentio.
520 1998 622 2026 Borcuc
641 2001 681 2027 vel
699 2000 812 2032 Bercnc.
833 2002 941 2038 .IEgypti
958 2004 1014 2030 stil-

233 2046 313 2067 tanus
335 2041 393 2069 fuit.
411 2042 443 2069 Et
457 2050 553 2070 nomen
566 2044 648 2079 hujus
659 2054 691 2072 ex
704 2045 930 2082 Schiltepergcrip
947 2048 1013 2076 Ger-

235 2089 344 2114 manico
361 2089 464 2122 scripto
476 2110 482 2122 ,
509 2091 554 2124 qui
575 2095 640 2118 tunc
654 2093 784 2127 temporis
798 2094 918 2121 Asiatica
934 2103 1012 2128 pcre-

233 2135 386 2166 griuatione
410 2141 537 2170 suscepta
549 2157 556 2169 ,
578 2139 675 2173 pugnis
689 2139 824 2167 Tataricis
841 2148 873 2168 ac
890 2141 1012 2170 Turcicis

233 2182 367 2213 inIi-rfuit,
387 2182 548 2210 lli-ineceius
564 2184 661 2219 allegat
679 2195 686 2213 :
702 2187 737 2213 ita
762 2191 849 2213 tamen
866 2195 880 2214 a
894 2188 1012 2216 librariis

233 2234 379 2261 mutatum,
392 2235 420 2256 ut
438 2229 582 2258 Baraclocb
598 2240 645 2267 pro
658 2232 811 2265 Barakoch,
825 2234 864 2261 v'cl
875 2234 1011 2263 Baraknck

1068 1638 1163 1665 dorlus
1180 1637 1379 1665 llaselbacbius
1393 1658 1400 1670 ,
1426 1638 1473 1673 qui
1490 1643 1552 1665 tunc
1566 1638 1643 1670 vixit,
1657 1638 1682 1664 in
1697 1639 1855 1667 Austriacis

1070 1693 1152 1712 manu
1169 1685 1278 1718 scriptis
1293 1684 1386 1715 tradit.
1407 1684 1479 1712 hanc
1495 1685 1723 1719 permutationem
1742 1693 1794 1712 non
1809 1686 1855 1713 in-

1068 1736 1108 1758 ter
1116 1730 1319 1765 Sigismundum
1329 1735 1357 1757 et
1368 1730 1536 1762 Eleazarum.
1548 1732 1671 1758 scdiuter
1680 1732 1754 1758 Albei
1763 1737 1818 1759 tum
1832 1734 1853 1761 ll

1066 1776 1239 1803 Anstriacum
1253 1775 1542 1809 elCeorgiumServim
1561 1777 1710 1811 principem
1735 1778 1852 1806 tactam:

1065 1830 1144 1856 quem
1153 1822 1260 1856 quidem
1272 1822 1328 1856 ipse
1340 1827 1428 1854 norat.
1439 1829 1499 1849 cum
1509 1822 1534 1848 in
1542 1823 1603 1848 aula
1612 1822 1740 1849 Friderici
1750 1822 1781 1849 ιγ
1791 1824 1852 1852 (ἕλε.

1066 1868 1135 1896 saris
1153 1867 1228 1894 exsul
1256 1868 1408 1894 honorifice
1429 1868 1558 1895 aleretur.
1580 1868 1662 1895 fidem
1686 1868 1825 1902 principes
1839 1879 1853 1895 a

1065 1914 1162 1940 'l'urcis
1175 1913 1273 1941 alicubi
1291 1914 1371 1940 etiam
1399 1913 1519 1948 Bnlcogli
1548 1914 1725 1940 nominantur
1749 1916 1782 1940 ab
1797 1915 1853 1943 hoc

1064 1961 1152 1995 primo
1164 1959 1265 1986 Lazaro
1276 1959 1360 1986 Bulco
1375 1964 1503 1994 tanquam
1520 1959 1593 1986 Bulci
1613 1960 1659 1986 filii
1677 1960 1716 1987 vel
1737 1961 1852 1994 posteri.

1064 2008 1165 2034 sicutet
1174 2007 1324 2041 Miebalogli
1335 2012 1360 2034 et
1369 2006 1522 2041 Malcozogli
1532 2012 1594 2034 sunt
1601 2006 1742 2036 Michaelis
1748 2006 1820 2034 etMa
1826 2016 1852 2034 r-

1064 2053 1087 2080 ci
1100 2052 1209 2086 posteri.
1218 2052 1238 2079 Α
1251 2051 1354 2079 Serviis
1364 2057 1453 2079 autem
1465 2052 1569 2078 ratione
1581 2060 1692 2086 prorsus
1702 2053 1850 2082 consimili.

1065 2098 1220 2126 Bulcovitzii
1240 2098 1314 2124 fuere
1326 2098 1423 2130 vocati,
1436 2098 1508 2124 velut
1521 2098 1594 2125 Bulci
1610 2099 1655 2125 filii
1666 2099 1723 2125 sive
1735 2100 1850 2133 posteri.

1063 2144 1128 2171 Nam
1144 2145 1168 2171 id
1183 2145 1280 2179 lingua:
1291 2144 1433 2171 Slavornm
1447 2149 1491 2170 alit
1505 2143 1685 2176 Vcnedorum,
1697 2153 1748 2179 qua
1760 2145 1849 2172 Servii

1063 2196 1185 2222 utuntur,
1199 2190 1329 2217 familiare
1341 2194 1393 2217 est.
1410 2190 1456 2218 Sic
1467 2191 1548 2217 etiam
1568 2190 1702 2223 hodieque
1719 2190 1847 2218 Moscmii

1063 2235 1262 2266 llasilovitzios.
1292 2234 1547 2266 Theodorovitzios,
1574 2234 1771 2265 .luauovittios.
1797 2244 1849 2270 pro

235 2276 326 2308 potius
345 2276 481 2302 scribatur
494 2297 501 2304 .
519 2277 564 2305 Sie
579 2279 650 2305 enim
664 2287 695 2305 ex
710 2280 862 2307 Annalibus
877 2281 950 2308 hisce
967 2290 1009 2309 re-
1026 2271 1048 2298 ο
1062 2282 1123 2309 filiis
1137 2281 1240 2313 Basilii,
1253 2280 1401 2311 Theodori.
1414 2279 1539 2312 Joannis,
1552 2280 1657 2308 dicunt.
1672 2281 1764 2307 Itidem
1779 2281 1848 2307 Cra-

229 2322 306 2350 etitui
321 2322 408 2349 debet.
420 2321 519 2350 Nomen
532 2324 620 2357 ipsum
636 2324 776 2353 Borckuck
792 2327 832 2353 vel
846 2326 1010 2360 Baraekork,

231 2368 328 2396 divisis
344 2369 465 2401 vocibus,
484 2370 536 2397 erit
552 2370 636 2399 Barac
654 2371 726 2401 Kuk.
743 2374 781 2400 ve!
797 2372 884 2399 Barac
903 2372 971 2408 (ἕως.
985 2373 1010 2400 id

231 2419 284 2444 cst.
303 2413 360 2448 (ἔοις
377 2415 545 2446 benedictus,
574 2417 629 2443 sive
651 2418 778 2445 laudatus
790 2423 817 2445 ct
835 2419 960 2454 inclytus.
980 2419 1012 2446 Et

232 2460 323 2486 statim
349 2461 383 2487 ab
413 2461 491 2488 initio
519 2462 712 2490 declarationis
727 2465 873 2490 Annaliqu
891 2465 923 2492 de
939 2465 1009 2496 Kuk.

231 2505 301 2536 Guk,
316 2512 340 2532 et
356 2506 423 2542 Gog.
439 2509 560 2542 quaedam
576 2509 602 2535 in
622 2509 735 2545 Giokelp
749 2514 796 2536 alit
812 2510 927 2544 Kukelp,
941 2511 1011 2538 dixi-

234 2560 304 2579 mus.
328 2553 473 2582 Dcstcnses
499 2560 587 2581 autem
606 2556 722 2583 Tataros
735 2576 742 2587 ,
759 2558 791 2583 de
803 2562 875 2583 cci-ta
892 2557 1008 2589 quadam

233 2599 342 2624 natione
360 2599 520 2627 Tatarorum
541 2603 690 2635 accipimus
706 2612 713 2630 :
729 2609 824 2630 contra
838 2603 916 2630 Marii
934 2603 1009 2638 Nigri

232 2647 412 2676 sententiam.
438 2654 484 2680 qni
508 2648 589 2675 tradit
604 2649 630 2675 in
648 2657 745 2682 genere
762 2649 877 2676 Tataros
892 2650 964 2682 ipsos
981 2658 1010 2677 se

234 2691 291 2718 Dist
306 2692 396 2725 lingua
420 2700 469 2719 sua
494 2702 600 2722 vocare.
616 2695 685 2722 Sunt
699 2695 770 2722 cnim
784 2696 884 2722 divursi
903 2695 1008 2727 Tatari,

230 2739 327 2773 priscis
340 2739 434 2768 etiam.
452 2747 505 2766 non
523 2741 572 2767 bac
586 2743 714 2769 duntaxat
728 2748 817 2774 relate,
829 2742 930 2774 cogniti
958 2750 964 2768 :
982 2747 1010 2768 ιιι

230 2788 356 2821 Aytbono
372 2791 398 2813 et
411 2786 470 2812 aliis
487 2786 579 2821 llogli.
597 2787 655 2814 sive
674 2788 794 2821 Mengli:
813 2793 841 2815 ut
856 2787 1008 2822 Snmongli.

229 2841 245 2860 ει
275 2833 374 2860 'l'ataro
400 2833 481 2860 fluvio
502 2833 578 2864 di.ti,
603 2835 678 2861 velut
700 2834 793 2860 Tatari
808 2834 951 2867 aquatici:
980 2839 1009 2859 ut

229 2879 358 2914 'l'augoii,
388 2881 431 2914 qui
456 2885 482 2906 ct
507 2879 641 2907 Tancltari
656 2900 664 2912 ,
678 2886 705 2907 et
722 2880 858 2907 'l‘uncbai'i
876 2888 882 2906 :
898 2884 927 2905 ut
943 2879 1008 2906 Chi-

236 2926 303 2954 taini
332 2926 377 2959 φιλ
408 2932 430 2954 ,t
458 2927 602 2954 Clmtaiui:
623 2932 651 2954 ut
667 2926 778 2960 Nogaii,
795 2932 824 2953 ut
839 2924 958 2958 Casanii,
980 2930 1008 2952 ut

1063 2329 1164 2356 tevitzii
1183 2328 1361 2362 Bnlgarorum
1374 2327 1514 2361 principes
1529 2330 1617 2358 erant,
1632 2335 1646 2353 a
1662 2326 1753 2358 Crate,
1765 2335 1847 2360 quem

1063 2375 1191 2409 nglesis
1210 2375 1320 2402 fratri-ni
1337 2374 1473 2402 Laonicus
1499 2374 1633 2405 celebrat,
1657 2375 1775 2401 oriundi.
1800 2375 1847 2401 Sic

1062 2423 1096 2449 ab
1123 2426 1239 2448 auclore
1263 2421 1369 2454 generis
1401 2421 1527 2455 appellati
1553 2420 1731 2449 Ccrnovitzii.
1751 2421 1844 2448 Calan

1062 2468 1202 2495 Dalmatiae
1226 2468 1401 2502 regionisque
1424 2467 1520 2493 vicina:
1535 2467 1672 2500 quondam
1688 2468 1782 2501 leguli.
1798 2468 1846 2495 Sic

1062 2513 1217 2540 Karlovitzii
1244 2513 1403 2540 diecbantnr
1438 2513 1465 2539 in
1488 2513 1602 2539 Albania
1620 2513 1662 2540 vel
1679 2514 1759 2547 Epiro
1776 2513 1846 2549 Dyr—

1061 2561 1184 2588 rhachini
1205 2560 1246 2587 vel
1271 2559 1395 2586 Diu-allii
1426 2559 1584 2594 principes,
1613 2560 1684 2593 quod
1711 2568 1724 2585 a
1743 2559 1844 2586 liaruio

1060 2606 1201 2642 propagari
1226 2606 1352 2638 fuissent,
1366 2613 1398 2632 ex
1416 2613 1509 2639 regum
1526 2605 1619 2632 Gallia:
1634 2605 1735 2632 familia
1750 2625 1756 2632 .
1774 2606 1842 2632 Nam

1060 2650 1216 2677 Ludovicus
1249 2650 1343 2677 Gallim
1373 2657 1430 2681 rex,
1458 2657 1539 2684 quem
1569 2650 1775 2678 canonissalum
1801 2653 1843 2684 (ut

1062 2697 1147 2729 aiunt)
1173 2704 1186 2721 a
1212 2695 1386 2730 pontificibus
1400 2696 1542 2728 Romanis,
1560 2703 1684 2725 sanctum
1702 2698 1843 2731 cognomi-

1061 2746 1136 2774 nant,
1150 2740 1261 2768 fratrem
1272 2741 1403 2768 liarulum
1418 2742 1666 2778 liabnit,Andegavi
1679 2743 1843 2770 Proiincias-

1061 2796 1112 2821 que
1125 2787 1263 2818 comitem.
1280 2788 1325 2821 qui
1343 2788 1499 2816 Cunradino
1522 2788 1654 2816 Friderici
1676 2790 1696 2816 11
1725 2789 1840 2816 Ca-Saris

1061 2833 1150 2866 nrpoli
1165 2840 1276 2866 regnum
1290 2833 1496 2866 Neapolitanum
1509 2842 1571 2860 cum
1591 2835 1643 2860 vita
1659 2843 1705 2868 per
1721 2834 1762 2861 fas
1792 2843 1838 2860 nc-

1061 2878 1101 2904 fas
1121 2877 1230 2910 eripuit.
1248 2877 1312 2912 Ejus
1334 2878 1404 2905 [ilius
1429 2879 1479 2905 fuit
1508 2879 1624 2906 ltarulus
1639 2880 1669 2909 ll.
1689 2889 1771 2913 IH'INL‘
1786 2880 1838 2906 Pc-

1059 2929 1117 2950 tius
1139 2923 1262 2951 Graviua:
1286 2925 1350 2957 dux,
1377 2932 1511 2960 pronepos
1538 2924 1651 2953 liuulus
1676 2927 1833 2961 Dyrrhachii
