1963 3067
233 135 286 168 771

1799 131 1853 154 ⁷7⁵)

826 131 989 164 JOANNIS
1014 133 1249 165 LEUNCLAVII
1799 131 1853 163 τῗὲ

270 193 339 220 Cum
355 196 444 217 autem
462 190 524 217 anni
544 189 651 216 Turcici
678 187 741 218 296,
767 188 938 216 Christianos
959 187 1017 215 επὶ·
1033 193 1054 218 Α
1069 188 1243 216 Andronicus
1255 187 1422 222 Palmulugus
1442 187 1461 213 ll
1480 187 1629 221 imperator
1660 187 1754 214 edidit.
1788 189 1853 223 Ejus

236 238 307 266 ciant
323 237 397 263 287:
419 236 543 270 sequitur
569 235 683 261 omnino
712 239 751 261 tot
779 235 859 261 armis
889 235 1019 261 hactenus

237 284 382 319 imperium
414 280 625 308 Osntanidaruut
654 280 779 310 durasse.
813 288 922 315 sumpto
961 280 1020 314 ejus

237 329 326 360 ittitio,
357 328 428 355 sicut
443 328 590 354 iudicatum
606 331 657 359 est,
687 327 721 353 ab
740 326 821 361 420
836 334 906 353 anno
937 326 1019 353 1500.

238 376 286 402 Sin
305 375 418 401 aliorum
435 374 526 408 sequi-
541 375 662 401 rationes
694 374 811 400 velimus
823 393 830 405 ,
867 375 1020 400 necessario

237 420 411 447 referendum
429 421 477 446 erit
500 419 662 453 principium
678 420 751 452 regni
763 419 973 446 Osmanidarutn
987 419 1020 446 ad

236 474 338 492 attnunt
349 466 536 493 Christianum
553 465 635 497 1295,
661 465 730 499 '{UOti
759 467 880 493 ontttittnt
904 466 1021 493 chrono-

237 514 403 548 grapltornm
420 518 446 539 et
474 512 673 539 Historicorum
700 512 845 539 illustrium
877 513 1020 539 sententiis

236 560 448 587 adversabitur:
469 563 515 585 aut
527 559 638 585 omnino
659 557 812 590 fatendum,
840 558 867 585 itt
893 558 937 585 illa
956 567 1022 593 sup-

236 606 379 641 putatione
413 609 570 632 nostrorum
602 604 723 639 quinque
748 608 821 631 totos
847 611 933 631 annos
961 613 1023 632 esse

236 652 397 686 superﬂuos.

272 698 316 726 48.
334 698 534 725 Monumentum
558 695 674 723 Huralis
704 697 730 724 in
758 705 850 730 campo
874 697 986 724 Cosova.

271 744 309 771 De
325 744 465 778 sepultura
494 744 606 770 Muralis
637 744 726 770 obiter
760 744 873 777 habeto,
908 745 978 772 tradi
1007 752 1022 772 a

236 791 414 825 quibusdam,
432 790 549 817 cadaver
563 790 622 822 ejus
646 790 776 824 Snpltiam
805 792 890 818 fuisse
923 792 1022 826 depor-

237 841 334 863 taluut.
351 836 402 863 Alii
423 845 484 863 cuttt
500 836 598 863 Turcis
632 837 816 869 consentiunt,
841 838 886 871 qui
907 838 1020 864 Prusant

238 888 391 909 memorant
421 888 557 914 aveclutn,
586 885 612 908 et
637 882 712 916 juxta
739 882 871 909 Thermas
897 883 1020 910 Prnstras

238 929 373 962 majorum
392 929 574 956 monumentis
590 935 782 963 aggregntuut:
808 929 844 956 iltt
873 934 972 962 tamen,
993 935 1022 957 ul.

239 974 315 1007 prius
328 975 536 1006 evisceraretur,
553 980 580 1002 et
597 976 724 1002 intestina
741 976 767 1001 in
796 976 908 1010 planitie
935 976 1022 1003 Cosc-

239 1027 306 1046 vana
323 1020 528 1054 ((Iassovianatn
544 1020 714 1048 Sansovinus
738 1021 838 1056 ubique
867 1030 919 1048 non
950 1027 1023 1048 recte

239 1066 328 1101 vocat)
340 1072 419 1093 terra:
438 1067 645 1095 mandarentur.
667 1068 695 1095 Id
730 1076 825 1094 verum
857 1076 917 1095 esse
947 1069 1025 1096 colli-

238 1113 312 1146 gitur
323 1113 414 1139 exhis
433 1113 548 1139 Bontinii
570 1113 671 1146 verbis,
697 1114 795 1149 quibus
814 1103 895 1140 etiani
926 1122 1024 1141 monu-

240 1158 335 1190 menti,
354 1165 387 1185 eo
406 1159 466 1185 loco
484 1160 585 1191 relicti,
621 1158 755 1194 hodieque
793 1161 962 1194 superstitis.
997 1164 1025 1187 et

240 1205 319 1231 nobis
333 1213 347 1231 a
360 1205 507 1232 comitibus
524 1205 621 1233 Turcis
653 1206 811 1237 monstrati,
838 1207 940 1233 mentio
971 1206 1000 1233 ﬁt
1016 1214 1024 1239 ;

240 1249 268 1277 In
282 1250 370 1277 media
385 1251 496 1286 (inquit)
510 1251 565 1278 fere
584 1252 700 1286 planitie
724 1252 836 1279 Cosovze
865 1252 941 1279 collis
970 1260 1027 1279 mo-

238 1297 315 1323 dicus
330 1297 461 1330 assurgit,
492 1297 570 1332 cujus
604 1299 710 1325 radices
743 1298 883 1325 Schitniza
920 1298 1024 1325 lambit.

238 1342 297 1368 Non
315 1343 400 1369 tttullo
413 1342 525 1369 ttlteritts
537 1362 544 1374 ,
570 1343 602 1369 ad
621 1348 704 1378 caput
736 1343 868 1378 aequoris,
901 1344 1029 1378 quaedam

240 1391 324 1415 turris
339 1389 648 1423 erat,cujusdam'olitn
678 1389 819 1416 Atnuratis
849 1389 970 1416 tumulus
999 1395 1026 1416 et

243 1435 382 1470 pyrantis:
399 1435 443 1469 qui
458 1434 601 1469 profligato
617 1435 749 1467 exercitu,
771 1437 807 1462 ibi
823 1443 909 1463 caesus
931 1439 958 1462 et
983 1443 1026 1462 se-

243 1480 336 1514 pultus
353 1485 404 1506 est.
423 1479 561 1507 Hactenus
574 1480 727 1512 Bonlinius,
741 1481 820 1514 cujus
850 1481 940 1508 verbis
959 1489 1026 1508 non-

245 1525 313 1551 nihil
329 1525 519 1551 inltaareamus.
535 1523 700 1551 Scltitnizatn
726 1526 770 1551 alii
790 1526 956 1552 Scltinitzam
989 1530 1027 1553 te:

245 1578 319 1597 mere
340 1571 481 1597 nominare
501 1572 614 1597 malunt.
632 1573 671 1597 An
685 1571 760 1605 idem
790 1571 888 1598 ﬂuvius
917 1572 952 1599 sit
966 1579 1027 1598 cum

244 1616 364 1649 Morava,
383 1616 534 1645 videbimus
545 1617 685 1652 deinceps,
700 1625 813 1644 numero
827 1623 954 1645 notarunt
966 1618 1026 1645 124.

245 1664 387 1691 Amuratis
398 1665 531 1691 tumulum
560 1669 587 1691 et
614 1665 780 1698 sepulturam
812 1664 948 1698 intelligit,
975 1671 1029 1699 quo

244 1710 304 1737 loco
334 1710 442 1737 luerunt
471 1710 558 1745 ipsius
591 1711 696 1737 condita
729 1711 844 1737 viscera.
878 1711 1028 1744 Quemdam

244 1757 482 1783 dlcitAttutratcm
503 1757 652 1789 indelinitc,
686 1765 733 1791 pro
747 1757 854 1784 sultauo
888 1756 991 1783 Murate
1008 1757 1029 1783 l.

246 1803 419 1838 l'rolligatum
438 1803 515 1838 prius
536 1804 572 1830 ait
597 1804 760 1836 exercitum,
789 1811 842 1830 non
861 1804 1028 1841 exprimens.

244 1849 415 1877 Turcicusne
428 1849 587 1885 pt‘oﬂigatus
601 1849 693 1881 fuerit,
707 1857 740 1876 an
759 1850 867 1876 hostilis
881 1851 1028 1881 exercitus.

244 1897 389 1923 acdeinde
409 1896 541 1923 Murutetn
576 1904 698 1923 casum:
723 1904 785 1923 cum
813 1904 882 1923 ειεδο
916 1896 1030 1929 Mnratc,

243 1943 339 1969 Lazari
358 1942 459 1969 Servi-.2
481 1942 612 1977 principis
627 1943 778 1969 exercitum
795 1950 810 1969 a
827 1942 946 1977 Bajazite
976 1943 1031 1969 lilio

243 1989 360 2016 Muratis
374 1989 417 2016 hic
432 1989 575 2016 audiamus
592 1990 675 2016 fuisse
693 1988 784 2019 praelio
802 1989 914 2015 vit-tum.

242 2045 287 2073 49.
307 2044 466 2072 It'irutovum
490 2052 565 2071 mon:
586 2044 699 2078 argenti,
717 2044 813 2070 Vidina
829 2045 881 2071 sive
898 2043 1031 2076 Vidinum,

441 2080 665 2112 CilrogBozma,
679 2079 842 2106 l’atzt'nucw.

281 2126 439 2153 Kiratovnm
462 2125 558 2153 Turcis
595 2126 748 2160 appellatur
773 2126 917 2160 oppidums
931 2125 1033 2153 Serviat

246 2173 329 2200 situm
350 2172 382 2198 ad
398 2177 529 2202 montem,
547 2179 628 2206 quem
656 2172 847 2206 Argentarium
878 2178 987 2205 vocant,
1016 2179 1032 2199 a

1070 235 1143 262 enim
1168 235 1225 262 hau:
1255 235 1335 262 verba
1363 239 1451 261 sunt:
1480 233 1585 265 Vidina,
1607 242 1667 268 qua:
1693 235 1767 268 prius
1795 241 1855 260 erat

1070 283 1242 317 episcopatus
1257 282 1422 309 sanctissimi
1439 282 1692 316 archiepiscopatus
1709 281 1854 315 Bulgarim,

1072 329 1284 362 inmetropolitn
1313 333 1404 355 CVCCLI
1434 333 1484 354 est.
1506 337 1514 353 ι
1545 328 1685 354 Bonlinius
1716 327 1855 355 Budtnuut

1072 375 1205 401 nominat.
1217 374 1330 401 Michael
1348 374 1434 401 [titius
1453 373 1591 405 Bidinum,
1610 374 1680 408 apud
1697 382 1778 409 quettt
1807 380 1856 401 ta-

1072 428 1131 446 men
1151 421 1220 447 male
1239 420 1370 454 scriptum
1387 420 1484 455 legitur
1499 420 1657 453 Bioliniunt,
1675 429 1722 455 pro
1740 415 1855 449 'Bidino.

1071 466 1228 495 Yidincnsis
1241 469 1426 503 sangiacatns,
1446 477 1519 495 ttuttc
1546 469 1617 496 inter
1644 470 1711 497 alios
1743 469 1857 505 Bt-gler-

1073 513 1139 548 bego
1150 513 1356 542 Tctnesvarcnsi
1379 515 1515 549 subjectos
1541 520 1709 546 recensetur,
1734 516 1768 542 de
1801 524 1858 549 quo

1073 559 1149 593 plura
1169 567 1218 586 sur)
1233 559 1304 590 loco,
1323 560 1350 586 itt
1366 558 1464 586 Notilia
1483 560 1609 586 videlicet
1628 560 1734 593 imperii
1760 559 1859 587 Osma-

1074 606 1137 633 uiri.
1153 605 1243 633 Citros
1260 607 1286 633 in
1310 607 1417 634 novella
1431 606 1531 633 Leonis
1549 607 1720 642 imperatoris
1750 607 1859 640 episco-

1073 655 1152 685 patus
1163 656 1206 678 est
1222 651 1381 685 Thessalia},
1397 653 1447 679 sub
1471 652 1679 686 metropolitano
1709 651 1860 679 Thessalo-

1073 697 1176 722 nicensi
1195 706 1201 723 :
1222 696 1328 724 Bozinte
1347 698 1465 731 regionis
1479 698 1559 732 vulgo
1575 705 1685 732 quoque
1697 703 1788 724 uolunt
1817 702 1862 723 est

1074 744 1297 770 nutttenJurolus
1314 744 1434 771 historici
1453 743 1539 772 Cra-ci
1565 745 1658 771 dixere
1684 743 1859 771 Patainacas.

1074 788 1183 823 Origine
1205 795 1268 816 sunt
1295 790 1407 822 Vencdi,
1429 791 1502 824 qttod
1536 798 1568 817 ex
1593 790 1650 825 ipsa
1676 791 1777 825 lingua,
1807 799 1862 823 qua

1076 834 1342 869 ututitnritodit-que
1360 835 1468 863 Vetteda
1485 837 1580 869 liquet.
1612 836 1796 870 Atttiquitates
1814 837 1863 860 lm-

1040 874 1058 900 Β
1076 886 1133 907 rutn
1150 880 1283 908 Ccdrinus
1315 881 1343 908 in
1373 880 1552 909 Monomacbo
1577 883 1698 917 Augusto
1723 883 1863 909 Iucuhnte

1074 927 1228 961 descripsit.
1246 928 1297 955 Sed
1310 937 1341 955 eo
1358 928 1416 955 loco
1434 929 1509 956 deest
1525 930 1550 955 in
1566 930 1639 957 edito
1657 929 1773 956 Cedrino
1807 933 1865 955 tra-

1076 976 1220 1007 gtnentutn'
1232 973 1347 1008 insigne,
1362 975 1433 1008 quod
1450 981 1511 1001 cum
1526 975 1647 1001 historia:
1658 975 1786 1001 studiesis
1809 975 1863 1001 ali—

1076 1019 1184 1052 quando
1204 1020 1479 1047 eumnmtiicabimtts.
1510 1020 1556 1047 Vir
1572 1021 1642 1047 acris
1666 1019 1761 1053 jndicii
1788 1020 1863 1046 Pru-

1076 1068 1167 1096 cerns,
1184 1068 1264 1100 quem
1283 1066 1443 1093 adolescens
1463 1067 1488 1093 itt
1513 1064 1686 1101 geometricis
1717 1071 1744 1092 et
1769 1073 1863 1093 astro-

1077 1109 1196 1136 n‘omicis
1209 1110 1303 1136 audire
1316 1110 1440 1143 memini,
1461 1110 1666 1137 Palaiuacaruut
1688 1118 1735 1137 seu
1770 1110 1863 1137 Palli-

1078 1163 1208 1182 nacorutn
1230 1165 1327 1183 nomen
1344 1165 1359 1184 a
1384 1157 1484 1184 Pozina
1508 1158 1565 1184 s'ive
1591 1157 1747 1189 l’ozinania,
1776 1158 1863 1185 notuli

1077 1200 1198 1229 Polunize
1213 1203 1373 1237 municipio,
1389 1204 1512 1231 derivare
1538 1204 1662 1231 solebat:
1685 1204 1757 1239 quod
1781 1204 1808 1231 itt
1829 1205 1864 1230 iis

1078 1247 1181 1274 scilicet
1191 1247 1290 1274 ﬁnibus
1303 1246 1451 1283 aliquando
1468 1248 1547 1276 sedes
1562 1249 1690 1277 habuisse
1705 1249 1862 1279 videantur.

1078 1298 1224 1328 antequam
1242 1302 1339 1321 versus
1354 1295 1491 1323 Triballos
1507 1296 1730 1331 commigrarent.
1748 1295 1780 1322 Et
1795 1296 1863 1322 dicti

1078 1338 1205 1366 videntur
1233 1347 1248 1367 ι
1265 1340 1366 1368 Graecis
1399 1341 1558 1374 Pallinaem,
1593 1347 1748 1369 nostrorum
1774 1350 1863 1374 more,

1078 1385 1180 1418 quibus
1196 1385 1341 1413 Bozlnachi
1361 1395 1415 1415 non
1435 1388 1512 1414 aliter
1527 1388 1709 1422 appellantur.
1722 1396 1755 1414 an
1772 1388 1861 1419 Sinni,

1080 1432 1206 1459 Slavachi
1222 1441 1229 1460 :
1246 1433 1352 1466 Poloni,
1368 1432 1479 1461 Polaclti
1494 1443 1502 1460 :
1522 1434 1619 1465 Btettti.
1638 1434 1789 1462 Bmmaehi.

1237 1478 1282 1506 50.
1300 1479 1458 1506 Maso/ultu
1482 1481 1507 1506 in
1524 1479 1693 1507 Caramauia.

1116 1524 1284 1553 Alascheher
1312 1525 1403 1560 lingua
1451 1525 1566 1553 Turcica
1609 1526 1745 1561 signiﬁcat
1773 1527 1864 1553 Altam

1083 1570 1343 1598 civitatem.G‘ratcis
1358 1579 1412 1599 uno
1421 1572 1556 1598 vocabulo
1584 1572 1721 1599 diceretur
1744 1571 1865 1607 llypsili-

1082 1618 1162 1653 polis.
1178 1617 1229 1645 Sed
1241 1618 1373 1653 ejusmodi
1387 1619 1495 1645 nomine
1515 1619 1589 1645 nulla
1617 1619 1749 1653 reperitur
1778 1620 1803 1645 in
1821 1619 1866 1645 lti-

1083 1665 1175 1693 storiis
1189 1665 1264 1696 urbs.
1278 1673 1326 1692 nec
1346 1665 1416 1699 apud
1434 1665 1620 1700 Gcographos,
1646 1666 1717 1699 quod
1738 1666 1865 1699 equidem

1082 1713 1176 1739 sciam.
1193 1711 1247 1739 Leo
1264 1711 1378 1746 Sapiens
1394 1712 1532 1746 Augustus
1546 1710 1572 1738 itt
1586 1711 1690 1738 novella
1719 1712 1751 1737 de
1776 1711 1867 1737 Thru-

1084 1757 1124 1785 nis
1138 1757 1343 1792 sttbtnetropoli
1367 1756 1543 1784 Necessariae
1574 1757 1651 1784 Ponti
1680 1756 1866 1784 Polemoniaci

1085 1809 1208 1831 recenset
1226 1801 1413 1838 episcopatum'
1429 1803 1570 1839 llypsilon,
1596 1803 1622 1830 id
1654 1808 1695 1830 est
1722 1803 1806 1830 altum
1824 1805 1867 1830 \‘cl

1082 1849 1237 1877 sublimem.
1261 1849 1334 1876 ldetn
1352 1849 1404 1875 sub
1419 1848 1568 1884 Synadensi
1595 1848 1717 1883 Phrygia.-
1734 1847 1869 1875 Salutaris

1083 1896 1556 1931 metropolicollocatepiscopatunt
1583 1895 1688 1932 llypsu,
1721 1896 1793 1931 quod
1822 1896 1869 1923 iti-

1083 1942 1250 1970 dentGricce
1267 1942 1362 1969 alludit
1374 1943 1405 1968 ad
1417 1942 1600 1969 altitudinem.
1624 1942 1676 1969 Sed
1702 1950 1736 1969 an
1751 1942 1783 1969 ad
1806 1943 1869 1970 Ala—

1083 1988 1239 2015 seheherim
1272 1988 1431 2015 ea'nomina
1447 1992 1612 2023 congruant,
1646 1992 1675 2015 ut
1707 1988 1870 2015 existimen-

1084 2038 1130 2061 tur
1144 2034 1354 2069 appellationem
1370 2033 1490 2060 Grazeam
1516 2033 1598 2061 Turci
1616 2034 1707 2068 lingua
1727 2042 1775 2062 sua
1804 2034 1869 2061 red-

1084 2080 1326 2114 didissezjldicio
1357 2080 1467 2106 lectoris
1497 2080 1597 2107 eruditi
1630 2072 1767 2115 relinquo.
1797 2080 1868 2114 Quia

1085 2130 1175 2153 tamen
1191 2126 1283 2153 statim
1299 2126 1345 2153 hic
1359 2125 1486 2165 sequitur
1500 2125 1660 2153 Aidincnsis
1680 2127 1737 2160 agri
1751 2128 1869 2159 mentio,

1084 2173 1131 2208 qtti
1152 2180 1248 2200 versus
1264 2172 1371 2199 Cariam
1394 2171 1519 2208 Phrygiae
1546 2172 1642 2206 majori
1671 2172 1814 2199 ﬁnitimam
1839 2181 1871 2200 se

247 2219 347 2246 fodinis
356 2218 473 2253 argenti.
486 2217 607 2245 Gallicus
623 2218 758 2252 interpres
785 2216 898 2245 Laoniei
921 2219 1032 2247 ltltodo-
1048 2219 1071 2249 D
1085 2218 1211 2253 porrigit,
1221 2222 1248 2245 et
1264 2217 1440 2245 Alascheheri
1454 2222 1534 2252 capta
1550 2219 1659 2246 vertisse
1683 2219 1810 2253 Bajazitis
1841 2220 1870 2246 in

247 2274 299 2301 pen
318 2266 392 2293 hunc
408 2273 471 2293 esse
485 2266 553 2296 vult,
585 2273 647 2292 cttm
680 2267 718 2292 sit
748 2265 870 2292 Haentus.
897 2267 1033 2293 Antonius

247 2312 392 2340 Bonlinius
408 2312 511 2347 argenti
529 2310 684 2339 fodinarum
706 2311 732 2338 in
749 2311 842 2338 Servia
867 2312 1032 2338 mentionent

248 2360 324 2390 facit,
343 2363 371 2386 ut
387 2359 532 2386 admodum
546 2358 690 2385 nobilium.
718 2358 879 2385 Kiralorum
907 2358 1033 2385 Castalth

249 2405 379 2433 scribitur
395 2405 524 2433 Cratovo.
545 2404 614 2438 quod
639 2404 710 2431 idem
728 2408 770 2431 est
801 2411 863 2431 cum
894 2403 1034 2430 Kiratovo.

251 2451 377 2478 Vidinam
394 2450 475 2477 hodie
490 2449 597 2480 dicunt,
615 2457 697 2483 quatit
725 2448 830 2475 Marius
859 2447 939 2482 Niger
969 2448 1033 2474 olint

249 2498 307 2523 vult
322 2498 483 2531 appellatam
504 2495 591 2522 fuisse
623 2493 816 2521 Viminaciunt.
835 2494 902 2529 Ejus
932 2493 959 2520 in
988 2493 1035 2521 Ju—

250 2544 363 2570 snniani
381 2543 495 2577 Augusti
509 2543 619 2569 amissas
644 2542 757 2569 novella:
784 2542 860 2568 titulo
876 2541 905 2567 tit
922 2541 1035 2572 tttentio,

250 2589 330 2624 cujus
344 2589 480 2623 epilomen
498 2590 524 2615 iit
540 2591 549 2615 l
564 2588 679 2615 aratitlts
714 2587 781 2614 meis
809 2587 911 2613 Gnccis
937 2585 1035 2619 reperi.

251 2636 406 2662 Sambucus
424 2640 516 2662 noster
529 2635 554 2661 in
573 2633 699 2669 ngaria:
722 2633 921 2667 chorographia
949 2631 1036 2667 quod-

251 2685 313 2709 dam
344 2680 490 2713 Viminatz,
523 2681 662 2708 diversum
692 2689 706 2706 a
740 2679 847 2711 Vidina,
875 2687 937 2707 mox
967 2678 1036 2705 infra

252 2728 412 2759 Belgradnm
425 2727 513 2761 ponit.
528 2726 756 2761 Cbaleocondylis
772 2726 906 2761 interpres
922 2725 1037 2752 Latinus

251 2774 388 2810 Bydcnam
421 2773 548 2804 reddidit,
564 2780 646 2808 qttatn
683 2771 815 2806 Vidynatn
848 2771 966 2798 scribere
992 2770 1040 2798 de-

252 2822 347 2848 buerat
360 2828 366 2847 :
389 2820 618 2855 quemadmodum
638 2819 737 2852 legitur
747 2817 829 2843 etiam
844 2818 869 2843 itt
886 2817 1037 2851 posterioce

253 2867 357 2895 novella
378 2867 410 2894 de
431 2867 525 2894 ordine
551 2865 736 2897 Tltronorum,
767 2871 848 2898 quam
873 2863 900 2890 itt
935 2863 1038 2897 synodo

1085 2269 1246 2300 potestatem
1281 2264 1513 2291 traditurzfacile
1546 2265 1702 2299 persuaderi
1742 2265 1869 2299 equidem

1086 2309 1153 2336 mihi
1171 2312 1291 2342 paterer,
1306 2309 1435 2343 oppidunt
1468 2310 1604 2342 posterius
1635 2309 1739 2344 llypsu,
1765 2310 1871 2337 abolito

1084 2355 1217 2383 vocabulo
1232 2354 1337 2386 Graeco.
1374 2355 1520 2382 Turcicum
1555 2356 1720 2382 Alasehehcr
1746 2356 1871 2391 ejusdem

1086 2401 1230 2435 signiﬁcati
1247 2401 1354 2428 diversa
1367 2401 1393 2427 itt
1412 2402 1503 2435 lingua
1517 2410 1615 2428 nomen
1630 2403 1776 2436 accepisse.
1788 2402 1870 2437 42],

1087 2446 1123 2473 De
1139 2447 1309 2481 regionibus,
1325 2447 1467 2474 Aidittensi
1499 2451 1526 2475 et
1556 2447 1718 2480 Sarchania,
1744 2450 1873 2482 supeIiUs

1086 2500 1101 2520 a
1119 2493 1196 2519 nobis
1207 2500 1322 2520 ntttttero
1337 2493 1370 2520 15
1388 2497 1545 2520 tractatam.

1086 2552 1130 2579 5].
1142 2552 1308 2579 Commmini
1321 2561 1336 2578 tt
1349 2551 1440 2578 Turcis
1453 2552 1578 2586 appellati
1593 2552 1744 2579 Gru‘corum
1757 2553 1873 2587 impera-

1122 2590 1190 2613 tores
1205 2597 1305 2619 milites,
1315 2588 1446 2622 Nigeboli,
1460 2589 1583 2622 prwtium
1608 2588 1834 2622 A’iropolt‘lumtm.

1122 2633 1152 2659 Ei
1167 2632 1322 2660 Graecorum
1343 2633 1511 2666 imperatori,
1528 2634 1570 2659 cui
1591 2634 1723 2668 anttlllcs
1747 2633 1874 2661 intulisse

1088 2680 1313 2711 hellutndicuur,
1346 2687 1445 2706 nomen
1464 2684 1523 2706 erat
1554 2678 1673 2706 Joannes
1703 2679 1875 2715 Palwologus

1088 2723 1386 2759 (Calojoannemvulgo
1416 2724 1606 2756 nominabant,
1632 2731 1685 2751 non
1712 2732 1725 2751 a
1751 2724 1876 2759 pulchri-

1089 2771 1192 2801 tudine,
1211 2770 1257 2796 sed
1273 2769 1407 2804 bonitate)
1426 2770 1473 2804 qui
1492 2769 1645 2797 Mauuelem
1678 2771 1773 2802 lilium,
1790 2771 1876 2804 cujus

1088 2823 1138 2842 ttos
1166 2821 1297 2850 praecepta
1326 2816 1496 2843 educationis
1525 2817 1605 2850 regiae
1621 2816 1715 2843 Latina
1746 2815 1874 2848 ferimus,

1089 2867 1241 2889 eunsortem
1265 2863 1372 2898 imperii
1401 2864 1480 2890 vivus
1502 2862 1665 2897 designavit.
1689 2862 1876 2890 NihilottJttus
