1963 3067
147 114 198 162 in

718 118 917 162 PANDECTE

989 132 1035 161 ST.
1050 130 1205 161 TURCIC.
1724 124 1753 155 ’Π

1724 124 1754 136 ..-

146 186 182 216 iis
204 188 312 224 aguitos
338 188 506 223 imaginibus
534 193 664 223 expetant
691 189 849 216 avidissime
865 197 871 216 :
888 196 937 216 nec
953 193 975 220 Α
991 187 1126 216 Laonicus
1143 189 1192 219 ait,
1217 187 1319 214 Trltieu
1340 194 1402 214 esse
1424 186 1564 220 regionem
1589 190 1617 212 ut
1634 184 1777 220 Bithynia,

144 235 281 268 dubitent,
301 235 383 263 modo
395 243 424 263 se
440 243 489 269 pro
502 235 641 262 mercibus
655 235 712 263 suis
727 242 774 262 eos
792 235 936 263 habituros

146 281 315 316 intelligam,
331 278 365 308 de
388 281 529 308 communi
557 281 647 315 pretio
674 280 799 307 trientem
812 280 853 307 vel
871 288 937 315 qua~

145 327 271 355 drantem
298 328 447 355 retnittere.
480 324 521 355 Ne
561 328 669 362 pondus
695 319 806 362 quidem
839 328 936 354 borum

145 374 301 408 explorant,
328 374 402 409 quod
417 378 507 401 tamen
533 374 560 401 in
582 372 686 402 'Sultani
704 374 747 401 sui
774 371 937 409 caeteri's'quc

146 421 264 448 monetis
275 421 396 453 usitatis,
413 421 575 456 scrupulose
594 420 683 448 facere
696 421 795 448 solent.

146 489 190 518 56.
209 488 264 517 Cur
279 490 453 524 imperatores
470 485 624 530 affecerunt
643 497 658 515 a
681 485 776 515 Turcis
790 488 855 515 dicti
873 478 937 523 Teg-

489 532 589 559 gmres.

179 581 331 615 Teggiures
345 575 441 615 supra,
460 588 576 608 numero
597 580 640 613 15,
665 579 786 607 diximus
803 587 818 606 a
837 575 938 606 Turcis

151 627 302 662 appellatos
318 627 478 660 Grpcorum
501 633 556 653 tam
581 626 608 653 in
626 624 751 657 urbibus,
768 628 849 661 quam
876 624 938 659 p'ro-

144 674 255 705 vinciis,
271 673 414 708 priesidcs.
433 673 537 700 Nomen
557 673 647 711 ipsum
664 681 678 699 ει
694 671 808 699 solertia
825 671 938 698 militari

144 720 293 747 deducunt.
310 716 342 746 Et
353 721 457 746 scimus
469 719 520 747 hos
536 727 550 745 a
561 717 663 746 Graecis
680 727 736 746 non
747 719 831 746 duces
844 717 937 749 modo.

144 766 191 801 "qui
204 770 268 792 sunt
283 765 324 793 eis
342 760 506 800 Higemones
521 785 528 797 ,
548 773 641 792 verum
662 763 745 792 etiam
763 764 898 799 Stratigos
911 770 939 792 et

145 811 303 840 Stratilatas
318 812 418 845 dictos,
439 812 582 850 vocabulis
602 813 687 839 duces
706 812 840 839 militares
854 810 937 846 signi-

146 859 301 886 ﬁcantibus.
327 859 405 892 Quod
429 864 520 886 autem
534 858 616 886 Turci
647 859 813 894 Teggiurum
836 863 975 892 noman

144 906 227 933 etiam
244 905 404 932 Graecorum
422 904 637 940 imperatoribus
653 906 821 939 tribuerunt,
833 913 866 933 cx
884 906 937 932 alia

145 952 219 979 nulla
233 952 336 980 factum
354 953 396 980 est
417 960 517 985 causa,
551 960 633 987 quant
664 952 799 980 irrisionis
827 957 854 979 et
871 960 939 979 con-

145 1002 278 1033 temptus,
304 999 382 1033 quasi
397 999 502 1026 scilicet
527 998 722 1034 imperatorum
739 998 849 1025 nomine
863 997 938 1032 digni

145 1052 199 1071 non
213 1050 317 1076 essent,
329 1044 376 1079 qui
396 1045 573 1080 perangustis
596 1044 695 1072 inclusi
711 1044 822 1076 ﬁnibus,
839 1044 938 1079 ipsius-

145 1090 198 1125 que
230 1093 431 1127 propemodum
471 1090 753 1126 Constantinopoleos
797 1091 938 1118 mtenibus

145 1136 361 1177 circumscripti,
374 1137 505 1172 prasides
522 1138 599 1164 urbis
612 1137 716 1172 potius,
729 1144 811 1171 quam
826 1135 936 1169 augusti

144 1186 334 1215 Romanorum
351 1186 459 1221 imperii
475 1193 553 1221 reges
565 1186 619 1213 dici
632 1189 815 1212 mererentur.
824 1183 936 1211 Laonici

145 1237 224 1264 locus
239 1240 280 1262 est
292 1234 319 1261 in
335 1233 461 1261 Historia:
476 1232 624 1268 principio,
640 1240 694 1267 quo
708 1231 802 1267 paucis
814 1230 935 1266 exponit.

144 1290 226 1318 quam
253 1281 279 1308 iu
308 1278 415 1308 arctum
445 1277 548 1306 redacti
576 1279 685 1306 tandem
714 1277 936 1312 l'ue'rintimpcrii

145 1326 233 1356 Graeci
252 1328 362 1355 limites.
391 1326 579 1353 Animadverti
604 1324 736 1356 Grmcos,
772 1324 875 1358 inquit,
909 1328 937 1351 et

146 1383 262 1411 regnum
275 1383 371 1402 eorum
398 1375 486 1409 primo
500 1373 570 1401 "sub
599 1372 754 1399 Thracibus
784 1370 935 1398 esstitissc.

145 1419 246 1449 Postea
276 1421 384 1456 reliquo
404 1427 517 1456 regnoa
541 1418 670 1447 Barbaris
687 1424 795 1450 exutos.
821 1425 935 1454 parvum

145 1468 285 1502 ‘quoddam
308 1474 421 1501 regnum
434 1465 614 1501 gubernasse,
628 1463 753 1492 videlicet
764 1463 935 1499 Byzantium,

146 1513 328 1549 Byzantiique
345 1513 510 1540 maritimam
530 1511 669 1546 regionem
691 1510 864 1542 inferiorem,
881 1508 935 1536 He—

147 1561 268 1588 racleam
283 1566 372 1594 usque
391 1567 398 1586 :
415 1557 537 1593 acjuxta
564 1553 682 1584 Pontum
701 1550 836 1583 Euxinum
854 1562 910 1581 mar

147 1607 243 1634 timam
260 1606 400 1641 regionem
415 1605 599 1640 superiorem,
617 1602 808 1630 Mesembriam
824 1609 910 1636 usque
927 1609 934 1627 :

145 1658 277 1690 pra-terea
302 1652 525 1686 Peloponnesum
540 1656 637 1683 totam,
653 1654 730 1676 extra
742 1653 796 1675 tres
812 1654 859 1675 aut
871 1655 938 1683 qua-

145 1707 208 1728 tuor
227 1701 309 1728 urbes
323 1698 500 1727 Venetorum.
517 1698 558 1725 Ad
587 1697 656 1728 haec.
675 1695 810 1722 Lemnum
831 1700 859 1721 et
884 1693 937 1721 lm—

146 1749 276 1780 brum,et
297 1746 405 1774 insulas
425 1745 526 1772 ibidem
545 1744 573 1771 in
589 1742 682 1778 Aing
704 1742 780 1769 sitas.
800 1741 936 1769 Hactenus

146 1794 295 1822 Laonicus.
318 1792 449 1828 Bajazitis
469 1798 534 1818 vero
565 1795 687 1825 tempere
712 1788 819 1815 caeteris
848 1789 935 1818 exuti,

146 1850 209 1869 cum
222 1842 288 1876 ipsis
304 1840 386 1867 etiam
405 1837 572 1867 suburbanis
594 1837 679 1870 agris,
693 1836 738 1863 vix
755 1835 826 1862 intra
842 1838 935 1862 muros

147 1887 223 1914 urbis
259 1894 289 1913 se
316 1887 477 1912 tuebantur.
507 1883 653 1918 Propterea
680 1890 727 1917 per
758 1882 934 1918 ignominiam

145 1933 297 1968 'l'eggiures
310 1940 325 1960 a
341 1931 439 1959 Turcis
455 1931 616 1958 audiebant.

181 1981 227 2019 57.
238 1988 405 2017 Curamaniw
420 1986 498 2023 begus
511 1987 657 2019 Alisurt'us,
671 1986 801 2014 Telriensis
818 1988 898 2021 regio.

180 2047 396 2075 DeCaramania
424 2052 518 2081 quaere
547 2051 641 2074 notata
657 2047 785 2081 superius
820 2053 936 2073 numero

147 2095 189 2122 t3.
207 2094 303 2122 Saltim
325 2094 376 2120 boc
399 2093 522 2120 iudicare
537 2099 611 2120 nunc
632 2092 716 2124 lubet.
728 2100 791 2119 eum
806 2091 931 2120 Carama-

146 2141 198 2168 nize
226 2140 389 2173 principem,
415 2139 498 2174 cujus
518 2138 563 2165 hic
590 2138 693 2165 mentio
715 2137 757 2170 ﬁt,
780 2145 796 2164 ει
815 2136 935 2164 Laouico

144 2186 283 2214 nominari
299 2186 465 2213 Alisurium.
480 2184 579 2212 Narrat
594 2189 686 2211 autem
702 2185 784 2218 hunc,
807 2191 870 2212 cum
881 2191 935 2211 cae-

140 2239 219 2261 teros
235 2233 307 2261 Asia:
337 2233 448 2267 regulos
477 2231 613 2266 Bajatitcs
645 2231 795 2259 ditionibus
810 2236 933 2263 exueret,

143 2288 238 2315 pacem
258 2288 320 2307 cum
336 2286 370 2307 eo
385 2279 496 2312 fecisse,
511 2284 594 2314 atque
607 2279 643 2305 ita
660 2279 719 2306 suis
745 2279 849 2314 ipsum,
867 2278 931 2305 licet

143 2327 233 2362 aliqua
246 2334 308 2353 cum
321 2326 438 2360 jactura,
465 2325 644 2353 consuluisse
670 2325 763 2357 rebus,
792 2331 827 2352 ne
849 2332 932 2359 regno

145 2381 258 2408 prorsus
288 2372 492 2403 exturbaretur,
520 2372 632 2399 annales
667 2371 780 2399 addunt.
825 2371 931 2398 Nomen

142 2422 252 2448 diverse
267 2419 401 2453 scriptum
418 2419 528 2453 legitur,
549 2418 696 2450 Alisurius,
711 2417 862 2450 Alidurius,
875 2417 932 2443 Ali-

144 2467 250 2498 derius,
265 2466 369 2497 Aluris.
382 2473 415 2492 ex
428 2465 539 2492 Laonici
550 2465 707 2499 depravatis
717 2465 931 2499 exetnplaribus.

144 2513 300 2542 Notandum
319 2513 371 2540 hoc
387 2520 507 2547 quoque,
522 2519 603 2546 quem
633 2512 784 2539 Alideriuin
800 2512 932 2539 Caralita-

145 2569 209 2588 num
226 2569 240 2586 a
256 2559 361 2587 Murute
377 2560 499 2586 secundo
517 2559 587 2586 bello
603 2560 717 2593 petitum
746 2560 848 2587 scribat
863 2559 932 2586 Lao-

144 2608 233 2639 nicus,
248 2607 274 2632 in
302 2606 344 2632 bis
370 2605 515 2633 autmlibus
545 2606 707 2639 lbrabimem
727 2606 819 2633 γορυί
836 2614 843 2633 :
861 2607 933 2633 sicut

145 2654 236 2681 videre
251 2658 292 2680 est
312 2653 338 2679 in
359 2652 404 2686 iis,
427 2660 490 2686 qua;
512 2660 585 2679 attito
596 2652 756 2680 Christiano
773 2653 842 2680 “57
855 2658 931 2689 gesta

145 2699 314 2727 referuntur.
329 2698 471 2725 Hemidam
487 2706 547 2726 esse
561 2699 932 2731 Cerasunteui,ostemlimus

143 2753 259 2772 numero
269 2745 315 2772 40.
333 2742 476 2772 Tekiensis
488 2745 562 2779 regio
588 2745 706 2781 legia
731 2746 828 2780 majori
845 2746 933 2773 couti-

144 2797 233 2823 uetur,
254 2795 391 2826 quatenus
409 2791 436 2817 iu
454 2791 661 2819 mediterraneis
691 2800 722 2819 ea
744 2800 840 2820 versus
860 2792 930 2826 Cap-

144 2839 299 2873 padociam,
321 2838 477 2865 Armeniam
500 2842 527 2865 et
545 2839 670 2866 Ciliciam
700 2847 729 2866 se
745 2840 870 2874 porrigit.
888 2839 932 2866 lu-

145 2889 248 2920 terpres
268 2884 379 2912 Laonici
400 2884 499 2912 Tecien
518 2892 566 2919 pro
582 2885 674 2922 Τυιίίίε⁸
682 2887 801 2922 scripsit.
818 2886 850 2913 Et
864 2886 928 2913 alibi

302 2932 440 2966 Parum.
458 2934 519 2966 Gn.
541 2930 642 2963 CLIX.

989 235 1031 263 sic
1044 235 1128 262 etiam
1144 234 1248 261 Cilicia:
1263 234 1380 261 vicinam
1401 241 1408 259 :
1426 232 1452 259 id
1468 237 1520 263 est,
1540 239 1555 258 a
1567 231 1700 267 Bithyniae
1717 231 1778 258 [lni-

990 282 1042 309 bus
1067 281 1100 308 ad
1124 279 1227 307 Cilicia:
1249 280 1317 306 lines
1332 286 1419 313 usque
1443 278 1589 312 pertinere.
1608 276 1778 313 Conjunclas

989 334 1064 360 vero,
1084 325 1466 361 Bitbyniam-Tckicnsemque
1490 325 1640 359 regionem,
1665 324 1777 351 Otlnua—

989 374 1063 400 niam
1091 372 1178 400 fuisse
1202 379 1312 399 vocatas
1326 380 1380 398 uno
1406 371 1527 402 nomine.
1547 378 1642 404 supra,
1665 375 1777 396 numero

989 419 1033 449 13,
1045 419 1198 446 docuimus.
1213 417 1325 444 Coniam
1345 424 1405 445 esse
1419 417 1539 451 priscum
1560 415 1625 442 illud
1642 415 1777 443 Iconium.

989 466 1066 500 prius
1085 465 1189 492 dictum
1215 464 1265 491 fuit
1288 471 1404 490 numero
1420 463 1464 490 12.
1491 462 1649 489 Triturandi
1668 466 1778 496 quoque

990 513 1087 539 modus
1098 512 1250 545 explicatus
1262 518 1378 537 nurnero
1396 510 1441 537 25.

1114 558 1159 585 58.
1180 559 1301 589 Amer-ai,
1314 556 1414 595 Nigde,
1429 555 1564 588 Caisaria,
1582 553 1670 583 Barli.

1025 603 1152 632 Castrum
1183 603 1274 630 allmm
1307 602 1404 630 Turcis
1439 602 1565 634 Acscrai,
1594 602 1651 629 sive
1681 603 1778 628 tlomus

988 648 1072 685 424,
1101 648 1163 675 alba
1193 647 1307 676 dicitur.
1342 647 1427 675 Vetus
1455 646 1566 682 aliquod
1593 647 1646 675 hoc
1668 647 1778 674 numine

989 700 1111 724 castrum
1124 695 1167 723 vel
1185 695 1314 730 oppidum
1330 696 1357 722 in
1378 696 1411 722 iis
1426 695 1491 723 locis
1508 695 1612 722 nullum
1631 694 1776 730 reperitur.

990 741 1129 769 anrtelii
1151 743 1244 770 tabula
1271 741 1384 769 Natalia:
1411 742 1509 777 legitur
1538 737 1651 770 Aesara.
1676 742 1777 769 Ibidem

989 788 1050 824 qua:
1065 789 1162 815 Turcis
1191 789 1235 816 hic
1254 787 1352 823 Nigde,
1381 787 1476 822 Nigdia
1496 782 1638 815 scribitur.
1657 784 1779 820 Utraque

991 842 1046 861 non
1077 841 1176 869 magno
1195 841 1211 861 a
1228 834 1315 860 Couia
1332 833 1373 860 vel
1395 832 1486 860 Iconio
1512 832 1596 859 distat
1623 827 1777 859 intervallo.

991 878 1156 907 Vincentius
1184 877 1358 906 Bclvacensis
1381 877 1493 905 Acserai
1507 878 1668 904 Vocabulum
1689 882 1780 904 mutat

990 926 1018 953 in
1031 922 1146 958 Hacsar,
1167 933 1228 953 cum
1245 925 1283 952 ait
1303 935 1310 952 :
1333 925 1411 960 Apud
1434 923 1539 951 Hacsar
1558 924 1696 951 invenitur
1730 931 1779 950 co-

989 977 1051 1000 ctus
1067 976 1094 999 et
1123 971 1252 999 aluminis
1277 971 1392 998 minera.
1408 970 1530 998 Caisaria
1556 969 1669 1003 Ciliciae,
1696 977 1777 1004 quam

990 1018 1031 1046 sic
1045 1018 1129 1046 etiam
1146 1017 1255 1045 Marcus
1269 1017 1373 1045 Paulus
1392 1016 1514 1047 Venetus
1540 1017 1676 1047 nominat,
1705 1016 1776 1044 dicta

988 1066 1089 1101 priscis
1116 1065 1239 1092 Ctesarca
1258 1063 1319 1091 I‘uil.
1337 1064 1415 1099 Apud
1447 1062 1639 1091 Belvaccnsem
1661 1062 1777 1091 Gazaria

992 1116 1122 1150 corrupte
1136 1114 1278 1142 scribitur.
1307 1113 1380 1140 Borli
1393 1112 1493 1147 duplex
1503 1113 1529 1139 in
1545 1110 1660 1138 Natalia:
1674 1111 1777 1139 descri-

988 1162 1082 1197 ptione
1097 1160 1279 1196 conspicitur,
1297 1167 1350 1186 una
1366 1157 1437 1186 Borli
1449 1158 1611 1193 simpliciter
1630 1157 1775 1193 appellata,

989 1211 1044 1233 non
1072 1205 1164 1240 procul
1198 1205 1233 1232 ab
1263 1204 1364 1239 Enguri
1392 1204 1433 1231 vel
1460 1204 1568 1239 Ancyra
1591 1203 1645 1231 sita
1663 1212 1671 1232 :
1691 1203 1777 1231 altera

989 1260 1052 1279 cum
1081 1256 1274 1286 cognomento.
1301 1250 1418 1278 Taracbi
1444 1250 1529 1286 Burli,
1559 1258 1613 1278 nos
1645 1251 1776 1285 procula

987 1298 1152 1326 Castamona
1161 1303 1188 1326 et
1198 1297 1310 1332 Sinope.
1329 1298 1368 1324 Ad
1382 1297 1461 1324 l’onti
1476 1297 1643 1332 provinciam
1661 1302 1777 1331 utraque

988 1345 1118 1380 pertinet,
1142 1353 1203 1380 qutc
1222 1345 1297 1380 regio
1321 1345 1474 1379 principum
1492 1349 1553 1371 crat
1577 1344 1777 1377 Isveudiarum,

988 1393 1089 1427 quibus
1107 1392 1235 1419 intulisse
1256 1391 1389 1426 Baja‘zites
1405 1391 1507 1418 bellum
1526 1391 1640 1418 dicitttr.
1669 1391 1702 1418 Et
1714 1392 1776 1426 qui-

988 1445 1051 1466 nam
1065 1439 1206 1474 principes
1232 1438 1259 1466 bi
1285 1439 1398 1469 ruerint.
1412 1438 1578 1472 explicatum
1601 1438 1712 1465 abunde
1730 1446 1777 1465 su-

987 1486 1092 1521 perius.
1114 1485 1234 1519 Sinopen
1253 1484 1357 1512 novella
1374 1484 1407 1511 de
1418 1483 1539 1512 Thronis
1551 1484 1585 1512 ad
1600 1484 1777 1512 Amasiauam

915 1530 935 1581 ᾖ·
948 1542 972 1575 c
990 1531 1162 1566 metropolim
1176 1530 1419 1566 Ilelenoponticam
1434 1530 1528 1558 refert.

988 1589 1032 1618 59.
1052 1590 1115 1617 (Iasi
1130 1589 1272 1621 Burchan,
1298 1589 1467 1622 Orthobules,
1490 1596 1515 1616 el
1544 1589 1735 1622 Musulmanes,
1751 1595 1775 1616 et

1048 1625 1230 1660 Cyr-itcelebis,
1243 1633 1277 1651 an
1292 1625 1371 1652 iidem
1388 1632 1446 1652 tum
1461 1626 1541 1653 emire
1553 1625 1712 1652 Soleimanc.

1025 1671 1093 1705 Quis
1115 1672 1200 1706 begus
1225 1672 1270 1699 ille
1281 1671 1415 1700 Turcicus
1440 1672 1534 1705 fuerit,
1566 1672 1610 1699 cui
1640 1672 1775 1707 Bajazites

988 1718 1140 1746 Sebastiani
1174 1719 1284 1750 adcurrit,
1302 1723 1414 1752 propter
1434 1718 1575 1745 annalium
1600 1719 1776 1746 narrationes

988 1764 1072 1792 nimis
1088 1764 1244 1792 succinctas
1262 1765 1326 1791 sciri
1349 1772 1403 1791 non
1421 1770 1520 1798 potest.
1539 1763 1596 1790 Hoc
1614 1769 1704 1792 tamen
1723 1765 1775 1793 tui-

989 1810 1063 1837 nime
1101 1809 1341 1840 dissimulandum.
1369 1810 1521 1838 Sebastiani
1546 1810 1631 1838 fuisse
1659 1811 1774 1845 primam

988 1856 1143 1884 ’l‘urcorum
1162 1856 1188 1884 in
1207 1857 1269 1884 Asia
1282 1857 1334 1884 sub
1348 1856 1461 1884 Aladine
1473 1858 1587 1892 regiam,
1603 1859 1675 1885 sicut
1689 1866 1775 1886 anna-

989 1904 1028 1930 lcs
1046 1903 1080 1930 ab
1092 1903 1170 1930 initio
1185 1907 1331 1934 testantur,
1349 1908 1377 1930 et
1396 1904 1543 1936 Laouicns,
1555 1904 1600 1937 qui
1615 1912 1774 1940 progresso:

988 1958 1019 1977 ex
1038 1951 1089 1977 hac
1104 1944 1211 1977 Tun-os
1225 1950 1261 1977 ait
1279 1950 1371 1977 Asiam
1391 1950 1534 1985 subegisse
1565 1956 1660 1983 totam,
1688 1959 1776 1988 usque

987 1998 1022 2024 ad
1039 1997 1257 2032 Hellespontum.
1275 1997 1447 2032 Quapropter
1462 1999 1485 2026 si
1505 1999 1557 2026 boc
1587 2004 1710 2034 tempore
1729 2009 1776 2028 su-

988 2043 1112 2079 perstites
1125 2049 1204 2072 erant
1215 2045 1338 2072 Aladiuis
1350 2046 1465 2080 posteri,
1488 2047 1647 2075 verosimile
1661 2052 1714 2079 est,
1729 2056 1777 2075 eos

988 2089 1119 2117 Sebastia:
1135 2089 1292 2124 praelectum
1322 2091 1451 2119 habuisse
1478 2093 1648 2127 quemdam:
1670 2093 1716 2121 cui
1743 2095 1777 2122 ab

987 2136 1116 2171 aequitate
1131 2144 1238 2164 summa
1267 2137 1383 2165 inditum
1412 2146 1516 2165 nomen
1549 2139 1611 2166 Casi
1638 2139 1775 2172 Burcban,

988 2183 1080 2218 lingua
1093 2183 1208 2211 'l'urcica
1223 2185 1344 2219 judicent
1359 2185 1404 2212 Dei
1425 2185 1609 2220 signiﬁcabat.
1636 2187 1675 2213 Ad
1693 2187 1762 2214 Seba

951 2234 974 2262 D
989 2230 1070 2257 stiain
1082 2230 1196 2258 annales
1207 2232 1293 2258 nostri
1308 2239 1322 2258 a
1339 2236 1414 2266 patre
1426 2232 1550 2259 relictum
1564 2232 1648 2260 fuisse
1665 2233 1776 2260 tradunt

988 2277 1103 2303 emiretn
1122 2275 1306 2304 Soleitnanem
1334 2278 1431 2310 lilium,
1450 2279 1497 2313 qui
1524 2284 1613 2305 tamen
1633 2287 1647 2306 a
1667 2279 1776 2307 Temire

986 2323 1074 2350 chane
1090 2331 1223 2358 nusquam
1237 2325 1346 2353 occisus
1357 2325 1467 2360 legitur,
1482 2325 1528 2352 sed
1542 2328 1692 2360 imperasse
1715 2333 1775 2363 post

987 2372 1056 2399 Ιθθιιι
1074 2372 1213 2398 fratremn
1231 2368 1308 2398 Musa
1330 2377 1468 2404 necatum,
1484 2373 1547 2399 totis
1563 2379 1666 2407 septem
1684 2376 1774 2402 antiis.

988 2419 1124 2445 Laouicns
1145 2421 1236 2445 autem
1258 2418 1392 2445 Sebastiw
1412 2418 1572 2453 przefectum
1588 2427 1602 2446 π
1625 2426 1701 2454 putre
1717 2429 1774 2448 me-

988 2470 1077 2493 morat
1088 2464 1280 2496 Ortbobulem,
1304 2465 1460 2500 quicaptus
1484 2464 1585 2493 ibidem
1609 2473 1623 2492 ει
1653 2466 1775 2497 Temirc,

988 2521 1020 2540 ac
1034 2518 1094 2547 post
1109 2513 1214 2548 aliquot
1228 2512 1286 2540 dies
1311 2512 1474 2539 interfectus
1489 2511 1582 2540 fuerit.
1601 2511 1679 2540 Unde
1697 2512 1776 2548 Baja~

988 2560 1055 2586 zites
1068 2565 1181 2593 accepto
1196 2559 1229 2586 de
1253 2563 1342 2586 morte
1357 2558 1403 2586 lilii
1421 2559 1529 2591 nuntio,
1547 2559 1655 2586 cuidam
1673 2561 1776 2594 pastorl

989 2607 1054 2634 tibia
1082 2606 1190 2633 canenti
1211 2606 1336 2633 dixerit:
1359 2606 1433 2633 (iane
1449 2612 1571 2637 carmen,
1594 2606 1674 2641 cujus
1695 2615 1777 2641 argu-

988 2657 1112 2680 mentum
1134 2652 1171 2678 sit
1188 2651 1263 2679 :Ncc
1279 2651 1445 2686 Scbastiam,
1463 2660 1512 2679 nec
1534 2653 1618 2680 [illiilli
1642 2653 1778 2681 Orthobu-

988 2700 1040 2727 lem
1055 2699 1174 2725 amittas.
1192 2697 1324 2732 Equidem
1350 2706 1422 2733 smpe
1453 2701 1628 2735 multumque
1653 2701 1777 2734 cogitans

987 2746 1021 2774 de
1035 2745 1217 2773 conciliandis
1231 2745 1377 2772 annalibus
1389 2745 1515 2774 Turcicis
1524 2754 1586 2773 ctnu
1601 2746 1772 2774 Clialcocou-

987 2795 1058 2830 dylis
1086 2800 1113 2820 ct
1142 2796 1299 2820 nostrorum
1332 2793 1562 2828 eXpositionibus,
1589 2802 1707 2829 quorum
1737 2794 1778 2823 illi

986 2841 1136 2868 maximum
1169 2845 1233 2867 natu
1267 2841 1351 2867 lilium
1383 2839 1511 2877 Bajalitis
1553 2848 1637 2869 uuum
1671 2841 1776 2870 faciunt

986 2887 1101 2916 cmircm
1119 2887 1318 2923 Solcimancm,
1346 2888 1390 2916 llic
1422 2888 1493 2916 duos
1518 2888 1644 2915 diversos
1670 2895 1778 2916 ett-tem

1566 2934 1604 2966 £5
