1963 3067
200 124 259 160 ’⁵179

804 126 967 159 IOANNIS
986 126 1162 158 LEUNTILA
1168 126 1223 158 VH

1780 126 1840 162 Ἢζῦ

206 184 326 218 majores
341 183 426 218 ponit,
445 183 633 210 ‘Ortlmbulem
653 187 679 209 et
700 183 914 216 Mulsumancm,
946 192 994 210 no—
1011 188 1032 216 Α
1048 182 1236 214 Mechmctem,
1255 186 1281 208 et
1302 181 1423 217 reliquos
1441 182 1511 209 ﬁlios
1529 183 1658 218 Baiazitis
1679 183 1705 210 in
1720 188 1840 218 potesta-

205 231 272 258 stris
290 229 484 265 Cyriscelebint
509 229 634 257 ﬁctitiunt
663 230 851 265 ingerentibus
869 239 876 257 :
891 231 917 258 in
935 238 994 258 eam

205 277 324 312 denique
334 277 497 304 sententiam
514 275 586 310 veni,
600 280 631 302 ut
645 275 810 312 Cyriscelebi
836 276 908 303 citca
930 283 996 304 con-

205 325 365 351 troversiam
381 323 506 356 excluso,
536 322 621 350 veluti
655 331 735 358 quem
761 331 812 350 nec
832 323 914 350 Turci
943 330 994 351 nec

198 371 289 398 'Grteci
322 375 504 406 agnoscam;
547 369 669 404 reliquos
705 370 785 403 duos,
814 370 993 397 Orthobulcm

202 417 474 452 Mulsumanemque,
494 425 543 452 pro
559 425 615 445 uno
631 421 658 444 et
681 418 777 444 eodem
797 417 927 452 Bajazitis
941 417 995 444 ﬁlio

203 464 362 491 Soleintane
377 468 496 492 statttam
517 465 688 497 habendum,
704 472 784 499 quem
802 469 894 492 tamen
911 464 995 491 inter-

202 510 304 537 fectum
322 517 337 537 a
362 510 483 543 Temire,
516 514 595 545 capta
622 510 761 542 Sebastia,
793 518 841 545 per
871 517 992 536 errorem

201 558 287 585 Grarci
315 558 495 585 crediderim.
522 557 589 593 Ejus
615 558 755 593 opinionis
788 565 855 585 mete
881 564 992 584 causam

201 605 272 632 hattc
291 605 379 632 habeo
407 605 479 640 quod
509 607 608 632 n‘omen
640 604 801 632 Orthobulis
830 611 882 630 non
895 603 995 630 Turci-

200 659 262 678 cum
279 659 350 683 esse,
371 651 418 679 sed
446 650 573 678 Graecum
604 650 736 683 arbitrer,
759 654 787 677 et
804 649 875 677 idem
910 650 995 684 signi-

202 699 283 726 ﬁcare
312 698 426 730 G‘rmcis,
455 698 526 732 quod
559 697 659 724 Turcis
688 696 858 724 Musulman.
887 696 994 732 Quippe

200 752 263 772 cum
283 745 310 772 in
322 744 421 771 Turcia
443 751 581 776 versarer,
596 744 797 777 interrogatum
811 751 825 770 a
845 751 889 771 me
904 743 993 770 virum

200 790 377 826 magnificum
399 794 426 817 ct
453 790 675 825 amplissimum,
702 788 738 817 1).
761 789 992 817 Bartholomaeum

200 838 366 871 I’czzenum,
377 837 450 865 Caes.
468 837 621 872 Maiestatis
632 842 646 863 a
660 836 800 870 consiliis,
818 840 846 864 et
856 844 943 872 nuper
959 835 992 863 ad

200 885 310 912 Portam
322 884 497 912 Osmanicam
527 891 589 910 cum
612 891 726 911 munere
747 883 828 919 legati
857 883 984 914 missum,

200 929 332 964 quidnatn
364 937 416 956 vox
431 929 585 956 Mnsuiman
616 928 714 956 Turcis
745 928 923 963 significaret,
945 936 988 955 re-

199 976 335 1010 spondere
356 975 479 1006 memini,
505 974 559 1000 vim
576 974 652 1001 illius
681 973 803 1001 eamdem
838 981 899 1001 esse
925 981 988 1000 cum

199 1019 349 1048 Orthodoxi
367 1020 480 1057 nomine
502 1017 726 1046 Grmco.V"ixerat
752 1024 843 1046 autem
860 1019 904 1045 ille
915 1023 988 1047 totos

197 1071 262 1094 octo
273 1066 431 1101 reipublicae
446 1073 530 1092 causa
548 1069 614 1092 tunc
642 1072 729 1092 annos
745 1065 816 1092 inter
839 1064 987 1098 Barbaros,

196 1119 350 1147 eorumque
375 1112 497 1146 linguam
523 1117 613 1138 norat.
632 1110 700 1138 Cum
722 1111 804 1146 igitur
823 1110 926 1138 Graecis
942 1117 988 1138 or-

197 1159 335 1187 tltodoxus
348 1159 395 1190 sit.
419 1158 466 1193 qtti
482 1163 585 1185 rectam
613 1158 777 1185 sententiam
802 1161 885 1189 tenet,
900 1157 988 1184 idem-

196 1214 251 1242 que
277 1205 414 1240 signiﬁcet
441 1203 604 1232 vocabulum
635 1203 783 1230 Turcicutn
808 1202 986 1230 Musulman‘:

193 1253 334 1287 sequitur,
359 1251 523 1279 Orthobulis
556 1257 667 1285 quoque
702 1257 800 1277 nomen
828 1249 899 1277 idetn
925 1256 988 1277 esse

192 1305 260 1326 eum
271 1298 462 1329 Musnlmano,
478 1296 587 1330 quando
603 1297 643 1323 sic
658 1295 760 1323 Graecis
780 1295 934 1330 appellatur
951 1295 986 1328 is,

195 1345 279 1380 cuius
300 1348 407 1371 rectum
424 1343 584 1376 consilium,
606 1347 680 1369 recta
707 1341 835 1369 voluntas
858 1346 911 1369 est.
930 1341 987 1368 Hoc

197 1391 278 1418 modo
289 1389 440 1416 'manil'esto
457 1392 545 1423 paret,
570 1388 641 1414 unde
658 1387 888 1421 Cltalcocondylis
904 1395 981 1414 error

196 1436 326 1467 manarit,
343 1434 414 1462 duos
428 1442 460 1461 ex
476 1441 531 1460 uno
547 1433 676 1468 Bajazitis
693 1433 763 1460 ﬁlios
777 1433 930 1461 facientis:
953 1440 987 1461 ex

158 1508 160 1511 .
196 1489 229 1510 eo
243 1481 384 1514 nimirum,
407 1481 477 1514 quod
493 1488 577 1506 uttutn
601 1480 628 1506 itt
642 1480 712 1506 (lues
729 1479 923 1513 distingueret,
942 1480 986 1506 cui

195 1527 313 1556 diversis
349 1527 375 1553 in
399 1524 501 1559 linguis
532 1524 683 1555 diversum.
703 1524 749 1551 sed
782 1524 866 1551 unius
895 1529 984 1551 tamen

196 1572 354 1609 signiﬁcati,
375 1579 473 1598 nomen
499 1575 569 1597 erat.
586 1569 642 1597 Nec
660 1570 727 1597 milii
745 1570 891 1605 quisquam
912 1570 985 1606 obje-
1001 1555 1023 1586 ί]

197 1619 274 1651 cet-it,
291 1618 364 1646 aliud
383 1625 444 1645 esse
474 1616 640 1650 Musulntan,
667 1620 694 1644 et
717 1617 789 1644 aliud
818 1617 982 1644 Mulsuman.

196 1666 302 1702 Quippe
316 1674 409 1694 vocem
428 1665 581 1693 Musulman
604 1673 618 1692 a
634 1664 736 1693 Gracis
764 1665 900 1693 enuntiari
919 1664 988 1692 Mul-

195 1721 305 1745 sutnan,
328 1717 355 1739 et
384 1713 410 1739 in
444 1712 580 1744 historiis,
611 1717 638 1738 et
664 1711 726 1739 aliis
750 1712 873 1747 ipsorum
905 1710 984 1738 libris

197 1759 349 1794 saepissime
367 1758 548 1793 deprehendi.
564 1757 637 1790 Quin
650 1758 736 1785 etiam
755 1758 867 1784 verbum
883 1756 986 1784 Musul-

196 1807 359 1837 manisaare,
381 1805 415 1832 de
441 1812 496 1839 quo
517 1805 646 1839 superius
668 1804 773 1831 dictum
800 1811 914 1831 numero
938 1803 984 1836 22,

196 1853 290 1881 multis
303 1853 330 1880 in
352 1851 420 1879 locis
445 1852 515 1886 apud
546 1850 656 1878 Grtl‘COS
680 1850 715 1877 ita
731 1855 864 1877 mutatum
895 1850 986 1884 reperi

195 1899 373 1934 transpositis
389 1898 499 1929 litteris,
520 1901 549 1924 ut
567 1896 814 1924 Mulsumanissare
835 1897 984 1931 legeretur.

195 1948 236 1974 Ne
256 1946 307 1974 hoc
323 1945 433 1980 quidem
461 1944 618 1976 tacendum,
646 1951 820 1978 quzecunque
841 1942 924 1970 Turci
950 1943 984 1970 de

196 1994 353 2022 Soleimane
375 1996 540 2023 memorant,
559 1998 575 2017 a
597 1990 719 2018 Laouico
735 1991 768 2017 ad
784 1990 982 2018 Musulmanem

195 2041 303 2068 referri.
315 2040 382 2073 Quis
396 2046 461 2073 ergo
489 2038 546 2064 ﬁeri
575 2045 655 2072 posse
686 2044 739 2064 non
768 2036 920 2069 existimet,
952 2040 986 2062 ut

195 2095 295 2115 nomen
313 2087 363 2113 lilir
387 2085 501 2112 Sulman
521 2084 556 2111 ab
579 2084 681 2111 exteris
710 2087 930 2110 commutaretur
957 2083 983 2108 in

195 2132 373 2160 Musulman?
399 2131 445 2158 Sic
472 2135 545 2158 certe
560 2129 681 2156 lilircltan
715 2129 816 2156 alicubi
846 2129 981 2163 scriptunt

193 2181 283 2214 legere
295 2179 417 2210 memini,
432 2177 478 2212 qui
499 2177 609 2204 nomine
627 2176 735 2210 integro
752 2175 894 2202 diceretur
908 2173 984 2200 Emir

193 2227 282 2254 Cltan.
310 2225 388 2258 Quod
406 2232 470 2252 vero
486 2231 579 2251 necent
607 2222 766 2250 Orthobulis
794 2222 900 2253 attinet,
923 2228 985 2256 quae

194 2277 355 2302 reCensetur
367 2279 380 2298 a
396 2271 512 2303 ercis,
528 2279 541 2297 a
556 2270 654 2297 Turcis
669 2269 779 2296 silentio
807 2268 982 2303 praeteritur:

194 2321 262 2348 nihil
275 2328 306 2348 ea
320 2319 423 2347 nostris
450 2317 605 2346 rationibus
625 2316 723 2349 ofﬁcit,
742 2323 802 2343 cum
829 2314 890 2342 vice
904 2321 982 2342 versa

192 2367 275 2394 'l'urci
315 2365 474 2393 'l‘emiriano
515 2364 609 2399 praelio
643 2361 813 2396 Mustapham
854 2359 983 2395 Bajazitis

192 2414 277 2440 ﬁlium
309 2411 474 2440 occubuisse
502 2414 666 2440 memorent,
702 2415 783 2443 qucnt
813 2406 899 2434 Gnaei
927 2410 981 2432 tam

193 2465 269 2488 certo
285 2467 338 2487 non
358 2460 472 2494 periisse
489 2458 649 2489 credebant,
677 2461 707 2483 ut
723 2456 805 2483 alium
834 2453 979 2490 quemdam

193 2506 370 2534 mentientem
386 2506 437 2533 hoc
454 2513 565 2536 nomen,
579 2503 661 2530 veluti
689 2501 898 2538 supposititiutn
927 2500 982 2526 fra-

191 2558 259 2579 trem
282 2550 405 2585 poscenti
423 2549 586 2576 Mucltemeti
600 2549 699 2576 dedere
716 2549 829 2580 nollent,
860 2551 981 2574 mortuo-

190 2606 244 2633 qtte
266 2596 438 2624 Muchetnete
453 2601 549 2622 contra
574 2595 708 2621 i'tluratctn
735 2594 897 2625 secundum,
922 2593 979 2619 Mu-

189 2643 323 2671 cltemetis
339 2642 435 2674 liliutn,
462 2648 512 2668 sua
528 2648 590 2668 cum
601 2641 723 2675 pernicie
749 2640 886 2667 foverent.
907 2638 979 2666 Prae-

189 2697 264 2718 terea
276 2697 330 2716 nott
346 2690 395 2716 abs
412 2695 441 2715 re
453 2687 554 2714 ntirutn
571 2687 655 2715 alicui
674 2686 810 2718 videatur,
825 2686 977 2712 Laonicuut

186 2739 290 2769 dicere,
302 2740 427 2763 necalum
441 2742 456 2762 a
471 2734 579 2762 Temire
593 2733 723 2768 Bajazitis
739 2733 823 2760 liliutn
840 2732 979 2760 Orthobu-

186 2785 238 2811 lem
253 2792 260 2810 ς
277 2781 359 2819 425
372 2789 433 2809 cutn
450 2781 472 2809 is
489 2781 594 2808 auctori
606 2781 667 2807 belli
685 2779 896 2813 etinjuriarum,
908 2778 977 2812 patri

185 2831 345 2866 pepercerit;
360 2835 386 2857 ct
403 2837 532 2864 expresse
548 2827 687 2855 Laonicus
706 2829 776 2855 idem
794 2834 885 2863 postea
910 2826 978 2854 scri-

185 2879 230 2907 bat
244 2878 306 2909 tlidc
321 2877 382 2905 licet
394 2876 499 2911 dubia),
512 2875 722 2917 Mulsumancin,
744 2875 856 2907 lilosem,
870 2873 975 2907 Jesum,

1049 231 1102 254 tem
1122 226 1239 254 Temiris
1256 227 1373 254 venisse.
1390 227 1460 260 Quid
1476 229 1595 263 optatius
1608 229 1733 257 accidere
1746 229 1837 258 Temi-

1046 274 1069 300 ri
1085 277 1202 308 poterat,
1222 281 1302 308 quam
1333 278 1430 309 puter
1454 275 1543 309 ipsum
1565 280 1668 309 patrem
1695 277 1766 304 ﬁlios
1792 278 1839 304 Ita-

1046 318 1110 347 bcre
1123 320 1149 346 in
1171 323 1315 354 potestate,
1336 321 1435 355 quibus
1453 322 1564 353 occTsis,
1583 321 1793 350 Osntanidirum
1811 325 1836 351 in

1045 366 1110 393 Asia
1126 374 1218 401 regno,
1232 367 1341 394 nemine
1357 373 1537 402 repugnante,
1549 375 1679 404 perpetuo
1691 369 1839 397 frueretur?

1047 413 1081 440 At
1097 417 1201 440 tantum
1213 413 1311 446 abfuit,
1324 418 1354 441 ut
1365 415 1391 440 id
1403 415 1516 447 faceret,
1529 419 1558 442 ut
1568 416 1649 442 ctiant
1664 417 1764 444 diserte
1773 417 1839 444 Lao-

1047 459 1125 487 nicus
1140 460 1217 486 initio
1231 461 1293 487 libri
1311 461 1400 495 quarti
1415 462 1542 494 fateatur,
1554 461 1656 489 Mosen]
1675 470 1690 491 a
1707 471 1771 498 rege
1788 463 1839 491 Tc-

1047 506 1114 533 mire
1126 513 1250 533 annonas
1262 506 1396 533 incastris
1411 506 1551 541 habuisse,
1568 509 1732 544 tandemque
1746 509 1840 537 dimis-

1047 560 1108 580 sunt
1121 559 1153 580 ex
1169 552 1337 587 captivitate,
1352 553 1419 580 mari
1435 553 1468 580 ad
1486 554 1622 588 regionem
1652 555 1769 589 patriam
1798 563 1838 583 re-

1047 599 1142 627 diisse.
1156 599 1207 632 Qui
1222 599 1352 634 plurium,
1366 599 1407 626 vel
1422 599 1544 627 omnium
1561 601 1651 634 potius
1668 602 1728 628 vita!
1742 607 1839 636 peper-

1046 646 1100 678 cit,
1119 653 1168 672 cur
1184 646 1210 672 in
1227 653 1311 673 unum
1328 645 1450 673 swviisse
1466 646 1696 674 credatur?Adde
1710 648 1831 675 testimo-

1047 692 1123 719 nium
1139 692 1236 719 hostis.
1253 691 1394 727 Nusquam
1408 691 1488 719 Turci
1507 693 1677 727 scripserunt
1692 693 1718 720 in
1731 693 1837 721 annali-

1046 739 1108 771 bus,
1121 737 1312 774 intcremptunt
1325 747 1341 766 a
1354 738 1462 766 Temire
1474 738 1600 773 Bajazitis
1616 740 1734 774 aliquem
1752 739 1837 768 fuisse

1047 783 1131 812 ﬁliuni
1146 805 1154 819 ,
1181 786 1228 814 sed
1248 793 1375 821 sperasse
1392 785 1529 813 Temirem
1555 785 1657 821 potius,
1681 788 1838 822 quempiam

1047 832 1166 859 ﬁliorutn
1176 830 1339 859 Cilde’runis
1354 839 1384 859 se
1400 835 1599 859 conventurum
1611 852 1618 864 ,
1636 832 1708 867 quod
1727 832 1766 859 illi
1782 832 1838 860 for-

1046 879 1148 906 midine
1162 886 1217 906 non
1234 879 1387 906 necessaria
1400 877 1514 913 trepidi,
1528 879 1680 906 omiserint.
1698 878 1755 907 lino
1769 879 1838 908 fero-

1045 926 1114 953 ciam
1127 926 1217 960 potius
1228 925 1435 953 e'tiracundiam
1449 927 1491 954 sui
1514 924 1646 962 Bajuzilis
1671 926 1837 961 vituperant;

1044 966 1161 999 Temiris
1173 971 1372 998 humanitatem
1381 979 1412 999 ac
1426 971 1585 999 modestiam
1598 972 1720 999 laudant.
1734 970 1838 1005 Super-

1042 1022 1084 1044 est
1097 1024 1195 1049 unum,
1216 1024 1288 1052 quoc
1306 1017 1386 1052 obiici
1401 1017 1497 1052 possit,
1527 1019 1560 1045 de
1574 1017 1657 1045 Ziclte
1675 1017 1837 1045 Orthobulis

1043 1063 1111 1095 ﬁlio,
1137 1071 1217 1097 quem
1242 1062 1380 1090 Laonicus
1404 1063 1442 1090 ait
1455 1063 1560 1090 bellum
1585 1063 1713 1091 intulisse
1738 1062 1837 1091 Joanni

1043 1108 1194 1141 Comueno,
1228 1106 1432 1144 Trapezuntino
1449 1110 1617 1143 itnpera’tOri.
1637 1109 1690 1137 Sed
1708 1110 1752 1138 hic
1768 1111 1834 1138 mihi

1042 1155 1206 1190 respondeat
1229 1155 1339 1189 aliquis,
1367 1155 1438 1182 unde
1461 1155 1571 1183 tandem
1595 1155 1692 1183 Zichcs
1709 1155 1753 1183 ille
1775 1159 1837 1190 post

1042 1206 1157 1229 tnortem
1172 1201 1258 1236 patris
1269 1201 1432 1228 Orthobulis
1446 1209 1519 1228 anno
1531 1201 1650 1237 denique
1666 1203 1837 1236 sexagesimo

1042 1249 1160 1282 primum
1189 1249 1217 1276 in
1239 1255 1350 1276 scenam
1380 1248 1494 1283 prodiit?
1516 1255 1605 1284 quove
1637 1249 1719 1276 modo
1743 1250 1837 1277 salvus

1041 1295 1128 1323 evasit
1143 1303 1157 1323 e
1173 1299 1211 1322 tot
1227 1295 1382 1330 parricidiis
1399 1301 1426 1323 et
1438 1295 1556 1323 lanienis
1569 1296 1667 1323 horum
1682 1300 1835 1331 temporum

1041 1341 1068 1369 in
1089 1342 1301 1370 Osmanidarum
1326 1342 1441 1376 familia,
1477 1344 1527 1370 sub
1553 1342 1640 1375 Musa,
1666 1341 1837 1370 Mucheme‘te

1041 1389 1139 1424 primo,
1160 1386 1266 1416 Murate
1280 1390 1401 1416 secundo
1417 1410 1424 1422 ,
1450 1389 1622 1416 Muchemete
1639 1390 1772 1421 secundo.
1789 1390 1835 1424 qui

1041 1443 1135 1464 omnes
1155 1435 1295 1470 parricidae
1306 1436 1439 1463 fuerunt?
1453 1435 1509 1463 Cur
1523 1435 1587 1463 huic
1605 1440 1659 1463 tam
1683 1436 1729 1463 diu
1745 1444 1837 1465 saevus

1045 1482 1090 1509 ille
1101 1481 1286 1509 Mucltcmetcs
1309 1481 1447 1509 secundus
1462 1482 1594 1517 pepercit,
1606 1482 1653 1517 qui
1667 1482 1709 1509 vix
1728 1487 1836 1510 mortuo

1041 1532 1128 1561 patre,
1143 1529 1304 1562 sanguinein
1322 1530 1414 1556 statim
1439 1528 1592 1556 fraternum
1609 1529 1691 1557 sitiit?
1716 1529 1757 1557 An
1772 1530 1837 1558 huic

1041 1575 1156 1603 credidit
1172 1576 1322 1603 exercitum
1335 1577 1589 1611 suspiciosissinius
1600 1577 1723 1604 omnium
1739 1583 1836 1612 tyran-

1042 1622 1115 1649 nus?
1149 1621 1272 1656 Denique
1298 1626 1405 1649 constat
1429 1630 1462 1648 ex
1481 1621 1604 1649 ancicis
1629 1622 1784 1655 annalibus,
1806 1623 1836 1651 id

1042 1668 1173 1702 temporis
1188 1667 1295 1695 viciniae
1308 1664 1495 1703 Trapezuntis
1515 1667 1674 1701 praefectum
1691 1677 1706 1696 a
1723 1668 1835 1697 Muche-

1043 1719 1114 1741 ntetc
1130 1713 1216 1741 fuisse
1234 1714 1383 1741 maximum
1401 1719 1466 1741 natu
1482 1713 1569 1741 ﬁlium
1583 1714 1770 1751 Mustapham,
1787 1718 1835 1752 qui

1042 1764 1149 1787 tantunt
1160 1761 1295 1788 decennio
1311 1765 1371 1795 post
1386 1760 1430 1788 illa
1445 1769 1506 1788 cum
1521 1760 1740 1796 Trapezuntibns
1752 1763 1836 1798 bella,

1042 1806 1183 1834 Parthisin
1194 1808 1349 1835 Armeniam
1358 1808 1582 1836 etCaramaniam
1594 1809 1691 1837 infnsis
1702 1811 1836 1845 occurrit,

1041 1853 1135 1888 eisque
1147 1853 1388 1886 cmsisJusufzem
1413 1855 1511 1891 begum
1525 1855 1623 1883 ducem
1649 1857 1740 1884 vivum
1762 1860 1836 1893 cepit

1041 1905 1067 1927 et
1083 1901 1152 1933 patri
1170 1900 1253 1927 misit:
1269 1901 1341 1936 quod
1357 1906 1547 1936 argumentum
1562 1907 1603 1930 est
1613 1903 1734 1937 evidens,
1748 1905 1837 1933 fuisse

1042 1950 1098 1972 tttnt
1125 1946 1296 1981 Mustaphatn
1324 1948 1410 1975 virilis
1431 1949 1538 1981 aetatis,
1563 1957 1614 1976 ttec
1643 1947 1765 1984 Zicltem,
1783 1951 1837 1979 Os-

1044 1993 1181 2020 manidam
1197 1994 1223 2020 in
1255 1994 1288 2022 iis
1306 1995 1372 2022 locis
1398 1995 1439 2023 vel
1469 1996 1614 2031 imperium
1640 1997 1761 2031 aliquod,
1793 1999 1835 2025 vel

1041 2040 1192 2067 exercitum
1209 2041 1348 2069 habuiss».
1363 2042 1428 2074 Quae
1438 2049 1500 2069 cum
1509 2042 1547 2069 ita
1558 2045 1624 2075 sint,
1637 2048 1721 2071 restat
1739 2049 1769 2071 ut
1779 2049 1836 2072 sla-

1042 2091 1152 2114 tuamus
1177 2095 1295 2122 quatuor
1319 2089 1432 2116 omnino
1465 2090 1588 2121 nomina,
1618 2089 1780 2118 Orthobulis
1808 2097 1836 2118 et

1042 2131 1236 2164 Mulsumanis,
1253 2141 1313 2167 qua:
1326 2134 1412 2161 Graeci
1423 2135 1597 2162 tradiderunt
1611 2143 1618 2168 ;
1636 2135 1832 2170 Cyrsicelebis,

1041 2179 1114 2212 quod
1141 2180 1226 2208 nostri
1246 2179 1443 2212 ;Solcituanis,
1460 2181 1532 2215 quod
1562 2180 1655 2214 Turci;
1674 2183 1782 2208 tandem
1807 2183 1834 2208 in

1040 2232 1123 2252 unum
1141 2226 1304 2252 conferenda
1322 2225 1504 2254 Soleimanctn
1529 2227 1656 2261 Bajazitis
1669 2236 1834 2263 germanum

1039 2270 1123 2298 ﬁlium
1136 2290 1144 2303 ,
1167 2274 1231 2299 n'atu
1255 2280 1421 2300 tnamuunt:
1439 2274 1518 2308 cujus
1532 2275 1553 2301 si
1573 2274 1671 2301 Ziches
1697 2275 1741 2301 ille
1758 2277 1833 2301 ﬁlius

1036 2324 1091 2343 non
1121 2317 1193 2349 fuit,
1230 2325 1366 2353 nusquam
1394 2327 1427 2345 ne
1459 2319 1569 2346 nomine
1607 2320 1716 2354 quidem
1750 2324 1834 2348 tritus

1037 2363 1134 2391 Turcis
1161 2369 1252 2397 notus;
1269 2365 1496 2393 euntOrthobule
1525 2367 1621 2393 ﬁctitio
1651 2373 1738 2402 pure,
1768 2377 1836 2401 Stltt~

1037 2410 1117 2445 positi
1135 2411 1177 2438 ius
1204 2412 1276 2438 tilius
1312 2412 1414 2439 Graecis
1445 2413 1632 2440 defendendus
1656 2413 1833 2448 relinquitor.

1035 2457 1142 2485 Habent
1178 2458 1293 2486 lectores
1335 2459 1435 2486 eruditi
1474 2460 1594 2486 rationes
1635 2468 1731 2492 meas,
1762 2469 1835 2495 quas

1035 2505 1077 2531 vel
1101 2504 1282 2539 approbandi,
1308 2506 1349 2532 vel
1374 2505 1544 2538 confutandi,
1572 2507 1685 2533 liberati.
1718 2507 1758 2533 eis
1786 2516 1837 2542 pu-

1036 2555 1162 2578 testatem
1189 2551 1269 2579 facio.
1305 2551 1436 2579 Neutrum
1464 2557 1554 2579 tamen
1580 2562 1609 2580 cx
1641 2553 1750 2580 dttobus
1777 2555 1835 2582 illis

1037 2605 1051 2624 a
1064 2597 1184 2625 Laonico
1202 2599 1362 2626 memoratis
1380 2599 1407 2625 in
1431 2599 1642 2626 Usntanidnrum
1658 2601 1737 2626 omisi
1752 2600 1836 2626 fanti-

1033 2644 1080 2676 lia,
1107 2652 1140 2671 ne
1164 2645 1226 2679 quis
1248 2645 1337 2672 nimize
1366 2653 1409 2671 me
1435 2645 1596 2672 temeritatis
1623 2651 1765 2673 arcessat:
1785 2647 1834 2679 qui

1035 2696 1133 2726 praeter
1150 2691 1210 2724 hos,
1228 2691 1342 2718 necdum
1356 2691 1457 2718 auditis
1472 2691 1723 2726 aliorumjudieiis,
1741 2693 1834 2726 pluri-

1032 2737 1083 2764 bus
1097 2736 1178 2764 etiatn
1194 2736 1322 2772 Bajazitis
1339 2737 1418 2768 ﬁliis,
1434 2736 1498 2764 Jesu
1520 2737 1634 2769 minori,
1653 2737 1714 2769 Ali,
1734 2737 1832 2766 Dustni

1033 2784 1203 2818 Mustaplne,
1236 2784 1366 2811 natalium
1391 2785 1608 2813 controversiam
1635 2793 1744 2814 morere
1768 2794 1829 2814 non

1033 2829 1225 2856 dubitaterim.
