1963 3067
124 116 186 153 ηἾδι

171 180 215 206 60.
235 178 345 207 Teclsrin
361 179 450 216 begus,
465 180 590 217 Erzinga:
602 181 733 218 princeps,
760 183 899 219 Diorryge.

171 236 223 270 Qui
238 236 336 265 Turcis
351 243 393 266 est
406 238 523 266 Teehrin
539 240 624 275 begus
637 259 645 272 ,
671 239 793 274 Erzingze
816 241 857 267 vel
884 240 932 268 Er-

134 283 258 311 zinzauis
274 283 411 319 princeps,
429 293 445 312 a
461 285 582 314 Laouico
599 291 713 314 vocatur
727 286 866 320 Scender,
882 295 930 315 rex

108 320 113 324 ⁵
133 329 343 356 Armeniorum:
361 330 405 356 cui
420 329 569 364 Bajasitem
587 331 664 358 illato
687 332 770 364 bello,
784 332 930 367 Erzingam

132 374 280 407 ademisse,
299 383 361 402 cum
373 376 520 404 annalibus
535 377 610 405 hisce
624 378 812 411 consentiens,
827 383 930 406 narrat.

134 420 232 448 Postea
251 421 332 448 tradit
349 421 518 455 Tezetincm,
536 423 626 451 virum
640 424 716 459 regio
732 425 867 460 sanguine
882 432 930 452 or—

133 472 190 494 tum
207 468 242 495 ab
259 467 400 503 Erziganis
428 476 502 505 rege,
527 477 613 505 puero
639 469 800 506 Mustaphte,
816 471 930 500 Mumtis

133 514 246 542 Secundi
269 514 360 548 fratri,
385 516 490 543 auxilio
513 517 631 546 venisse.
656 517 714 546 Hoc
740 526 790 554 ego
816 526 927 552 nomen,

133 560 191 588 sive
209 559 357 594 Tezetinis,
375 562 433 590 sive
444 561 599 597 Tezerinis,
617 564 689 591 idem
705 571 766 592 esse
781 570 847 600 puto
863 572 928 593 cum

134 607 269 635 chln-ine
277 613 435 637 nostrorum
451 610 605 637 annalium.
615 609 763 646 Diorryges
775 612 867 647 oppidi
881 619 929 640 no-

132 662 194 681 men
208 655 332 682 Graecum
349 663 364 682 a
375 655 459 684 fossis
470 656 506 684 ab
514 656 652 693 Euphrate
669 658 808 693 perductis
823 657 925 687 factum

132 701 261 730 arbitror.

156 758 204 785 6!.
223 759 276 792 Qui
292 758 470 798 Tarcomani,
484 761 607 790 sultanus
623 763 806 798 Alcairensis,
821 762 897 797 Cair,

396 797 501 830 Misair,
519 798 671 826 Miszraim.

164 847 357 880 Turcoma'nos
393 858 475 881 vocat
507 859 606 883 auctor
642 854 780 884 annalium
819 854 925 883 Turcos
942 873 964 901 Β

131 902 228 924 omnes
255 896 283 924 in
306 898 383 931 Asia,
415 899 521 927 caeteris
547 901 686 936 subjectos
719 901 815 937 hegis,
845 907 924 930 extra

131 943 305 972 Osmanidas.
329 945 376 973 Sic
399 945 520 982 Turquia
546 946 705 976 Bclvacensi
729 956 843 985 regnum
868 946 926 976 Ico-

132 991 227 1018 niense
238 991 349 1025 dicitur,
363 993 490 1028 Ayihono
503 994 591 1022 minor
604 994 679 1022 Asia.
694 994 798 1023 Praetor
811 995 923 1023 Graeciaa

132 1041 226 1064 noster
251 1037 376 1065 subditos
392 1035 527 1067 lconiensi
553 1040 663 1068 sultano
698 1041 822 1076 duplices
851 1042 926 1076 facit,

132 1083 231 1116 partim
247 1081 433 1111 Musnlmauos
448 1085 599 1120 appellans.
613 1087 711 1121 partim
725 1086 927 1116 Turcomanos.

133 1127 172 1155 De
201 1127 436 1158 Musulmanorum
462 1132 576 1159 nomine
605 1133 708 1160 dictum
728 1138 820 1165 antea,
853 1134 927 1169 quod

133 1174 205 1202 haud
221 1175 304 1203 dubie
317 1180 382 1204 tunc
396 1178 478 1205 etiam
494 1182 571 1213 paret
601 1179 724 1207 habitum
744 1180 819 1207 velut
843 1180 928 1208 hono-

134 1220 215 1247 stius.
235 1220 424 1250 Turcomanos
436 1224 475 1251 ait
492 1231 554 1252 esse
571 1228 689 1259 gentem,
705 1231 766 1260 quae
781 1225 926 1254 Persarum

131 1266 184 1302 (sic
213 1264 320 1296 Turcos
348 1269 505 1298 lcouienscs
537 1277 635 1303 vocat,
665 1272 740 1300 velut
766 1280 781 1299 e
815 1272 928 1301 Perside

131 1313 275 1350 oriundos)
301 1320 441 1344 extremos
464 1318 531 1344 lines
548 1318 696 1351 insidebat,
713 1322 741 1345 et
760 1318 926 1354 implacabili

131 1360 196 1388 odio
208 1360 347 1390 Romanos
359 1362 398 1399 (id
410 1369 463 1397 est,
479 1363 602 1401 Graecos)
619 1370 800 1400 persequens,
814 1366 927 1402 agendis

132 1408 232 1442 prtedis
247 1413 280 1435 ex
298 1409 396 1437 borum
413 1410 487 1445 agris
501 1411 700 1444 delectabatur,
712 1412 865 1447 praesertim
881 1412 928 1440 illo

132 1459 273 1488 tempore,
290 1462 346 1491 quo
362 1463 406 1483 res
420 1455 575 1484 lconienses
597 1457 784 1491 fluctuabant,
798 1457 928 1486 mirifice-

132 1507 187 1535 quo
197 1499 401 1530 Tancharorum
413 1503 641 1539 impressionibus
650 1505 844 1532 turbabantur.
856 1505 928 1541 Ergo

133 1546 300 1576 Turcomani
323 1554 387 1576 tunc
403 1554 483 1577 erant
499 1550 593 1578 infami
611 1551 744 1580 vocabulo
764 1551 852 1579 instar
867 1552 927 1580 illo-
941 1551 963 1581 α

133 1601 195 1621 rum
214 1595 385 1629 praedonum,
400 1604 469 1632 quos
483 1605 556 1625 nunc
573 1597 732 1625 Martelosos
742 1602 769 1626 et
785 1597 927 1626 Uscochos

133 1641 217 1676 (unde
231 1641 416 1670 Scacchorum
426 1643 484 1670 sive
492 1643 709 1672 latrunculonim
723 1644 833 1679 nomen)
846 1652 927 1672 voca-

132 1693 206 1715 mus.
224 1687 328 1716 Praetor
351 1689 462 1724 quidem
479 1695 545 1718 tunc
559 1690 717 1719 Michaelem
730 1691 927 1727 Palreologum,

132 1734 167 1761 ad
181 1732 347 1762 Jatliatinem
365 1736 504 1763 sultauum
523 1736 758 1765 Musulmauorum
781 1745 811 1765 se
831 1737 927 1766 confe-

133 1785 237 1808 rentem
250 1801 257 1814 ,
273 1782 308 1809 ab
325 1782 367 1810 bis
382 1782 564 1811 Turcomanis
576 1805 584 1817 ,
608 1785 684 1812 omni
699 1786 830 1813 comitatu
845 1791 871 1813 et
883 1793 926 1813 su-

133 1828 267 1862 pellectile
292 1829 438 1864 spoliatum
453 1829 541 1858 fuisse
570 1836 673 1864 narrat,
701 1839 751 1859 nec
776 1832 926 1868 quidquam

133 1880 246 1900 suorum
264 1875 298 1900 ab
321 1873 362 1901 eis
379 1875 504 1908 potuisse
520 1875 659 1910 recipere,
687 1875 750 1903 licet
772 1875 838 1904 hinc
863 1877 928 1904 inde

133 1918 258 1946 dimissis
271 1919 418 1953 mandatis,
434 1920 561 1948 sultanus
577 1920 749 1956 imperasset,
766 1927 795 1949 ut
810 1924 927 1958 spoliato

134 1967 189 1991 tam
208 1971 334 1999 corpora,
344 1972 427 2000 quam
441 1973 486 1993 res
496 1967 630 2003 adempta
640 1968 863 1996 restituerentur.
880 1969 926 1996 Al-

133 2010 284 2038 cairensem
300 2013 446 2043 .sultauum
464 2014 578 2042 annales
598 2021 676 2042 more
698 2014 817 2049 Turcico
838 2016 928 2043 nomi-

133 2061 200 2083 nant
210 2055 319 2092 Egypti
330 2057 470 2093 Syriaeque
483 2059 633 2092 sultanum,
647 2060 682 2088 ab
692 2060 762 2088 aulae
772 2061 830 2088 sive
846 2069 928 2097 restas

132 2103 204 2130 loco.
226 2103 338 2131 Cairum
357 2104 494 2133 Laouicus
515 2107 656 2141 antiquam
679 2106 825 2141 Memphim
851 2108 926 2136 facit.

131 2149 216 2185 ‘23
233 2150 276 2183 Al,
295 2155 325 2177 ut
341 2151 485 2184 articulus,
499 2152 619 2180 additur.
635 2153 692 2180 Vox
708 2153 766 2188 ipsa
791 2154 927 2189 significat

132 2197 239 2229 urbem,
255 2198 423 2225 excellentia
431 2206 525 2230 causa,
537 2200 609 2234 quod
624 2199 732 2227 urbium
749 2201 865 2228 maxima
880 2202 924 2229 sit.

725 125 926 156 PANDECTE
945 125 1046 156 IilST.
1070 125 1224 156 TURCIC.

1728 127 1782 160 782

944 184 968 214 Δ
983 182 1110 211 Camcsa.
1136 183 1242 219 llueige
1263 183 1362 212 Turcis
1379 190 1438 218 est,
1462 187 1508 221 qui
1533 186 1635 215 Cra-cis
1660 187 1782 215 historiis

984 230 1143 257 nominatur
1157 230 1262 258 Moaria
1280 227 1308 259 εἰ
1323 230 1422 259 Mavia.
1440 232 1586 260 Cursorem
1603 233 1658 260 dixi
1670 253 1677 266 ,
1699 241 1780 269 quem

982 274 1066 303 Turci
1081 276 1133 304 Pec
1145 281 1193 304 aut
1209 274 1290 312 Peicl,
1308 278 1395 306 nostri
1411 278 1566 313 lacqueium
1583 279 1688 307 dicunt.
1705 280 1781 307 Beal-

983 322 1035 350 bec
1065 321 1152 358 Syriae
1175 331 1249 352 cavae
1274 325 1384 359 civitas,
1410 325 1529 353 Postello
1554 326 1666 360 Balbec,
1682 327 1780 361 priscis

986 368 1138 405 Heliopolis
1153 369 1215 398 fuit.

1209 428 1255 456 63.
1274 428 1413 465 Carabag',
1437 428 1538 464 Ungra.

1015 484 1056 511 Ad
1071 484 1241 519 Carabagnm
1258 486 1418 515 hibernasse
1442 487 1580 515 Temirem
1604 489 1716 516 tradunt
1730 497 1778 517 an-

980 531 1069 565 nales,
1090 532 1189 560 urbem
1214 533 1273 561 sive
1297 534 1432 567 Parthiae,
1459 535 1516 563 sive
1537 536 1636 563 Persia;
1653 545 1659 563 :
1680 536 1778 571 quibus

979 579 1137 607 nominilms
1164 579 1356 608 indilierenler
1378 581 1501 614 utimur,
1525 589 1573 616 pro
1604 589 1635 609 ea
1655 583 1778 617 regione.

978 632 1040 660 qua:
1066 624 1164 653 Turcis
1182 630 1225 654 est
1248 625 1337 658 Aiem,
1363 627 1405 654 vel
1431 627 1508 654 Aiem
1533 627 1642 662 vilaget,
1666 628 1700 656 de
1724 636 1777 663 qua

978 671 1108 705 superius
1133 671 1237 699 dictum
1266 679 1382 700 numero
1407 678 1536 700 notarum
1550 675 1694 710 ~secundo.
1719 675 1777 703 Vox

977 717 1102 753 Cnrohag
1123 718 1263 753 significat
1286 718 1378 754 lingua
1397 719 1515 747 Turcica
1531 721 1638 749 vineam
1657 723 1777 757 nigram.

977 762 1215 800 Chalcocondyles
1231 765 1361 800 scripsit,
1378 765 1514 794 Temirem
1533 768 1645 796 solitum
1661 777 1691 796 se
1705 770 1776 796 reci-

978 817 1044 845 pere
1058 811 1199 839 Cheriam:
1218 812 1291 847 quod
1307 813 1424 847 primum
1440 813 1577 847 Sebastia,
1595 816 1668 850 quod
1682 816 1776 843 itidem

978 855 1109 892 Chalepia
1124 857 1177 892 (sic
1189 858 1325 893 interpres
1340 859 1463 895 scripsit)
1477 860 1663 897 Damascoque
1676 863 1776 897 captis.

977 902 1083 932 fecerit.
1110 904 1182 939 Ergo
1204 905 1261 932 veri
1292 905 1322 933 ﬁt
1345 907 1433 935 simile
1448 929 1456 942 ,
1478 908 1605 936 C‘heriam
1623 915 1638 935 a
1659 908 1777 937 Laonicn

976 948 1031 976 dici
1048 956 1108 983 quae
1121 949 1166 977 hic
1190 949 1316 986 Carabag
1333 953 1501 987 nominatur,
1518 954 1645 982 norinihil
1671 960 1777 983 mutato

977 996 1020 1024 vel
1037 1004 1053 1023 a
1068 996 1171 1025 Graecis
1188 998 1230 1025 vel
1245 998 1347 1027 Turcis
1361 1001 1510 1029 vocabulo.
1528 1001 1660 1038 Engurim
1678 1010 1774 1037 supra,

978 1049 1094 1071 numero
1117 1049 1245 1071 notarum
1260 1045 1294 1072 10
1305 1065 1313 1078 ,
1330 1046 1450 1075 diximus
1466 1048 1601 1084 Ancyram
1615 1056 1686 1076 esse.
1702 1048 1775 1076 Tan-

979 1095 1036 1117 tum
1055 1090 1099 1118 hic
1115 1091 1270 1119 addendum
1289 1094 1447 1128 putavimus
1468 1095 1558 1123 obiter
1570 1114 1578 1127 ,
1598 1096 1668 1123 hanc
1691 1096 1774 1124 ctiam

979 1136 1005 1164 in
1014 1137 1088 1164 edito
1105 1136 1326 1174 Chalc‘ocondyle
1334 1137 1454 1168 Uncram
1467 1141 1615 1169 nominari:
1627 1142 1698 1177 quod
1711 1150 1774 1171 cum

977 1183 1065 1211 Graeci
1082 1184 1193 1211 mollius
1207 1186 1351 1213 enuntiem
1369 1186 1460 1222 Ungra
1470 1207 1479 1220 ,
1494 1188 1605 1223 propius
1622 1189 1726 1217 accedit
1740 1189 1774 1218 ad

979 1228 1123 1258 Turcicam
1140 1231 1357 1267 appellationem
1375 1234 1490 1269 Engnri.

979 1299 1024 1328 64.
1042 1299 1120 1328 Bufci
1139 1300 1226 1335 ﬁlius,
1253 1301 1400 1338 qusislar.
1422 1301 1571 1338 Murraphaz
1595 1313 1678 1333 mors.
1697 1304 1777 1333 Grc:-

1127 1334 1219 1364 carum
1237 1337 1268 1366 de
1279 1334 1414 1372 Bajazitis
1429 1336 1494 1372 ﬁliis
1513 1334 1630 1367 errores.

1015 1394 1053 1422 Do
1064 1393 1156 1422 Bulcis
1168 1399 1197 1423 et
1211 1394 1390 1424 Bulcovitziis
1407 1397 1512 1430 prolixe
1535 1399 1715 1427 tractavimus
1739 1400 1774 1428 ad

979 1446 1107 1470 notarum
1121 1450 1251 1471 numeros
1263 1443 1299 1471 46
1313 1450 1340 1471 et
1349 1444 1395 1472 5L.
1405 1444 1456 1472 ilic
1479 1450 1586 1473 tantum
1601 1454 1775 1479 maneamus,

979 1488 1062 1517 istum
1073 1489 1149 1517 Bulci
1163 1489 1248 1517 lilium
1256 1490 1316 1526 (qui
1328 1491 1426 1519 Turcis
1439 1497 1484 1520 est
1499 1491 1634 1528 Bulcogli)
1644 1501 1775 1528 expresse

980 1533 1118 1561 nominari
1135 1542 1149 1562 a
1164 1534 1343 1571 Spandugino
1356 1535 1516 1572 Georgicon,
1532 1537 1635 1566 Servi:
1654 1539 1775 1574 despotas

981 1581 1067 1608 ﬁlium
1082 1588 1090 1607 :
1107 1581 1189 1616 cujus
1205 1583 1360 1616 majoreset
1378 1588 1503 1618 posteros
1511 1585 1674 1613 continuato
1691 1593 1775 1620 supe-

980 1626 1039 1653 rius
1054 1630 1201 1654 stemmate
1217 1627 1352 1662 complexi
1367 1636 1474 1657 suuius.
1492 1630 1532 1656 Ac
1549 1635 1703 1666 temporum
1730 1638 1775 1658 sa.

979 1679 1014 1700 ne
1029 1672 1099 1700 ratio
1113 1671 1284 1708 Spandugini
1294 1675 1439 1703 sententiae
1454 1683 1628 1711 nequaquam
1641 1677 1774 1705 adversa.

979 1722 1034 1746 tur.
1048 1718 1163 1747 Dervisii
1184 1727 1232 1747 seu
1250 1719 1401 1749 Dervlislari
1415 1728 1480 1750 sunt
1494 1722 1533 1750 illi
1559 1723 1671 1757 quidem
1700 1725 1773 1758 apud

979 1765 1083 1793 Turcos
1095 1765 1189 1800 aliqua
1205 1774 1237 1794 ex
1250 1771 1327 1801 parte
1338 1767 1480 1803 Calogeris
1489 1768 1604 1801 Graecis,
1631 1770 1774 1798 monachis

979 1812 1082 1840 nostris
1095 1811 1199 1845 amnes,
1217 1813 1255 1840 uti
1271 1813 1399 1848 superius
1413 1814 1578 1849 indicatum;
1595 1816 1642 1843 sed
1654 1817 1716 1844 aliis
1732 1823 1774 1844 la-

979 1867 1041 1886 men
1049 1859 1083 1887 de
1098 1860 1190 1887 causis
1204 1859 1299 1896 (modo
1314 1859 1428 1887 Paulum
1443 1862 1638 1892 Tomorreum.
1660 1862 1772 1890 fratrem

979 1906 1126 1940 Georgium
1142 1907 1269 1941 Ungarim
1283 1907 1445 1941 perniciem,
1465 1913 1491 1935 et
1513 1908 1582 1936 alios
1611 1909 1645 1936 de
1672 1909 1774 1938 nostris

978 1953 1111 1988 excipias)
1122 1961 1154 1980 ea
1165 1953 1349 1988 comparatio,
1364 1954 1436 1988 quod
1444 1954 1525 1988 vulgo
1540 1955 1611 1982 solet
1620 1955 1685 1988 dici,
1697 1955 1774 1984 clau-

978 1999 1061 2028 dicat.
1078 1999 1185 2035 Quippe
1203 2007 1265 2027 cum
1283 2000 1413 2027 universa
1430 2000 1474 2028 lex
1491 2005 1518 2028 et
1539 2001 1680 2037 religionis
1709 2010 1774 2036 pro-

978 2046 1063 2074 fessio
1080 2046 1274 2074 Mahumetana
1289 2048 1467 2082 sanguinaria
1482 2048 1528 2079 sit.
1542 2049 1662 2083 speciem
1690 2049 1773 2078 Turci

979 2093 1091 2128 quidem
1107 2093 1243 2128 religiosae
1260 2092 1370 2128 pietatis
1386 2094 1413 2121 in
1429 2094 1498 2128 legis
1521 2095 1617 2130 peritis
1645 2103 1678 2123 ac
1708 2095 1775 2124 Der-

979 2140 1057 2168 visiis
1087 2140 1146 2168 suis
1175 2141 1322 2176 requirunt
1339 2150 1346 2168 :
1364 2145 1391 2168 at
1411 2142 1520 2169 interim
1533 2143 1568 2170 ab
1590 2144 1704 2179 agendis
1726 2151 1774 2172 eos

979 2186 1075 2218 rebus,
1087 2189 1143 2212 tam
1170 2194 1246 2221 pace,
1269 2195 1352 2221 quam
1381 2187 1465 2219 bello,
1485 2190 1643 2222 prmsertim
1675 2194 1772 2218 contra

134 2243 222 2272 Hodie
232 2226 332 2273 Turcis
343 2226 626 2274 etArabibus'iiicolis
943 2226 969 2256 Β
982 2230 1155 2283 ωπὴιίηθῗ
1178 2238 1205 2259 el
1222 2233 1316 2283 ξὀδιθξ
1333 2234 1491 2268 reipublicae
1509 2243 1577 2267 sum
1600 2243 1772 2271 nequaquam

134 2297 149 2317 a
165 2291 352 2319 vetustissimo
367 2297 423 2320 tam
439 2291 559 2328 Egypti,
577 2301 659 2328 quam
674 2293 861 2330 Egyptiorum
880 2304 928 2324 no-

133 2338 218 2371 mine,
237 2338 371 2366 Mizraim.

276 2396 321 2424 62.
349 2395 457 2424 Clientes
471 2417 478 2428 ,
497 2397 611 2433 Muerge,
630 2397 751 2425 Bralbec.

170 2453 274 2481 Civitas
297 2452 383 2488 Syriae
408 2453 525 2482 Chemes
556 2454 620 2481 olim
646 2455 717 2482 dicta
744 2454 796 2483 fuit
822 2456 927 2489 Emisa,

133 2500 268 2535 Gregorio
282 2500 408 2527 Emiseno
421 2501 533 2527 alumno
547 2500 634 2532 clara,
649 2501 728 2536 cujus
742 2507 852 2529 exstant
866 2509 930 2531 octo

134 2547 198 2574 libri
228 2548 262 2574 de
286 2546 415 2580 homine,
442 2547 488 2581 qui
511 2547 650 2574 nonnullis
674 2547 701 2574 in
726 2548 930 2583 exemplaribus

136 2603 189 2622 non
219 2600 294 2622 recte
319 2594 444 2630 Gregorii
472 2593 587 2630 Nysseni
617 2594 706 2622 nostri
731 2602 831 2623 nomen
862 2604 929 2630 prte—

135 2643 239 2669 [crunt.
255 2641 375 2669 Ortclius
390 2641 510 2672 notavit,
533 2641 604 2676 quod
622 2640 722 2669 Turcis
740 2646 768 2669 et
792 2643 930 2671 Arabibus

134 2689 171 2716 sit
187 2688 298 2717 ilamsa.
312 2689 365 2716 Sed
381 2689 426 2716 hic
444 2687 561 2716 Chemes
575 2688 675 2723 legitur
686 2709 694 2722 ,
718 2689 792 2724 quod
810 2690 928 2717 aliorum

134 2736 279 2771 scriptura:
294 2736 421 2766 vicinius,
436 2735 537 2770 quibus
550 2734 647 2763 liatiies
668 2740 790 2763 vocatur.
812 2735 857 2763 Fit
869 2737 930 2771 ejus

135 2783 206 2817 apud
227 2783 383 2818 Aythonum
396 2783 440 2809 his
468 2782 560 2808 verbis
575 2781 699 2809 mentio:
713 2781 818 2809 Civitas
844 2781 929 2818 Syria.-

136 2829 245 2862 llames,
277 2836 339 2864 quae
355 2828 464 2857 Catncla
484 2828 565 2855 hodie
581 2827 732 2862 appellatur
747 2835 762 2854 ει
779 2828 905 2862 pluribus
923 2838 929 2856 :

136 2878 183 2904 uin
199 2875 358 2907 videndum,
379 2883 413 2902 an
434 2882 486 2900 non
516 2882 565 2908 pro
584 2873 694 2901 Camela
721 2874 803 2902 scribi
827 2874 914 2903 debca

979 2283 1085 2310 arcent,
1099 2279 1146 2306 sed
1162 2278 1250 2313 magis
1280 2279 1375 2313 etiam,
1390 2288 1473 2315 quam
1499 2286 1624 2313 caeteros.
1641 2282 1775 2311 devovere

980 2323 1063 2350 vitam
1081 2331 1159 2351 suam
1176 2332 1226 2359 pro
1246 2325 1389 2361 religione,
1399 2334 1504 2361 proque
1520 2327 1578 2361 lege
1595 2329 1694 2362 patria,
1707 2337 1774 2357 suos

980 2370 1042 2397 illos
1054 2370 1199 2405 religiosos
1217 2371 1323 2399 volunt.
1340 2371 1408 2400 Hinc
1435 2373 1541 2408 aliquot
1572 2375 1599 2401 in
1630 2375 1774 2411 Ungaricis

981 2417 1081 2445 ﬁnibus
1098 2423 1193 2452 captos
1208 2425 1222 2445 a
1236 2419 1339 2446 nostris
1355 2420 1497 2452 recordor,
1516 2420 1589 2448 vires
1605 2423 1773 2458 ceteroquin

980 2463 1099 2498 alicujus
1111 2465 1287 2493 auctoritatis
1313 2470 1340 2493 et
1371 2467 1597 2501 existimationis,
1614 2469 1662 2504 qui
1679 2469 1773 2497 Dervi~

980 2511 1070 2538 slaros
1086 2519 1115 2538 se
1132 2512 1334 2546 proﬁtebantur
1348 2533 1354 2540 .
1379 2513 1450 2542 Hinc
1466 2514 1492 2542 in
1518 2515 1572 2542 vita
1593 2515 1773 2545 Muchcmetis

980 2557 1061 2592 primi
1083 2558 1247 2587 seditionem
1264 2559 1389 2588 Turlacis
1415 2562 1542 2589 monachi
1562 2561 1683 2597 Turcit‘i,
1705 2564 1772 2592 etin

980 2603 1036 2630 vita
1052 2603 1183 2638 Bajaxitis
1209 2607 1334 2639 secundi,
1361 2607 1541 2635 Scuchoculis
1556 2610 1679 2637 cremitze
1709 2617 1774 2639 san-

980 2649 1098 2684 guinarii
1116 2658 1233 2686 pugnas,
1251 2658 1277 2680 ct
1294 2653 1396 2687 caedes,
1411 2659 1439 2681 et
1452 2656 1641 2691 grassationes
1671 2657 1769 2684 imma-

981 2704 1040 2729 nes,
1057 2697 1159 2731 quibus
1174 2698 1261 2726 multa
1285 2699 1371 2726 millia
1392 2701 1534 2729 hominum
1551 2702 1696 2737 absumpta
1710 2702 1771 2729 fue-

981 2746 1063 2775 runt;
1089 2748 1117 2770 et
1134 2743 1162 2770 in
1177 2743 1231 2771 vita
1258 2744 1380 2780 denique
1415 2746 1594 2780 Solcimanis,
1613 2748 1646 2775 ad
1666 2756 1770 2776 annum

978 2787 1168 2817 Christianum
1188 2790 1267 2824 1526,
1288 2791 1451 2820 Calenderis
1472 2794 1580 2822 chebis
1595 2799 1622 2822 et
1636 2794 1773 2822 Dervisla-

981 2835 1085 2863 riorum
1114 2841 1207 2864 mutus
1225 2846 1258 2865 ac
1285 2839 1377 2873 przrlia
1415 2840 1540 2875 legimus.
1561 2839 1618 2868 Hac
1647 2848 1714 2875 ergo
1740 2843 1774 2867 de
1791 2867 1802 2877 ί

980 2889 1066 2909 causa
1091 2881 1240 2912 Scrvianos
1286 2885 1348 2913 illos
1380 2884 1530 2915 fortissime
1569 2894 1619 2922 pro
1654 2886 1774 2922 Bujasits
