  <div class='ocr_page' id='page_1' title='image "/cluster/home/n/w/nwhite01/storage/ocr_20150623/159/njp.32101077773248/403.png"; bbox 0 0 1963 3067; ppageno 0'>
   <div class='ocr_carea' id='block_1_1' title="bbox 183 138 236 174">
    <p class='ocr_par' dir='ltr' id='par_1_1' title="bbox 183 138 236 174">
     <span class='ocr_line' id='line_1_1' title="bbox 183 138 236 174; baseline 0 -1"><span class='ocrx_word' id='word_1_1' title='bbox 183 138 236 174; x_wconf 73' lang='lat'><strong>783</strong></span> 
     </span>
    </p>
   </div>
   <div class='ocr_carea' id='block_1_2' title="bbox 780 128 1201 168">
    <p class='ocr_par' dir='ltr' id='par_1_2' title="bbox 780 128 1201 168">
     <span class='ocr_line' id='line_1_2' title="bbox 780 128 1201 168; baseline -0.007 -1"><span class='ocrx_word' id='word_1_2' title='bbox 780 131 946 168; x_wconf 75' lang='lat' dir='ltr'><strong>JOANNIS</strong></span> <span class='ocrx_word' id='word_1_3' title='bbox 968 128 1201 166; x_wconf 61' lang='lat' dir='ltr'><strong>LEUNCLAHI</strong></span> 
     </span>
    </p>
   </div>
   <div class='ocr_carea' id='block_1_3' title="bbox 1765 129 1815 167">
    <p class='ocr_par' dir='ltr' id='par_1_3' title="bbox 1765 129 1815 167">
     <span class='ocr_line' id='line_1_3' title="bbox 1765 129 1815 167; baseline 0 0"><span class='ocrx_word' id='word_1_4' title='bbox 1765 129 1815 167; x_wconf 62' lang='lat' dir='ltr'><strong>ut</strong></span> 
     </span>
    </p>
   </div>
   <div class='ocr_carea' id='block_1_4' title="bbox 183 193 1817 229">
    <p class='ocr_par' dir='ltr' id='par_1_4' title="bbox 183 193 1817 229">
     <span class='ocr_line' id='line_1_4' title="bbox 183 193 1817 229; baseline -0.006 0"><span class='ocrx_word' id='word_1_5' title='bbox 183 201 346 229; x_wconf 75' lang='lat' dir='ltr'><strong>dimicantes</strong></span> <span class='ocrx_word' id='word_1_6' title='bbox 373 199 447 226; x_wconf 65' lang='lat' dir='ltr'><strong>Bulci</strong></span> <span class='ocrx_word' id='word_1_7' title='bbox 473 198 585 229; x_wconf 84' lang='lat' dir='ltr'><strong>milites,</strong></span> <span class='ocrx_word' id='word_1_8' title='bbox 608 195 781 225; x_wconf 75' lang='lat' dir='ltr'><strong>truculentos</strong></span> <span class='ocrx_word' id='word_1_9' title='bbox 807 204 837 222; x_wconf 83' lang='lat' dir='ltr'><strong>ac</strong></span> <span class='ocrx_word' id='word_1_10' title='bbox 869 195 1009 225; x_wconf 72' lang='lat' dir='ltr'><strong>ft-rOCesA</strong></span> <span class='ocrx_word' id='word_1_11' title='bbox 1029 195 1219 224; x_wconf 77' lang='lat' dir='ltr'><strong>nominantur,</strong></span> <span class='ocrx_word' id='word_1_12' title='bbox 1251 197 1332 227; x_wconf 79' lang='lat' dir='ltr'><strong>caput</strong></span> <span class='ocrx_word' id='word_1_13' title='bbox 1362 196 1405 220; x_wconf 83' lang='lat' dir='ltr'><strong>est</strong></span> <span class='ocrx_word' id='word_1_14' title='bbox 1434 194 1500 220; x_wconf 78' lang='lat' dir='ltr'><strong>urbs</strong></span> <span class='ocrx_word' id='word_1_15' title='bbox 1531 193 1702 224; x_wconf 78' lang='lat' dir='ltr'><strong>Semen-ant,</strong></span> <span class='ocrx_word' id='word_1_16' title='bbox 1735 194 1817 221; x_wconf 77' lang='lat' dir='ltr'><strong>hodie</strong></span> 
     </span>
    </p>
   </div>
   <div class='ocr_carea' id='block_1_5' title="bbox 189 242 972 281">
    <p class='ocr_par' dir='ltr' id='par_1_5' title="bbox 189 242 972 281">
     <span class='ocr_line' id='line_1_5' title="bbox 189 242 972 281; baseline -0.01 -6"><span class='ocrx_word' id='word_1_17' title='bbox 189 247 328 275; x_wconf 83' lang='lat' dir='ltr'><strong>Dervisios</strong></span> <span class='ocrx_word' id='word_1_18' title='bbox 349 245 503 281; x_wconf 71' lang='lat' dir='ltr'><strong>appellabat</strong></span> <span class='ocrx_word' id='word_1_19' title='bbox 519 243 624 277; x_wconf 84' lang='lat' dir='ltr'><strong>’l‘etnir,</strong></span> <span class='ocrx_word' id='word_1_20' title='bbox 636 242 682 278; x_wconf 88' lang='lat' dir='ltr'><strong>qttl</strong></span> <span class='ocrx_word' id='word_1_21' title='bbox 696 248 726 270; x_wconf 80' lang='lat' dir='ltr'><strong>se</strong></span> <span class='ocrx_word' id='word_1_22' title='bbox 741 242 881 277; x_wconf 76' lang='lat' dir='ltr'><strong>vitantque</strong></span> <span class='ocrx_word' id='word_1_23' title='bbox 894 249 972 268; x_wconf 82' lang='lat' dir='ltr'><strong>suam</strong></span> 
     </span>
    </p>
   </div>
   <div class='ocr_carea' id='block_1_6' title="bbox 184 286 973 330">
    <p class='ocr_par' dir='ltr' id='par_1_6' title="bbox 184 286 973 330">
     <span class='ocr_line' id='line_1_6' title="bbox 184 286 973 330; baseline -0.01 -10"><span class='ocrx_word' id='word_1_24' title='bbox 184 302 235 330; x_wconf 86' lang='lat' dir='ltr'><strong>pro</strong></span> <span class='ocrx_word' id='word_1_25' title='bbox 249 294 337 322; x_wconf 77' lang='lat' dir='ltr'><strong>Salute</strong></span> <span class='ocrx_word' id='word_1_26' title='bbox 351 298 465 319; x_wconf 86' lang='lat' dir='ltr'><strong>suorum</strong></span> <span class='ocrx_word' id='word_1_27' title='bbox 498 290 620 317; x_wconf 84' lang='lat' dir='ltr'><strong>animose</strong></span> <span class='ocrx_word' id='word_1_28' title='bbox 648 288 836 315; x_wconf 76' lang='lat' dir='ltr'><strong>devovissent.</strong></span> <span class='ocrx_word' id='word_1_29' title='bbox 858 286 973 314; x_wconf 56' lang='lat' dir='ltr'><strong>Germaé</strong></span> 
     </span>
    </p>
   </div>
   <div class='ocr_carea' id='block_1_7' title="bbox 183 333 975 373">
    <p class='ocr_par' dir='ltr' id='par_1_7' title="bbox 183 333 975 373">
     <span class='ocr_line' id='line_1_7' title="bbox 183 333 975 373; baseline -0.013 -5"><span class='ocrx_word' id='word_1_30' title='bbox 183 349 249 369; x_wconf 86' lang='lat' dir='ltr'><strong>num</strong></span> <span class='ocrx_word' id='word_1_31' title='bbox 265 347 328 367; x_wconf 88' lang='lat' dir='ltr'><strong>vero</strong></span> <span class='ocrx_word' id='word_1_32' title='bbox 345 337 477 373; x_wconf 74' lang='lat' dir='ltr'><strong>Bajssitis</strong></span> <span class='ocrx_word' id='word_1_33' title='bbox 495 337 581 364; x_wconf 87' lang='lat' dir='ltr'><strong>ﬁlium</strong></span> <span class='ocrx_word' id='word_1_34' title='bbox 607 334 780 370; x_wconf 82' lang='lat' dir='ltr'><strong>Mustapltaut</strong></span> <span class='ocrx_word' id='word_1_35' title='bbox 809 334 860 360; x_wconf 88' lang='lat' dir='ltr'><strong>ltoc</strong></span> <span class='ocrx_word' id='word_1_36' title='bbox 880 333 975 368; x_wconf 75' lang='lat' dir='ltr'><strong>pra-lio</strong></span> 
     </span>
    </p>
   </div>
   <div class='ocr_carea' id='block_1_8' title="bbox 183 379 974 423">
    <p class='ocr_par' dir='ltr' id='par_1_8' title="bbox 183 379 974 423">
     <span class='ocr_line' id='line_1_8' title="bbox 183 379 974 423; baseline -0.011 -8"><span class='ocrx_word' id='word_1_37' title='bbox 183 388 300 423; x_wconf 86' lang='lat' dir='ltr'><strong>periisse</strong></span> <span class='ocrx_word' id='word_1_38' title='bbox 312 386 432 413; x_wconf 82' lang='lat' dir='ltr'><strong>diximus</strong></span> <span class='ocrx_word' id='word_1_39' title='bbox 447 391 480 411; x_wconf 82' lang='lat' dir='ltr'><strong>ex</strong></span> <span class='ocrx_word' id='word_1_40' title='bbox 503 383 555 410; x_wconf 87' lang='lat' dir='ltr'><strong>ﬁde</strong></span> <span class='ocrx_word' id='word_1_41' title='bbox 570 383 668 410; x_wconf 88' lang='lat' dir='ltr'><strong>ltorum</strong></span> <span class='ocrx_word' id='word_1_42' title='bbox 694 381 834 408; x_wconf 81' lang='lat' dir='ltr'><strong>annalium</strong></span> <span class='ocrx_word' id='word_1_43' title='bbox 858 379 974 406; x_wconf 77' lang='lat' dir='ltr'><strong>antehac</strong></span> 
     </span>
    </p>
   </div>
   <div class='ocr_carea' id='block_1_9' title="bbox 183 426 973 468">
    <p class='ocr_par' dir='ltr' id='par_1_9' title="bbox 183 426 973 468">
     <span class='ocr_line' id='line_1_9' title="bbox 183 426 973 468; baseline -0.014 -7"><span class='ocrx_word' id='word_1_44' title='bbox 183 433 339 468; x_wconf 70' lang='lat' dir='ltr'><strong>aliquoties,</strong></span> <span class='ocrx_word' id='word_1_45' title='bbox 360 432 442 465; x_wconf 79' lang='lat' dir='ltr'><strong>idque</strong></span> <span class='ocrx_word' id='word_1_46' title='bbox 459 430 523 457; x_wconf 84' lang='lat' dir='ltr'><strong>licel</strong></span> <span class='ocrx_word' id='word_1_47' title='bbox 549 429 675 456; x_wconf 82' lang='lat' dir='ltr'><strong>sultauus</strong></span> <span class='ocrx_word' id='word_1_48' title='bbox 707 426 892 454; x_wconf 81' lang='lat' dir='ltr'><strong>Muehemetes</strong></span> <span class='ocrx_word' id='word_1_49' title='bbox 918 426 973 460; x_wconf 90' lang='lat' dir='ltr'><strong>pri-</strong></span> 
     </span>
    </p>
   </div>
   <div class='ocr_carea' id='block_1_10' title="bbox 183 474 974 514">
    <p class='ocr_par' dir='ltr' id='par_1_10' title="bbox 183 474 974 514">
     <span class='ocr_line' id='line_1_10' title="bbox 183 474 974 514; baseline -0.015 -5"><span class='ocrx_word' id='word_1_50' title='bbox 183 489 256 513; x_wconf 78' lang='lat' dir='ltr'><strong>mus,</strong></span> <span class='ocrx_word' id='word_1_51' title='bbox 284 481 405 514; x_wconf 89' lang='lat' dir='ltr'><strong>itentque</strong></span> <span class='ocrx_word' id='word_1_52' title='bbox 419 474 540 505; x_wconf 70' lang='lat' dir='ltr'><strong>lliurates</strong></span> <span class='ocrx_word' id='word_1_53' title='bbox 562 474 701 503; x_wconf 86' lang='lat' dir='ltr'><strong>secundus</strong></span> <span class='ocrx_word' id='word_1_54' title='bbox 718 479 780 508; x_wconf 87' lang='lat' dir='ltr'><strong>post</strong></span> <span class='ocrx_word' id='word_1_55' title='bbox 793 477 910 500; x_wconf 87' lang='lat' dir='ltr'><strong>mortem</strong></span> <span class='ocrx_word' id='word_1_56' title='bbox 927 479 974 506; x_wconf 85' lang='lat' dir='ltr'><strong>pa-</strong></span> 
     </span>
    </p>
   </div>
   <div class='ocr_carea' id='block_1_11' title="bbox 183 521 974 561">
    <p class='ocr_par' dir='ltr' id='par_1_11' title="bbox 183 521 974 561">
     <span class='ocr_line' id='line_1_11' title="bbox 183 521 974 561; baseline -0.014 -6"><span class='ocrx_word' id='word_1_57' title='bbox 183 527 233 555; x_wconf 84' lang='lat' dir='ltr'><strong>tris</strong></span> <span class='ocrx_word' id='word_1_58' title='bbox 250 527 352 561; x_wconf 67' lang='lat' dir='ltr'><strong>saepius</strong></span> <span class='ocrx_word' id='word_1_59' title='bbox 365 532 458 553; x_wconf 85' lang='lat' dir='ltr'><strong>verum</strong></span> <span class='ocrx_word' id='word_1_60' title='bbox 474 531 535 552; x_wconf 88' lang='lat' dir='ltr'><strong>esse</strong></span> <span class='ocrx_word' id='word_1_61' title='bbox 551 525 771 558; x_wconf 84' lang='lat' dir='ltr'><strong>protestarentur</strong></span> <span class='ocrx_word' id='word_1_62' title='bbox 785 527 793 546; x_wconf 88' lang='lat'>:</span> <span class='ocrx_word' id='word_1_63' title='bbox 809 521 899 547; x_wconf 81' lang='lat' dir='ltr'><strong>tamen</strong></span> <span class='ocrx_word' id='word_1_64' title='bbox 928 526 974 545; x_wconf 92' lang='lat' dir='ltr'><strong>us-</strong></span> 
     </span>
    </p>
   </div>
   <div class='ocr_carea' id='block_1_12' title="bbox 182 566 974 608">
    <p class='ocr_par' dir='ltr' id='par_1_12' title="bbox 182 566 974 608">
     <span class='ocr_line' id='line_1_12' title="bbox 182 566 974 608; baseline -0.013 -7"><span class='ocrx_word' id='word_1_65' title='bbox 182 581 236 608; x_wconf 93' lang='lat' dir='ltr'><strong>que</strong></span> <span class='ocrx_word' id='word_1_66' title='bbox 262 574 331 600; x_wconf 79' lang='lat' dir='ltr'><strong>adeo</strong></span> <span class='ocrx_word' id='word_1_67' title='bbox 353 571 455 599; x_wconf 66' lang='lat' dir='ltr'><strong>Graecis</strong></span> <span class='ocrx_word' id='word_1_68' title='bbox 491 570 624 604; x_wconf 83' lang='lat' dir='ltr'><strong>impressa</strong></span> <span class='ocrx_word' id='word_1_69' title='bbox 657 568 690 595; x_wconf 91' lang='lat' dir='ltr'><strong>de</strong></span> <span class='ocrx_word' id='word_1_70' title='bbox 707 567 760 594; x_wconf 80' lang='lat' dir='ltr'><strong>hoc</strong></span> <span class='ocrx_word' id='word_1_71' title='bbox 783 566 894 593; x_wconf 86' lang='lat' dir='ltr'><strong>diversa</strong></span> <span class='ocrx_word' id='word_1_72' title='bbox 915 568 974 592; x_wconf 81' lang='lat' dir='ltr'><strong>erat</strong></span> 
     </span>
    </p>
   </div>
   <div class='ocr_carea' id='block_1_13' title="bbox 182 612 973 656">
    <p class='ocr_par' dir='ltr' id='par_1_13' title="bbox 182 612 973 656">
     <span class='ocr_line' id='line_1_13' title="bbox 182 612 973 656; baseline -0.013 -9"><span class='ocrx_word' id='word_1_73' title='bbox 182 620 287 656; x_wconf 84' lang='lat' dir='ltr'><strong>opinio,</strong></span> <span class='ocrx_word' id='word_1_74' title='bbox 301 617 474 652; x_wconf 85' lang='lat' dir='ltr'><strong>Mustapham</strong></span> <span class='ocrx_word' id='word_1_75' title='bbox 496 621 525 643; x_wconf 87' lang='lat' dir='ltr'><strong>ut</strong></span> <span class='ocrx_word' id='word_1_76' title='bbox 543 616 639 647; x_wconf 78' lang='lat' dir='ltr'><strong>alium,</strong></span> <span class='ocrx_word' id='word_1_77' title='bbox 659 622 708 649; x_wconf 89' lang='lat' dir='ltr'><strong>pro</strong></span> <span class='ocrx_word' id='word_1_78' title='bbox 732 612 853 648; x_wconf 84' lang='lat' dir='ltr'><strong>legitimo</strong></span> <span class='ocrx_word' id='word_1_79' title='bbox 868 619 897 639; x_wconf 87' lang='lat' dir='ltr'><strong>se</strong></span> <span class='ocrx_word' id='word_1_80' title='bbox 907 619 973 640; x_wconf 85' lang='lat' dir='ltr'><strong>vett-</strong></span> 
     </span>
    </p>
   </div>
   <div class='ocr_carea' id='block_1_14' title="bbox 183 659 971 697">
    <p class='ocr_par' dir='ltr' id='par_1_14' title="bbox 183 659 971 697">
     <span class='ocr_line' id='line_1_14' title="bbox 183 659 971 697; baseline -0.011 -5"><span class='ocrx_word' id='word_1_81' title='bbox 183 666 327 697; x_wconf 80' lang='lat' dir='ltr'><strong>ditantem,</strong></span> <span class='ocrx_word' id='word_1_82' title='bbox 348 665 437 692; x_wconf 79' lang='lat' dir='ltr'><strong>obviis</strong></span> <span class='ocrx_word' id='word_1_83' title='bbox 453 663 524 691; x_wconf 87' lang='lat' dir='ltr'><strong>ulnis</strong></span> <span class='ocrx_word' id='word_1_84' title='bbox 543 662 713 695; x_wconf 68' lang='lat' dir='ltr'><strong>exciperent,</strong></span> <span class='ocrx_word' id='word_1_85' title='bbox 728 664 756 687; x_wconf 76' lang='lat' dir='ltr'><strong>et</strong></span> <span class='ocrx_word' id='word_1_86' title='bbox 772 659 857 685; x_wconf 84' lang='lat' dir='ltr'><strong>armis</strong></span> <span class='ocrx_word' id='word_1_87' title='bbox 875 662 971 685; x_wconf 85' lang='lat' dir='ltr'><strong>contra</strong></span> 
     </span>
    </p>
   </div>
   <div class='ocr_carea' id='block_1_15' title="bbox 184 705 973 745">
    <p class='ocr_par' dir='ltr' id='par_1_15' title="bbox 184 705 973 745">
     <span class='ocr_line' id='line_1_15' title="bbox 184 705 973 745; baseline -0.013 -5"><span class='ocrx_word' id='word_1_88' title='bbox 184 712 318 740; x_wconf 81' lang='lat' dir='ltr'><strong>Mnratem</strong></span> <span class='ocrx_word' id='word_1_89' title='bbox 333 717 432 745; x_wconf 79' lang='lat' dir='ltr'><strong>magna</strong></span> <span class='ocrx_word' id='word_1_90' title='bbox 458 717 520 736; x_wconf 88' lang='lat' dir='ltr'><strong>cum</strong></span> <span class='ocrx_word' id='word_1_91' title='bbox 552 706 738 742; x_wconf 76' lang='lat' dir='ltr'><strong>imprudentia</strong></span> <span class='ocrx_word' id='word_1_92' title='bbox 773 705 899 738; x_wconf 85' lang='lat' dir='ltr'><strong>maloque</strong></span> <span class='ocrx_word' id='word_1_93' title='bbox 921 710 973 731; x_wconf 79' lang='lat' dir='ltr'><strong>suo</strong></span> 
     </span>
    </p>
   </div>
   <div class='ocr_carea' id='block_1_16' title="bbox 183 749 970 788">
    <p class='ocr_par' dir='ltr' id='par_1_16' title="bbox 183 749 970 788">
     <span class='ocr_line' id='line_1_16' title="bbox 183 749 970 788; baseline -0.015 -1"><span class='ocrx_word' id='word_1_94' title='bbox 183 763 350 787; x_wconf 78' lang='lat' dir='ltr'><strong>tuerentur:</strong></span> <span class='ocrx_word' id='word_1_95' title='bbox 371 756 502 784; x_wconf 74' lang='lat' dir='ltr'><strong>oﬂ‘erente</strong></span> <span class='ocrx_word' id='word_1_96' title='bbox 522 753 693 788; x_wconf 83' lang='lat' dir='ltr'><strong>amplissima</strong></span> <span class='ocrx_word' id='word_1_97' title='bbox 722 758 839 786; x_wconf 70' lang='lat' dir='ltr'><strong>quaeque</strong></span> <span class='ocrx_word' id='word_1_98' title='bbox 854 749 970 782; x_wconf 83' lang='lat' dir='ltr'><strong>lllnrate,</strong></span> 
     </span>
    </p>
   </div>
   <div class='ocr_carea' id='block_1_17' title="bbox 184 795 971 837">
    <p class='ocr_par' dir='ltr' id='par_1_17' title="bbox 184 795 971 837">
     <span class='ocr_line' id='line_1_17' title="bbox 184 795 971 837; baseline -0.015 -3"><span class='ocrx_word' id='word_1_99' title='bbox 184 805 265 834; x_wconf 76' lang='lat' dir='ltr'><strong>modo</strong></span> <span class='ocrx_word' id='word_1_100' title='bbox 283 803 409 832; x_wconf 75' lang='lat' dir='ltr'><strong>neutrius</strong></span> <span class='ocrx_word' id='word_1_101' title='bbox 429 810 443 829; x_wconf 87' lang='lat' dir='ltr'><strong>a</strong></span> <span class='ocrx_word' id='word_1_102' title='bbox 461 801 586 837; x_wconf 85' lang='lat' dir='ltr'><strong>partibus</strong></span> <span class='ocrx_word' id='word_1_103' title='bbox 600 803 715 831; x_wconf 76' lang='lat' dir='ltr'><strong>starent,</strong></span> <span class='ocrx_word' id='word_1_104' title='bbox 745 805 778 825; x_wconf 81' lang='lat' dir='ltr'><strong>ac</strong></span> <span class='ocrx_word' id='word_1_105' title='bbox 807 798 883 832; x_wconf 87' lang='lat' dir='ltr'><strong>ipsos</strong></span> <span class='ocrx_word' id='word_1_106' title='bbox 898 795 971 823; x_wconf 90' lang='lat' dir='ltr'><strong>inter</strong></span> 
     </span>
    </p>
   </div>
   <div class='ocr_carea' id='block_1_18' title="bbox 184 841 971 881">
    <p class='ocr_par' dir='ltr' id='par_1_18' title="bbox 184 841 971 881">
     <span class='ocr_line' id='line_1_18' title="bbox 184 841 971 881; baseline -0.014 -2"><span class='ocrx_word' id='word_1_107' title='bbox 184 859 215 879; x_wconf 85' lang='lat' dir='ltr'><strong>se</strong></span> <span class='ocrx_word' id='word_1_108' title='bbox 238 858 296 879; x_wconf 88' lang='lat' dir='ltr'><strong>rem</strong></span> <span class='ocrx_word' id='word_1_109' title='bbox 324 851 409 879; x_wconf 80' lang='lat' dir='ltr'><strong>armis</strong></span> <span class='ocrx_word' id='word_1_110' title='bbox 432 849 581 880; x_wconf 75' lang='lat' dir='ltr'><strong>decernere</strong></span> <span class='ocrx_word' id='word_1_111' title='bbox 601 850 778 881; x_wconf 77' lang='lat' dir='ltr'><strong>paterentur.</strong></span> <span class='ocrx_word' id='word_1_112' title='bbox 811 841 971 870; x_wconf 85' lang='lat' dir='ltr'><strong>Cousimilis</strong></span> 
     </span>
    </p>
   </div>
   <div class='ocr_carea' id='block_1_19' title="bbox 1026 239 1819 275">
    <p class='ocr_par' dir='ltr' id='par_1_19' title="bbox 1026 239 1819 275">
     <span class='ocr_line' id='line_1_19' title="bbox 1026 239 1819 275; baseline 0 -8"><span class='ocrx_word' id='word_1_113' title='bbox 1026 241 1158 268; x_wconf 80' lang='lat' dir='ltr'><strong>mercium</strong></span> <span class='ocrx_word' id='word_1_114' title='bbox 1184 239 1339 267; x_wconf 83' lang='lat' dir='ltr'><strong>ludicarum</strong></span> <span class='ocrx_word' id='word_1_115' title='bbox 1362 240 1487 275; x_wconf 87' lang='lat' dir='ltr'><strong>emporio</strong></span> <span class='ocrx_word' id='word_1_116' title='bbox 1504 239 1684 267; x_wconf 69' lang='lat' dir='ltr'><strong>celeberrimo</strong></span> <span class='ocrx_word' id='word_1_117' title='bbox 1699 244 1819 275; x_wconf 83' lang='lat' dir='ltr'><strong>septem-</strong></span> 
     </span>
    </p>
   </div>
   <div class='ocr_carea' id='block_1_20' title="bbox 1026 285 1817 321">
    <p class='ocr_par' dir='ltr' id='par_1_20' title="bbox 1026 285 1817 321">
     <span class='ocr_line' id='line_1_20' title="bbox 1026 285 1817 321; baseline 0 -7"><span class='ocrx_word' id='word_1_118' title='bbox 1026 287 1190 314; x_wconf 85' lang='lat' dir='ltr'><strong>trionalibus</strong></span> <span class='ocrx_word' id='word_1_119' title='bbox 1219 286 1303 313; x_wconf 84' lang='lat' dir='ltr'><strong>etiam</strong></span> <span class='ocrx_word' id='word_1_120' title='bbox 1336 290 1412 314; x_wconf 81' lang='lat' dir='ltr'><strong>nota.</strong></span> <span class='ocrx_word' id='word_1_121' title='bbox 1444 285 1633 314; x_wconf 77' lang='lat' dir='ltr'><strong>Sarmacanda</strong></span> <span class='ocrx_word' id='word_1_122' title='bbox 1652 286 1817 321; x_wconf 77' lang='lat' dir='ltr'><strong>plerumque</strong></span> 
     </span>
    </p>
   </div>
   <div class='ocr_carea' id='block_1_21' title="bbox 1025 331 1818 368">
    <p class='ocr_par' dir='ltr' id='par_1_21' title="bbox 1025 331 1818 368">
     <span class='ocr_line' id='line_1_21' title="bbox 1025 331 1818 368; baseline 0.001 -8"><span class='ocrx_word' id='word_1_123' title='bbox 1025 339 1149 366; x_wconf 79' lang='lat' dir='ltr'><strong>vneatur,</strong></span> <span class='ocrx_word' id='word_1_124' title='bbox 1158 333 1232 360; x_wconf 83' lang='lat' dir='ltr'><strong>edito</strong></span> <span class='ocrx_word' id='word_1_125' title='bbox 1255 332 1376 360; x_wconf 82' lang='lat' dir='ltr'><strong>Laonico</strong></span> <span class='ocrx_word' id='word_1_126' title='bbox 1398 331 1716 368; x_wconf 77' lang='lat' dir='ltr'><strong>Samracltanta,]litteris</strong></span> <span class='ocrx_word' id='word_1_127' title='bbox 1728 337 1818 361; x_wconf 54' lang='lat' dir='ltr'><strong>transi</strong></span> 
     </span>
    </p>
   </div>
   <div class='ocr_carea' id='block_1_22' title="bbox 1026 377 1818 415">
    <p class='ocr_par' dir='ltr' id='par_1_22' title="bbox 1026 377 1818 415">
     <span class='ocr_line' id='line_1_22' title="bbox 1026 377 1818 415; baseline 0.001 -8"><span class='ocrx_word' id='word_1_128' title='bbox 1026 380 1135 414; x_wconf 76' lang='lat' dir='ltr'><strong>positis.</strong></span> <span class='ocrx_word' id='word_1_129' title='bbox 1156 387 1207 414; x_wconf 75' lang='lat' dir='ltr'><strong>pro</strong></span> <span class='ocrx_word' id='word_1_130' title='bbox 1220 377 1430 406; x_wconf 78' lang='lat' dir='ltr'><strong>Samarehanta.</strong></span> <span class='ocrx_word' id='word_1_131' title='bbox 1445 379 1517 406; x_wconf 81' lang='lat' dir='ltr'><strong>Sunt</strong></span> <span class='ocrx_word' id='word_1_132' title='bbox 1533 380 1580 413; x_wconf 93' lang='lat' dir='ltr'><strong>qui</strong></span> <span class='ocrx_word' id='word_1_133' title='bbox 1598 379 1700 407; x_wconf 83' lang='lat' dir='ltr'><strong>dictam</strong></span> <span class='ocrx_word' id='word_1_134' title='bbox 1718 385 1818 415; x_wconf 80' lang='lat' dir='ltr'><strong>putant</strong></span> 
     </span>
    </p>
   </div>
   <div class='ocr_carea' id='block_1_23' title="bbox 1024 425 1816 460">
    <p class='ocr_par' dir='ltr' id='par_1_23' title="bbox 1024 425 1816 460">
     <span class='ocr_line' id='line_1_23' title="bbox 1024 425 1816 460; baseline 0.004 -8"><span class='ocrx_word' id='word_1_135' title='bbox 1024 434 1041 452; x_wconf 83' lang='lat' dir='ltr'><strong>a</strong></span> <span class='ocrx_word' id='word_1_136' title='bbox 1065 425 1140 458; x_wconf 82' lang='lat' dir='ltr'><strong>Sem,</strong></span> <span class='ocrx_word' id='word_1_137' title='bbox 1172 425 1255 452; x_wconf 78' lang='lat' dir='ltr'><strong>Nohat</strong></span> <span class='ocrx_word' id='word_1_138' title='bbox 1287 425 1352 457; x_wconf 86' lang='lat' dir='ltr'><strong>ﬁlio,</strong></span> <span class='ocrx_word' id='word_1_139' title='bbox 1383 432 1500 460; x_wconf 87' lang='lat' dir='ltr'><strong>quorum</strong></span> <span class='ocrx_word' id='word_1_140' title='bbox 1518 426 1641 459; x_wconf 83' lang='lat' dir='ltr'><strong>opinioni</strong></span> <span class='ocrx_word' id='word_1_141' title='bbox 1661 425 1816 455; x_wconf 83' lang='lat' dir='ltr'><strong>Turcorum</strong></span> 
     </span>
    </p>
   </div>
   <div class='ocr_carea' id='block_1_24' title="bbox 1024 471 1816 509">
    <p class='ocr_par' dir='ltr' id='par_1_24' title="bbox 1024 471 1816 509">
     <span class='ocr_line' id='line_1_24' title="bbox 1024 471 1816 509; baseline 0.001 -9"><span class='ocrx_word' id='word_1_142' title='bbox 1024 473 1216 509; x_wconf 69' lang='lat' dir='ltr'><strong>pronuntiatio</strong></span> <span class='ocrx_word' id='word_1_143' title='bbox 1241 471 1405 500; x_wconf 78' lang='lat' dir='ltr'><strong>Semercant</strong></span> <span class='ocrx_word' id='word_1_144' title='bbox 1428 472 1606 507; x_wconf 86' lang='lat' dir='ltr'><strong>astipulatur.</strong></span> <span class='ocrx_word' id='word_1_145' title='bbox 1625 472 1816 501; x_wconf 76' lang='lat' dir='ltr'><strong>Maracandam</strong></span> 
     </span>
    </p>
   </div>
   <div class='ocr_carea' id='block_1_25' title="bbox 1026 519 1815 554">
    <p class='ocr_par' dir='ltr' id='par_1_25' title="bbox 1026 519 1815 554">
     <span class='ocr_line' id='line_1_25' title="bbox 1026 519 1815 554; baseline -0.001 -7"><span class='ocrx_word' id='word_1_146' title='bbox 1026 520 1172 554; x_wconf 76' lang='lat' dir='ltr'><strong>Sogdianze</strong></span> <span class='ocrx_word' id='word_1_147' title='bbox 1189 519 1328 546; x_wconf 84' lang='lat' dir='ltr'><strong>veteribtts</strong></span> <span class='ocrx_word' id='word_1_148' title='bbox 1349 519 1512 553; x_wconf 82' lang='lat' dir='ltr'><strong>appellatam</strong></span> <span class='ocrx_word' id='word_1_149' title='bbox 1540 519 1705 546; x_wconf 67' lang='lat' dir='ltr'><strong>existimant</strong></span> <span class='ocrx_word' id='word_1_150' title='bbox 1720 519 1815 553; x_wconf 79' lang='lat' dir='ltr'><strong>aliqui.</strong></span> 
     </span>
    </p>
   </div>
   <div class='ocr_carea' id='block_1_26' title="bbox 1025 564 1819 600">
    <p class='ocr_par' dir='ltr' id='par_1_26' title="bbox 1025 564 1819 600">
     <span class='ocr_line' id='line_1_26' title="bbox 1025 564 1819 600; baseline -0.003 -6"><span class='ocrx_word' id='word_1_151' title='bbox 1025 567 1162 595; x_wconf 66' lang='lat' dir='ltr'><strong>Ceterum</strong></span> <span class='ocrx_word' id='word_1_152' title='bbox 1174 565 1332 600; x_wconf 50' lang='lat' dir='ltr'><strong>.Bajasitent</strong></span> <span class='ocrx_word' id='word_1_153' title='bbox 1345 572 1379 592; x_wconf 78' lang='lat' dir='ltr'><strong>ex</strong></span> <span class='ocrx_word' id='word_1_154' title='bbox 1390 565 1474 591; x_wconf 90' lang='lat' dir='ltr'><strong>animi</strong></span> <span class='ocrx_word' id='word_1_155' title='bbox 1486 564 1650 599; x_wconf 69' lang='lat' dir='ltr'><strong>aegritudine</strong></span> <span class='ocrx_word' id='word_1_156' title='bbox 1665 564 1819 599; x_wconf 66' lang='lat' dir='ltr'><strong>doloreque</strong></span> 
     </span>
    </p>
   </div>
   <div class='ocr_carea' id='block_1_27' title="bbox 1025 609 1818 644">
    <p class='ocr_par' dir='ltr' id='par_1_27' title="bbox 1025 609 1818 644">
     <span class='ocr_line' id='line_1_27' title="bbox 1025 609 1818 644; baseline 0.001 -8"><span class='ocrx_word' id='word_1_157' title='bbox 1025 615 1165 637; x_wconf 83' lang='lat' dir='ltr'><strong>mortuum</strong></span> <span class='ocrx_word' id='word_1_158' title='bbox 1199 610 1311 644; x_wconf 88' lang='lat' dir='ltr'><strong>scripsit</strong></span> <span class='ocrx_word' id='word_1_159' title='bbox 1343 609 1593 644; x_wconf 77' lang='lat' dir='ltr'><strong>Chaleocondyles,</strong></span> <span class='ocrx_word' id='word_1_160' title='bbox 1620 610 1663 636; x_wconf 88' lang='lat' dir='ltr'><strong>etti</strong></span> <span class='ocrx_word' id='word_1_161' title='bbox 1692 609 1818 637; x_wconf 67' lang='lat' dir='ltr'><strong>Turcictn</strong></span> 
     </span>
    </p>
   </div>
   <div class='ocr_carea' id='block_1_28' title="bbox 1025 653 1818 686">
    <p class='ocr_par' dir='ltr' id='par_1_28' title="bbox 1025 653 1818 686">
     <span class='ocr_line' id='line_1_28' title="bbox 1025 653 1818 686; baseline 0.003 -6"><span class='ocrx_word' id='word_1_162' title='bbox 1025 654 1200 681; x_wconf 78' lang='lat' dir='ltr'><strong>narrationes</strong></span> <span class='ocrx_word' id='word_1_163' title='bbox 1225 662 1280 681; x_wconf 89' lang='lat' dir='ltr'><strong>non</strong></span> <span class='ocrx_word' id='word_1_164' title='bbox 1310 653 1520 682; x_wconf 82' lang='lat' dir='ltr'><strong>adversantur:</strong></span> <span class='ocrx_word' id='word_1_165' title='bbox 1550 654 1598 682; x_wconf 80' lang='lat' dir='ltr'><strong>sed</strong></span> <span class='ocrx_word' id='word_1_166' title='bbox 1626 655 1741 686; x_wconf 86' lang='lat' dir='ltr'><strong>addunt.</strong></span> <span class='ocrx_word' id='word_1_167' title='bbox 1766 656 1818 682; x_wconf 83' lang='lat' dir='ltr'><strong>hoc</strong></span> 
     </span>
    </p>
   </div>
   <div class='ocr_carea' id='block_1_29' title="bbox 1025 700 1816 734">
    <p class='ocr_par' dir='ltr' id='par_1_29' title="bbox 1025 700 1816 734">
     <span class='ocr_line' id='line_1_29' title="bbox 1025 700 1816 734; baseline 0 -7"><span class='ocrx_word' id='word_1_168' title='bbox 1025 707 1143 727; x_wconf 73' lang='lat' dir='ltr'><strong>IIICBI&#39;OI‘e</strong></span> <span class='ocrx_word' id='word_1_169' title='bbox 1158 700 1235 727; x_wconf 89' lang='lat' dir='ltr'><strong>velut</strong></span> <span class='ocrx_word' id='word_1_170' title='bbox 1253 700 1287 727; x_wconf 86' lang='lat' dir='ltr'><strong>ad</strong></span> <span class='ocrx_word' id='word_1_171' title='bbox 1303 700 1526 734; x_wconf 80' lang='lat' dir='ltr'><strong>desperationem</strong></span> <span class='ocrx_word' id='word_1_172' title='bbox 1540 700 1680 733; x_wconf 80' lang='lat' dir='ltr'><strong>adactum,</strong></span> <span class='ocrx_word' id='word_1_173' title='bbox 1699 706 1816 731; x_wconf 79' lang='lat' dir='ltr'><strong>mortem</strong></span> 
     </span>
    </p>
   </div>
   <div class='ocr_carea' id='block_1_30' title="bbox 1024 746 1818 783">
    <p class='ocr_par' dir='ltr' id='par_1_30' title="bbox 1024 746 1818 783">
     <span class='ocr_line' id='line_1_30' title="bbox 1024 746 1818 783; baseline 0.003 -10"><span class='ocrx_word' id='word_1_174' title='bbox 1024 747 1135 774; x_wconf 83' lang='lat' dir='ltr'><strong>sibimet</strong></span> <span class='ocrx_word' id='word_1_175' title='bbox 1148 746 1201 781; x_wconf 82' lang='lat' dir='ltr'><strong>ipsi</strong></span> <span class='ocrx_word' id='word_1_176' title='bbox 1217 747 1399 774; x_wconf 73' lang='lat' dir='ltr'><strong>conscivisse.</strong></span> <span class='ocrx_word' id='word_1_177' title='bbox 1415 746 1492 780; x_wconf 84' lang='lat' dir='ltr'><strong>Quod</strong></span> <span class='ocrx_word' id='word_1_178' title='bbox 1507 746 1659 775; x_wconf 75' lang='lat' dir='ltr'><strong>dilucidius</strong></span> <span class='ocrx_word' id='word_1_179' title='bbox 1676 755 1818 783; x_wconf 79' lang='lat' dir='ltr'><strong>exponens</strong></span> 
     </span>
    </p>
   </div>
   <div class='ocr_carea' id='block_1_31' title="bbox 1025 791 1816 829">
    <p class='ocr_par' dir='ltr' id='par_1_31' title="bbox 1025 791 1816 829">
     <span class='ocr_line' id='line_1_31' title="bbox 1025 791 1816 829; baseline 0.005 -11"><span class='ocrx_word' id='word_1_180' title='bbox 1025 791 1186 821; x_wconf 85' lang='lat' dir='ltr'><strong>Theodorus</strong></span> <span class='ocrx_word' id='word_1_181' title='bbox 1196 793 1399 829; x_wconf 79' lang='lat' dir='ltr'><strong>Spanduginus.</strong></span> <span class='ocrx_word' id='word_1_182' title='bbox 1413 795 1451 821; x_wconf 84' lang='lat' dir='ltr'><strong>ait</strong></span> <span class='ocrx_word' id='word_1_183' title='bbox 1465 793 1624 829; x_wconf 76' lang='lat' dir='ltr'><strong>Bajazitem,</strong></span> <span class='ocrx_word' id='word_1_184' title='bbox 1645 802 1692 829; x_wconf 86' lang='lat' dir='ltr'><strong>spe</strong></span> <span class='ocrx_word' id='word_1_185' title='bbox 1708 795 1816 822; x_wconf 85' lang='lat' dir='ltr'><strong>liberta-</strong></span> 
     </span>
    </p>
   </div>
   <div class='ocr_carea' id='block_1_32' title="bbox 1026 838 1818 875">
    <p class='ocr_par' dir='ltr' id='par_1_32' title="bbox 1026 838 1818 875">
     <span class='ocr_line' id='line_1_32' title="bbox 1026 838 1818 875; baseline 0.005 -11"><span class='ocrx_word' id='word_1_186' title='bbox 1026 839 1060 865; x_wconf 82' lang='lat' dir='ltr'><strong>lis</strong></span> <span class='ocrx_word' id='word_1_187' title='bbox 1084 838 1198 870; x_wconf 84' lang='lat' dir='ltr'><strong>amissa,</strong></span> <span class='ocrx_word' id='word_1_188' title='bbox 1224 839 1404 867; x_wconf 87' lang='lat' dir='ltr'><strong>constituisse</strong></span> <span class='ocrx_word' id='word_1_189' title='bbox 1429 844 1491 868; x_wconf 87' lang='lat' dir='ltr'><strong>cum</strong></span> <span class='ocrx_word' id='word_1_190' title='bbox 1520 840 1612 868; x_wconf 71' lang='lat' dir='ltr'><strong>animo</strong></span> <span class='ocrx_word' id='word_1_191' title='bbox 1629 849 1678 868; x_wconf 92' lang='lat' dir='ltr'><strong>suo</strong></span> <span class='ocrx_word' id='word_1_192' title='bbox 1694 841 1818 875; x_wconf 76' lang='lat' dir='ltr'><strong>seipsum</strong></span> 
     </span>
    </p>
   </div>
   <div class='ocr_carea' id='block_1_33' title="bbox 184 882 1817 927">
    <p class='ocr_par' dir='ltr' id='par_1_33' title="bbox 184 882 1817 927">
     <span class='ocr_line' id='line_1_33' title="bbox 184 882 1817 927; baseline -0.01 -1"><span class='ocrx_word' id='word_1_193' title='bbox 184 899 250 926; x_wconf 77' lang='lat' dir='ltr'><strong>huic</strong></span> <span class='ocrx_word' id='word_1_194' title='bbox 265 885 424 925; x_wconf 65' lang='lat' dir='ltr'><strong>Graecorum</strong></span> <span class='ocrx_word' id='word_1_195' title='bbox 439 900 482 922; x_wconf 83' lang='lat' dir='ltr'><strong>est</strong></span> <span class='ocrx_word' id='word_1_196' title='bbox 498 900 576 921; x_wconf 89' lang='lat' dir='ltr'><strong>error</strong></span> <span class='ocrx_word' id='word_1_197' title='bbox 593 892 627 919; x_wconf 84' lang='lat' dir='ltr'><strong>de</strong></span> <span class='ocrx_word' id='word_1_198' title='bbox 647 890 777 927; x_wconf 77' lang='lat' dir='ltr'><strong>Bajaaitis</strong></span> <span class='ocrx_word' id='word_1_199' title='bbox 795 890 864 921; x_wconf 77' lang='lat' dir='ltr'><strong>ﬁlio.</strong></span> <span class='ocrx_word' id='word_1_200' title='bbox 893 896 973 924; x_wconf 84' lang='lat' dir='ltr'><strong>quem</strong></span> <span class='ocrx_word' id='word_1_201' title='bbox 990 882 1012 916; x_wconf 78' lang='grc' dir='ltr'><strong>Β</strong></span> <span class='ocrx_word' id='word_1_202' title='bbox 1026 884 1165 912; x_wconf 85' lang='lat' dir='ltr'><strong>occidere.</strong></span> <span class='ocrx_word' id='word_1_203' title='bbox 1190 885 1245 912; x_wconf 85' lang='lat' dir='ltr'><strong>Sed</strong></span> <span class='ocrx_word' id='word_1_204' title='bbox 1278 893 1340 912; x_wconf 86' lang='lat' dir='ltr'><strong>cum</strong></span> <span class='ocrx_word' id='word_1_205' title='bbox 1374 886 1480 913; x_wconf 90' lang='lat' dir='ltr'><strong>nullum</strong></span> <span class='ocrx_word' id='word_1_206' title='bbox 1512 887 1573 922; x_wconf 84' lang='lat' dir='ltr'><strong>ejus</strong></span> <span class='ocrx_word' id='word_1_207' title='bbox 1592 888 1755 922; x_wconf 72' lang='lat' dir='ltr'><strong>peragendae</strong></span> <span class='ocrx_word' id='word_1_208' title='bbox 1778 888 1817 914; x_wconf 70' lang='lat' dir='ltr'><strong>ni</strong></span> 
     </span>
    </p>
   </div>
   <div class='ocr_carea' id='block_1_34' title="bbox 185 935 971 980">
    <p class='ocr_par' dir='ltr' id='par_1_34' title="bbox 185 935 971 980">
     <span class='ocr_line' id='line_1_34' title="bbox 185 935 971 980; baseline -0.013 -7"><span class='ocrx_word' id='word_1_209' title='bbox 185 946 278 973; x_wconf 84' lang='lat' dir='ltr'><strong>ﬁdium</strong></span> <span class='ocrx_word' id='word_1_210' title='bbox 293 945 344 980; x_wconf 66' lang='lat' dir='ltr'><strong>(sic</strong></span> <span class='ocrx_word' id='word_1_211' title='bbox 359 943 433 971; x_wconf 87' lang='lat' dir='ltr'><strong>enim</strong></span> <span class='ocrx_word' id='word_1_212' title='bbox 452 941 571 969; x_wconf 84' lang='lat' dir='ltr'><strong>chordas</strong></span> <span class='ocrx_word' id='word_1_213' title='bbox 589 940 723 974; x_wconf 78' lang='lat' dir='ltr'><strong>interpres</strong></span> <span class='ocrx_word' id='word_1_214' title='bbox 738 937 867 971; x_wconf 83' lang='lat' dir='ltr'><strong>reddidit)</strong></span> <span class='ocrx_word' id='word_1_215' title='bbox 878 935 971 971; x_wconf 76' lang='lat' dir='ltr'><strong>opiiea</strong></span> 
     </span>
    </p>
   </div>
   <div class='ocr_carea' id='block_1_35' title="bbox 184 984 973 1022">
    <p class='ocr_par' dir='ltr' id='par_1_35' title="bbox 184 984 973 1022">
     <span class='ocr_line' id='line_1_35' title="bbox 184 984 973 1022; baseline -0.013 -3"><span class='ocrx_word' id='word_1_216' title='bbox 184 992 313 1019; x_wconf 63' lang='lat' dir='ltr'><strong>Pruswus</strong></span> <span class='ocrx_word' id='word_1_217' title='bbox 342 989 507 1017; x_wconf 79' lang='lat' dir='ltr'><strong>incolumem</strong></span> <span class='ocrx_word' id='word_1_218' title='bbox 525 986 686 1022; x_wconf 74' lang='lat' dir='ltr'><strong>Byzantium</strong></span> <span class='ocrx_word' id='word_1_219' title='bbox 709 984 869 1019; x_wconf 79' lang='lat' dir='ltr'><strong>perduxerit</strong></span> <span class='ocrx_word' id='word_1_220' title='bbox 886 993 892 1010; x_wconf 90' lang='lat'>:</span> <span class='ocrx_word' id='word_1_221' title='bbox 911 989 973 1009; x_wconf 80' lang='lat' dir='ltr'><strong>cum</strong></span> 
     </span>
    </p>
   </div>
   <div class='ocr_carea' id='block_1_36' title="bbox 184 1027 973 1066">
    <p class='ocr_par' dir='ltr' id='par_1_36' title="bbox 184 1027 973 1066">
     <span class='ocr_line' id='line_1_36' title="bbox 184 1027 973 1066; baseline -0.015 -1"><span class='ocrx_word' id='word_1_222' title='bbox 184 1043 275 1066; x_wconf 75' lang='lat' dir='ltr'><strong>tamen</strong></span> <span class='ocrx_word' id='word_1_223' title='bbox 295 1037 367 1064; x_wconf 86' lang='lat' dir='ltr'><strong>nulla</strong></span> <span class='ocrx_word' id='word_1_224' title='bbox 378 1035 424 1062; x_wconf 83' lang='lat' dir='ltr'><strong>ﬁat</strong></span> <span class='ocrx_word' id='word_1_225' title='bbox 442 1034 469 1062; x_wconf 91' lang='lat' dir='ltr'><strong>in</strong></span> <span class='ocrx_word' id='word_1_226' title='bbox 483 1032 629 1061; x_wconf 79' lang='lat' dir='ltr'><strong>annalibus</strong></span> <span class='ocrx_word' id='word_1_227' title='bbox 638 1031 696 1059; x_wconf 89' lang='lat' dir='ltr'><strong>Alis</strong></span> <span class='ocrx_word' id='word_1_228' title='bbox 711 1030 874 1064; x_wconf 76' lang='lat' dir='ltr'><strong>cuiuspiam.</strong></span> <span class='ocrx_word' id='word_1_229' title='bbox 891 1027 973 1062; x_wconf 85' lang='lat' dir='ltr'><strong>Baja-</strong></span> 
     </span>
    </p>
   </div>
   <div class='ocr_carea' id='block_1_37' title="bbox 186 1074 971 1115">
    <p class='ocr_par' dir='ltr' id='par_1_37' title="bbox 186 1074 971 1115">
     <span class='ocr_line' id='line_1_37' title="bbox 186 1074 971 1115; baseline -0.015 -4"><span class='ocrx_word' id='word_1_230' title='bbox 186 1084 248 1112; x_wconf 75' lang='lat' dir='ltr'><strong>zitis</strong></span> <span class='ocrx_word' id='word_1_231' title='bbox 263 1083 323 1115; x_wconf 86' lang='lat' dir='ltr'><strong>ﬁlii,</strong></span> <span class='ocrx_word' id='word_1_232' title='bbox 342 1081 466 1113; x_wconf 83' lang='lat' dir='ltr'><strong>mentio;</strong></span> <span class='ocrx_word' id='word_1_233' title='bbox 493 1087 543 1106; x_wconf 85' lang='lat' dir='ltr'><strong>nec</strong></span> <span class='ocrx_word' id='word_1_234' title='bbox 567 1078 601 1106; x_wconf 86' lang='lat' dir='ltr'><strong>ab</strong></span> <span class='ocrx_word' id='word_1_235' title='bbox 617 1078 678 1112; x_wconf 87' lang='lat' dir='ltr'><strong>ipso</strong></span> <span class='ocrx_word' id='word_1_236' title='bbox 706 1076 818 1111; x_wconf 86' lang='lat' dir='ltr'><strong>quidem</strong></span> <span class='ocrx_word' id='word_1_237' title='bbox 840 1074 971 1106; x_wconf 77' lang='lat' dir='ltr'><strong>Laonicn,</strong></span> 
     </span>
    </p>
   </div>
   <div class='ocr_carea' id='block_1_38' title="bbox 183 1119 970 1161">
    <p class='ocr_par' dir='ltr' id='par_1_38' title="bbox 183 1119 970 1161">
     <span class='ocr_line' id='line_1_38' title="bbox 183 1119 970 1161; baseline -0.015 -4"><span class='ocrx_word' id='word_1_238' title='bbox 183 1138 246 1157; x_wconf 82' lang='lat' dir='ltr'><strong>cum</strong></span> <span class='ocrx_word' id='word_1_239' title='bbox 258 1129 322 1157; x_wconf 84' lang='lat' dir='ltr'><strong>alibi</strong></span> <span class='ocrx_word' id='word_1_240' title='bbox 332 1126 460 1161; x_wconf 81' lang='lat' dir='ltr'><strong>Bajazitis</strong></span> <span class='ocrx_word' id='word_1_241' title='bbox 473 1125 542 1152; x_wconf 90' lang='lat' dir='ltr'><strong>ﬁlios</strong></span> <span class='ocrx_word' id='word_1_242' title='bbox 554 1129 689 1151; x_wconf 81' lang='lat' dir='ltr'><strong>recenset.</strong></span> <span class='ocrx_word' id='word_1_243' title='bbox 701 1121 858 1148; x_wconf 88' lang='lat' dir='ltr'><strong>Notandum</strong></span> <span class='ocrx_word' id='word_1_244' title='bbox 875 1119 970 1154; x_wconf 80' lang='lat' dir='ltr'><strong>magis,</strong></span> 
     </span>
    </p>
   </div>
   <div class='ocr_carea' id='block_1_39' title="bbox 183 1165 973 1210">
    <p class='ocr_par' dir='ltr' id='par_1_39' title="bbox 183 1165 973 1210">
     <span class='ocr_line' id='line_1_39' title="bbox 183 1165 973 1210; baseline -0.014 -7"><span class='ocrx_word' id='word_1_245' title='bbox 183 1178 257 1210; x_wconf 77' lang='lat' dir='ltr'><strong>quod</strong></span> <span class='ocrx_word' id='word_1_246' title='bbox 274 1175 356 1202; x_wconf 86' lang='lat' dir='ltr'><strong>etiam</strong></span> <span class='ocrx_word' id='word_1_247' title='bbox 383 1172 556 1200; x_wconf 81' lang='lat' dir='ltr'><strong>Musulmane</strong></span> <span class='ocrx_word' id='word_1_248' title='bbox 582 1172 715 1205; x_wconf 82' lang='lat' dir='ltr'><strong>regnante</strong></span> <span class='ocrx_word' id='word_1_249' title='bbox 743 1171 871 1194; x_wconf 87' lang='lat' dir='ltr'><strong>narrata</strong></span> <span class='ocrx_word' id='word_1_250' title='bbox 896 1165 973 1193; x_wconf 85' lang='lat' dir='ltr'><strong>Mose</strong></span> 
     </span>
    </p>
   </div>
   <div class='ocr_carea' id='block_1_40' title="bbox 183 1212 972 1256">
    <p class='ocr_par' dir='ltr' id='par_1_40' title="bbox 183 1212 972 1256">
     <span class='ocr_line' id='line_1_40' title="bbox 183 1212 972 1256; baseline -0.014 -7"><span class='ocrx_word' id='word_1_251' title='bbox 183 1217 304 1256; x_wconf 65' lang='lat' dir='ltr'><strong>lesuque</strong></span> <span class='ocrx_word' id='word_1_252' title='bbox 332 1218 466 1247; x_wconf 83' lang='lat' dir='ltr'><strong>fratribus</strong></span> <span class='ocrx_word' id='word_1_253' title='bbox 483 1217 653 1244; x_wconf 78' lang='lat' dir='ltr'><strong>occultatum</strong></span> <span class='ocrx_word' id='word_1_254' title='bbox 676 1214 762 1242; x_wconf 81' lang='lat' dir='ltr'><strong>fuisse</strong></span> <span class='ocrx_word' id='word_1_255' title='bbox 786 1212 880 1240; x_wconf 77' lang='lat' dir='ltr'><strong>Prusa:</strong></span> <span class='ocrx_word' id='word_1_256' title='bbox 906 1219 972 1246; x_wconf 88' lang='lat' dir='ltr'><strong>pue-</strong></span> 
     </span>
    </p>
   </div>
   <div class='ocr_carea' id='block_1_41' title="bbox 185 1258 972 1297">
    <p class='ocr_par' dir='ltr' id='par_1_41' title="bbox 185 1258 972 1297">
     <span class='ocr_line' id='line_1_41' title="bbox 185 1258 972 1297; baseline -0.014 -2"><span class='ocrx_word' id='word_1_257' title='bbox 185 1276 244 1295; x_wconf 91' lang='lat' dir='ltr'><strong>rum</strong></span> <span class='ocrx_word' id='word_1_258' title='bbox 277 1266 476 1294; x_wconf 82' lang='lat' dir='ltr'><strong>Muchemetem</strong></span> <span class='ocrx_word' id='word_1_259' title='bbox 504 1262 575 1297; x_wconf 77' lang='lat' dir='ltr'><strong>apud</strong></span> <span class='ocrx_word' id='word_1_260' title='bbox 605 1261 682 1287; x_wconf 93' lang='lat' dir='ltr'><strong>illum</strong></span> <span class='ocrx_word' id='word_1_261' title='bbox 710 1260 801 1294; x_wconf 89' lang='lat' dir='ltr'><strong>ipsuttt</strong></span> <span class='ocrx_word' id='word_1_262' title='bbox 845 1258 972 1292; x_wconf 85' lang='lat' dir='ltr'><strong>opiﬁcem</strong></span> 
     </span>
    </p>
   </div>
   <div class='ocr_carea' id='block_1_42' title="bbox 183 1304 970 1344">
    <p class='ocr_par' dir='ltr' id='par_1_42' title="bbox 183 1304 970 1344">
     <span class='ocr_line' id='line_1_42' title="bbox 183 1304 970 1344; baseline -0.013 -4"><span class='ocrx_word' id='word_1_263' title='bbox 183 1313 350 1341; x_wconf 88' lang='lat' dir='ltr'><strong>chordarunt</strong></span> <span class='ocrx_word' id='word_1_264' title='bbox 370 1331 376 1341; x_wconf 84' lang='lat'><strong>.</strong></span> <span class='ocrx_word' id='word_1_265' title='bbox 403 1317 417 1336; x_wconf 86' lang='lat' dir='ltr'><strong>a</strong></span> <span class='ocrx_word' id='word_1_266' title='bbox 446 1316 500 1344; x_wconf 91' lang='lat' dir='ltr'><strong>quo</strong></span> <span class='ocrx_word' id='word_1_267' title='bbox 521 1307 706 1334; x_wconf 69' lang='lat' dir='ltr'><strong>hiucltemetes</strong></span> <span class='ocrx_word' id='word_1_268' title='bbox 749 1307 801 1332; x_wconf 79' lang='lat' dir='ltr'><strong>huc</strong></span> <span class='ocrx_word' id='word_1_269' title='bbox 830 1304 970 1339; x_wconf 80' lang='lat' dir='ltr'><strong>opiﬁcium</strong></span> 
     </span>
    </p>
   </div>
   <div class='ocr_carea' id='block_1_43' title="bbox 183 1350 972 1387">
    <p class='ocr_par' dir='ltr' id='par_1_43' title="bbox 183 1350 972 1387">
     <span class='ocr_line' id='line_1_43' title="bbox 183 1350 972 1387; baseline -0.015 0"><span class='ocrx_word' id='word_1_270' title='bbox 183 1358 321 1387; x_wconf 82' lang='lat' dir='ltr'><strong>didicerit.</strong></span> <span class='ocrx_word' id='word_1_271' title='bbox 360 1356 393 1383; x_wconf 81' lang='lat' dir='ltr'><strong>Et</strong></span> <span class='ocrx_word' id='word_1_272' title='bbox 423 1356 526 1382; x_wconf 78' lang='lat' dir='ltr'><strong>factum</strong></span> <span class='ocrx_word' id='word_1_273' title='bbox 551 1353 578 1380; x_wconf 93' lang='lat' dir='ltr'><strong>id</strong></span> <span class='ocrx_word' id='word_1_274' title='bbox 609 1352 717 1380; x_wconf 85' lang='lat' dir='ltr'><strong>scilicet</strong></span> <span class='ocrx_word' id='word_1_275' title='bbox 740 1356 755 1378; x_wconf 85' lang='lat' dir='ltr'><strong>a</strong></span> <span class='ocrx_word' id='word_1_276' title='bbox 781 1350 854 1377; x_wconf 81' lang='lat' dir='ltr'><strong>lllose</strong></span> <span class='ocrx_word' id='word_1_277' title='bbox 871 1371 878 1383; x_wconf 85' lang='grc'><em>,</em></span> <span class='ocrx_word' id='word_1_278' title='bbox 914 1358 972 1377; x_wconf 86' lang='lat' dir='ltr'><strong>om-</strong></span> 
     </span>
    </p>
   </div>
   <div class='ocr_carea' id='block_1_44' title="bbox 183 1398 970 1434">
    <p class='ocr_par' dir='ltr' id='par_1_44' title="bbox 183 1398 970 1434">
     <span class='ocr_line' id='line_1_44' title="bbox 183 1398 970 1434; baseline -0.01 -2"><span class='ocrx_word' id='word_1_279' title='bbox 183 1405 259 1432; x_wconf 85' lang='lat' dir='ltr'><strong>nium</strong></span> <span class='ocrx_word' id='word_1_280' title='bbox 295 1401 509 1434; x_wconf 82' lang='lat' dir='ltr'><strong>crudelissimo,</strong></span> <span class='ocrx_word' id='word_1_281' title='bbox 555 1399 598 1426; x_wconf 85' lang='lat' dir='ltr'><strong>vel</strong></span> <span class='ocrx_word' id='word_1_282' title='bbox 623 1398 684 1434; x_wconf 88' lang='lat' dir='ltr'><strong>ipso</strong></span> <span class='ocrx_word' id='word_1_283' title='bbox 716 1398 834 1425; x_wconf 78' lang='lat' dir='ltr'><strong>Laonieo</strong></span> <span class='ocrx_word' id='word_1_284' title='bbox 869 1402 941 1424; x_wconf 83' lang='lat' dir='ltr'><strong>teste</strong></span> <span class='ocrx_word' id='word_1_285' title='bbox 962 1418 970 1430; x_wconf 87' lang='lat'><strong>,</strong></span> 
     </span>
    </p>
   </div>
   <div class='ocr_carea' id='block_1_45' title="bbox 184 1443 974 1481">
    <p class='ocr_par' dir='ltr' id='par_1_45' title="bbox 184 1443 974 1481">
     <span class='ocr_line' id='line_1_45' title="bbox 184 1443 974 1481; baseline -0.011 -3"><span class='ocrx_word' id='word_1_286' title='bbox 184 1458 219 1478; x_wconf 86' lang='lat' dir='ltr'><strong>ne</strong></span> <span class='ocrx_word' id='word_1_287' title='bbox 241 1451 275 1477; x_wconf 83' lang='lat' dir='ltr'><strong>ab</strong></span> <span class='ocrx_word' id='word_1_288' title='bbox 292 1450 355 1477; x_wconf 84' lang='lat' dir='ltr'><strong>aliis</strong></span> <span class='ocrx_word' id='word_1_289' title='bbox 371 1449 474 1476; x_wconf 74' lang='lat' dir='ltr'><strong>chorus</strong></span> <span class='ocrx_word' id='word_1_290' title='bbox 493 1447 543 1474; x_wconf 86' lang='lat' dir='ltr'><strong>sibi</strong></span> <span class='ocrx_word' id='word_1_291' title='bbox 570 1453 638 1481; x_wconf 83' lang='lat' dir='ltr'><strong>puer</strong></span> <span class='ocrx_word' id='word_1_292' title='bbox 652 1444 833 1472; x_wconf 84' lang='lat' dir='ltr'><strong>occideretur.</strong></span> <span class='ocrx_word' id='word_1_293' title='bbox 864 1443 974 1470; x_wconf 74' lang='lat' dir='ltr'><strong>Muelle-</strong></span> 
     </span>
    </p>
   </div>
   <div class='ocr_carea' id='block_1_46' title="bbox 184 1489 972 1529">
    <p class='ocr_par' dir='ltr' id='par_1_46' title="bbox 184 1489 972 1529">
     <span class='ocr_line' id='line_1_46' title="bbox 184 1489 972 1529; baseline -0.013 -3"><span class='ocrx_word' id='word_1_294' title='bbox 184 1502 284 1526; x_wconf 84' lang='lat' dir='ltr'><strong>tnetetn</strong></span> <span class='ocrx_word' id='word_1_295' title='bbox 316 1502 382 1523; x_wconf 76' lang='lat' dir='ltr'><strong>Vero</strong></span> <span class='ocrx_word' id='word_1_296' title='bbox 417 1494 471 1529; x_wconf 72' lang='lat' dir='ltr'><strong>iam</strong></span> <span class='ocrx_word' id='word_1_297' title='bbox 515 1491 741 1527; x_wconf 78' lang='lat' dir='ltr'><strong>graudiusculum</strong></span> <span class='ocrx_word' id='word_1_298' title='bbox 786 1490 848 1517; x_wconf 88' lang='lat' dir='ltr'><strong>inde</strong></span> <span class='ocrx_word' id='word_1_299' title='bbox 877 1489 972 1525; x_wconf 78' lang='lat' dir='ltr'><strong>prolu-</strong></span> 
     </span>
    </p>
   </div>
   <div class='ocr_carea' id='block_1_47' title="bbox 183 1542 314 1579">
    <p class='ocr_par' dir='ltr' id='par_1_47' title="bbox 183 1542 314 1579">
     <span class='ocr_line' id='line_1_47' title="bbox 183 1542 314 1579; baseline -0.008 -10"><span class='ocrx_word' id='word_1_300' title='bbox 183 1544 256 1579; x_wconf 80' lang='lat' dir='ltr'><strong>gisse</strong></span> <span class='ocrx_word' id='word_1_301' title='bbox 281 1542 314 1568; x_wconf 77' lang='lat' dir='ltr'><strong>ad</strong></span> 
     </span>
    </p>
   </div>
   <div class='ocr_carea' id='block_1_48' title="bbox 183 1581 976 1618">
    <p class='ocr_par' dir='ltr' id='par_1_48' title="bbox 183 1581 976 1618">
     <span class='ocr_line' id='line_1_48' title="bbox 183 1581 976 1618; baseline -0.011 -1"><span class='ocrx_word' id='word_1_302' title='bbox 183 1588 318 1618; x_wconf 83' lang='lat' dir='ltr'><strong>servatori</strong></span> <span class='ocrx_word' id='word_1_303' title='bbox 345 1594 396 1614; x_wconf 91' lang='lat' dir='ltr'><strong>suo</strong></span> <span class='ocrx_word' id='word_1_304' title='bbox 420 1585 486 1612; x_wconf 76' lang='lat' dir='ltr'><strong>Mosi</strong></span> <span class='ocrx_word' id='word_1_305' title='bbox 516 1585 617 1612; x_wconf 82' lang='lat' dir='ltr'><strong>bellum</strong></span> <span class='ocrx_word' id='word_1_306' title='bbox 652 1583 775 1610; x_wconf 85' lang='lat' dir='ltr'><strong>intulerit</strong></span> <span class='ocrx_word' id='word_1_307' title='bbox 811 1591 819 1610; x_wconf 90' lang='lat'><strong>:</strong></span> <span class='ocrx_word' id='word_1_308' title='bbox 859 1581 906 1609; x_wconf 85' lang='lat' dir='ltr'><strong>sed</strong></span> <span class='ocrx_word' id='word_1_309' title='bbox 932 1582 976 1609; x_wconf 59' lang='lat' dir='ltr'><strong>vi.</strong></span> 
     </span>
    </p>
   </div>
   <div class='ocr_carea' id='block_1_49' title="bbox 183 1629 977 1668">
    <p class='ocr_par' dir='ltr' id='par_1_49' title="bbox 183 1629 977 1668">
     <span class='ocr_line' id='line_1_49' title="bbox 183 1629 977 1668; baseline -0.006 -6"><span class='ocrx_word' id='word_1_310' title='bbox 183 1640 258 1662; x_wconf 83' lang='lat' dir='ltr'><strong>ctum</strong></span> <span class='ocrx_word' id='word_1_311' title='bbox 276 1633 356 1668; x_wconf 60' lang='grc'><strong>427</strong></span> <span class='ocrx_word' id='word_1_312' title='bbox 372 1632 530 1666; x_wconf 73' lang='lat' dir='ltr'><strong>confugisse</strong></span> <span class='ocrx_word' id='word_1_313' title='bbox 541 1631 573 1657; x_wconf 90' lang='lat' dir='ltr'><strong>ad</strong></span> <span class='ocrx_word' id='word_1_314' title='bbox 583 1630 654 1657; x_wconf 79' lang='lat' dir='ltr'><strong>Alim</strong></span> <span class='ocrx_word' id='word_1_315' title='bbox 671 1630 796 1662; x_wconf 74' lang='lat' dir='ltr'><strong>fratrem.</strong></span> <span class='ocrx_word' id='word_1_316' title='bbox 807 1629 930 1656; x_wconf 64' lang='lat' dir='ltr'><strong>exsulem</strong></span> <span class='ocrx_word' id='word_1_317' title='bbox 945 1634 977 1657; x_wconf 84' lang='lat' dir='ltr'><strong>ae</strong></span> 
     </span>
    </p>
   </div>
   <div class='ocr_carea' id='block_1_50' title="bbox 185 1675 975 1715">
    <p class='ocr_par' dir='ltr' id='par_1_50' title="bbox 185 1675 975 1715">
     <span class='ocr_line' id='line_1_50' title="bbox 185 1675 975 1715; baseline -0.008 -7"><span class='ocrx_word' id='word_1_318' title='bbox 185 1683 307 1715; x_wconf 82' lang='lat' dir='ltr'><strong>inopem.</strong></span> <span class='ocrx_word' id='word_1_319' title='bbox 318 1684 345 1706; x_wconf 84' lang='lat' dir='ltr'><strong>et</strong></span> <span class='ocrx_word' id='word_1_320' title='bbox 356 1678 463 1713; x_wconf 81' lang='lat' dir='ltr'><strong>quidem</strong></span> <span class='ocrx_word' id='word_1_321' title='bbox 475 1675 743 1710; x_wconf 77' lang='lat' dir='ltr'><strong>Constantinopolim</strong></span> <span class='ocrx_word' id='word_1_322' title='bbox 759 1683 765 1701; x_wconf 88' lang='lat'><strong>:</strong></span> <span class='ocrx_word' id='word_1_323' title='bbox 779 1675 824 1702; x_wconf 92' lang='lat' dir='ltr'><strong>ubi</strong></span> <span class='ocrx_word' id='word_1_324' title='bbox 848 1675 975 1703; x_wconf 89' lang='lat' dir='ltr'><strong>nonnihil</strong></span> 
     </span>
    </p>
   </div>
   <div class='ocr_carea' id='block_1_51' title="bbox 183 1721 976 1762">
    <p class='ocr_par' dir='ltr' id='par_1_51' title="bbox 183 1721 976 1762">
     <span class='ocr_line' id='line_1_51' title="bbox 183 1721 976 1762; baseline -0.006 -8"><span class='ocrx_word' id='word_1_325' title='bbox 183 1725 370 1762; x_wconf 77' lang='lat' dir='ltr'><strong>respiraverit,</strong></span> <span class='ocrx_word' id='word_1_326' title='bbox 394 1723 571 1757; x_wconf 72' lang='lat' dir='ltr'><strong>collectisque</strong></span> <span class='ocrx_word' id='word_1_327' title='bbox 595 1721 863 1756; x_wconf 56' lang='lat' dir='ltr'><strong>suorumgreliqniis,</strong></span> <span class='ocrx_word' id='word_1_328' title='bbox 886 1722 976 1749; x_wconf 80' lang='lat' dir='ltr'><strong>denuo</strong></span> 
     </span>
    </p>
   </div>
   <div class='ocr_carea' id='block_1_52' title="bbox 183 1768 976 1800">
    <p class='ocr_par' dir='ltr' id='par_1_52' title="bbox 183 1768 976 1800">
     <span class='ocr_line' id='line_1_52' title="bbox 183 1768 976 1800; baseline -0.005 0"><span class='ocrx_word' id='word_1_329' title='bbox 183 1779 287 1800; x_wconf 85' lang='lat' dir='ltr'><strong>tentare</strong></span> <span class='ocrx_word' id='word_1_330' title='bbox 301 1772 362 1800; x_wconf 82' lang='lat' dir='ltr'><strong>belli</strong></span> <span class='ocrx_word' id='word_1_331' title='bbox 381 1770 519 1798; x_wconf 82' lang='lat' dir='ltr'><strong>lortunam</strong></span> <span class='ocrx_word' id='word_1_332' title='bbox 541 1769 703 1797; x_wconf 73' lang='lat' dir='ltr'><strong>decreverit.</strong></span> <span class='ocrx_word' id='word_1_333' title='bbox 720 1768 781 1796; x_wconf 68' lang='lat' dir='ltr'><strong>Ilaec</strong></span> <span class='ocrx_word' id='word_1_334' title='bbox 799 1769 933 1797; x_wconf 86' lang='lat' dir='ltr'><strong>Lacnieus</strong></span> <span class='ocrx_word' id='word_1_335' title='bbox 943 1769 976 1796; x_wconf 88' lang='lat' dir='ltr'><strong>de</strong></span> 
     </span>
    </p>
   </div>
   <div class='ocr_carea' id='block_1_53' title="bbox 182 1815 972 1855">
    <p class='ocr_par' dir='ltr' id='par_1_53' title="bbox 182 1815 972 1855">
     <span class='ocr_line' id='line_1_53' title="bbox 182 1815 972 1855; baseline -0.006 -8"><span class='ocrx_word' id='word_1_336' title='bbox 182 1818 461 1855; x_wconf 76' lang='lat' dir='ltr'><strong>pueroMuehemete,</strong></span> <span class='ocrx_word' id='word_1_337' title='bbox 491 1815 656 1843; x_wconf 73' lang='lat' dir='ltr'><strong>chordarum</strong></span> <span class='ocrx_word' id='word_1_338' title='bbox 686 1815 793 1850; x_wconf 83' lang='lat' dir='ltr'><strong>opiﬁcis</strong></span> <span class='ocrx_word' id='word_1_339' title='bbox 822 1815 972 1850; x_wconf 80' lang='lat' dir='ltr'><strong>discipulo.</strong></span> 
     </span>
    </p>
   </div>
   <div class='ocr_carea' id='block_1_54' title="bbox 182 1861 975 1901">
    <p class='ocr_par' dir='ltr' id='par_1_54' title="bbox 182 1861 975 1901">
     <span class='ocr_line' id='line_1_54' title="bbox 182 1861 975 1901; baseline -0.006 -8"><span class='ocrx_word' id='word_1_340' title='bbox 182 1871 250 1901; x_wconf 86' lang='lat' dir='ltr'><strong>pene</strong></span> <span class='ocrx_word' id='word_1_341' title='bbox 262 1864 414 1900; x_wconf 83' lang='lat' dir='ltr'><strong>pueriliter,</strong></span> <span class='ocrx_word' id='word_1_342' title='bbox 430 1870 480 1889; x_wconf 86' lang='lat' dir='ltr'><strong>nec</strong></span> <span class='ocrx_word' id='word_1_343' title='bbox 492 1869 558 1889; x_wconf 87' lang='lat' dir='ltr'><strong>vero</strong></span> <span class='ocrx_word' id='word_1_344' title='bbox 566 1861 668 1888; x_wconf 75' lang='lat' dir='ltr'><strong>multas</strong></span> <span class='ocrx_word' id='word_1_345' title='bbox 680 1861 716 1888; x_wconf 90' lang='lat' dir='ltr'><strong>ob</strong></span> <span class='ocrx_word' id='word_1_346' title='bbox 734 1868 833 1888; x_wconf 83' lang='lat' dir='ltr'><strong>causas</strong></span> <span class='ocrx_word' id='word_1_347' title='bbox 857 1868 975 1888; x_wconf 62' lang='lat' dir='ltr'><strong>comem</strong></span> 
     </span>
    </p>
   </div>
   <div class='ocr_carea' id='block_1_55' title="bbox 181 1907 973 1945">
    <p class='ocr_par' dir='ltr' id='par_1_55' title="bbox 181 1907 973 1945">
     <span class='ocr_line' id='line_1_55' title="bbox 181 1907 973 1945; baseline -0.006 -6"><span class='ocrx_word' id='word_1_348' title='bbox 181 1919 271 1940; x_wconf 86' lang='lat' dir='ltr'><strong>tanea.</strong></span> <span class='ocrx_word' id='word_1_349' title='bbox 288 1910 373 1945; x_wconf 78' lang='lat' dir='ltr'><strong>Magis</strong></span> <span class='ocrx_word' id='word_1_350' title='bbox 385 1908 476 1936; x_wconf 88' lang='lat' dir='ltr'><strong>idonei</strong></span> <span class='ocrx_word' id='word_1_351' title='bbox 497 1915 588 1935; x_wconf 84' lang='lat' dir='ltr'><strong>rerum</strong></span> <span class='ocrx_word' id='word_1_352' title='bbox 602 1907 782 1934; x_wconf 82' lang='lat' dir='ltr'><strong>&#39;l‘ureicarum</strong></span> <span class='ocrx_word' id='word_1_353' title='bbox 812 1907 973 1941; x_wconf 85' lang='lat' dir='ltr'><strong>scriptores.</strong></span> 
     </span>
    </p>
   </div>
   <div class='ocr_carea' id='block_1_56' title="bbox 182 1952 974 1993">
    <p class='ocr_par' dir='ltr' id='par_1_56' title="bbox 182 1952 974 1993">
     <span class='ocr_line' id='line_1_56' title="bbox 182 1952 974 1993; baseline -0.006 -8"><span class='ocrx_word' id='word_1_354' title='bbox 182 1958 235 1993; x_wconf 83' lang='lat' dir='ltr'><strong>ipsi</strong></span> <span class='ocrx_word' id='word_1_355' title='bbox 248 1956 342 1988; x_wconf 83' lang='lat' dir='ltr'><strong>Turei,</strong></span> <span class='ocrx_word' id='word_1_356' title='bbox 360 1955 482 1986; x_wconf 84' lang='lat' dir='ltr'><strong>tradunt.</strong></span> <span class='ocrx_word' id='word_1_357' title='bbox 513 1954 594 1980; x_wconf 88' lang='lat' dir='ltr'><strong>rebus</strong></span> <span class='ocrx_word' id='word_1_358' title='bbox 619 1952 779 1981; x_wconf 85' lang='lat' dir='ltr'><strong>Temiriano</strong></span> <span class='ocrx_word' id='word_1_359' title='bbox 807 1954 900 1988; x_wconf 67' lang='lat' dir='ltr'><strong>prndio</strong></span> <span class='ocrx_word' id='word_1_360' title='bbox 926 1954 974 1980; x_wconf 82' lang='lat' dir='ltr'><strong>de-</strong></span> 
     </span>
    </p>
   </div>
   <div class='ocr_carea' id='block_1_57' title="bbox 181 1999 972 2039">
    <p class='ocr_par' dir='ltr' id='par_1_57' title="bbox 181 1999 972 2039">
     <span class='ocr_line' id='line_1_57' title="bbox 181 1999 972 2039; baseline -0.008 -8"><span class='ocrx_word' id='word_1_361' title='bbox 181 2003 311 2039; x_wconf 78' lang='lat' dir='ltr'><strong>speratis,</strong></span> <span class='ocrx_word' id='word_1_362' title='bbox 332 2001 428 2029; x_wconf 81' lang='lat' dir='ltr'><strong>bassas</strong></span> <span class='ocrx_word' id='word_1_363' title='bbox 456 1999 605 2026; x_wconf 65' lang='lat' dir='ltr'><strong>abduxisse</strong></span> <span class='ocrx_word' id='word_1_364' title='bbox 631 2006 738 2030; x_wconf 81' lang='lat' dir='ltr'><strong>secum.</strong></span> <span class='ocrx_word' id='word_1_365' title='bbox 767 2004 876 2034; x_wconf 83' lang='lat' dir='ltr'><strong>arrepta</strong></span> <span class='ocrx_word' id='word_1_366' title='bbox 899 1999 972 2034; x_wconf 70' lang='lat' dir='ltr'><strong>fuga,</strong></span> 
     </span>
    </p>
   </div>
   <div class='ocr_carea' id='block_1_58' title="bbox 183 2045 974 2081">
    <p class='ocr_par' dir='ltr' id='par_1_58' title="bbox 183 2045 974 2081">
     <span class='ocr_line' id='line_1_58' title="bbox 183 2045 974 2081; baseline -0.005 -5"><span class='ocrx_word' id='word_1_367' title='bbox 183 2048 330 2076; x_wconf 80' lang='lat' dir='ltr'><strong>maximum</strong></span> <span class='ocrx_word' id='word_1_368' title='bbox 342 2052 408 2074; x_wconf 87' lang='lat' dir='ltr'><strong>natu</strong></span> <span class='ocrx_word' id='word_1_369' title='bbox 426 2045 558 2081; x_wconf 73' lang='lat' dir='ltr'><strong>Bajazitis</strong></span> <span class='ocrx_word' id='word_1_370' title='bbox 572 2045 658 2072; x_wconf 83' lang='lat' dir='ltr'><strong>lilium</strong></span> <span class='ocrx_word' id='word_1_371' title='bbox 670 2045 864 2077; x_wconf 72' lang='lat' dir='ltr'><strong>Soleimuneut,</strong></span> <span class='ocrx_word' id='word_1_372' title='bbox 891 2045 974 2072; x_wconf 82' lang='lat' dir='ltr'><strong>veluti</strong></span> 
     </span>
    </p>
   </div>
   <div class='ocr_carea' id='block_1_59' title="bbox 183 2091 972 2130">
    <p class='ocr_par' dir='ltr' id='par_1_59' title="bbox 183 2091 972 2130">
     <span class='ocr_line' id='line_1_59' title="bbox 183 2091 972 2130; baseline -0.005 -8"><span class='ocrx_word' id='word_1_373' title='bbox 183 2096 333 2130; x_wconf 77' lang='lat' dir='ltr'><strong>legitimum</strong></span> <span class='ocrx_word' id='word_1_374' title='bbox 343 2094 430 2129; x_wconf 80' lang='lat' dir='ltr'><strong>patris</strong></span> <span class='ocrx_word' id='word_1_375' title='bbox 441 2100 467 2119; x_wconf 86' lang='lat' dir='ltr'><strong>tn</strong></span> <span class='ocrx_word' id='word_1_376' title='bbox 480 2092 596 2127; x_wconf 88' lang='lat' dir='ltr'><strong>imperio</strong></span> <span class='ocrx_word' id='word_1_377' title='bbox 605 2098 794 2119; x_wconf 79' lang='lat' dir='ltr'><strong>successorem</strong></span> <span class='ocrx_word' id='word_1_378' title='bbox 804 2096 847 2119; x_wconf 84' lang='lat' dir='ltr'><strong>:et</strong></span> <span class='ocrx_word' id='word_1_379' title='bbox 863 2091 972 2119; x_wconf 83' lang='lat' dir='ltr'><strong>illorum</strong></span> 
     </span>
    </p>
   </div>
   <div class='ocr_carea' id='block_1_60' title="bbox 182 2137 1010 2185">
    <p class='ocr_par' dir='ltr' id='par_1_60' title="bbox 182 2137 1010 2185">
     <span class='ocr_line' id='line_1_60' title="bbox 182 2137 1010 2185; baseline -0.006 -15"><span class='ocrx_word' id='word_1_380' title='bbox 182 2141 309 2176; x_wconf 63' lang='lat' dir='ltr'><strong>cx&#39;eutplo</strong></span> <span class='ocrx_word' id='word_1_381' title='bbox 319 2140 530 2171; x_wconf 80' lang='lat' dir='ltr'><strong>Mucbemetem,</strong></span> <span class='ocrx_word' id='word_1_382' title='bbox 547 2146 601 2165; x_wconf 91' lang='lat' dir='ltr'><strong>non</strong></span> <span class='ocrx_word' id='word_1_383' title='bbox 620 2145 735 2172; x_wconf 84' lang='lat' dir='ltr'><strong>puerum</strong></span> <span class='ocrx_word' id='word_1_384' title='bbox 763 2140 805 2171; x_wconf 88' lang='lat' dir='ltr'><strong>(ul</strong></span> <span class='ocrx_word' id='word_1_385' title='bbox 835 2137 971 2166; x_wconf 75' lang='lat' dir='ltr'><strong>Laonicus</strong></span> <span class='ocrx_word' id='word_1_386' title='bbox 988 2158 1010 2185; x_wconf 63' lang='grc' dir='ltr'>ο</span> 
     </span>
    </p>
   </div>
   <div class='ocr_carea' id='block_1_61' title="bbox 182 2184 969 2224">
    <p class='ocr_par' dir='ltr' id='par_1_61' title="bbox 182 2184 969 2224">
     <span class='ocr_line' id='line_1_61' title="bbox 182 2184 969 2224; baseline -0.005 -9"><span class='ocrx_word' id='word_1_387' title='bbox 182 2188 308 2224; x_wconf 85' lang='lat' dir='ltr'><strong>putavit),</strong></span> <span class='ocrx_word' id='word_1_388' title='bbox 327 2188 373 2214; x_wconf 84' lang='lat' dir='ltr'><strong>sed</strong></span> <span class='ocrx_word' id='word_1_389' title='bbox 388 2186 528 2220; x_wconf 78' lang='lat' dir='ltr'><strong>copiarum</strong></span> <span class='ocrx_word' id='word_1_390' title='bbox 542 2191 576 2211; x_wconf 78' lang='lat' dir='ltr'><strong>ex</strong></span> <span class='ocrx_word' id='word_1_391' title='bbox 588 2184 702 2218; x_wconf 82' lang='lat' dir='ltr'><strong>imperio</strong></span> <span class='ocrx_word' id='word_1_392' title='bbox 713 2189 827 2218; x_wconf 85' lang='lat' dir='ltr'><strong>paterno</strong></span> <span class='ocrx_word' id='word_1_393' title='bbox 835 2191 969 2219; x_wconf 79' lang='lat' dir='ltr'><strong>quarunt—</strong></span> 
     </span>
    </p>
   </div>
   <div class='ocr_carea' id='block_1_62' title="bbox 181 2231 970 2265">
    <p class='ocr_par' dir='ltr' id='par_1_62' title="bbox 181 2231 970 2265">
     <span class='ocr_line' id='line_1_62' title="bbox 181 2231 970 2265; baseline -0.005 -3"><span class='ocrx_word' id='word_1_394' title='bbox 181 2236 243 2262; x_wconf 87' lang='lat' dir='ltr'><strong>dant</strong></span> <span class='ocrx_word' id='word_1_395' title='bbox 260 2234 368 2265; x_wconf 84' lang='lat' dir='ltr'><strong>ducem,</strong></span> <span class='ocrx_word' id='word_1_396' title='bbox 386 2233 444 2259; x_wconf 85' lang='lat' dir='ltr'><strong>suis</strong></span> <span class='ocrx_word' id='word_1_397' title='bbox 454 2232 547 2259; x_wconf 86' lang='lat' dir='ltr'><strong>itidem</strong></span> <span class='ocrx_word' id='word_1_398' title='bbox 565 2231 647 2258; x_wconf 80' lang='lat' dir='ltr'><strong>rebus</strong></span> <span class='ocrx_word' id='word_1_399' title='bbox 660 2231 699 2257; x_wconf 84' lang='lat' dir='ltr'><strong>uti</strong></span> <span class='ocrx_word' id='word_1_400' title='bbox 710 2231 970 2262; x_wconf 54' lang='lat' dir='ltr'><strong>consulerctJma-</strong></span> 
     </span>
    </p>
   </div>
   <div class='ocr_carea' id='block_1_63' title="bbox 180 2277 972 2311">
    <p class='ocr_par' dir='ltr' id='par_1_63' title="bbox 180 2277 972 2311">
     <span class='ocr_line' id='line_1_63' title="bbox 180 2277 972 2311; baseline -0.005 -2"><span class='ocrx_word' id='word_1_401' title='bbox 180 2283 248 2310; x_wconf 84' lang='lat' dir='ltr'><strong>siam</strong></span> <span class='ocrx_word' id='word_1_402' title='bbox 265 2288 327 2307; x_wconf 85' lang='lat' dir='ltr'><strong>cum</strong></span> <span class='ocrx_word' id='word_1_403' title='bbox 344 2279 402 2306; x_wconf 88' lang='lat' dir='ltr'><strong>suis</strong></span> <span class='ocrx_word' id='word_1_404' title='bbox 431 2286 460 2305; x_wconf 88' lang='lat' dir='ltr'><strong>se</strong></span> <span class='ocrx_word' id='word_1_405' title='bbox 485 2277 657 2305; x_wconf 78' lang='lat' dir='ltr'><strong>contulisse:</strong></span> <span class='ocrx_word' id='word_1_406' title='bbox 676 2283 731 2311; x_wconf 90' lang='lat' dir='ltr'><strong>quo</strong></span> <span class='ocrx_word' id='word_1_407' title='bbox 756 2277 817 2303; x_wconf 81' lang='lat' dir='ltr'><strong>loco</strong></span> <span class='ocrx_word' id='word_1_408' title='bbox 843 2277 972 2311; x_wconf 72' lang='lat' dir='ltr'><strong>deinceps</strong></span> 
     </span>
    </p>
   </div>
   <div class='ocr_carea' id='block_1_64' title="bbox 179 2324 971 2357">
    <p class='ocr_par' dir='ltr' id='par_1_64' title="bbox 179 2324 971 2357">
     <span class='ocr_line' id='line_1_64' title="bbox 179 2324 971 2357; baseline -0.004 -3"><span class='ocrx_word' id='word_1_409' title='bbox 179 2335 241 2354; x_wconf 88' lang='lat' dir='ltr'><strong>eum</strong></span> <span class='ocrx_word' id='word_1_410' title='bbox 250 2326 361 2357; x_wconf 75' lang='lat' dir='ltr'><strong>vixisse.</strong></span> <span class='ocrx_word' id='word_1_411' title='bbox 377 2332 431 2352; x_wconf 85' lang='lat' dir='ltr'><strong>non</strong></span> <span class='ocrx_word' id='word_1_412' title='bbox 440 2324 645 2352; x_wconf 86' lang='lat' dir='ltr'><strong>scmelannales</strong></span> <span class='ocrx_word' id='word_1_413' title='bbox 661 2325 791 2350; x_wconf 79' lang='lat' dir='ltr'><strong>tradunt:</strong></span> <span class='ocrx_word' id='word_1_414' title='bbox 810 2328 836 2350; x_wconf 85' lang='lat' dir='ltr'><strong>et</strong></span> <span class='ocrx_word' id='word_1_415' title='bbox 850 2324 971 2351; x_wconf 90' lang='lat' dir='ltr'><strong>indidem</strong></span> 
     </span>
    </p>
   </div>
   <div class='ocr_carea' id='block_1_65' title="bbox 180 2370 972 2404">
    <p class='ocr_par' dir='ltr' id='par_1_65' title="bbox 180 2370 972 2404">
     <span class='ocr_line' id='line_1_65' title="bbox 180 2370 972 2404; baseline -0.008 -2"><span class='ocrx_word' id='word_1_416' title='bbox 180 2381 242 2401; x_wconf 84' lang='lat' dir='ltr'><strong>cum</strong></span> <span class='ocrx_word' id='word_1_417' title='bbox 254 2372 376 2401; x_wconf 78' lang='lat' dir='ltr'><strong>exercitu</strong></span> <span class='ocrx_word' id='word_1_418' title='bbox 400 2375 495 2398; x_wconf 86' lang='lat' dir='ltr'><strong>contra</strong></span> <span class='ocrx_word' id='word_1_419' title='bbox 506 2371 610 2397; x_wconf 76' lang='lat' dir='ltr'><strong>Musam</strong></span> <span class='ocrx_word' id='word_1_420' title='bbox 627 2372 739 2397; x_wconf 88' lang='lat' dir='ltr'><strong>lratrem</strong></span> <span class='ocrx_word' id='word_1_421' title='bbox 757 2370 886 2404; x_wconf 81' lang='lat' dir='ltr'><strong>movisse,</strong></span> <span class='ocrx_word' id='word_1_422' title='bbox 901 2374 972 2404; x_wconf 87' lang='lat' dir='ltr'><strong>post-</strong></span> 
     </span>
    </p>
   </div>
   <div class='ocr_carea' id='block_1_66' title="bbox 180 2418 970 2456">
    <p class='ocr_par' dir='ltr' id='par_1_66' title="bbox 180 2418 970 2456">
     <span class='ocr_line' id='line_1_66' title="bbox 180 2418 970 2456; baseline -0.003 -9"><span class='ocrx_word' id='word_1_423' title='bbox 180 2427 261 2456; x_wconf 84' lang='lat' dir='ltr'><strong>quam</strong></span> <span class='ocrx_word' id='word_1_424' title='bbox 275 2420 420 2448; x_wconf 83' lang='lat' dir='ltr'><strong>interfecto</strong></span> <span class='ocrx_word' id='word_1_425' title='bbox 436 2418 604 2452; x_wconf 84' lang='lat' dir='ltr'><strong>Soleimaue,</strong></span> <span class='ocrx_word' id='word_1_426' title='bbox 619 2418 754 2446; x_wconf 79' lang='lat' dir='ltr'><strong>vindicem</strong></span> <span class='ocrx_word' id='word_1_427' title='bbox 780 2419 855 2446; x_wconf 84' lang='lat' dir='ltr'><strong>necis</strong></span> <span class='ocrx_word' id='word_1_428' title='bbox 883 2419 970 2453; x_wconf 85' lang='lat' dir='ltr'><strong>ipsius</strong></span> 
     </span>
    </p>
   </div>
   <div class='ocr_carea' id='block_1_67' title="bbox 180 2464 970 2502">
    <p class='ocr_par' dir='ltr' id='par_1_67' title="bbox 180 2464 970 2502">
     <span class='ocr_line' id='line_1_67' title="bbox 180 2464 970 2502; baseline -0.004 -7"><span class='ocrx_word' id='word_1_429' title='bbox 180 2474 211 2495; x_wconf 87' lang='lat' dir='ltr'><strong>se</strong></span> <span class='ocrx_word' id='word_1_430' title='bbox 225 2466 369 2502; x_wconf 77' lang='lat' dir='ltr'><strong>professus</strong></span> <span class='ocrx_word' id='word_1_431' title='bbox 380 2471 464 2494; x_wconf 84' lang='lat' dir='ltr'><strong>esset.</strong></span> <span class='ocrx_word' id='word_1_432' title='bbox 482 2465 547 2498; x_wconf 78' lang='lat' dir='ltr'><strong>Quae</strong></span> <span class='ocrx_word' id='word_1_433' title='bbox 559 2473 614 2498; x_wconf 83' lang='lat' dir='ltr'><strong>res,</strong></span> <span class='ocrx_word' id='word_1_434' title='bbox 630 2471 691 2492; x_wconf 88' lang='lat' dir='ltr'><strong>ttteo</strong></span> <span class='ocrx_word' id='word_1_435' title='bbox 712 2472 779 2492; x_wconf 83' lang='lat' dir='ltr'><strong>sane</strong></span> <span class='ocrx_word' id='word_1_436' title='bbox 799 2464 914 2498; x_wconf 69' lang='lat' dir='ltr'><strong>judicio,</strong></span> <span class='ocrx_word' id='word_1_437' title='bbox 928 2465 970 2492; x_wconf 85' lang='lat' dir='ltr'><strong>di-</strong></span> 
     </span>
    </p>
   </div>
   <div class='ocr_carea' id='block_1_68' title="bbox 180 2511 971 2548">
    <p class='ocr_par' dir='ltr' id='par_1_68' title="bbox 180 2511 971 2548">
     <span class='ocr_line' id='line_1_68' title="bbox 180 2511 971 2548; baseline -0.003 -8"><span class='ocrx_word' id='word_1_438' title='bbox 180 2521 240 2548; x_wconf 72' lang='lat' dir='ltr'><strong>gna:</strong></span> <span class='ocrx_word' id='word_1_439' title='bbox 252 2518 317 2540; x_wconf 91' lang='lat' dir='ltr'><strong>sunt</strong></span> <span class='ocrx_word' id='word_1_440' title='bbox 347 2512 489 2539; x_wconf 87' lang='lat' dir='ltr'><strong>hominum</strong></span> <span class='ocrx_word' id='word_1_441' title='bbox 518 2512 639 2539; x_wconf 67' lang='lat' dir='ltr'><strong>historia:</strong></span> <span class='ocrx_word' id='word_1_442' title='bbox 663 2511 850 2539; x_wconf 87' lang='lat' dir='ltr'><strong>studiosorum</strong></span> <span class='ocrx_word' id='word_1_443' title='bbox 877 2512 971 2539; x_wconf 81' lang='lat' dir='ltr'><strong>obser-</strong></span> 
     </span>
    </p>
   </div>
   <div class='ocr_carea' id='block_1_69' title="bbox 181 2557 969 2592">
    <p class='ocr_par' dir='ltr' id='par_1_69' title="bbox 181 2557 969 2592">
     <span class='ocr_line' id='line_1_69' title="bbox 181 2557 969 2592; baseline -0.001 -7"><span class='ocrx_word' id='word_1_444' title='bbox 181 2558 291 2585; x_wconf 84' lang='lat' dir='ltr'><strong>vatione</strong></span> <span class='ocrx_word' id='word_1_445' title='bbox 310 2565 317 2584; x_wconf 96' lang='lat'><strong>:</strong></span> <span class='ocrx_word' id='word_1_446' title='bbox 336 2565 396 2584; x_wconf 87' lang='lat' dir='ltr'><strong>cum</strong></span> <span class='ocrx_word' id='word_1_447' title='bbox 408 2557 434 2584; x_wconf 89' lang='lat' dir='ltr'><strong>itt</strong></span> <span class='ocrx_word' id='word_1_448' title='bbox 451 2557 599 2591; x_wconf 80' lang='lat' dir='ltr'><strong>publicatis</strong></span> <span class='ocrx_word' id='word_1_449' title='bbox 612 2557 746 2585; x_wconf 83' lang='lat' dir='ltr'><strong>hactenus</strong></span> <span class='ocrx_word' id='word_1_450' title='bbox 761 2557 871 2592; x_wconf 86' lang='lat' dir='ltr'><strong>scriptis</strong></span> <span class='ocrx_word' id='word_1_451' title='bbox 884 2558 969 2585; x_wconf 89' lang='lat' dir='ltr'><strong>histo-</strong></span> 
     </span>
    </p>
   </div>
   <div class='ocr_carea' id='block_1_70' title="bbox 180 2603 968 2649">
    <p class='ocr_par' dir='ltr' id='par_1_70' title="bbox 180 2603 968 2649">
     <span class='ocr_line' id='line_1_70' title="bbox 180 2603 968 2649; baseline -0.001 -17"><span class='ocrx_word' id='word_1_452' title='bbox 180 2604 245 2632; x_wconf 84' lang='lat' dir='ltr'><strong>ricis</strong></span> <span class='ocrx_word' id='word_1_453' title='bbox 258 2603 333 2649; x_wconf 49' lang='lat' dir='ltr'><strong>nihil.</strong></span> <span class='ocrx_word' id='word_1_454' title='bbox 342 2603 498 2631; x_wconf 80' lang='lat' dir='ltr'><strong>iusricatius</strong></span> <span class='ocrx_word' id='word_1_455' title='bbox 512 2604 546 2631; x_wconf 91' lang='lat' dir='ltr'><strong>de</strong></span> <span class='ocrx_word' id='word_1_456' title='bbox 556 2603 681 2632; x_wconf 82' lang='lat' dir='ltr'><strong>Turcicis</strong></span> <span class='ocrx_word' id='word_1_457' title='bbox 696 2604 779 2632; x_wconf 83' lang='lat' dir='ltr'><strong>rebus</strong></span> <span class='ocrx_word' id='word_1_458' title='bbox 788 2605 968 2639; x_wconf 80' lang='lat' dir='ltr'><strong>reperiamus,</strong></span> 
     </span>
    </p>
   </div>
   <div class='ocr_carea' id='block_1_71' title="bbox 179 2649 968 2685">
    <p class='ocr_par' dir='ltr' id='par_1_71' title="bbox 179 2649 968 2685">
     <span class='ocr_line' id='line_1_71' title="bbox 179 2649 968 2685; baseline 0 -8"><span class='ocrx_word' id='word_1_459' title='bbox 179 2657 262 2685; x_wconf 89' lang='lat' dir='ltr'><strong>qualn</strong></span> <span class='ocrx_word' id='word_1_460' title='bbox 278 2656 338 2684; x_wconf 71' lang='lat' dir='ltr'><strong>quae</strong></span> <span class='ocrx_word' id='word_1_461' title='bbox 355 2650 388 2676; x_wconf 86' lang='lat' dir='ltr'><strong>de</strong></span> <span class='ocrx_word' id='word_1_462' title='bbox 403 2649 523 2684; x_wconf 87' lang='lat' dir='ltr'><strong>hocipso</strong></span> <span class='ocrx_word' id='word_1_463' title='bbox 538 2654 660 2685; x_wconf 90' lang='lat' dir='ltr'><strong>tetnpore</strong></span> <span class='ocrx_word' id='word_1_464' title='bbox 675 2658 790 2678; x_wconf 65' lang='lat' dir='ltr'><strong>summa:</strong></span> <span class='ocrx_word' id='word_1_465' title='bbox 814 2651 968 2679; x_wconf 77' lang='lat' dir='ltr'><strong>&#39;l&#39;urcorum</strong></span> 
     </span>
    </p>
   </div>
   <div class='ocr_carea' id='block_1_72' title="bbox 179 2695 773 2731">
    <p class='ocr_par' dir='ltr' id='par_1_72' title="bbox 179 2695 773 2731">
     <span class='ocr_line' id='line_1_72' title="bbox 179 2695 773 2731; baseline 0.005 -11"><span class='ocrx_word' id='word_1_466' title='bbox 179 2695 349 2723; x_wconf 76' lang='lat' dir='ltr'><strong>infelicitatis</strong></span> <span class='ocrx_word' id='word_1_467' title='bbox 364 2702 504 2722; x_wconf 66' lang='lat' dir='ltr'><strong>memorias</strong></span> <span class='ocrx_word' id='word_1_468' title='bbox 514 2696 622 2730; x_wconf 74' lang='lat' dir='ltr'><strong>prodita</strong></span> <span class='ocrx_word' id='word_1_469' title='bbox 646 2696 773 2731; x_wconf 78' lang='lat' dir='ltr'><strong>legimus.</strong></span> 
     </span>
    </p>
   </div>
   <div class='ocr_carea' id='block_1_73' title="bbox 215 2758 934 2794">
    <p class='ocr_par' dir='ltr' id='par_1_73' title="bbox 215 2758 934 2794">
     <span class='ocr_line' id='line_1_73' title="bbox 215 2758 934 2794; baseline 0.001 -6"><span class='ocrx_word' id='word_1_470' title='bbox 215 2759 261 2788; x_wconf 82' lang='lat'><strong>65.</strong></span> <span class='ocrx_word' id='word_1_471' title='bbox 282 2759 444 2792; x_wconf 75' lang='lat' dir='ltr'><strong>Semercanl,</strong></span> <span class='ocrx_word' id='word_1_472' title='bbox 459 2758 588 2794; x_wconf 79' lang='lat' dir='ltr'><strong>Bajazilis</strong></span> <span class='ocrx_word' id='word_1_473' title='bbox 606 2769 687 2792; x_wconf 84' lang='lat' dir='ltr'><strong>mors,</strong></span> <span class='ocrx_word' id='word_1_474' title='bbox 704 2770 833 2789; x_wconf 82' lang='lat' dir='ltr'><strong>annorum</strong></span> <span class='ocrx_word' id='word_1_475' title='bbox 855 2763 934 2789; x_wconf 79' lang='lat' dir='ltr'><strong>ratio.</strong></span> 
     </span>
    </p>
   </div>
   <div class='ocr_carea' id='block_1_74' title="bbox 215 2827 968 2866">
    <p class='ocr_par' dir='ltr' id='par_1_74' title="bbox 215 2827 968 2866">
     <span class='ocr_line' id='line_1_74' title="bbox 215 2827 968 2866; baseline 0.008 -12"><span class='ocrx_word' id='word_1_476' title='bbox 215 2827 344 2864; x_wconf 77' lang='lat' dir='ltr'><strong>[legionis</strong></span> <span class='ocrx_word' id='word_1_477' title='bbox 360 2828 526 2861; x_wconf 65' lang='lat' dir='ltr'><strong>Zacataiuw.</strong></span> <span class='ocrx_word' id='word_1_478' title='bbox 550 2829 629 2863; x_wconf 83' lang='lat' dir='ltr'><strong>cujus</strong></span> <span class='ocrx_word' id='word_1_479' title='bbox 658 2830 754 2858; x_wconf 64' lang='lat' dir='ltr'><strong>incolae</strong></span> <span class='ocrx_word' id='word_1_480' title='bbox 781 2830 807 2858; x_wconf 83' lang='lat' dir='ltr'><strong>id</strong></span> <span class='ocrx_word' id='word_1_481' title='bbox 835 2833 968 2866; x_wconf 77' lang='lat' dir='ltr'><strong>temporis</strong></span> 
     </span>
    </p>
   </div>
   <div class='ocr_carea' id='block_1_75' title="bbox 172 2875 967 2917">
    <p class='ocr_par' dir='ltr' id='par_1_75' title="bbox 172 2875 967 2917">
     <span class='ocr_line' id='line_1_75' title="bbox 172 2875 967 2917; baseline 0.003 -13"><span class='ocrx_word' id='word_1_482' title='bbox 172 2875 292 2917; x_wconf 63' lang='lat' dir='ltr'><strong>jmperio</strong></span> <span class='ocrx_word' id='word_1_483' title='bbox 313 2876 429 2905; x_wconf 70' lang='lat' dir='ltr'><strong>Tcmiris</strong></span> <span class='ocrx_word' id='word_1_484' title='bbox 454 2880 598 2911; x_wconf 68' lang='lat' dir='ltr'><strong>parentes,</strong></span> <span class='ocrx_word' id='word_1_485' title='bbox 624 2876 744 2905; x_wconf 86' lang='lat' dir='ltr'><strong>Laonico</strong></span> <span class='ocrx_word' id='word_1_486' title='bbox 771 2876 967 2907; x_wconf 80' lang='lat' dir='ltr'><strong>Tzacltataides</strong></span> 
     </span>
    </p>
   </div>
   <div class='ocr_carea' id='block_1_76' title="bbox 1025 931 1818 968">
    <p class='ocr_par' dir='ltr' id='par_1_76' title="bbox 1025 931 1818 968">
     <span class='ocr_line' id='line_1_76' title="bbox 1025 931 1818 968; baseline 0.005 -11"><span class='ocrx_word' id='word_1_487' title='bbox 1025 931 1139 957; x_wconf 89' lang='lat' dir='ltr'><strong>modqu</strong></span> <span class='ocrx_word' id='word_1_488' title='bbox 1155 931 1293 959; x_wconf 88' lang='lat' dir='ltr'><strong>inveniret</strong></span> <span class='ocrx_word' id='word_1_489' title='bbox 1305 952 1312 964; x_wconf 90' lang='grc'>,</span> <span class='ocrx_word' id='word_1_490' title='bbox 1329 936 1384 959; x_wconf 88' lang='lat' dir='ltr'><strong>tant</strong></span> <span class='ocrx_word' id='word_1_491' title='bbox 1401 933 1521 966; x_wconf 83' lang='lat' dir='ltr'><strong>denique</strong></span> <span class='ocrx_word' id='word_1_492' title='bbox 1535 933 1581 960; x_wconf 88' lang='lat' dir='ltr'><strong>diu</strong></span> <span class='ocrx_word' id='word_1_493' title='bbox 1601 939 1682 968; x_wconf 83' lang='lat' dir='ltr'><strong>caput</strong></span> <span class='ocrx_word' id='word_1_494' title='bbox 1697 933 1818 961; x_wconf 78' lang='lat' dir='ltr'><strong>aliisisse</strong></span> 
     </span>
    </p>
   </div>
   <div class='ocr_carea' id='block_1_77' title="bbox 1025 977 1817 1014">
    <p class='ocr_par' dir='ltr' id='par_1_77' title="bbox 1025 977 1817 1014">
     <span class='ocr_line' id='line_1_77' title="bbox 1025 977 1817 1014; baseline 0.003 -10"><span class='ocrx_word' id='word_1_495' title='bbox 1025 977 1063 1004; x_wconf 88' lang='lat' dir='ltr'><strong>illi</strong></span> <span class='ocrx_word' id='word_1_496' title='bbox 1083 985 1173 1006; x_wconf 71' lang='lat' dir='ltr'><strong>cavete</strong></span> <span class='ocrx_word' id='word_1_497' title='bbox 1188 978 1221 1006; x_wconf 88' lang='lat' dir='ltr'><strong>de</strong></span> <span class='ocrx_word' id='word_1_498' title='bbox 1237 977 1309 1006; x_wconf 82' lang='lat' dir='ltr'><strong>ferro</strong></span> <span class='ocrx_word' id='word_1_499' title='bbox 1325 979 1415 1011; x_wconf 66' lang='lat' dir='ltr'><strong>factae,</strong></span> <span class='ocrx_word' id='word_1_500' title='bbox 1432 987 1486 1014; x_wconf 86' lang='lat' dir='ltr'><strong>qua</strong></span> <span class='ocrx_word' id='word_1_501' title='bbox 1503 980 1648 1009; x_wconf 84' lang='lat' dir='ltr'><strong>tem-batur</strong></span> <span class='ocrx_word' id='word_1_502' title='bbox 1680 980 1817 1012; x_wconf 62' lang='lat' dir='ltr'><strong>inclttsuc,</strong></span> 
     </span>
    </p>
   </div>
   <div class='ocr_carea' id='block_1_78' title="bbox 1025 1024 1816 1060">
    <p class='ocr_par' dir='ltr' id='par_1_78' title="bbox 1025 1024 1816 1060">
     <span class='ocr_line' id='line_1_78' title="bbox 1025 1024 1816 1060; baseline 0.004 -9"><span class='ocrx_word' id='word_1_503' title='bbox 1025 1024 1112 1052; x_wconf 87' lang='lat' dir='ltr'><strong>donec</strong></span> <span class='ocrx_word' id='word_1_504' title='bbox 1128 1031 1183 1058; x_wconf 75' lang='lat' dir='ltr'><strong>prae</strong></span> <span class='ocrx_word' id='word_1_505' title='bbox 1198 1024 1292 1052; x_wconf 78' lang='lat' dir='ltr'><strong>lurore</strong></span> <span class='ocrx_word' id='word_1_506' title='bbox 1304 1024 1424 1053; x_wconf 81' lang='lat' dir='ltr'><strong>fremens</strong></span> <span class='ocrx_word' id='word_1_507' title='bbox 1436 1032 1468 1053; x_wconf 84' lang='lat' dir='ltr'><strong>ac</strong></span> <span class='ocrx_word' id='word_1_508' title='bbox 1480 1025 1610 1054; x_wconf 78' lang='lat' dir='ltr'><strong>frendens</strong></span> <span class='ocrx_word' id='word_1_509' title='bbox 1621 1046 1629 1060; x_wconf 89' lang='grc'>,</span> <span class='ocrx_word' id='word_1_510' title='bbox 1646 1026 1745 1055; x_wconf 81' lang='lat' dir='ltr'><strong>misere</strong></span> <span class='ocrx_word' id='word_1_511' title='bbox 1763 1027 1816 1055; x_wconf 88' lang='lat' dir='ltr'><strong>sibi</strong></span> 
     </span>
    </p>
   </div>
   <div class='ocr_carea' id='block_1_79' title="bbox 1025 1070 1816 1108">
    <p class='ocr_par' dir='ltr' id='par_1_79' title="bbox 1025 1070 1816 1108">
     <span class='ocr_line' id='line_1_79' title="bbox 1025 1070 1816 1108; baseline 0.006 -12"><span class='ocrx_word' id='word_1_512' title='bbox 1025 1075 1140 1097; x_wconf 90' lang='lat' dir='ltr'><strong>mortem</strong></span> <span class='ocrx_word' id='word_1_513' title='bbox 1152 1070 1272 1100; x_wconf 76' lang='lat' dir='ltr'><strong>aiferret.</strong></span> <span class='ocrx_word' id='word_1_514' title='bbox 1281 1071 1444 1107; x_wconf 72' lang='lat' dir='ltr'><strong>tyrannique</strong></span> <span class='ocrx_word' id='word_1_515' title='bbox 1456 1072 1519 1104; x_wconf 84' lang='lat' dir='ltr'><strong>vita,</strong></span> <span class='ocrx_word' id='word_1_516' title='bbox 1530 1073 1680 1101; x_wconf 85' lang='lat' dir='ltr'><strong>secundum</strong></span> <span class='ocrx_word' id='word_1_517' title='bbox 1696 1079 1816 1108; x_wconf 68' lang='lat' dir='ltr'><strong>poetam.</strong></span> 
     </span>
    </p>
   </div>
   <div class='ocr_carea' id='block_1_80' title="bbox 1026 1116 1817 1157">
    <p class='ocr_par' dir='ltr' id='par_1_80' title="bbox 1026 1116 1817 1157">
     <span class='ocr_line' id='line_1_80' title="bbox 1026 1116 1817 1157; baseline 0.005 -14"><span class='ocrx_word' id='word_1_518' title='bbox 1026 1116 1166 1157; x_wconf 78' lang='lat' dir='ltr'><strong>indignata</strong></span> <span class='ocrx_word' id='word_1_519' title='bbox 1192 1117 1243 1145; x_wconf 89' lang='lat' dir='ltr'><strong>sub</strong></span> <span class='ocrx_word' id='word_1_520' title='bbox 1269 1117 1382 1145; x_wconf 87' lang='lat' dir='ltr'><strong>umbras</strong></span> <span class='ocrx_word' id='word_1_521' title='bbox 1410 1118 1529 1153; x_wconf 79' lang='lat' dir='ltr'><strong>fugeret.</strong></span> <span class='ocrx_word' id='word_1_522' title='bbox 1552 1119 1691 1154; x_wconf 85' lang='lat' dir='ltr'><strong>Interpres</strong></span> <span class='ocrx_word' id='word_1_523' title='bbox 1703 1119 1817 1147; x_wconf 85' lang='lat' dir='ltr'><strong>Laonici</strong></span> 
     </span>
    </p>
   </div>
   <div class='ocr_carea' id='block_1_81' title="bbox 1024 1163 1817 1198">
    <p class='ocr_par' dir='ltr' id='par_1_81' title="bbox 1024 1163 1817 1198">
     <span class='ocr_line' id='line_1_81' title="bbox 1024 1163 1817 1198; baseline 0.006 -10"><span class='ocrx_word' id='word_1_524' title='bbox 1024 1166 1177 1198; x_wconf 76' lang='lat' dir='ltr'><strong>pugnatum</strong></span> <span class='ocrx_word' id='word_1_525' title='bbox 1191 1167 1269 1190; x_wconf 86' lang='lat' dir='ltr'><strong>notat</strong></span> <span class='ocrx_word' id='word_1_526' title='bbox 1283 1163 1353 1190; x_wconf 88' lang='lat' dir='ltr'><strong>inter</strong></span> <span class='ocrx_word' id='word_1_527' title='bbox 1369 1163 1522 1198; x_wconf 78' lang='lat' dir='ltr'><strong>Bajazitem</strong></span> <span class='ocrx_word' id='word_1_528' title='bbox 1546 1170 1573 1193; x_wconf 88' lang='lat' dir='ltr'><strong>et</strong></span> <span class='ocrx_word' id='word_1_529' title='bbox 1585 1164 1725 1193; x_wconf 88' lang='lat' dir='ltr'><strong>Temirem</strong></span> <span class='ocrx_word' id='word_1_530' title='bbox 1739 1174 1817 1193; x_wconf 83' lang='lat' dir='ltr'><strong>anno</strong></span> 
     </span>
    </p>
   </div>
   <div class='ocr_carea' id='block_1_82' title="bbox 1025 1208 1815 1246">
    <p class='ocr_par' dir='ltr' id='par_1_82' title="bbox 1025 1208 1815 1246">
     <span class='ocr_line' id='line_1_82' title="bbox 1025 1208 1815 1246; baseline 0.003 -9"><span class='ocrx_word' id='word_1_531' title='bbox 1025 1210 1182 1238; x_wconf 78' lang='lat' dir='ltr'><strong>Christiano</strong></span> <span class='ocrx_word' id='word_1_532' title='bbox 1200 1210 1279 1237; x_wconf 76' lang='lat'><strong>1397.</strong></span> <span class='ocrx_word' id='word_1_533' title='bbox 1293 1210 1431 1239; x_wconf 82' lang='lat' dir='ltr'><strong>Mortuum</strong></span> <span class='ocrx_word' id='word_1_534' title='bbox 1445 1208 1594 1246; x_wconf 82' lang='lat' dir='ltr'><strong>Bajazitcm</strong></span> <span class='ocrx_word' id='word_1_535' title='bbox 1613 1213 1709 1241; x_wconf 86' lang='lat' dir='ltr'><strong>scribit</strong></span> <span class='ocrx_word' id='word_1_536' title='bbox 1728 1213 1815 1240; x_wconf 80' lang='lat' dir='ltr'><strong>Fran-</strong></span> 
     </span>
    </p>
   </div>
   <div class='ocr_carea' id='block_1_83' title="bbox 1025 1256 1815 1289">
    <p class='ocr_par' dir='ltr' id='par_1_83' title="bbox 1025 1256 1815 1289">
     <span class='ocr_line' id='line_1_83' title="bbox 1025 1256 1815 1289; baseline 0.004 -6"><span class='ocrx_word' id='word_1_537' title='bbox 1025 1256 1118 1285; x_wconf 74' lang='lat' dir='ltr'><strong>uiscus</strong></span> <span class='ocrx_word' id='word_1_538' title='bbox 1132 1257 1304 1285; x_wconf 80' lang='lat' dir='ltr'><strong>Sansovinus</strong></span> <span class='ocrx_word' id='word_1_539' title='bbox 1317 1264 1389 1284; x_wconf 87' lang='lat' dir='ltr'><strong>anno</strong></span> <span class='ocrx_word' id='word_1_540' title='bbox 1402 1257 1471 1285; x_wconf 83' lang='grc'><strong>1598</strong></span> <span class='ocrx_word' id='word_1_541' title='bbox 1481 1279 1488 1289; x_wconf 83' lang='grc'><em>,</em></span> <span class='ocrx_word' id='word_1_542' title='bbox 1499 1257 1640 1287; x_wconf 74' lang='lat' dir='ltr'><strong>Geutraeus</strong></span> <span class='ocrx_word' id='word_1_543' title='bbox 1652 1259 1815 1289; x_wconf 67' lang='lat' dir='ltr'><strong>annolloo.</strong></span> 
     </span>
    </p>
   </div>
   <div class='ocr_carea' id='block_1_84' title="bbox 1025 1302 1815 1340">
    <p class='ocr_par' dir='ltr' id='par_1_84' title="bbox 1025 1302 1815 1340">
     <span class='ocr_line' id='line_1_84' title="bbox 1025 1302 1815 1340; baseline 0.003 -11"><span class='ocrx_word' id='word_1_544' title='bbox 1025 1310 1095 1338; x_wconf 89' lang='lat' dir='ltr'><strong>quos</strong></span> <span class='ocrx_word' id='word_1_545' title='bbox 1114 1303 1239 1338; x_wconf 80' lang='lat' dir='ltr'><strong>equidem</strong></span> <span class='ocrx_word' id='word_1_546' title='bbox 1264 1302 1321 1332; x_wconf 79' lang='lat' dir='ltr'><strong>Jalli</strong></span> <span class='ocrx_word' id='word_1_547' title='bbox 1337 1304 1452 1339; x_wconf 91' lang='lat' dir='ltr'><strong>opinor.</strong></span> <span class='ocrx_word' id='word_1_548' title='bbox 1472 1304 1578 1340; x_wconf 83' lang='lat' dir='ltr'><strong>Quippe</strong></span> <span class='ocrx_word' id='word_1_549' title='bbox 1601 1305 1752 1333; x_wconf 83' lang='lat' dir='ltr'><strong>secundum</strong></span> <span class='ocrx_word' id='word_1_550' title='bbox 1769 1313 1815 1332; x_wconf 84' lang='lat' dir='ltr'><strong>ra-</strong></span> 
     </span>
    </p>
   </div>
   <div class='ocr_carea' id='block_1_85' title="bbox 1026 1350 1818 1386">
    <p class='ocr_par' dir='ltr' id='par_1_85' title="bbox 1026 1350 1818 1386">
     <span class='ocr_line' id='line_1_85' title="bbox 1026 1350 1818 1386; baseline 0.001 -10"><span class='ocrx_word' id='word_1_551' title='bbox 1026 1350 1115 1377; x_wconf 87' lang='lat' dir='ltr'><strong>tiones</strong></span> <span class='ocrx_word' id='word_1_552' title='bbox 1144 1355 1289 1379; x_wconf 78' lang='lat' dir='ltr'><strong>accuratas</strong></span> <span class='ocrx_word' id='word_1_553' title='bbox 1315 1352 1455 1379; x_wconf 84' lang='lat' dir='ltr'><strong>annalium</strong></span> <span class='ocrx_word' id='word_1_554' title='bbox 1479 1351 1723 1386; x_wconf 76' lang='lat' dir='ltr'><strong>deprehendimus.</strong></span> <span class='ocrx_word' id='word_1_555' title='bbox 1740 1359 1818 1377; x_wconf 61' lang='lat' dir='ltr'><strong>route</strong></span> 
     </span>
    </p>
   </div>
   <div class='ocr_carea' id='block_1_86' title="bbox 1024 1396 1813 1432">
    <p class='ocr_par' dir='ltr' id='par_1_86' title="bbox 1024 1396 1813 1432">
     <span class='ocr_line' id='line_1_86' title="bbox 1024 1396 1813 1432; baseline -0.001 -8"><span class='ocrx_word' id='word_1_556' title='bbox 1024 1397 1140 1424; x_wconf 87' lang='lat' dir='ltr'><strong>utissum</strong></span> <span class='ocrx_word' id='word_1_557' title='bbox 1169 1396 1256 1424; x_wconf 81' lang='lat' dir='ltr'><strong>fuisse</strong></span> <span class='ocrx_word' id='word_1_558' title='bbox 1285 1397 1409 1432; x_wconf 72' lang='lat' dir='ltr'><strong>praelium</strong></span> <span class='ocrx_word' id='word_1_559' title='bbox 1432 1404 1505 1425; x_wconf 85' lang='lat' dir='ltr'><strong>anno</strong></span> <span class='ocrx_word' id='word_1_560' title='bbox 1519 1397 1560 1424; x_wconf 87' lang='lat' dir='ltr'><strong>vel</strong></span> <span class='ocrx_word' id='word_1_561' title='bbox 1574 1396 1654 1429; x_wconf 76' lang='lat' dir='ltr'><strong>l399,</strong></span> <span class='ocrx_word' id='word_1_562' title='bbox 1669 1397 1713 1425; x_wconf 87' lang='lat' dir='ltr'><strong>vel</strong></span> <span class='ocrx_word' id='word_1_563' title='bbox 1729 1396 1813 1428; x_wconf 76' lang='grc' dir='ltr'>μου,</span> 
     </span>
    </p>
   </div>
   <div class='ocr_carea' id='block_1_87' title="bbox 1024 1443 1817 1471">
    <p class='ocr_par' dir='ltr' id='par_1_87' title="bbox 1024 1443 1817 1471">
     <span class='ocr_line' id='line_1_87' title="bbox 1024 1443 1817 1471; baseline 0.001 -1"><span class='ocrx_word' id='word_1_564' title='bbox 1024 1443 1203 1471; x_wconf 86' lang='lat' dir='ltr'><strong>Gilderunem</strong></span> <span class='ocrx_word' id='word_1_565' title='bbox 1219 1452 1285 1471; x_wconf 85' lang='lat' dir='ltr'><strong>vero</strong></span> <span class='ocrx_word' id='word_1_566' title='bbox 1299 1449 1438 1471; x_wconf 88' lang='lat' dir='ltr'><strong>ntortuum</strong></span> <span class='ocrx_word' id='word_1_567' title='bbox 1457 1451 1529 1471; x_wconf 92' lang='lat' dir='ltr'><strong>anno</strong></span> <span class='ocrx_word' id='word_1_568' title='bbox 1546 1443 1626 1471; x_wconf 73' lang='lat' dir='ltr'><strong>H05.</strong></span> <span class='ocrx_word' id='word_1_569' title='bbox 1644 1443 1776 1470; x_wconf 87' lang='lat' dir='ltr'><strong>Similiter</strong></span> <span class='ocrx_word' id='word_1_570' title='bbox 1787 1444 1817 1471; x_wconf 91' lang='lat' dir='ltr'><strong>in</strong></span> 
     </span>
    </p>
   </div>
   <div class='ocr_carea' id='block_1_88' title="bbox 1025 1489 1816 1526">
    <p class='ocr_par' dir='ltr' id='par_1_88' title="bbox 1025 1489 1816 1526">
     <span class='ocr_line' id='line_1_88' title="bbox 1025 1489 1816 1526; baseline 0.001 -10"><span class='ocrx_word' id='word_1_571' title='bbox 1025 1490 1105 1517; x_wconf 85' lang='lat' dir='ltr'><strong>annis</strong></span> <span class='ocrx_word' id='word_1_572' title='bbox 1132 1490 1207 1525; x_wconf 81' lang='lat' dir='ltr'><strong>regni</strong></span> <span class='ocrx_word' id='word_1_573' title='bbox 1227 1490 1309 1524; x_wconf 82' lang='lat' dir='ltr'><strong>huius</strong></span> <span class='ocrx_word' id='word_1_574' title='bbox 1329 1495 1452 1518; x_wconf 83' lang='lat' dir='ltr'><strong>erratum</strong></span> <span class='ocrx_word' id='word_1_575' title='bbox 1468 1498 1484 1518; x_wconf 86' lang='lat' dir='ltr'><strong>a</strong></span> <span class='ocrx_word' id='word_1_576' title='bbox 1500 1489 1639 1523; x_wconf 88' lang='lat' dir='ltr'><strong>Laonico,</strong></span> <span class='ocrx_word' id='word_1_577' title='bbox 1655 1491 1703 1526; x_wconf 90' lang='lat' dir='ltr'><strong>qui</strong></span> <span class='ocrx_word' id='word_1_578' title='bbox 1719 1490 1816 1526; x_wconf 82' lang='lat' dir='ltr'><strong>viginti</strong></span> 
     </span>
    </p>
   </div>
   <div class='ocr_carea' id='block_1_89' title="bbox 354 1535 1817 1572">
    <p class='ocr_par' dir='ltr' id='par_1_89' title="bbox 354 1535 1817 1572">
     <span class='ocr_line' id='line_1_89' title="bbox 354 1535 1817 1572; baseline -0.002 -6"><span class='ocrx_word' id='word_1_579' title='bbox 354 1540 460 1567; x_wconf 74' lang='lat' dir='ltr'><strong>Alurim</strong></span> <span class='ocrx_word' id='word_1_580' title='bbox 487 1537 672 1565; x_wconf 78' lang='lat' dir='ltr'><strong>Csramanum</strong></span> <span class='ocrx_word' id='word_1_581' title='bbox 687 1555 694 1568; x_wconf 89' lang='lat'><strong>,</strong></span> <span class='ocrx_word' id='word_1_582' title='bbox 724 1543 740 1562; x_wconf 86' lang='lat' dir='ltr'><strong>a</strong></span> <span class='ocrx_word' id='word_1_583' title='bbox 770 1542 826 1570; x_wconf 82' lang='lat' dir='ltr'><strong>quo</strong></span> <span class='ocrx_word' id='word_1_584' title='bbox 847 1535 968 1570; x_wconf 72' lang='lat' dir='ltr'><strong>adjutus.</strong></span> <span class='ocrx_word' id='word_1_585' title='bbox 984 1537 1006 1565; x_wconf 75' lang='grc' dir='ltr'>ε</span> <span class='ocrx_word' id='word_1_586' title='bbox 1024 1536 1144 1571; x_wconf 85' lang='lat' dir='ltr'><strong>quinque</strong></span> <span class='ocrx_word' id='word_1_587' title='bbox 1160 1541 1296 1569; x_wconf 83' lang='lat' dir='ltr'><strong>numerat,</strong></span> <span class='ocrx_word' id='word_1_588' title='bbox 1311 1545 1362 1572; x_wconf 91' lang='lat' dir='ltr'><strong>pro</strong></span> <span class='ocrx_word' id='word_1_589' title='bbox 1377 1537 1443 1565; x_wconf 75' lang='lat' dir='ltr'><strong>solis</strong></span> <span class='ocrx_word' id='word_1_590' title='bbox 1458 1536 1666 1572; x_wconf 84' lang='lat' dir='ltr'><strong>quatuordceim</strong></span> <span class='ocrx_word' id='word_1_591' title='bbox 1685 1547 1690 1564; x_wconf 93' lang='lat'><strong>:</strong></span> <span class='ocrx_word' id='word_1_592' title='bbox 1709 1537 1742 1564; x_wconf 89' lang='lat' dir='ltr'><strong>dc</strong></span> <span class='ocrx_word' id='word_1_593' title='bbox 1758 1545 1817 1572; x_wconf 80' lang='lat' dir='ltr'><strong>quo</strong></span> 
     </span>
    </p>
   </div>
   <div class='ocr_carea' id='block_1_90' title="bbox 1027 1582 1597 1620">
    <p class='ocr_par' dir='ltr' id='par_1_90' title="bbox 1027 1582 1597 1620">
     <span class='ocr_line' id='line_1_90' title="bbox 1027 1582 1597 1620; baseline 0.007 -12"><span class='ocrx_word' id='word_1_594' title='bbox 1027 1582 1089 1610; x_wconf 84' lang='lat' dir='ltr'><strong>vide</strong></span> <span class='ocrx_word' id='word_1_595' title='bbox 1103 1589 1185 1618; x_wconf 83' lang='lat' dir='ltr'><strong>supra</strong></span> <span class='ocrx_word' id='word_1_596' title='bbox 1200 1591 1316 1611; x_wconf 87' lang='lat' dir='ltr'><strong>numero</strong></span> <span class='ocrx_word' id='word_1_597' title='bbox 1333 1584 1365 1610; x_wconf 75' lang='grc' dir='ltr'><strong><em>Π</em></strong></span> <span class='ocrx_word' id='word_1_598' title='bbox 1382 1589 1485 1612; x_wconf 85' lang='lat' dir='ltr'><strong>notata.</strong></span> <span class='ocrx_word' id='word_1_599' title='bbox 1595 1618 1597 1620; x_wconf 95' lang='lat'><em>_</em></span> 
     </span>
    </p>
   </div>
   <div class='ocr_carea' id='block_1_91' title="bbox 1160 1629 1634 1666">
    <p class='ocr_par' dir='ltr' id='par_1_91' title="bbox 1160 1629 1634 1666">
     <span class='ocr_line' id='line_1_91' title="bbox 1160 1629 1634 1666; baseline 0.002 -9"><span class='ocrx_word' id='word_1_600' title='bbox 1160 1629 1204 1657; x_wconf 80' lang='lat'><strong>66.</strong></span> <span class='ocrx_word' id='word_1_601' title='bbox 1217 1629 1381 1663; x_wconf 78' lang='lat' dir='ltr'><strong>Castamom’,</strong></span> <span class='ocrx_word' id='word_1_602' title='bbox 1399 1630 1522 1666; x_wconf 78' lang='lat' dir='ltr'><strong>Congeri,</strong></span> <span class='ocrx_word' id='word_1_603' title='bbox 1539 1631 1634 1666; x_wconf 76' lang='lat' dir='ltr'><strong>Cangi.</strong></span> 
     </span>
    </p>
   </div>
   <div class='ocr_carea' id='block_1_92' title="bbox 1059 1676 1818 1714">
    <p class='ocr_par' dir='ltr' id='par_1_92' title="bbox 1059 1676 1818 1714">
     <span class='ocr_line' id='line_1_92' title="bbox 1059 1676 1818 1714; baseline 0.001 -10"><span class='ocrx_word' id='word_1_604' title='bbox 1059 1676 1248 1712; x_wconf 84' lang='lat' dir='ltr'><strong>Claudiopolis</strong></span> <span class='ocrx_word' id='word_1_605' title='bbox 1258 1678 1355 1705; x_wconf 83' lang='lat' dir='ltr'><strong>civitas</strong></span> <span class='ocrx_word' id='word_1_606' title='bbox 1366 1683 1408 1706; x_wconf 86' lang='lat' dir='ltr'><strong>est</strong></span> <span class='ocrx_word' id='word_1_607' title='bbox 1418 1678 1593 1712; x_wconf 86' lang='lat' dir='ltr'><strong>Honoriadis,</strong></span> <span class='ocrx_word' id='word_1_608' title='bbox 1607 1679 1633 1705; x_wconf 78' lang='lat' dir='ltr'><strong>ir.</strong></span> <span class='ocrx_word' id='word_1_609' title='bbox 1648 1678 1736 1706; x_wconf 88' lang='lat' dir='ltr'><strong>Ponto</strong></span> <span class='ocrx_word' id='word_1_610' title='bbox 1752 1686 1818 1714; x_wconf 79' lang='lat' dir='ltr'><strong>pro-</strong></span> 
     </span>
    </p>
   </div>
   <div class='ocr_carea' id='block_1_93' title="bbox 1027 1723 1818 1761">
    <p class='ocr_par' dir='ltr' id='par_1_93' title="bbox 1027 1723 1818 1761">
     <span class='ocr_line' id='line_1_93' title="bbox 1027 1723 1818 1761; baseline 0.003 -11"><span class='ocrx_word' id='word_1_611' title='bbox 1027 1723 1128 1757; x_wconf 81' lang='lat' dir='ltr'><strong>vincia,</strong></span> <span class='ocrx_word' id='word_1_612' title='bbox 1140 1732 1221 1759; x_wconf 86' lang='lat' dir='ltr'><strong>quam</strong></span> <span class='ocrx_word' id='word_1_613' title='bbox 1235 1732 1298 1752; x_wconf 92' lang='lat' dir='ltr'><strong>nov.</strong></span> <span class='ocrx_word' id='word_1_614' title='bbox 1312 1724 1411 1752; x_wconf 78' lang='lat' dir='ltr'><strong>Leonis</strong></span> <span class='ocrx_word' id='word_1_615' title='bbox 1424 1725 1539 1761; x_wconf 78' lang='lat' dir='ltr'><strong>Augusti</strong></span> <span class='ocrx_word' id='word_1_616' title='bbox 1557 1726 1728 1760; x_wconf 86' lang='lat' dir='ltr'><strong>tnetropolim</strong></span> <span class='ocrx_word' id='word_1_617' title='bbox 1739 1725 1818 1758; x_wconf 76' lang='lat' dir='ltr'><strong>lactt,</strong></span> 
     </span>
    </p>
   </div>
   <div class='ocr_carea' id='block_1_94' title="bbox 1026 1769 1816 1807">
    <p class='ocr_par' dir='ltr' id='par_1_94' title="bbox 1026 1769 1816 1807">
     <span class='ocr_line' id='line_1_94' title="bbox 1026 1769 1816 1807; baseline 0.004 -11"><span class='ocrx_word' id='word_1_618' title='bbox 1026 1769 1107 1805; x_wconf 88' lang='lat' dir='ltr'><strong>eiqtte</strong></span> <span class='ocrx_word' id='word_1_619' title='bbox 1124 1775 1222 1806; x_wconf 71' lang='lat' dir='ltr'><strong>praeter</strong></span> <span class='ocrx_word' id='word_1_620' title='bbox 1235 1771 1304 1799; x_wconf 84' lang='lat' dir='ltr'><strong>alios</strong></span> <span class='ocrx_word' id='word_1_621' title='bbox 1323 1771 1509 1807; x_wconf 84' lang='lat' dir='ltr'><strong>episcopatus,</strong></span> <span class='ocrx_word' id='word_1_622' title='bbox 1524 1770 1684 1800; x_wconf 83' lang='lat' dir='ltr'><strong>Heracleam</strong></span> <span class='ocrx_word' id='word_1_623' title='bbox 1705 1780 1816 1807; x_wconf 81' lang='lat' dir='ltr'><strong>quoque</strong></span> 
     </span>
    </p>
   </div>
   <div class='ocr_carea' id='block_1_95' title="bbox 1025 1811 1817 1854">
    <p class='ocr_par' dir='ltr' id='par_1_95' title="bbox 1025 1811 1817 1854">
     <span class='ocr_line' id='line_1_95' title="bbox 1025 1811 1817 1854; baseline 0.004 -11"><span class='ocrx_word' id='word_1_624' title='bbox 1025 1811 1169 1844; x_wconf 80' lang='lat' dir='ltr'><strong>Ponticam</strong></span> <span class='ocrx_word' id='word_1_625' title='bbox 1187 1818 1309 1853; x_wconf 71' lang='lat' dir='ltr'><strong>subiicit.</strong></span> <span class='ocrx_word' id='word_1_626' title='bbox 1321 1817 1396 1846; x_wconf 77' lang='lat' dir='ltr'><strong>Hanc</strong></span> <span class='ocrx_word' id='word_1_627' title='bbox 1408 1818 1510 1847; x_wconf 83' lang='lat' dir='ltr'><strong>Marius</strong></span> <span class='ocrx_word' id='word_1_628' title='bbox 1521 1818 1603 1854; x_wconf 87' lang='lat' dir='ltr'><strong>Niger</strong></span> <span class='ocrx_word' id='word_1_629' title='bbox 1612 1820 1714 1847; x_wconf 87' lang='lat' dir='ltr'><strong>recenti</strong></span> <span class='ocrx_word' id='word_1_630' title='bbox 1726 1821 1817 1846; x_wconf 87' lang='lat' dir='ltr'><strong>nomi-</strong></span> 
     </span>
    </p>
   </div>
   <div class='ocr_carea' id='block_1_96' title="bbox 1026 1863 1815 1898">
    <p class='ocr_par' dir='ltr' id='par_1_96' title="bbox 1026 1863 1815 1898">
     <span class='ocr_line' id='line_1_96' title="bbox 1026 1863 1815 1898; baseline 0.003 -8"><span class='ocrx_word' id='word_1_631' title='bbox 1026 1870 1060 1890; x_wconf 87' lang='lat' dir='ltr'><strong>ne</strong></span> <span class='ocrx_word' id='word_1_632' title='bbox 1090 1863 1142 1890; x_wconf 89' lang='lat' dir='ltr'><strong>dici</strong></span> <span class='ocrx_word' id='word_1_633' title='bbox 1174 1867 1254 1898; x_wconf 81' lang='lat' dir='ltr'><strong>putat</strong></span> <span class='ocrx_word' id='word_1_634' title='bbox 1287 1863 1494 1896; x_wconf 81' lang='lat' dir='ltr'><strong>Castamenam.</strong></span> <span class='ocrx_word' id='word_1_635' title='bbox 1524 1866 1582 1892; x_wconf 82' lang='lat' dir='ltr'><strong>sive</strong></span> <span class='ocrx_word' id='word_1_636' title='bbox 1596 1865 1815 1898; x_wconf 78' lang='lat' dir='ltr'><strong>Castantonmn;</strong></span> 
     </span>
    </p>
   </div>
   <div class='ocr_carea' id='block_1_97' title="bbox 1026 1908 1818 1942">
    <p class='ocr_par' dir='ltr' id='par_1_97' title="bbox 1026 1908 1818 1942">
     <span class='ocr_line' id='line_1_97' title="bbox 1026 1908 1818 1942; baseline 0.005 -7"><span class='ocrx_word' id='word_1_637' title='bbox 1026 1908 1073 1936; x_wconf 82' lang='lat' dir='ltr'><strong>sed</strong></span> <span class='ocrx_word' id='word_1_638' title='bbox 1104 1908 1217 1942; x_wconf 62' lang='lat' dir='ltr'><strong>iallitur,</strong></span> <span class='ocrx_word' id='word_1_639' title='bbox 1237 1917 1299 1936; x_wconf 88' lang='lat' dir='ltr'><strong>cum</strong></span> <span class='ocrx_word' id='word_1_640' title='bbox 1325 1910 1426 1937; x_wconf 84' lang='lat' dir='ltr'><strong>rectius</strong></span> <span class='ocrx_word' id='word_1_641' title='bbox 1457 1910 1633 1939; x_wconf 83' lang='lat' dir='ltr'><strong>Castromena</strong></span> <span class='ocrx_word' id='word_1_642' title='bbox 1665 1911 1701 1939; x_wconf 85' lang='lat' dir='ltr'><strong>sit</strong></span> <span class='ocrx_word' id='word_1_643' title='bbox 1735 1911 1818 1940; x_wconf 52' lang='lat' dir='ltr'><strong>Clark</strong></span> 
     </span>
    </p>
   </div>
   <div class='ocr_carea' id='block_1_98' title="bbox 1025 1954 1820 1994">
    <p class='ocr_par' dir='ltr' id='par_1_98' title="bbox 1025 1954 1820 1994">
     <span class='ocr_line' id='line_1_98' title="bbox 1025 1954 1820 1994; baseline 0.006 -13"><span class='ocrx_word' id='word_1_644' title='bbox 1025 1954 1152 1989; x_wconf 88' lang='lat' dir='ltr'><strong>diopolis.</strong></span> <span class='ocrx_word' id='word_1_645' title='bbox 1175 1956 1341 1984; x_wconf 86' lang='lat' dir='ltr'><strong>Castamona</strong></span> <span class='ocrx_word' id='word_1_646' title='bbox 1357 1965 1422 1984; x_wconf 76' lang='lat' dir='ltr'><strong>Vero</strong></span> <span class='ocrx_word' id='word_1_647' title='bbox 1436 1957 1489 1985; x_wconf 86' lang='lat' dir='ltr'><strong>sita</strong></span> <span class='ocrx_word' id='word_1_648' title='bbox 1508 1958 1616 1994; x_wconf 76' lang='lat' dir='ltr'><strong>longius</strong></span> <span class='ocrx_word' id='word_1_649' title='bbox 1631 1963 1691 1990; x_wconf 80' lang='lat' dir='ltr'><strong>est.</strong></span> <span class='ocrx_word' id='word_1_650' title='bbox 1718 1967 1820 1986; x_wconf 81' lang='lat' dir='ltr'><strong>versus</strong></span> 
     </span>
    </p>
   </div>
   <div class='ocr_carea' id='block_1_99' title="bbox 1026 2000 1816 2041">
    <p class='ocr_par' dir='ltr' id='par_1_99' title="bbox 1026 2000 1816 2041">
     <span class='ocr_line' id='line_1_99' title="bbox 1026 2000 1816 2041; baseline 0.008 -14"><span class='ocrx_word' id='word_1_651' title='bbox 1026 2000 1146 2036; x_wconf 87' lang='lat' dir='ltr'><strong>Sinopen</strong></span> <span class='ocrx_word' id='word_1_652' title='bbox 1179 2002 1309 2037; x_wconf 81' lang='lat' dir='ltr'><strong>oppidum</strong></span> <span class='ocrx_word' id='word_1_653' title='bbox 1333 2002 1512 2037; x_wconf 80' lang='lat' dir='ltr'><strong>Helenoponti</strong></span> <span class='ocrx_word' id='word_1_654' title='bbox 1533 2010 1560 2032; x_wconf 87' lang='lat' dir='ltr'><strong>et</strong></span> <span class='ocrx_word' id='word_1_655' title='bbox 1587 2004 1816 2041; x_wconf 76' lang='lat' dir='ltr'><strong>Paphlagoniam.</strong></span> 
     </span>
    </p>
   </div>
   <div class='ocr_carea' id='block_1_100' title="bbox 1025 2046 1815 2085">
    <p class='ocr_par' dir='ltr' id='par_1_100' title="bbox 1025 2046 1815 2085">
     <span class='ocr_line' id='line_1_100' title="bbox 1025 2046 1815 2085; baseline 0.009 -12"><span class='ocrx_word' id='word_1_656' title='bbox 1025 2046 1092 2074; x_wconf 82' lang='lat' dir='ltr'><strong>Tam</strong></span> <span class='ocrx_word' id='word_1_657' title='bbox 1123 2048 1254 2083; x_wconf 77' lang='lat' dir='ltr'><strong>Sinopes,</strong></span> <span class='ocrx_word' id='word_1_658' title='bbox 1283 2057 1366 2084; x_wconf 87' lang='lat' dir='ltr'><strong>quam</strong></span> <span class='ocrx_word' id='word_1_659' title='bbox 1395 2050 1569 2079; x_wconf 73' lang='lat' dir='ltr'><strong>Castamonae</strong></span> <span class='ocrx_word' id='word_1_660' title='bbox 1599 2053 1723 2085; x_wconf 84' lang='lat' dir='ltr'><strong>nominaI</strong></span> <span class='ocrx_word' id='word_1_661' title='bbox 1751 2061 1815 2081; x_wconf 82' lang='lat' dir='ltr'><strong>eum</strong></span> 
     </span>
    </p>
   </div>
   <div class='ocr_carea' id='block_1_101' title="bbox 1024 2094 1817 2131">
    <p class='ocr_par' dir='ltr' id='par_1_101' title="bbox 1024 2094 1817 2131">
     <span class='ocr_line' id='line_1_101' title="bbox 1024 2094 1817 2131; baseline 0.01 -11"><span class='ocrx_word' id='word_1_662' title='bbox 1024 2094 1092 2128; x_wconf 87' lang='lat' dir='ltr'><strong>ipsis</strong></span> <span class='ocrx_word' id='word_1_663' title='bbox 1110 2095 1218 2129; x_wconf 89' lang='lat' dir='ltr'><strong>oppidis</strong></span> <span class='ocrx_word' id='word_1_664' title='bbox 1232 2115 1239 2128; x_wconf 89' lang='lat'><strong>,</strong></span> <span class='ocrx_word' id='word_1_665' title='bbox 1257 2102 1404 2131; x_wconf 86' lang='lat' dir='ltr'><strong>supersunt</strong></span> <span class='ocrx_word' id='word_1_666' title='bbox 1423 2117 1432 2129; x_wconf 83' lang='lat'><strong>,</strong></span> <span class='ocrx_word' id='word_1_667' title='bbox 1449 2099 1489 2125; x_wconf 89' lang='lat' dir='ltr'><strong>uti</strong></span> <span class='ocrx_word' id='word_1_668' title='bbox 1517 2099 1610 2125; x_wconf 86' lang='lat' dir='ltr'><strong>videre</strong></span> <span class='ocrx_word' id='word_1_669' title='bbox 1626 2105 1667 2127; x_wconf 80' lang='lat' dir='ltr'><strong>est</strong></span> <span class='ocrx_word' id='word_1_670' title='bbox 1683 2100 1710 2126; x_wconf 92' lang='lat' dir='ltr'><strong>in</strong></span> <span class='ocrx_word' id='word_1_671' title='bbox 1729 2107 1817 2128; x_wconf 81' lang='lat' dir='ltr'><strong>artua-</strong></span> 
     </span>
    </p>
   </div>
   <div class='ocr_carea' id='block_1_102' title="bbox 1025 2139 1816 2176">
    <p class='ocr_par' dir='ltr' id='par_1_102' title="bbox 1025 2139 1816 2176">
     <span class='ocr_line' id='line_1_102' title="bbox 1025 2139 1816 2176; baseline 0.01 -11"><span class='ocrx_word' id='word_1_672' title='bbox 1025 2139 1090 2166; x_wconf 91' lang='lat' dir='ltr'><strong>linnt</strong></span> <span class='ocrx_word' id='word_1_673' title='bbox 1112 2141 1305 2175; x_wconf 85' lang='lat' dir='ltr'><strong>supplemento</strong></span> <span class='ocrx_word' id='word_1_674' title='bbox 1328 2148 1432 2176; x_wconf 84' lang='lat' dir='ltr'><strong>nostro,</strong></span> <span class='ocrx_word' id='word_1_675' title='bbox 1446 2143 1480 2170; x_wconf 89' lang='lat' dir='ltr'><strong>ad</strong></span> <span class='ocrx_word' id='word_1_676' title='bbox 1499 2152 1601 2172; x_wconf 80' lang='lat' dir='ltr'><strong>artuum</strong></span> <span class='ocrx_word' id='word_1_677' title='bbox 1625 2145 1816 2173; x_wconf 82' lang='lat' dir='ltr'><strong>Christianum</strong></span> 
     </span>
    </p>
   </div>
   <div class='ocr_carea' id='block_1_103' title="bbox 1026 2185 1815 2220">
    <p class='ocr_par' dir='ltr' id='par_1_103' title="bbox 1026 2185 1815 2220">
     <span class='ocr_line' id='line_1_103' title="bbox 1026 2185 1815 2220; baseline 0.008 -7"><span class='ocrx_word' id='word_1_678' title='bbox 1026 2185 1105 2213; x_wconf 73' lang='lat' dir='ltr'><strong>l53l.</strong></span> <span class='ocrx_word' id='word_1_679' title='bbox 1133 2185 1199 2214; x_wconf 86' lang='lat' dir='ltr'><strong>Istic</strong></span> <span class='ocrx_word' id='word_1_680' title='bbox 1225 2188 1300 2215; x_wconf 88' lang='lat' dir='ltr'><strong>enim</strong></span> <span class='ocrx_word' id='word_1_681' title='bbox 1326 2194 1390 2216; x_wconf 86' lang='lat' dir='ltr'><strong>tunc</strong></span> <span class='ocrx_word' id='word_1_682' title='bbox 1408 2188 1510 2217; x_wconf 83' lang='lat' dir='ltr'><strong>Osman</strong></span> <span class='ocrx_word' id='word_1_683' title='bbox 1526 2191 1606 2218; x_wconf 82' lang='lat' dir='ltr'><strong>bassa</strong></span> <span class='ocrx_word' id='word_1_684' title='bbox 1625 2192 1815 2220; x_wconf 75' lang='lat' dir='ltr'><strong>vezirazemes</strong></span> 
     </span>
    </p>
   </div>
   <div class='ocr_carea' id='block_1_104' title="bbox 1024 2233 1812 2269">
    <p class='ocr_par' dir='ltr' id='par_1_104' title="bbox 1024 2233 1812 2269">
     <span class='ocr_line' id='line_1_104' title="bbox 1024 2233 1812 2269; baseline 0.009 -10"><span class='ocrx_word' id='word_1_685' title='bbox 1024 2239 1119 2260; x_wconf 86' lang='lat' dir='ltr'><strong>contra</strong></span> <span class='ocrx_word' id='word_1_686' title='bbox 1143 2233 1243 2262; x_wconf 84' lang='lat' dir='ltr'><strong>Persas</strong></span> <span class='ocrx_word' id='word_1_687' title='bbox 1270 2235 1370 2269; x_wconf 86' lang='lat' dir='ltr'><strong>iturus,</strong></span> <span class='ocrx_word' id='word_1_688' title='bbox 1387 2236 1499 2264; x_wconf 87' lang='lat' dir='ltr'><strong>tttilitem</strong></span> <span class='ocrx_word' id='word_1_689' title='bbox 1520 2238 1545 2264; x_wconf 91' lang='lat' dir='ltr'><strong>in</strong></span> <span class='ocrx_word' id='word_1_690' title='bbox 1562 2237 1683 2265; x_wconf 87' lang='lat' dir='ltr'><strong>hibernis</strong></span> <span class='ocrx_word' id='word_1_691' title='bbox 1705 2239 1812 2266; x_wconf 80' lang='lat' dir='ltr'><strong>imbuit.</strong></span> 
     </span>
    </p>
   </div>
   <div class='ocr_carea' id='block_1_105' title="bbox 1024 2279 1814 2310">
    <p class='ocr_par' dir='ltr' id='par_1_105' title="bbox 1024 2279 1814 2310">
     <span class='ocr_line' id='line_1_105' title="bbox 1024 2279 1814 2310; baseline 0.006 -4"><span class='ocrx_word' id='word_1_692' title='bbox 1024 2279 1183 2308; x_wconf 83' lang='lat' dir='ltr'><strong>Menavinus</strong></span> <span class='ocrx_word' id='word_1_693' title='bbox 1195 2281 1294 2308; x_wconf 83' lang='lat' dir='ltr'><strong>alicubi</strong></span> <span class='ocrx_word' id='word_1_694' title='bbox 1309 2282 1482 2309; x_wconf 78' lang='lat' dir='ltr'><strong>Casteutolcn</strong></span> <span class='ocrx_word' id='word_1_695' title='bbox 1497 2283 1659 2310; x_wconf 82' lang='lat' dir='ltr'><strong>nominavit.</strong></span> <span class='ocrx_word' id='word_1_696' title='bbox 1677 2283 1814 2310; x_wconf 57' lang='lat' dir='ltr'><strong>Colit-inus</strong></span> 
     </span>
    </p>
   </div>
   <div class='ocr_carea' id='block_1_106' title="bbox 1024 2326 1812 2360">
    <p class='ocr_par' dir='ltr' id='par_1_106' title="bbox 1024 2326 1812 2360">
     <span class='ocr_line' id='line_1_106' title="bbox 1024 2326 1812 2360; baseline 0.005 -8"><span class='ocrx_word' id='word_1_697' title='bbox 1024 2326 1050 2352; x_wconf 88' lang='lat' dir='ltr'><strong>itt</strong></span> <span class='ocrx_word' id='word_1_698' title='bbox 1066 2326 1197 2354; x_wconf 78' lang='lat' dir='ltr'><strong>Michaele</strong></span> <span class='ocrx_word' id='word_1_699' title='bbox 1214 2327 1374 2355; x_wconf 74' lang='lat' dir='ltr'><strong>Slratiotico</strong></span> <span class='ocrx_word' id='word_1_700' title='bbox 1395 2329 1452 2356; x_wconf 81' lang='lat' dir='ltr'><strong>sive</strong></span> <span class='ocrx_word' id='word_1_701' title='bbox 1468 2329 1594 2360; x_wconf 88' lang='lat' dir='ltr'><strong>tuilitari,</strong></span> <span class='ocrx_word' id='word_1_702' title='bbox 1616 2328 1812 2357; x_wconf 78' lang='lat' dir='ltr'><strong>Castantonem</strong></span> 
     </span>
    </p>
   </div>
   <div class='ocr_carea' id='block_1_107' title="bbox 1022 2373 1812 2408">
    <p class='ocr_par' dir='ltr' id='par_1_107' title="bbox 1022 2373 1812 2408">
     <span class='ocr_line' id='line_1_107' title="bbox 1022 2373 1812 2408; baseline 0.006 -10"><span class='ocrx_word' id='word_1_703' title='bbox 1022 2373 1151 2406; x_wconf 79' lang='lat' dir='ltr'><strong>appellat,</strong></span> <span class='ocrx_word' id='word_1_704' title='bbox 1169 2379 1194 2400; x_wconf 88' lang='lat' dir='ltr'><strong>et</strong></span> <span class='ocrx_word' id='word_1_705' title='bbox 1226 2373 1253 2400; x_wconf 92' lang='lat' dir='ltr'><strong>in</strong></span> <span class='ocrx_word' id='word_1_706' title='bbox 1282 2373 1467 2408; x_wconf 77' lang='lat' dir='ltr'><strong>Paphlagonia</strong></span> <span class='ocrx_word' id='word_1_707' title='bbox 1488 2374 1606 2402; x_wconf 84' lang='lat' dir='ltr'><strong>collocat</strong></span> <span class='ocrx_word' id='word_1_708' title='bbox 1632 2375 1675 2403; x_wconf 85' lang='lat' dir='ltr'><strong>his</strong></span> <span class='ocrx_word' id='word_1_709' title='bbox 1702 2377 1812 2404; x_wconf 84' lang='lat' dir='ltr'><strong>verbis:</strong></span> 
     </span>
    </p>
   </div>
   <div class='ocr_carea' id='block_1_108' title="bbox 1021 2417 1815 2456">
    <p class='ocr_par' dir='ltr' id='par_1_108' title="bbox 1021 2417 1815 2456">
     <span class='ocr_line' id='line_1_108' title="bbox 1021 2417 1815 2456; baseline 0.004 -11"><span class='ocrx_word' id='word_1_710' title='bbox 1021 2417 1214 2446; x_wconf 74' lang='lat' dir='ltr'><strong>Castttntottem</strong></span> <span class='ocrx_word' id='word_1_711' title='bbox 1245 2420 1271 2446; x_wconf 90' lang='lat' dir='ltr'><strong>in</strong></span> <span class='ocrx_word' id='word_1_712' title='bbox 1298 2418 1486 2455; x_wconf 74' lang='lat' dir='ltr'><strong>Paphlagonia</strong></span> <span class='ocrx_word' id='word_1_713' title='bbox 1503 2420 1582 2447; x_wconf 73' lang='lat' dir='ltr'><strong>sitam</strong></span> <span class='ocrx_word' id='word_1_714' title='bbox 1601 2421 1715 2448; x_wconf 77' lang='lat' dir='ltr'><strong>vrniuut</strong></span> <span class='ocrx_word' id='word_1_715' title='bbox 1727 2440 1734 2453; x_wconf 84' lang='lat'><strong>,</strong></span> <span class='ocrx_word' id='word_1_716' title='bbox 1751 2429 1815 2456; x_wconf 62' lang='lat' dir='ltr'><strong>quae</strong></span> 
     </span>
    </p>
   </div>
   <div class='ocr_carea' id='block_1_109' title="bbox 1022 2465 1812 2502">
    <p class='ocr_par' dir='ltr' id='par_1_109' title="bbox 1022 2465 1812 2502">
     <span class='ocr_line' id='line_1_109' title="bbox 1022 2465 1812 2502; baseline 0.004 -12"><span class='ocrx_word' id='word_1_717' title='bbox 1022 2471 1088 2491; x_wconf 73' lang='lat' dir='ltr'><strong>sane</strong></span> <span class='ocrx_word' id='word_1_718' title='bbox 1097 2465 1244 2492; x_wconf 76' lang='lat' dir='ltr'><strong>Castamon</strong></span> <span class='ocrx_word' id='word_1_719' title='bbox 1256 2466 1423 2492; x_wconf 84' lang='lat' dir='ltr'><strong>domicilium</strong></span> <span class='ocrx_word' id='word_1_720' title='bbox 1436 2466 1625 2501; x_wconf 81' lang='lat' dir='ltr'><strong>eratmagistri</strong></span> <span class='ocrx_word' id='word_1_721' title='bbox 1636 2465 1812 2502; x_wconf 73' lang='lat' dir='ltr'><strong>[ciliciorum]</strong></span> 
     </span>
    </p>
   </div>
   <div class='ocr_carea' id='block_1_110' title="bbox 1023 2509 1812 2541">
    <p class='ocr_par' dir='ltr' id='par_1_110' title="bbox 1023 2509 1812 2541">
     <span class='ocr_line' id='line_1_110' title="bbox 1023 2509 1812 2541; baseline 0.006 -5"><span class='ocrx_word' id='word_1_722' title='bbox 1023 2510 1118 2537; x_wconf 84' lang='lat' dir='ltr'><strong>lsaacii</strong></span> <span class='ocrx_word' id='word_1_723' title='bbox 1127 2509 1270 2537; x_wconf 70' lang='lat' dir='ltr'><strong>Comm-ni.</strong></span> <span class='ocrx_word' id='word_1_724' title='bbox 1281 2511 1383 2538; x_wconf 78' lang='lat' dir='ltr'><strong>Pra-tor</strong></span> <span class='ocrx_word' id='word_1_725' title='bbox 1394 2511 1505 2539; x_wconf 68' lang='lat' dir='ltr'><strong>Graecia:</strong></span> <span class='ocrx_word' id='word_1_726' title='bbox 1513 2517 1607 2539; x_wconf 82' lang='lat' dir='ltr'><strong>uoster</strong></span> <span class='ocrx_word' id='word_1_727' title='bbox 1617 2512 1812 2541; x_wconf 79' lang='lat' dir='ltr'><strong>Castamonam</strong></span> 
     </span>
    </p>
   </div>
   <div class='ocr_carea' id='block_1_111' title="bbox 1023 2557 1812 2594">
    <p class='ocr_par' dir='ltr' id='par_1_111' title="bbox 1023 2557 1812 2594">
     <span class='ocr_line' id='line_1_111' title="bbox 1023 2557 1812 2594; baseline 0.003 -10"><span class='ocrx_word' id='word_1_728' title='bbox 1023 2562 1101 2584; x_wconf 82' lang='lat' dir='ltr'><strong>vocat</strong></span> <span class='ocrx_word' id='word_1_729' title='bbox 1118 2557 1144 2584; x_wconf 91' lang='lat' dir='ltr'><strong>iu</strong></span> <span class='ocrx_word' id='word_1_730' title='bbox 1164 2558 1283 2584; x_wconf 85' lang='lat' dir='ltr'><strong>llistoria</strong></span> <span class='ocrx_word' id='word_1_731' title='bbox 1302 2564 1361 2589; x_wconf 80' lang='lat' dir='ltr'><strong>sua,</strong></span> <span class='ocrx_word' id='word_1_732' title='bbox 1379 2558 1413 2585; x_wconf 88' lang='lat' dir='ltr'><strong>de</strong></span> <span class='ocrx_word' id='word_1_733' title='bbox 1427 2558 1557 2585; x_wconf 79' lang='lat' dir='ltr'><strong>ltltcltaclc</strong></span> <span class='ocrx_word' id='word_1_734' title='bbox 1571 2559 1733 2594; x_wconf 70' lang='lat' dir='ltr'><strong>Palmologo,</strong></span> <span class='ocrx_word' id='word_1_735' title='bbox 1751 2566 1812 2594; x_wconf 79' lang='lat' dir='ltr'><strong>post</strong></span> 
     </span>
    </p>
   </div>
   <div class='ocr_carea' id='block_1_112' title="bbox 1022 2603 1811 2638">
    <p class='ocr_par' dir='ltr' id='par_1_112' title="bbox 1022 2603 1811 2638">
     <span class='ocr_line' id='line_1_112' title="bbox 1022 2603 1811 2638; baseline 0.006 -9"><span class='ocrx_word' id='word_1_736' title='bbox 1022 2603 1108 2630; x_wconf 75' lang='lat' dir='ltr'><strong>victos</strong></span> <span class='ocrx_word' id='word_1_737' title='bbox 1124 2611 1138 2630; x_wconf 86' lang='lat' dir='ltr'><strong>a</strong></span> <span class='ocrx_word' id='word_1_738' title='bbox 1161 2604 1270 2630; x_wconf 70' lang='lat' dir='ltr'><strong>Tutnris</strong></span> <span class='ocrx_word' id='word_1_739' title='bbox 1287 2604 1462 2638; x_wconf 82' lang='lat' dir='ltr'><strong>Icanieuscs,</strong></span> <span class='ocrx_word' id='word_1_740' title='bbox 1486 2607 1542 2632; x_wconf 58' lang='lat' dir='ltr'><strong>hac</strong></span> <span class='ocrx_word' id='word_1_741' title='bbox 1567 2613 1786 2634; x_wconf 84' lang='lat' dir='ltr'><strong>commemorans</strong></span> <span class='ocrx_word' id='word_1_742' title='bbox 1804 2616 1811 2634; x_wconf 89' lang='lat'><strong>:</strong></span> 
     </span>
    </p>
   </div>
   <div class='ocr_carea' id='block_1_113' title="bbox 1020 2649 1812 2686">
    <p class='ocr_par' dir='ltr' id='par_1_113' title="bbox 1020 2649 1812 2686">
     <span class='ocr_line' id='line_1_113' title="bbox 1020 2649 1812 2686; baseline 0.005 -10"><span class='ocrx_word' id='word_1_743' title='bbox 1020 2649 1137 2677; x_wconf 78' lang='lat' dir='ltr'><strong>Michael</strong></span> <span class='ocrx_word' id='word_1_744' title='bbox 1148 2650 1316 2681; x_wconf 81' lang='lat' dir='ltr'><strong>Contnenus.</strong></span> <span class='ocrx_word' id='word_1_745' title='bbox 1329 2651 1381 2678; x_wconf 84' lang='lat' dir='ltr'><strong>hoc</strong></span> <span class='ocrx_word' id='word_1_746' title='bbox 1392 2651 1477 2686; x_wconf 71' lang='lat' dir='ltr'><strong>praelii</strong></span> <span class='ocrx_word' id='word_1_747' title='bbox 1487 2657 1596 2684; x_wconf 75' lang='lat' dir='ltr'><strong>eventu=</strong></span> <span class='ocrx_word' id='word_1_748' title='bbox 1611 2659 1673 2679; x_wconf 86' lang='lat' dir='ltr'><strong>cum</strong></span> <span class='ocrx_word' id='word_1_749' title='bbox 1690 2653 1812 2680; x_wconf 69' lang='lat' dir='ltr'><strong>maximo</strong></span> 
     </span>
    </p>
   </div>
   <div class='ocr_carea' id='block_1_114' title="bbox 1020 2695 1810 2732">
    <p class='ocr_par' dir='ltr' id='par_1_114' title="bbox 1020 2695 1810 2732">
     <span class='ocr_line' id='line_1_114' title="bbox 1020 2695 1810 2732; baseline 0.004 -9"><span class='ocrx_word' id='word_1_750' title='bbox 1020 2695 1194 2724; x_wconf 75' lang='lat' dir='ltr'><strong>Persicorum</strong></span> <span class='ocrx_word' id='word_1_751' title='bbox 1214 2698 1383 2724; x_wconf 74' lang='lat' dir='ltr'><strong>exercituum</strong></span> <span class='ocrx_word' id='word_1_752' title='bbox 1402 2697 1473 2725; x_wconf 87' lang='lat' dir='ltr'><strong>duce</strong></span> <span class='ocrx_word' id='word_1_753' title='bbox 1485 2717 1494 2730; x_wconf 82' lang='lat'><strong>,</strong></span> <span class='ocrx_word' id='word_1_754' title='bbox 1519 2705 1599 2732; x_wconf 87' lang='lat' dir='ltr'><strong>quem</strong></span> <span class='ocrx_word' id='word_1_755' title='bbox 1617 2696 1810 2732; x_wconf 81' lang='lat' dir='ltr'><strong>Peclarpscem</strong></span> 
     </span>
    </p>
   </div>
   <div class='ocr_carea' id='block_1_115' title="bbox 1021 2741 1812 2777">
    <p class='ocr_par' dir='ltr' id='par_1_115' title="bbox 1021 2741 1812 2777">
     <span class='ocr_line' id='line_1_115' title="bbox 1021 2741 1812 2777; baseline 0.003 -9"><span class='ocrx_word' id='word_1_756' title='bbox 1021 2741 1112 2769; x_wconf 67' lang='lat' dir='ltr'><strong>Persa.-</strong></span> <span class='ocrx_word' id='word_1_757' title='bbox 1139 2742 1202 2777; x_wconf 81' lang='lat' dir='ltr'><strong>(ltoc</strong></span> <span class='ocrx_word' id='word_1_758' title='bbox 1225 2746 1278 2775; x_wconf 82' lang='lat' dir='ltr'><strong>est,</strong></span> <span class='ocrx_word' id='word_1_759' title='bbox 1305 2741 1462 2770; x_wconf 66' lang='lat' dir='ltr'><strong>Iconiensnt</strong></span> <span class='ocrx_word' id='word_1_760' title='bbox 1480 2741 1575 2777; x_wconf 85' lang='lat' dir='ltr'><strong>Turci)</strong></span> <span class='ocrx_word' id='word_1_761' title='bbox 1593 2749 1692 2770; x_wconf 83' lang='lat' dir='ltr'><strong>vocare</strong></span> <span class='ocrx_word' id='word_1_762' title='bbox 1709 2743 1812 2776; x_wconf 82' lang='lat' dir='ltr'><strong>solent.</strong></span> 
     </span>
    </p>
   </div>
   <div class='ocr_carea' id='block_1_116' title="bbox 1020 2786 1811 2822">
    <p class='ocr_par' dir='ltr' id='par_1_116' title="bbox 1020 2786 1811 2822">
     <span class='ocr_line' id='line_1_116' title="bbox 1020 2786 1811 2822; baseline 0.004 -9"><span class='ocrx_word' id='word_1_763' title='bbox 1020 2787 1047 2813; x_wconf 92' lang='lat' dir='ltr'><strong>in</strong></span> <span class='ocrx_word' id='word_1_764' title='bbox 1062 2786 1132 2814; x_wconf 83' lang='lat' dir='ltr'><strong>viam</strong></span> <span class='ocrx_word' id='word_1_765' title='bbox 1151 2794 1211 2814; x_wconf 78' lang='lat' dir='ltr'><strong>sese</strong></span> <span class='ocrx_word' id='word_1_766' title='bbox 1227 2787 1311 2814; x_wconf 72' lang='lat' dir='ltr'><strong>(labet</strong></span> <span class='ocrx_word' id='word_1_767' title='bbox 1326 2795 1332 2814; x_wconf 93' lang='lat'><strong>:</strong></span> <span class='ocrx_word' id='word_1_768' title='bbox 1360 2788 1483 2820; x_wconf 85' lang='lat' dir='ltr'><strong>adeoque</strong></span> <span class='ocrx_word' id='word_1_769' title='bbox 1501 2788 1625 2822; x_wconf 87' lang='lat' dir='ltr'><strong>pluribus</strong></span> <span class='ocrx_word' id='word_1_770' title='bbox 1643 2795 1695 2815; x_wconf 88' lang='lat' dir='ltr'><strong>una</strong></span> <span class='ocrx_word' id='word_1_771' title='bbox 1710 2788 1811 2817; x_wconf 79' lang='lat' dir='ltr'><strong>diebus</strong></span> 
     </span>
    </p>
   </div>
   <div class='ocr_carea' id='block_1_117' title="bbox 1020 2832 1812 2870">
    <p class='ocr_par' dir='ltr' id='par_1_117' title="bbox 1020 2832 1812 2870">
     <span class='ocr_line' id='line_1_117' title="bbox 1020 2832 1812 2870; baseline 0.005 -11"><span class='ocrx_word' id='word_1_772' title='bbox 1020 2833 1071 2860; x_wconf 89' lang='lat' dir='ltr'><strong>iter</strong></span> <span class='ocrx_word' id='word_1_773' title='bbox 1093 2832 1240 2865; x_wconf 76' lang='lat' dir='ltr'><strong>faciebant,</strong></span> <span class='ocrx_word' id='word_1_774' title='bbox 1257 2841 1321 2861; x_wconf 88' lang='lat' dir='ltr'><strong>cum</strong></span> <span class='ocrx_word' id='word_1_775' title='bbox 1339 2834 1446 2862; x_wconf 81' lang='lat' dir='ltr'><strong>hostem</strong></span> <span class='ocrx_word' id='word_1_776' title='bbox 1464 2834 1518 2862; x_wconf 88' lang='lat' dir='ltr'><strong>sibi</strong></span> <span class='ocrx_word' id='word_1_777' title='bbox 1542 2842 1557 2862; x_wconf 85' lang='lat' dir='ltr'><strong>a</strong></span> <span class='ocrx_word' id='word_1_778' title='bbox 1581 2839 1658 2870; x_wconf 80' lang='lat' dir='ltr'><strong>tergo</strong></span> <span class='ocrx_word' id='word_1_779' title='bbox 1674 2835 1812 2865; x_wconf 66' lang='lat' dir='ltr'><strong>inhaeren-</strong></span> 
     </span>
    </p>
   </div>
   <div class='ocr_carea' id='block_1_118' title="bbox 1020 2879 1811 2918">
    <p class='ocr_par' dir='ltr' id='par_1_118' title="bbox 1020 2879 1811 2918">
     <span class='ocr_line' id='line_1_118' title="bbox 1020 2879 1811 2918; baseline 0.005 -12"><span class='ocrx_word' id='word_1_780' title='bbox 1020 2884 1072 2906; x_wconf 88' lang='lat' dir='ltr'><strong>tem</strong></span> <span class='ocrx_word' id='word_1_781' title='bbox 1083 2879 1224 2913; x_wconf 84' lang='lat' dir='ltr'><strong>haberent,</strong></span> <span class='ocrx_word' id='word_1_782' title='bbox 1240 2880 1371 2916; x_wconf 86' lang='lat' dir='ltr'><strong>horisque</strong></span> <span class='ocrx_word' id='word_1_783' title='bbox 1384 2881 1500 2918; x_wconf 78' lang='lat' dir='ltr'><strong>singulis</strong></span> <span class='ocrx_word' id='word_1_784' title='bbox 1514 2889 1575 2909; x_wconf 85' lang='lat' dir='ltr'><strong>cum</strong></span> <span class='ocrx_word' id='word_1_785' title='bbox 1587 2888 1620 2910; x_wconf 81' lang='lat' dir='ltr'><strong>eo</strong></span> <span class='ocrx_word' id='word_1_786' title='bbox 1633 2881 1811 2910; x_wconf 79' lang='lat' dir='ltr'><strong>dimicarent.</strong></span> 
     </span>
    </p>
   </div>
  </div>
