1963 3067
128 158 177 189 ’185

699 157 899 191 ΡΑΝΒΕΟἸἘ
917 159 1016 190 HIST.
1039 157 1190 189 TURCIC.

1693 150 1747 181 786

94 235 97 238 -
128 217 242 245 Tandem
270 217 454 246 l'estinabuntli
491 217 690 246 Castamonant
728 219 903 253 perveniunt.
923 217 1040 250 Anius.
1073 216 1210 245 Ureltanis
1239 215 1311 243 illius
1332 213 1459 243 Osmauis
1473 212 1505 240 N.
1522 211 1746 246 Hadrianopolim

127 265 199 298 juxta
217 272 298 299 quam
317 264 418 292 domus
437 263 548 292 indicati
565 263 740 298 Peclarpacis
753 270 822 291 erat.
840 263 912 291 Hae-

133 317 206 339 tcnus
227 316 337 344 praetor.
367 310 433 344 Quae
460 318 526 338 vero
545 311 589 339 hic
608 310 725 345 Congeri
740 311 911 344 nominatur,

129 366 183 385 eam
194 358 280 392 ipsam
290 364 350 385 esse
361 362 438 391 puto,
449 365 530 392 quam
544 357 570 384 in
579 357 710 384 Anatolia’.
719 356 809 384 tabula
824 356 917 392 Consi»

128 404 251 435 scriptam
262 404 388 438 legimus.
396 403 466 431 haud
477 404 571 438 procul
582 403 769 430 aCastamona
779 403 910 430 tlissitatn.

153 451 193 477 67,
220 449 336 476 Eenuim'
353 449 489 484 Bajazitis
504 450 554 484 ﬁlii
566 450 661 477 secreti
673 459 688 476 a
700 450 898 476 rammentitiis.

161 496 225 529 Quae
251 497 284 522 de
308 496 436 530 anazitis
467 496 566 522 liberis
588 497 637 523 hoc
668 495 728 523 loco
747 503 800 523 non
818 495 913 523 multis

129 542 217 570 verbis
247 547 441 576 exponuntur,
467 542 588 576 diligenti
611 541 830 569 consideratione
856 549 912 568 tne—

130 587 268 622 tuoriaque
291 587 377 621 digna
397 591 478 614 sunt.
496 586 601 622 Quippe
625 595 686 614 cunt
704 587 741 613 illi
757 587 790 614 de
807 587 911 615 Turco-

130 642 185 660 t‘utll
212 634 359 663 sententia.
392 642 444 660 non
476 633 568 666 [llill't‘S
603 641 736 667 numerol
754 641 836 668 quam
862 641 909 661 sex

128 680 238 706 omnino
259 679 361 707 fuerint
374 689 380 706 :
395 679 459 714 quid
475 679 549 706 aliud
561 684 714 708 statuamus
727 701 733 711 ,
749 687 830 713 quam
849 680 912 708 reii—

129 733 194 756 unos
211 725 344 754 hactenus
357 726 436 753 nobis
451 725 590 755 obtrusos.
606 725 681 753 velut
695 726 720 752 in
737 726 841 761 judicio
853 731 911 753 sta-

128 775 168 798 tus
197 772 231 799 ab
256 772 321 806 ipsis
345 772 444 801 Turcis
475 775 684 801 condemnatos.
711 780 760 806 pro
784 773 910 806 genuinis

127 817 252 852 deinceps
280 818 391 852 agnosci
425 826 478 846 non
497 818 617 846 debere?
642 818 734 853 Neque.
747 818 831 856 42⁸
845 827 910 847 vero

129 863 168 889 vel
182 871 278 896 unum,
292 863 334 890 vel
347 863 464 891 alterum
479 863 613 892 duntaxat
634 864 685 891 hoc
700 864 834 899 judicium
850 870 909 891 tan-

127 907 172 942 git,
199 907 249 935 sed
273 909 414 944 rejicicudi
432 910 546 936 omnino
574 910 685 937 totidem
706 911 829 943 veniunt,
842 917 909 945 qttot

125 959 198 981 extra
215 955 429 982 controversiam
444 956 562 991 legitimi.
579 962 726 983 censentur
740 965 747 984 :
777 957 908 984 nimirum

125 1001 150 1027 1ιὶ
168 1009 225 1033 sex,
237 1001 413 1033 Ortltobules,
425 1001 822 1038 Mulsumanes,Cyrisceleliis,
840 1004 913 1036 Alis,

124 1046 201 1074 Jesus
229 1047 340 1079 minor,
375 1047 531 1082 Mustaphas
557 1055 740 1083 cognomento
767 1049 907 1080 Dusmes:

124 1101 184 1122 cum
214 1093 293 1128 primi
322 1102 353 1120 ex
382 1094 424 1121 his
451 1094 612 1123 Orthobulis
639 1095 694 1123 lilio
717 1095 809 1128 Ziehc,
827 1105 907 1132 quem

124 1140 210 1176 ipsum
223 1149 330 1175 quoque
340 1140 423 1169 Turtzl
438 1150 487 1170 ceu
502 1148 606 1170 cretum
620 1142 832 1171 Osmanidarutn
847 1153 908 1173 san-

123 1189 203 1222 guine
233 1195 286 1214 non
315 1193 478 1223 agnoscunt.
496 1189 607 1216 lnteritn
635 1198 699 1217 vero
724 1199 773 1225 pro
802 1192 909 1220 duobus

123 1234 251 1269 explosis,
263 1234 316 1262 duo
325 1235 474 1263 succedunt
486 1236 619 1264 hactenus
633 1237 742 1271 quidem
753 1237 848 1270 ignoti,
861 1238 907 1266 sed

123 1288 136 1306 a
149 1278 244 1307 Turcis
257 1289 304 1315 pro
317 1281 445 1316 legitimis
457 1283 540 1317 agniti
552 1282 709 1310 Gilderunis
725 1283 770 1310 lilii
785 1292 832 1319 pro
841 1285 908 1312 Dus-

124 1335 163 1354 me
174 1327 325 1362 Slustapha,
338 1328 496 1362 Mustaphas
512 1328 629 1362 Zelebis,
643 1329 761 1357 amissus
774 1330 800 1356 in
818 1339 908 1365 pugna

127 1378 216 1400 contra
228 1372 374 1406 Temirem,
386 1382 434 1408 pro
441 1373 503 1403 Jesu
516 1375 621 1402 minore
635 1394 642 1407 ,
654 1375 772 1403 Casanes
791 1376 906 1405 Zoleltis.

121 1417 165 1446 68.
179 1418 199 1445 Α
216 1427 265 1453 quo
278 1420 478 1483 necatuséuerit
488 1420 543 1452 Isa,
563 1421 765 1455 Constantinus,
779 1431 826 1457 pro
847 1422 906 1450 Ma—

295 1455 372 1481 nucle
411 1464 538 1482 ramorum
555 1457 721 1483 imperatore.

295 1455 372 1481 nucle
387 1455 538 1483 Gra'corum
555 1457 721 1490 imperatore.

154 1499 273 1535 Scripsit
299 1500 448 1532 Laonicus,
471 1501 545 1528 inter
576 1501 773 1530 Mulsuntanem
798 1502 907 1532 JeSum-

966 264 1085 298 cepisset
1111 272 1118 290 :
1136 262 1231 290 eodem
1260 267 1286 290 et
1316 260 1392 296 regni
1408 260 1488 289 sedes
1501 267 1533 287 ex
1552 259 1615 286 Asia
1633 259 1750 285 commi-

964 316 1059 343 grasse
1075 308 1180 335 videtur
1191 329 1198 340 ,
1214 307 1286 341 quod
1308 312 1380 334 recte
1394 314 1423 333 se
1439 306 1558 333 facturos
1579 303 1679 331 sultani
1697 302 1748 329 ilu-

963 359 1066 386 Cerrnl,
1096 354 1117 382 si
1137 355 1216 381 rebus
1245 353 1395 381 Attatnlicis
1419 353 1476 387 jam
1499 350 1747 386 tranquillinrilttts,

963 401 1129 435 praecipuum
1156 401 1258 427 militia'
1296 401 1379 428 robur
1413 398 1608 432 llatlrianopoli
1632 398 1702 424 velut
1719 397 1745 423 in

963 446 1088 474 excubiis
1105 447 1259 474 haberent:
1279 447 1360 479 unde,
1379 446 1524 472 momentis
1545 451 1634 471 rerum
1651 451 1682 470 es
1696 451 1747 469 usu

964 500 1016 519 suo
1029 493 1214 528 gerendarum
1232 492 1431 520 animadversis
1446 511 1452 521 .
1471 491 1596 526 progredi
1617 490 1747 525 paulatim

964 538 1046 566 latius
1065 544 1091 566 ct
1117 539 1143 566 in
1163 539 1278 574 Europae
1290 539 1394 566 viscera
1411 538 1529 572 grassari
1543 541 1664 570 possent.
1681 536 1747 563 San~

963 585 1075 613 sorinus
1091 586 1242 618 existimat,
1258 586 1378 620 primum
1399 586 1521 612 omuittm
1538 583 1747 612 Muchemetem.

962 630 1118 659 Gilderuuis
1141 631 1224 658 lilitnn
1240 652 1247 665 ,
1273 632 1326 659 huc
1345 631 1451 666 imperii
1467 630 1506 658 sui
1520 630 1611 658 sedem
1630 633 1747 656 transtu-

962 676 1038 707 lisse.
1057 677 1129 712 quod
1148 677 1259 704 urbium
1277 677 1401 704 Thraciae
1414 676 1495 704 facile
1509 682 1591 712 caput
1603 681 1676 703 esset
1693 675 1747 701 lla-

961 722 1137 758 drianopolis.
1156 723 1209 750 Sed
1233 728 1295 750 ante
1320 723 1500 750 Muehemetis
1517 723 1597 750 etiam
1625 726 1746 755 tempora

961 773 1066 796 certum
1091 769 1148 797 sive
1173 769 1263 803 regize,
1290 770 1348 797 sive
1373 769 1460 796 Porta»:
1475 768 1627 796 Osmaniem
1644 767 1745 798 locum,

961 813 1084 840 sultauos
1103 814 1205 848 priores
1222 813 1418 848 lladrianopoli
1436 813 1630 844 constituisse,
1654 811 1746 847 pluri-

961 858 1013 885 bus
1030 867 1061 886 ex
1080 859 1148 887 locis
1173 859 1282 888 Laoniei
1309 861 1489 888 manifestum
1515 865 1567 887 est.
1595 859 1700 892 Quippe
1716 861 1749 885 de

960 904 1134 933 Mttlsuntane
1168 907 1311 941 eloquens.
1341 907 1502 937 Profectus.
1521 906 1619 941 inquit.
1635 905 1749 932 llatlria—

960 953 1093 986 nopolim,
1113 953 1189 986 regni
1216 954 1307 982 sedem
1334 955 1396 989 (hoc
1424 961 1476 989 est,
1494 963 1553 991 qtlzt
1573 962 1648 987 regni
1669 953 1747 980 sedes

959 998 1029 1033 erat)
1043 1019 1050 1031 ,
1069 1008 1181 1034 regnum
1200 1001 1356 1028 ordinavit.
1376 1001 1408 1028 Et
1435 1002 1518 1037 paulo
1533 1007 1594 1028 aulo
1610 1001 1643 1028 de
1663 1000 1746 1031 Maso,

960 1042 1194 1080 Hadrianopolim.
1209 1046 1258 1079 ait,
1272 1054 1332 1081 qua;
1352 1047 1425 1081 regni
1439 1048 1581 1077 setlesest,
1594 1046 1744 1081 profectus,

959 1089 1059 1122 ibidem
1077 1098 1122 1118 rex
1138 1091 1302 1119 declaratur.
1315 1093 1400 1126 Quam
1419 1100 1482 1120 vero
1497 1093 1529 1119 ad
1546 1093 1639 1119 urbem
1658 1096 1746 1118 trans-

959 1135 1014 1163 lata
1040 1137 1148 1164 tertium
1171 1137 1251 1165 fttcrit
1268 1137 1361 1171 Porta,
1377 1146 1459 1165 nemo
1473 1146 1526 1165 non
1545 1138 1632 1164 novit.

1089 1183 1133 1211 70.
1146 1184 1231 1218 Gerle,
1248 1184 1343 1219 Dolap,
1357 1185 1516 1212 Soleintam'r
1530 1193 1625 1212 mores.

998 1229 1036 1258 De
1050 1230 1238 1260 lsveudiarum
1252 1232 1356 1259 ditione
1372 1233 1501 1267 superius
1515 1233 1677 1267 explicatum
1695 1241 1744 1258 nu-

960 1283 1036 1303 mero
1051 1281 1177 1304 notarum
1194 1277 1238 1307 15,
1251 1285 1303 1312 qua
1318 1281 1345 1305 et
1360 1277 1439 1306 Gerle
1459 1278 1746 1313 comprelwntlrbatttr

959 1322 1099 1356 oppidum.
1117 1323 1145 1350 Id
1162 1328 1224 1351 nota
1242 1323 1274 1351 i9
1292 1324 1412 1351 diximus
1427 1325 1453 1351 in
1467 1324 1568 1351 tabulis
1582 1325 1746 1359 geographi—

960 1367 999 1394 cis
1014 1373 1143 1403 corrupte
1161 1369 1294 1404 scriptum
1313 1370 1431 1397 inveniri
1447 1368 1555 1398 Geretle
1571 1378 1621 1405 pro
1638 1371 1744 1398 Gerele.

959 1413 1078 1442 Narrant
1093 1423 1156 1443 vero
1169 1406 1283 1444 annales
1296 1438 1304 1450 ,
1319 1416 1504 1445 Soleimanem
1523 1421 1613 1445 castra
1634 1423 1746 1452 propter

959 1460 1068 1493 Gerlen,
1083 1462 1116 1488 ad
1135 1462 1220 1496 ripam
1234 1462 1356 1491 ﬂuminis
1370 1463 1486 1491 locasse.
1503 1463 1560 1491 Non
1579 1465 1747 1498 exprimitur

958 1505 1019 1540 ejus
1037 1506 1156 1534 fluminis
1174 1507 1219 1535 hic
1234 1516 1346 1538 nomen.
1367 1509 1414 1536 sed
1436 1509 1462 1536 in
1483 1509 1614 1536 Anatolize
1640 1509 1745 1537 deseri-

119 1553 171 1581 que
186 1546 316 1581 majorem
330 1553 403 1581 gesta
422 1546 505 1575 fuisse
516 1549 549 1575 dc
566 1548 680 1583 imperio
696 1549 776 1581 bella,
790 1558 904 1584 quorum
920 1555 942 1585 α
959 1552 1050 1587 ptione
1070 1553 1153 1587 Dolap
1175 1560 1298 1582 vocatur.
1311 1554 1475 1583 Soleintanis
1495 1555 1614 1583 indolem
1628 1555 1746 1583 Cltaleo—

119 1598 208 1619 tamen
222 1593 334 1620 annales
349 1593 374 1620 hi
391 1601 444 1621 non
459 1594 620 1627 meminere,
637 1595 801 1630 tandemque
812 1596 904 1624 Jcsum

118 1638 321 1666 aMulsutnane
344 1645 526 1674 peremptum.
555 1639 620 1675 Ejus
653 1641 790 1675 parricidii
825 1643 904 1677 culpa

118 1684 339 1718 Mnlsumanem‘,
355 1685 407 1712 hoc
426 1690 468 1712 est
481 1707 488 1718 ,
507 1685 689 1713 Soleimanetn
715 1687 836 1721 proferto
855 1689 906 1716 im-

117 1736 268 1757 merentem
299 1735 406 1761 onerat.
432 1731 511 1766 cujus
541 1737 681 1759 auctorem
701 1731 783 1760 Turei
801 1733 903 1762 Musam

116 1774 237 1809 produnt
252 1795 259 1806 .
280 1775 445 1810 quibuscum
468 1776 525 1811 ipsa
544 1784 636 1803 rerum
667 1782 804 1812 gestarum
819 1779 904 1806 series

116 1821 265 1849 consentit.
289 1822 325 1849 De
350 1823 459 1849 nomine
487 1822 681 1856 Constantini,
712 1832 767 1858 quo
797 1824 904 1852 Turcos

114 1868 274 1896 Cra-corum
294 1868 476 1903 imperatores
493 1877 591 1897 omnes
606 1871 770 1905 appellasse,
786 1879 902 1898 nutnero

115 1919 241 1941 notarum
272 1914 302 1942 5|
330 1915 461 1947 diximus,
480 1915 634 1950 exemplum
657 1916 702 1943 hic
718 1917 792 1945 aliud
808 1918 902 1946 habes.

113 1959 139 1988 is
155 1961 229 1989 enim
243 1961 355 1988 Grmcus
379 1960 539 1997 imperator,
553 1962 585 1989 ad
601 1969 681 1997 quem
693 1967 821 1990 narratur
834 1963 904 1991 e'mir

112 2004 286 2033 Snlcimanes
313 2005 440 2032 obsidum
464 2006 525 2034 loco
542 2006 651 2034 misisse
668 2014 790 2035 sororem
812 2016 899 2042 suam,

111 2053 285 2088 fratremque
295 2058 360 2080 natu
372 2053 527 2086 minimum,
544 2062 596 2081 non
611 2054 785 2082 Constantini
803 2064 900 2085 nomen

111 2099 242 2132 habebat,
273 2099 318 2126 sed
349 2099 492 2132 Mauuelis,
520 2107 553 2127 ex
577 2099 760 2136 Palmologina
785 2101 900 2136 familia,

109 2144 194 2180 cujus
206 2149 234 2172 et
249 2145 373 2179 superius
389 2144 459 2173 facta
476 2145 589 2172 mentio.

237 2201 281 2232 69.
299 2201 378 2229 Sedes
404 2202 506 2236 imperii
522 2201 627 2229 Turrici
640 2203 758 2231 diversw.

957 1599 1086 1634 contlyles
1100 1607 1209 1635 quoque
1237 1609 1285 1628 cett
1314 1601 1413 1629 bonam
1431 1602 1572 1636 prmdicat,
1595 1604 1675 1638 eique
1689 1611 1745 1630 ma~

957 1652 1024 1679 gnas
1036 1646 1151 1673 virtutes
1182 1647 1295 1680 tribuit,
1328 1648 1374 1675 sed
1401 1649 1496 1676 cadent
1522 1657 1583 1676 cum
1601 1648 1699 1676 Turcis
1712 1651 1745 1676 de

958 1692 1097 1726 perpetuis
1121 1693 1180 1727 ejus
1205 1695 1392 1728 potationibus
1404 1701 1430 1722 et
1443 1695 1508 1722 luxu
1526 1701 1722 1723 commemorat
1737 1705 1743 1724 :

956 1745 1016 1771 qua:
1035 1738 1139 1765 homini
1157 1739 1246 1767 minus
1267 1747 1356 1767 rerum
1382 1748 1493 1768 suarum
1519 1742 1631 1776 provido
1644 1742 1746 1769 sollit-i—

957 1787 1037 1818 toqtte
1049 1785 1156 1812 tandem
1171 1785 1284 1812 exitium
1303 1787 1463 1814 attulerunt.

956 1829 1001 1857 7i.
1029 1829 1153 1869 Valafltiu
1174 1830 1611 1869 parg_bogrlnnia,_Nemetsasaii.
1641 1834 1738 1869 Iﬂttcll,

1082 1865 1209 1900 Gallicia,
1233 1866 1359 1901 Vaivoda,
1379 1867 1484 1901 Mune,
1501 1868 1622 1904 Bogdan.

991 1922 1071 1955 Dacia
1093 1925 1229 1958 quondam
1252 1926 1443 1960 appellabatur
1467 1927 1635 1961 amplissima
1654 1929 1740 1964 regio,

954 1976 1014 2004 quae
1027 1968 1268 2006 Transsylvaniam
1289 1979 1350 1999 cum
1383 1970 1498 2007 utraque
1512 1972 1638 2001 Valaehia
1654 1975 1742 2002 couti—

954 2014 1045 2042 nebat.
1058 2015 1091 2042 Et
1103 2015 1216 2050 cingunt
1231 2017 1317 2044 ambat
1332 2016 1466 2046 Valat‘ltim
1486 2017 1739 2054 Transsylvaniam,

953 2069 1069 2097 quarum
1088 2070 1141 2089 una
1158 2062 1270 2097 majoris
1287 2071 1385 2091 nomen
1397 2064 1490 2098 habet,
1511 2066 1596 2093 altera
1614 2066 1739 2094 minoris.

953 2107 1041 2142 Major
1059 2108 1092 2135 ad
1114 2108 1250 2136 Euxinum
1277 2117 1352 2137 mare
1378 2117 1409 2138 se
1436 2111 1563 2146 porrigit,
1589 2117 1615 2140 et
1638 2113 1740 2140 nostris

953 2154 1097 2186 Moldavia,
1109 2155 1207 2183 Turcis
1221 2156 1438 2191 Carabogdania,
1452 2159 1529 2193 quasi
1542 2158 1616 2194 nigra
1635 2159 1740 2193 Bogda-

952 2200 1008 2232 nia,
1025 2200 1083 2228 sive
1099 2201 1220 2236 Bogtlani
1236 2202 1312 2237 regio
1325 2203 1426 2230 dicitur
1442 2212 1449 2230 :
1465 2211 1479 2230 a
1497 2203 1635 2232 frumento
1648 2206 1740 2241 nigrol

144 2251 272 2284 Quanam
291 2251 453 2279 czeremonia
467 2251 567 2278 sultani
585 2251 693 2280 Turcici
713 2261 825 2287 regnum
853 2261 900 2280 au—
917 2255 940 2284 ι)
953 2247 1032 2280 cujus
1046 2251 1087 2275 est
1102 2256 1165 2283 ager
1186 2249 1232 2276 ille
1257 2248 1457 2277 feraeissimus.
1472 2251 1606 2284 Gallicus,
1624 2257 1651 2280 et
1667 2254 1736 2280 alter

106 2297 211 2333 spicari
222 2297 412 2326 consueverint
424 2318 435 2331 ,_
443 2298 596 2332 expositum
615 2306 629 2325 a
647 2299 725 2326 nobis
740 2304 781 2326 est
797 2299 900 2333 prolixe

104 2342 134 2368 in
155 2341 298 2371 annalium
316 2342 518 2376 supplemento,
536 2343 616 2370 initio
634 2344 708 2380 regni
727 2345 837 2371 Selimis
856 2353 900 2373 se-

105 2387 207 2420 cundi,
231 2388 303 2422 quod
327 2387 422 2415 incidit
446 2389 472 2415 in
496 2397 597 2416 annum
611 2389 799 2418 Christianum
817 2389 898 2419 1566.

105 2435 225 2463 Solebat
250 2439 341 2462 autem
365 2435 418 2462 hoc
434 2436 461 2463 in
478 2443 511 2462 ea
526 2436 583 2463 fieri
600 2436 720 2470 civitate,
741 2445 801 2473 qua:
821 2439 899 2466 sedes

101 2486 182 2509 esset
201 2481 320 2515 imperii.
350 2481 490 2515 Principio
520 2482 616 2510 Turcis
632 2491 663 2510 ea
680 2483 730 2510 fuit
746 2483 829 2511 Prusa
856 2483 899 2510 Bi-

101 2527 223 2562 thynia,
250 2528 332 2562 paulo
357 2533 420 2556 ante
443 2533 559 2556 mortem
577 2528 704 2556 Osntanis
720 2530 753 2557 ab
770 2529 898 2557 Urthane

99 2573 164 2601 ﬁlio
183 2577 264 2608 capta
281 2582 289 2601 :
317 2581 379 2609 quae
405 2575 469 2602 licet
485 2575 619 2602 honorem
636 2576 707 2603 hunc
721 2583 775 2603 non
792 2576 837 2603 diu
855 2585 897 2603 re-

97 2620 200 2656 tinuit,
224 2628 256 2648 ex
278 2621 393 2656 pristina
422 2626 511 2648 tamen
533 2622 710 2656 praerogativa
737 2623 846 2655 meruit,
866 2627 896 2649 ιιι

94 2666 260 2701 longissimi
273 2667 403 2700 temporis
412 2667 499 2702 spatio
516 2667 615 2694 sultani
628 2666 781 2694 Turcorum
795 2668 895 2695 mortui

92 2712 230 2746 paternis
245 2716 272 2738 et
284 2712 364 2739 avitis
379 2712 443 2740 istic
458 2713 656 2745 monumentis,
672 2713 754 2739 etiam
770 2713 815 2740 diu
829 2718 891 2748 post

91 2762 214 2792 captam
228 2757 506 2792 Constantinopolim,
522 2758 593 2788 sicut
608 2758 635 2785 in
653 2759 707 2786 vita
723 2758 824 2786 sultani
841 2760 893 2786 Sc-

89 2803 177 2830 limis
205 2803 318 2830 Secundi
341 2803 375 2831 dt:
406 2803 537 2831 Aebmete
565 2803 736 2839 (Iorento-quc
765 2804 894 2833 fratribus

89 2850 206 2878 ibidem
225 2850 340 2885 sepultis
354 2851 445 2878 videre
460 2851 533 2883 licet,
549 2851 727 2879 inferrentur.
746 2850 891 2885 Postquam

90 2903 167 2924 \cro
186 2896 354 2924 transwclil
373 2895 401 2923 in
420 2895 556 2930 Europam
581 2896 678 2930 copiis,
700 2895 819 2923 iluratcs
835 2897 892 2930 pri-

952 2293 1178 2329 Cbaleoeomlylis
1200 2295 1346 2330 interpres,
1375 2295 1679 2332 Podoliamtpcrinscite
1695 2299 1736 2326 fa-

951 2339 1044 2372 ciunt,
1058 2341 1196 2375 regionem
1211 2341 1282 2376 juris
1297 2341 1431 2370 Poloniei.
1449 2342 1535 2370 Minor
1552 2349 1664 2378 propter
1684 2345 1737 2372 Da-

950 2385 1025 2413 nubii
1041 2386 1117 2420 ripas
1131 2388 1288 2414 extenditur
1299 2407 1308 2419 ,
1322 2392 1348 2415 et
1362 2388 1522 2423 plerumque
1534 2389 1714 2425 Transalpina
1729 2411 1736 2422 ,

950 2431 1076 2459 Bonlinio
1103 2433 1229 2460 lllontaua
1245 2442 1354 2468 quoque
1368 2435 1440 2462 sicut
1450 2439 1476 2462 ct
1489 2435 1552 2462 aliis
1567 2437 1734 2465 nominatur.

951 2477 1092 2506 Vlachiam
1108 2487 1240 2508 vocavere
1256 2480 1355 2514 Grmci,
1372 2486 1399 2509 et
1411 2482 1515 2510 incolas
1532 2482 1648 2511 Vlachos
1665 2493 1671 2511 :
1687 2493 1736 2519 pio

949 2526 1050 2557 quibus
1078 2526 1243 2560 interpretes
1272 2525 1396 2557 Zonarze,
1430 2527 1541 2554 (iedrini
1569 2533 1596 2556 et
1617 2529 1734 2557 aliorum

948 2571 1143 2598 historicorum
1170 2572 1314 2600 reddidere
1330 2572 1468 2601 Blaeltiam
1482 2579 1509 2601 et
1522 2574 1647 2605 Blachos.
1667 2583 1735 2603 con-

948 2621 988 2644 tra
1010 2617 1161 2644 molliorem
1178 2618 1376 2652 pronuntiandi
1393 2622 1528 2647 rationem
1549 2620 1707 2649 Graecorum
1726 2631 1732 2648 :

947 2671 1016 2698 quos
1035 2664 1174 2691 imitantes
1197 2663 1293 2696 Turci,
1317 2673 1371 2692 non
1402 2665 1503 2698 lblach,
1530 2667 1578 2694 sed
1596 2667 1676 2694 lllarlt
1695 2668 1733 2694 tli-

948 2715 1023 2737 cunt.
1042 2709 1144 2737 Nomen
1160 2709 1341 2738 Valachorum
1362 2720 1415 2738 non
1431 2720 1445 2739 a
1465 2712 1572 2741 Flaccis
1589 2714 1731 2744 Romanis.

947 2757 1053 2792 origine
1067 2756 1202 2788 fabulosa.
1219 2756 1302 2793 $29
1320 2766 1380 2792 qua:
1405 2758 1529 2793 pluribus
1557 2764 1649 2787 tamen
1677 2760 1733 2794 pla-

947 2802 1012 2830 cuit.
1030 2802 1076 2830 sed
1103 2810 1117 2829 a
1137 2802 1281 2831 Germanis
1309 2805 1409 2832 nostris
1436 2806 1586 2841 profectum
1602 2806 1730 2833 arbitror.

947 2849 1108 2877 lialmeruut
1124 2849 1196 2877 enim
1213 2851 1316 2878 vicinos
1328 2851 1391 2879 Daci
1405 2852 1566 2884 Germanos,
1581 2857 1645 2887 puta
1660 2851 1732 2886 Qua-

946 2895 995 2922 dos
1009 2915 1016 2930 ,
1031 2895 1150 2929 Gothos,
1171 2896 1288 2931 Gepidas
1299 2916 1306 2929 ,
1326 2897 1351 2924 in
1369 2905 1484 2932 quorum
1500 2905 1582 2931 agro,
1597 2897 1643 2932 qui
1660 2904 1732 2924 nunc
