1963 3067
212 169 265 201 7.97

211 230 377 265 Cepisiensis
404 230 514 265 dicitur,
539 232 634 260 incola:
658 234 809 268 praesertim
833 234 1037 264 CasemarcaA

212 279 295 306 vicini
314 287 343 306 se
359 279 559 308 Nemetsasslos
580 281 716 317 hodieque
745 282 890 310 nominant
906 304 913 315 ,
933 291 1000 310 voce

213 326 245 352 i'e
271 325 392 353 Nemetis
418 326 470 360 (sic
497 327 600 362 Ungari
627 327 779 357 Germanos
804 330 953 365 appellant,
972 333 1002 356 ut

213 370 328 398 Venetia:
353 372 479 401 nationes
507 373 659 410 Ncmitzos)
676 382 702 402 et
718 375 820 404 Sassiis
836 377 999 410 composita,

211 426 271 452 qua:
295 418 404 446 Sassios
433 420 491 447 sive
519 421 643 449 Saxones
668 422 820 450 Germanos
850 422 999 456 signiﬁcat.

211 464 339 493 Gerutani
373 475 440 495 vero
465 469 590 503 plerique
620 474 674 497 tam
704 469 787 497 ltalos
801 477 883 504 quam
905 469 999 497 Gallos

211 512 270 546 (qui
295 513 440 542 Germanis
464 521 530 543 sunt
554 516 647 549 Waili,
678 516 750 544 sicut
773 516 887 543 Gilimer
899 523 1000 543 nomen

210 559 358 588 Gothicum
374 568 416 591 est
431 563 559 591 Wiltnor.
589 564 622 591 Et
638 564 664 590 in
681 563 778 598 Anglia
795 570 906 597 quoque
923 561 1000 588 Wal-

211 608 301 634 lorum
331 617 429 637 nomen
461 610 560 645 priscis
591 610 689 638 incolis
715 609 939 644 provincialibus,
967 608 1001 634 ab

211 654 474 689 Anglii—Saxonibus
500 657 602 684 nostris
626 656 753 688 inditum,
778 655 882 690 manet)
902 661 1001 681 vocare

211 702 300 729 solent
313 702 444 731 Walchos
458 709 485 730 et
498 703 655 731 Walischos
671 713 678 731 τ
694 711 811 738 quorum
825 703 924 736 lingua!
939 709 1002 736 pro-

214 758 221 772 \
231 745 324 777 irieiali
336 758 398 778 cum
414 750 506 785 lingua
525 751 623 781 Dacize,
636 759 698 786 quae
710 752 767 785 ipsa
782 758 891 785 quoque
901 748 1001 775 Roma-

212 801 310 824 noruin
330 797 471 831 provincia
487 798 624 832 quondam
639 797 698 830 fuit,
713 796 802 824 atiinis
816 800 889 824 esset
905 805 911 822 :
929 795 1000 821 idem

213 851 227 867 ιι
244 842 346 869 nostris
366 841 541 870 Walchornm
568 850 668 870 nomen
694 850 836 876 accepere,
857 841 930 876 quod
953 840 1002 867 de-

213 890 384 918 nuntiatione
398 889 515 917 molliori
526 894 658 917 mutatum
676 890 702 916 in
719 888 876 916 Walachos.
892 887 1001 915 Suffra-

213 940 292 964 gatnr
311 935 375 963 huic
391 935 514 970 opinioni
533 943 599 962 mete
611 938 691 962 vetus
715 934 796 961 etiam
814 933 935 961 Galliciaz
949 942 1001 962 no-

215 989 289 1011 men,
312 981 442 1016 fre-quens
462 981 489 1008 in
505 981 629 1015 antiquis
647 980 774 1016 Ungarim
792 988 886 1015 regum
901 981 1001 1013 titulis,

214 1035 270 1059 quo
284 1025 413 1057 Valachia
437 1027 655 1062 significabatur,
682 1028 777 1055 eadem
793 1035 855 1055 cum
874 1027 960 1056 Gallis
977 1033 1005 1055 et

216 1073 290 1102 ltalis
315 1079 397 1102 utens
426 1074 532 1109 lingua,
564 1074 636 1102 sicut
651 1080 676 1102 et
691 1082 765 1102 nunc
778 1074 937 1102 aiiinitatem
952 1075 1003 1102 ali-

213 1130 296 1157 quam
314 1129 378 1150 cum
397 1129 493 1151 eorum
514 1123 606 1158 lingua
629 1122 792 1157 provinciali
807 1122 916 1150 retinet.
938 1121 1004 1149 Vai-

216 1170 289 1196 voilze
306 1175 370 1197 vero
384 1176 483 1199 nomen
507 1169 671 1204 generaliter
689 1168 827 1204 signiﬁcat
842 1169 1003 1204 praefectum

215 1214 344 1247 militum.
359 1222 440 1249 quem
457 1215 631 1249 capitaneum
643 1215 724 1250 vulgo
741 1219 849 1242 vocant.
863 1214 916 1242 Sed
932 1213 1005 1249 apud

217 1261 340 1296 lingaros
353 1266 381 1287 ut
393 1261 469 1294 olim,
488 1262 529 1289 sic
546 1261 628 1288 etiam
647 1261 739 1294 hodie,
755 1261 816 1289 dure
832 1265 896 1288 sunt
912 1261 1006 1295 appel—

214 1308 332 1336 lationes
349 1307 622 1336 administrationum
633 1307 817 1335 maximarum
834 1315 841 1334 :
855 1315 910 1335 una
925 1307 1002 1340 Bani,

214 1355 250 1383 de
264 1362 317 1389 qua
328 1363 379 1382 suo
395 1356 466 1386 loco,
484 1354 616 1381 nimirum
638 1353 727 1389 capite
742 1353 805 1386 174,
824 1353 932 1387 plenius
958 1352 1003 1380 di—

213 1402 286 1431 cturi
303 1409 412 1432 sumns.
424 1403 510 1428 altera
533 1399 670 1428 Vaivodta.
686 1400 779 1427 Banus
793 1404 835 1427 est
848 1407 948 1434 prteses
962 1407 1007 1427 re—

216 1449 280 1482 gius
293 1448 321 1476 in
339 1448 432 1483 aliquo
455 1455 488 1475 ex
508 1447 600 1483 regnis
623 1446 751 1483 Ungariae
779 1446 926 1480 adjunctis.
946 1446 1008 1474 Vai-

215 1495 284 1522 voda
311 1502 376 1522 vero
403 1502 504 1529 praeses
534 1494 637 1522 dicitur
656 1513 665 1525 .
694 1493 755 1521 loco
786 1493 858 1527 regis
888 1493 1007 1520 admini-

216 1541 378 1571 strationem
391 1540 495 1569 habens
509 1540 536 1568 in
552 1540 644 1575 aliqua
661 1539 885 1574 provincia.puta
902 1538 1007 1566 Trans-

216 1589 353 1624 sylvania.
363 1587 494 1614 Valachia
511 1587 619 1620 majori,
632 1585 762 1614 Valachia
776 1585 874 1612 minori
891 1593 898 1612 :
914 1584 961 1612 sed
975 1592 1006 1612 ea

216 1637 274 1670 lege
290 1641 394 1667 tamen,
422 1640 451 1662 ut
484 1634 667 1668 gubernatore
682 1633 719 1660 sit
735 1631 861 1660 inferior.
875 1630 1007 1659 Vaivodte

217 1682 340 1713 Volat-hi.
357 1687 499 1716 postquam
512 1680 546 1707 ab
559 1679 685 1714 Ungaria-
700 1686 792 1714 regum
805 1677 961 1706 obedientia
976 1685 1006 1705 se

216 1729 428 1760 subtraxissent.
441 1734 518 1755 tuoro
532 1726 688 1757 Graecorum
705 1725 836 1759 dcspotm,
847 1724 881 1752 de
895 1732 949 1759 qua
964 1724 1007 1751 di—

216 1777 320 1812 gnitate
345 1776 472 1811 superius
497 1781 612 1802 numero
629 1777 759 1802 notarum
791 1771 826 1799 54
840 1771 946 1806 prolixe
964 1771 1009 1798 di-

215 1830 302 1857 ctum,
314 1831 362 1859 pro
378 1822 507 1850 Vaivodis
521 1820 615 1848 audire
628 1820 794 1851 maluerunt,
805 1818 883 1853 quasi
896 1818 919 1846 si
931 1817 1009 1853 prin-

217 1873 294 1905 cipes
319 1874 413 1897 essent
441 1867 587 1896 absoluti:
612 1874 662 1894 nec
687 1865 798 1901 regibus
814 1865 942 1899 subjecti,
960 1864 1008 1892 scd

217 1918 311 1953 potius
342 1917 477 1952 dignitate
505 1913 616 1950 regibus
648 1912 777 1948 proximi.
809 1910 912 1939 Verum
942 1919 1009 1939 nsu-

218 1965 291 1994 venit
306 1963 358 1996 eis,
376 1962 450 1998 quod
464 1961 568 1990 Graecis
584 1960 721 1988 accidisse
736 1962 856 1992 constat,
880 1959 926 1993 qui
950 1966 1009 1985 ma-

217 2011 307 2039 ximas
323 2010 356 2038 ad
371 2008 512 2045 angustias
524 2007 635 2035 redacto
645 2006 771 2040 imperio,
785 2005 880 2033 titulos
894 2005 1009 2039 amplio-

219 2067 264 2086 res
283 2057 476 2091 excogitarunt
496 2063 505 2083 :
536 2054 576 2081 nti
603 2061 677 2080 ntmc
697 2052 779 2081 etiam
795 2051 866 2091 apud
882 2051 1010 2079 Ausones

221 2089 369 2132 nonnullos
387 2101 414 2128 in
429 2102 490 2136 ipso
506 2098 707 2135 propemodum
724 2089 883 2127 amittendae
897 2096 1010 2124 libertas

219 2150 255 2179 tis
285 2149 403 2177 articulo
426 2145 582 2175 cousimilia
609 2144 734 2180 quaedam
753 2142 894 2176 ail'ectarc,
911 2147 1010 2177 pra-ter

220 2203 322 2224 morem
342 2193 489 2228 tmijorum,
504 2192 640 2220 videmus.
657 2190 836 2225 DespOIarum
849 2194 924 2219 certe
936 2196 1010 2216 nunc

219 2244 367 2271 illm-uinea
380 2241 432 2268 sub
447 2239 563 2269 Turcica
578 2237 709 2265 servitute
720 2236 843 2264 conditio
859 2238 912 2268 est,
930 2243 1007 2262 man-
1027 2255 1048 2283 υ

217 2288 353 2325 cipiorum
373 2292 403 2313 ut
418 2284 531 2313 nomine
544 2283 646 2319 potius,
661 2289 745 2316 quam
762 2280 931 2316 principum,
945 2287 1009 2307 cen-

217 2334 296 2363 sendi
313 2334 435 2360 veniant.
462 2331 514 2358 Sed
540 2329 708 2365 pergendum
735 2328 767 2355 ad
790 2327 855 2356 alia.
877 2326 1010 2354 Valaclto-

1018 918 1039 945 Β

219 2389 279 2408 rum
300 2380 345 2408 ille
376 2378 508 2410 Vaivoda,
537 2384 618 2412 quem
642 2375 762 2402 Annales
788 2373 815 2401 bi
836 2373 947 2402 Murzen
961 2380 1011 2400 vo-

218 2431 294 2459 rant,
316 2426 436 2453 Laonico
461 2423 563 2452 Mirxes
588 2421 709 2453 dicitur,
727 2420 853 2447 Boniinio
871 2418 1009 2452 Mercltes,

219 2477 271 2503 hoc
281 2479 334 2506 est,
345 2473 462 2500 Marcus.
476 2469 622 2505 Reperitur
630 2468 701 2502 apud
716 2467 843 2495 eumdem
859 2466 1010 2496 Laonicum

218 2526 247 2549 rt
273 2519 377 2548 Mirdan
398 2518 534 2546 V'alachiae
553 2515 685 2551 principis
701 2522 812 2549 nomen,
827 2513 1009 2548 compositum

217 2576 251 2596 cx
281 2567 333 2595 hoc
362 2565 420 2599 ipso
448 2564 515 2592 Mirx
532 2568 559 2591 et
577 2562 633 2590 Dan
649 2562 708 2590 sive
723 2561 815 2590 Gdan.
829 2560 895 2588 Nam
912 2565 940 2587 et
952 2561 1011 2596 ipsa

218 2614 293 2650 regio
322 2611 468 2647 Bogdania:
493 2618 593 2639 nomen
610 2613 717 2644 accepit
750 2616 766 2636 a
798 2607 936 2643 Bogdanis
950 2609 1009 2634 sive

218 2659 390 2695 principibus
414 2659 482 2690 suis,
512 2657 559 2692 qui
578 2656 712 2685 vocabulo
732 2663 800 2683 sane
816 2654 860 2689 pio
877 2653 1008 2682 dicuntur

219 2705 351 2740 llogdani,
376 2709 508 2739 tanquam
532 2703 579 2730 Dei
601 2709 712 2731 munus.
731 2701 773 2728 vel
788 2699 952 2731 Theodosii,
967 2703 1010 2727 vel

218 2751 367 2782 Theodori,
382 2750 424 2778 VCI
441 2749 581 2777 Dorothei.
592 2745 715 2776 Meminit
727 2748 809 2783 hujus
827 2748 901 2775 vocis
919 2751 945 2775 et
959 2747 1010 2774 Ce-

220 2799 318 2826 drinus
336 2798 362 2826 in
375 2797 475 2824 Basilio
490 2796 704 2832 Bulgaroctono,
726 2803 788 2822 cum
806 2794 863 2822 ait:
882 2794 1011 2822 Occurrit

217 2845 301 2872 rtiam
331 2844 489 2879 imperatori
515 2842 671 2878 Bogdanus,
690 2846 844 2869 castrorum
865 2840 1008 2869 interioris

219 2892 338 2928 regionis
354 2890 485 2927 toparcha
504 2890 560 2918 sive
577 2889 698 2925 regulus.

816 175 979 208 JOANNIS
996 179 1232 213 LEUNCLAVII

1795 183 1843 214 788

1069 239 1113 266 7‘2.
1133 239 1332 275 Snmobunugli,
1347 240 1430 273 Azupi
1446 240 1482 267 rel
1503 239 1600 272 Ampi,-
1639 239 1828 267 Laonicilocus

1259 276 1431 307 emendatus;
1446 277 1513 303 emir
1529 275 1627 303 llalem
1634 295 1640 303 .

1087 330 1173 364 Quem
1190 331 1235 358 hic
1249 331 1371 360 Annales
1385 332 1585 368 Samobunogli
1601 333 1660 361 sive
1686 332 1771 360 filium
1797 332 1842 359 Sa-

1054 377 1180 405 mobuns:
1195 384 1306 410 vocant,
1323 379 1392 407 infra
1407 378 1507 408 Scheic
1517 380 1652 408 Bedrcdin
1682 380 1843 416 appellatur,

1052 424 1097 451 ubi
1115 424 1149 452 de
1158 425 1293 453 seditione
1304 434 1350 461 per
1361 427 1450 460 ipstun
1458 420 1462 425 λ
1471 433 1540 454 mota
1557 428 1669 462 prolixa!
1678 432 1743 454 sunt
1753 434 1843 453 narra-

1054 471 1152 499 tiones.
1171 471 1419 506 Stipendiariorum
1434 474 1547 501 nomine
1570 474 1725 509 intelligunt
1742 473 1844 507 Azapos

1052 517 1218 553 velAzepos.
1239 519 1376 547 Laonicus
1387 520 1488 547 alicubi
1500 520 1660 555 peregrinos
1676 519 1755 550 dixit,
1773 527 1845 545 more

1053 563 1158 596 Grmco,
1171 564 1273 599 quibus
1287 564 1354 592 Χειιί
1384 571 1530 596 vocantur.
1561 566 1587 593 id
1617 570 1668 598 est,
1698 564 1844 600 peregrini,

1053 610 1099 645 qui
1115 611 1259 646 stipendiis
1271 611 1400 639 conducti
1418 612 1548 644 militant,
1566 612 1617 639 hoc
1632 616 1685 644 est,
1715 611 1760 646 qui
1786 615 1845 637 sunt

1053 657 1248 692 misthophori.
1279 658 1350 685 sicut
1369 657 1451 686 iidem
1469 659 1617 693 appellant.
1649 657 1723 685 ldetn
1747 657 1810 684 alibi
1838 666 1845 683 ε

1053 703 1207 731 Turcorum
1226 704 1341 738 pedites,
1356 705 1406 736 ait,
1437 712 1508 740 quos
1524 704 1661 739 Azapidas
1678 708 1788 730 vocant.
1816 703 1846 729 Et

1053 751 1167 778 omnino
1181 751 1307 778 militiam
1323 751 1351 778 hi
1367 752 1520 786 pedestrem
1534 753 1649 783 obeunt,
1664 751 1726 777 licet
1740 750 1794 777 alio
1816 749 1846 776 li-

1053 795 1096 823 ‘nri
1114 796 1202 823 octavi
1220 795 1282 823 loco
1307 796 1434 830 legantur
1460 797 1518 824 haec
1545 796 1627 824 verba
1653 796 1680 823 in
1712 795 1766 822 vita
1793 794 1847 821 Mu-

1053 842 1185 869 chemetis
1201 841 1223 869 ll
1239 848 1303 869 tunc
1320 842 1481 878 Belgradum
1498 842 1681 877 oppugnantis
1697 841 1848 875 :Azapiiies

1054 887 1136 922 (quos
1155 887 1327 916 Hussarones
1340 889 1424 916 nostri
1441 888 1550 924 vocant)
1562 886 1846 923 diripueruntl‘orum.

1057 933 1113 961 Rex
1129 934 1276 968 clamabat,
1290 939 1320 961 ut
1337 935 1492 965 eximerent
1518 942 1617 962 eorum
1652 934 1768 969 puellas.
1796 933 1844 960 Hic

1056 982 1175 1015 primum
1189 981 1275 1008 lector
1289 981 1427 1015 observet,
1439 981 1591 1016 Azapidum
1608 981 1718 1009 nomine
1743 980 1848 1015 pedites

1056 1026 1229 1063 Ungarorum
1243 1028 1277 1054 ab
1295 1031 1408 1055 auctore
1420 1027 1546 1063 intelligi,
1563 1028 1610 1063 qui
1624 1028 1696 1063 regis
1712 1027 1770 1054 sive
1791 1027 1847 1054 sul-

1056 1075 1111 1102 taui
1130 1074 1312 1102 Muchemetis
1328 1073 1431 1108 forum,
1448 1074 1555 1103 scilicet
1583 1079 1724 1103 castrense
1756 1082 1845 1103 rerum

1057 1122 1084 1148 in
1096 1121 1218 1148 cxercitu
1238 1121 1387 1154 venalium,
1405 1121 1581 1156 diripuerint.
1605 1120 1676 1156 Ergo
1690 1128 1751 1156 quae
1767 1121 1847 1148 inter-

1055 1168 1126 1203 jecta
1143 1169 1224 1195 verba
1244 1171 1317 1200 sunt,
1329 1175 1398 1202 quos
1424 1168 1599 1195 Hussarones
1627 1168 1712 1196 nOStri
1740 1173 1847 1201 vocant,

1057 1214 1192 1249 glossema
1213 1220 1276 1241 sunt
1301 1214 1459 1249 interpretis
1483 1215 1612 1249 imperiti,
1634 1214 1768 1248 Azapiiias
1799 1222 1848 1248 pro

1058 1258 1263 1288 llussaronibus
1285 1259 1457 1294 accipientis,
1479 1267 1542 1287 cum
1577 1259 1705 1294 Azapidze
1746 1259 1849 1294 pedites

1058 1307 1123 1339 sint,
1141 1305 1314 1334 llussarones
1327 1306 1445 1341 equites.
1475 1306 1580 1334 Deinde
1598 1306 1702 1341 puellas
1729 1306 1850 1333 eximere

1057 1354 1140 1386 dixit,
1154 1361 1215 1381 cum
1232 1353 1319 1381 Graeci
1338 1352 1450 1380 Laonici
1468 1352 1547 1380 verba
1561 1352 1729 1387 significent,
1755 1351 1850 1379 oculo-

1058 1409 1117 1428 rnm
1134 1408 1215 1428 coras
1239 1399 1297 1427 sive
1318 1399 1437 1435 pupulas
1468 1403 1516 1429 aut
1541 1398 1658 1434 pupillas
1684 1406 1781 1426 eruere
1808 1399 1849 1426 vcl

1058 1448 1188 1481 eil'odere,
1205 1448 1279 1484 quod
1294 1447 1375 1483 paulo
1385 1447 1483 1476 melius
1498 1447 1612 1482 adjectis
1626 1447 1742 1482 margini
1759 1447 1850 1475 verbis

1059 1495 1208 1528 redditum,
1227 1495 1387 1523 uthostinm
1404 1495 1501 1523 oculos
1514 1494 1720 1529 exsculperent.
1750 1494 1851 1522 Prafe-

1059 1545 1120 1569 ctus
1132 1545 1226 1569 autem
1258 1540 1454 1577 signiierorum
1476 1540 1574 1568 Turcis
1593 1545 1636 1568 est
1649 1540 1720 1568 cmir
1742 1539 1849 1573 Halem,

1060 1589 1141 1624 cujus
1152 1596 1246 1623 supra,
1261 1595 1378 1615 numero
1392 1591 1520 1615 notarum
1532 1587 1576 1620 Η,
1592 1587 1663 1614 facta
1673 1587 1725 1614 fuit
1737 1588 1850 1618 mentio.

1059 1635 1132 1662 Sane
1143 1642 1270 1669 magnum
1289 1633 1373 1668 hujus
1381 1633 1498 1661 oiiicium
1509 1638 1560 1667 est,
1572 1638 1600 1661 et
1608 1633 1792 1666 fructuosum.
1808 1634 1852 1661 di-

1058 1682 1217 1717 gnitateque
1239 1675 1394 1716 proximum
1411 1681 1445 1708 ab
1456 1688 1506 1716 aga
1518 1680 1720 1715 genizarorum.
1731 1680 1782 1708 Sed
1795 1680 1854 1708 oili-

1058 1728 1165 1756 ciorum
1180 1728 1278 1758 Porue,
1292 1732 1347 1754 tam
1364 1734 1460 1754 eorum
1471 1734 1532 1761 quae
1544 1727 1615 1754 intra
1624 1727 1755 1760 sarsium,
1768 1735 1854 1761 quam

1058 1782 1120 1809 quin
1138 1773 1206 1801 foris
1227 1773 1353 1801 ordinato
1371 1777 1447 1806 sunt,
1457 1773 1593 1808 expositio
1604 1773 1694 1809 plena,
1706 1773 1797 1802 locum
1807 1781 1845 1809 po

1059 1820 1219 1849 scitalium.

1058 1868 1103 1895 775.
1119 1869 1203 1895 Musa:
1219 1867 1275 1895 sive
1288 1867 1370 1894 Mosi:
1381 1867 1528 1894 crudelitas
1546 1875 1553 1899 ς
1582 1867 1714 1899 Lazarus,
1729 1875 1777 1901 pro
1797 1866 1856 1894 Sta,

1191 1906 1278 1937 pham)
1293 1901 1392 1930 Serviat
1403 1903 1525 1937 despota,
1539 1901 1636 1929 Luzart'
1649 1902 1717 1937 ﬁlio.

1097 1950 1134 1977 De
1157 1949 1254 1977 Vidina
1278 1949 1382 1978 dictum
1412 1957 1528 1978 numero
1569 1954 1697 1977 notarum
1735 1949 1781 1982 49,
1824 1951 1858 1977 de

1061 1997 1203 2025 Butuvada
1216 2001 1245 2024 et
1261 1996 1361 2024 Matera
1377 1996 1519 2031 deinceps,
1543 1996 1605 2024 loco
1635 1996 1721 2031 magis
1742 1995 1858 2028 idoneo.

1059 2045 1093 2071 ad
1115 2051 1217 2070 annum
1241 2043 1429 2071 Christianum
1446 2042 1516 2070 ιμι
1536 2042 1652 2070 dicetur.
1685 2041 1770 2068 Musa
1797 2041 1858 2069 sive

1062 2089 1145 2117 Musis
1155 2089 1355 2121 crudelitatem,
1374 2093 1402 2116 et
1413 2087 1602 2120 iracundiam,
1625 2095 1657 2116 ac
1679 2087 1858 2123 tyrannidem

1060 2136 1086 2163 in
1103 2143 1180 2166 suos.
1194 2135 1331 2163 Laonicns
1347 2135 1432 2163 etiam
1449 2138 1662 2165 commemorat.
1679 2134 1780 2168 partim
1813 2133 1859 2165 his

1061 2183 1164 2216 verbis,
1275 2181 1364 2209 Moses
1381 2181 1428 2209 irae
1443 2181 1581 2220 imperare
1598 2188 1652 2212 non
1670 2184 1788 2214 poterat,
1807 2179 1858 2207 sed

1063 2237 1185 2265 praeceps
1207 2229 1233 2256 in
1251 2236 1311 2259 eam
1328 2228 1478 2261 ferebatur,
1497 2226 1630 2262 quidquid
1647 2227 1691 2254 illa
1713 2227 1861 2260 dictasset,

1062 2277 1188 2310 iaciens;
1207 2276 1306 2312 partim
1329 2276 1384 2303 alio
1400 2275 1483 2312 loco,
1514 2274 1603 2302 verbis
1641 2272 1836 2302 consimilibus
1853 2281 1861 2300 :

1064 2324 1189 2359 Optimus
1208 2311 1328 2358 quisque
1343 2311 1537 2356 indignabatur
1553 2320 1588 2347 ob
1604 2320 1687 2347 Mosls
1697 2319 1862 2350 violentiam

1063 2374 1091 2398 ct
1103 2369 1286 2406 tyrannidem.
1302 2368 1420 2400 Causam
1437 2375 1514 2398 vero,
1530 2374 1579 2398 cur
1596 2366 1666 2393 bello
1681 2365 1785 2393 Servis:
1813 2365 1862 2393 de-

1063 2421 1170 2451 spotam
1187 2419 1411 2450 persequeretur,
1431 2413 1569 2441 Laonicus
1582 2413 1720 2448 exposuit,
1739 2420 1804 2440 cum
1819 2421 1863 2440 re-

1064 2464 1142 2495 citat,
1161 2470 1224 2494 eum
1239 2470 1253 2489 a
1268 2462 1381 2500 despota
1402 2461 1545 2493 desertum
1576 2460 1673 2491 fuisse,
1696 2458 1865 2486 Graecorum

1063 2509 1292 2545 persuasionibus
1308 2508 1437 2541 adducto,
1469 2507 1649 2535 Mulsumanis
1674 2511 1704 2533 ut
1731 2506 1866 2541 partibus

1065 2562 1153 2586 semet
1168 2561 1339 2593 aggregaret,
1350 2556 1422 2596 quod
1440 2554 1529 2582 Moses
1545 2553 1688 2589 aegerrime
1700 2553 1806 2580 tulerit.
1832 2552 1867 2580 Et

1065 2605 1207 2640 despotaut
1223 2604 1296 2634 hunc
1315 2602 1434 2629 Annales
1448 2606 1547 2628 vocant
1563 2600 1710 2633 Lazarum,
1725 2607 1789 2626 cum
1823 2605 1868 2626 la—

1065 2660 1125 2680 men
1140 2660 1172 2678 ex
1186 2650 1304 2678 Ilistoria
1315 2653 1431 2680 constet,
1447 2649 1503 2675 haec
1515 2656 1529 2674 a
1546 2647 1686 2682 Stephano
1700 2652 1788 2682 gesta,
1807 2647 1870 2674 La-

1065 2698 1120 2725 zari
1139 2697 1205 2729 tilio,
1220 2695 1327 2732 Georgii
1343 2701 1420 2731 patre
1437 2703 1444 2722 :
1460 2702 1516 2729 quo
1529 2694 1563 2723 de
1587 2694 1716 2733 superius
1741 2701 1871 2721 uumcro

1065 2745 1100 2776 54
1116 2743 1304 2771 tractavimus.

1067 2791 1112 2819 74.
1133 2790 1241 2822 Geivisc,
1252 2789 1359 2819 Gebise:
1369 2788 1491 2825 Libyssa,
1508 2788 1610 2817 chusa
1620 2797 1629 2821 ;
1640 2788 1765 2818 Astutus,
1777 2787 1873 2816 Sinus

1339 2824 1495 2857 Astaccnus,
1515 2824 1605 2852 lutzu.

1102 2872 1211 2899 Gcivise
1231 2871 1390 2906 oppidulum
1415 2876 1456 2899 est
1477 2871 1622 2906 Bithyniae,
1636 2871 1718 2899 situm
1731 2871 1765 2896 ad
1778 2869 1875 2897 Nico-

1069 2918 1235 2946 tucdicusctn
1255 2917 1297 2946 Vel
1324 2917 1491 2946 Astaccnum
1508 2918 1598 2953 potius
1615 2917 1783 2953 ~antiquitus
1824 2916 1883 2953 di:
