1963 3067
128 147 176 178 78‘.)

702 148 772 177 PAN
779 148 871 178 DECT
878 149 899 178 E
914 150 939 179 ll
947 149 1002 179 lS'l.‘
1034 150 1084 180 TU
1091 149 1186 180 [{Cltl.

1698 144 1751 175 730

129 206 194 230 ctum
211 203 314 235 sinum,
333 202 359 229 in
375 202 433 238 ipsa
451 203 492 230 via
508 211 560 238 qua
584 204 832 240 Constantinopoli,
853 212 913 238 qmc
929 207 951 234 Α
966 204 1067 232 \‘arsac
1082 211 1109 233 ct
1123 206 1225 233 Versac
1256 203 1405 240 appellant,
1439 203 1465 229 in
1494 201 1625 228 Anatolio:
1659 199 1753 226 tabula

130 249 185 275 hinc
201 248 297 274 itinere
312 248 386 275 bidui
410 250 495 282 abest,
507 249 691 278 Nicomediam
708 252 772 283 itur,
790 251 825 277 Eu
846 257 908 277 \ero

130 295 236 322 ulterius
249 303 261 321 a
277 294 385 322 Geivise
396 297 478 324 distat
496 297 576 324 unius
594 297 691 324 itiucrc
707 298 769 324 diei.
788 297 908 331 Geogra-

130 343 201 377 phica
218 342 331 370 Natolia:
342 343 489 376 descriptio
504 344 651 371 Abrahami
683 344 777 371 Ortelii
794 343 908 375 Gejeccn

131 389 213 419 habet,
229 396 295 415 voce
312 389 434 415 nonnihil
453 394 555 416 mutata
575 399 581 416 :
598 389 767 424 Busbrquius
784 390 810 416 in
829 389 910 416 ltiuc-

131 434 196 460 rario
216 434 332 461 Gebiscn
350 435 455 466 scribit,
473 435 602 468 additque
631 436 730 469 putari,
763 437 833 462 hanc
846 435 910 462 olim

132 481 209 508 fuisse
219 481 373 515 Libyssam.
389 481 546 509 Ilannibalis
562 483 687 516 sepulcro
696 483 842 510 celebrem.
857 481 911 517 Ego

131 534 189 561 pace
199 527 264 553 tanti
275 527 324 553 viri
342 526 467 554 Gvivisen
492 527 571 558 hanc,
587 527 645 555 sive
661 527 790 560 Gebisen,
802 537 854 555 non
866 528 913 555 Li-

132 574 214 607 byssa:
223 572 350 607 reliquias
357 573 486 605 arbitror,
494 573 540 601 sed
548 574 650 600 Astaci.
662 573 726 600 Nam
735 573 847 609 Libyssa
856 574 914 600 lon-

132 621 186 654 gius
195 628 208 644 τι
218 619 278 645 ~inu
290 624 391 645 remota
401 625 452 650 est.
460 627 556 646 versus
564 619 696 655 BitltynizP
705 620 912 652 mediterranea,

132 663 259 691 clurbem
283 662 419 690 Nicmam:
443 663 579 698 hodieque
596 664 731 691 vocabulo
751 665 862 699 propius
881 665 914 692 ad

133 709 270 744 Libyssam
288 710 443 742 accedente,
461 709 567 737 chusa
580 711 689 738 dicitur.
706 712 837 738 Astacum
852 718 916 738 vero

133 759 272 790 propterea
288 759 354 790 puto
369 763 441 783 nunc
469 763 531 783 esse
549 755 689 788 Geiviscn,
709 757 782 792 quod
815 757 859 784 hic
886 757 914 784 in

132 802 344 829 autumniseimum
356 803 429 830 illum
441 803 524 830 maris
537 803 627 830 sinum
638 808 801 838 prospectus
814 808 915 838 pateat,

132 856 208 882 quem
229 849 381 880 abAstaco,
397 850 535 884 quondam
554 850 605 877 hoc
619 851 678 878 loco
716 851 778 883 sita,
811 855 916 878 veteres

133 896 507 930 appellaveruntAstacenum
525 908 532 925 :
547 902 576 926 ut
593 899 673 933 paulo
702 898 817 926 ulterius
833 897 916 931 idem,

135 947 234 969 mutato
257 943 376 977 nomine,
406 943 622 972 Nicomediensis
658 945 769 972 dicitur.
797 946 915 972 Astacus

133 988 272 1022 ipsa,cmn
285 989 422 1017 Astaceno
435 990 507 1022 sinu,
527 991 567 1018 sic
591 991 625 1018 ab
656 996 810 1018 astacorum
830 990 920 1025 copia,

134 1043 192 1068 qua:
206 1042 369 1063 cancrorum
395 1037 564 1064 marinorum
600 1038 706 1072 species
734 1043 787 1070 est,
811 1038 922 1065 nomine

135 1082 212 1116 vulgo
223 1081 326 1109 Graecis
345 1082 478 1118 hodieque
496 1083 733 1118 Constantinopoli
764 1089 838 1116 noto,
855 1084 922 1112 mihi

135 1127 243 1162 quidem
261 1129 368 1156 videtur
385 1129 530 1164 appellata.
548 1129 614 1163 Qua!
629 1130 710 1164 paulo
726 1135 785 1165 post
796 1131 923 1158 nomina-

136 1178 179 1200 tur
197 1173 303 1205 lntzua,
318 1182 402 1209 pagus
417 1180 466 1202 aut
477 1175 554 1202 vicus
568 1181 611 1202 est
626 1176 764 1211 ignobilis,
775 1176 847 1203 haud
862 1183 924 1210 pro-

135 1220 176 1246 cul
196 1227 210 1247 a
226 1220 346 1248 Tzurulo
360 1221 431 1248 situs
447 1222 474 1248 in
495 1222 604 1255 itinere,
621 1230 676 1256 quo
687 1221 923 1257 Constantinopoli

136 1265 286 1301 Selybriam
314 1272 341 1294 et
373 1267 487 1295 ulterius
515 1267 737 1303 Hadrianopolim
762 1270 827 1296 itur.
859 1269 924 1304 Ejus

135 1312 263 1347 deinceps
274 1319 384 1347 quoque
395 1313 425 1340 tit
439 1313 540 1341 mentio
550 1314 576 1340 in
588 1319 712 1341 extremo
727 1314 827 1342 Sclime
841 1313 861 1345 1,
878 1313 924 1349 qui

136 1359 344 1395 correptusistie
350 1359 484 1394 pestilenti
495 1360 592 1387 morbo
602 1360 663 1392 fuit,
672 1369 726 1395 quo
735 1361 824 1388 subito
834 1361 924 1396 periit.

366 1405 411 1432 75.
424 1404 523 1432 Akenzi
538 1405 576 1432 vel
593 1405 712 1432 Acanzii.

173 1451 239 1479 Sine
256 1450 390 1486 stipendio
409 1451 528 1479 militant
546 1452 617 1486 apud
629 1451 733 1479 Turcos
751 1451 867 1484 Akenzi,
880 1460 927 1479 ru-

137 1499 234 1527 sticum
249 1505 335 1533 genus
347 1497 501 1530 hominum,
529 1498 600 1525 sicut
622 1499 694 1532 apud
717 1497 840 1533 Ungaros
863 1499 927 1525 Hui-

962 252 1142 286 geographica
1155 251 1295 285 Versagcli
1315 250 1456 278 scribitur.
1493 248 1584 275 Conim
1612 247 1751 282 princeps,

961 298 1018 326 sive
1032 299 1117 332 begus
1133 298 1227 330 lconii,
1244 297 1413 324 Caramania)
1427 296 1552 331 princeps
1587 293 1697 324 dicitur,
1721 292 1754 318 ab

962 347 1023 373 aula
1038 346 1096 373 sive
1112 345 1184 379 regia
1200 344 1349 372 lconicnsi.
1367 343 1399 370 Et
1415 343 1486 370 bello
1518 340 1593 376 petiit
1610 340 1683 366 hunc
1698 338 1756 365 Mu-

963 393 1100 419 cbcmetes
1129 396 1241 427 propter
1270 391 1430 418 societatem
1456 396 1517 416 cum
1549 387 1649 414 Musa:
1678 385 1757 418 cujus

963 438 1109 474 adjuvandi
1121 445 1203 464 causa
1221 437 1335 464 Prusam
1345 436 1513 463 Caralitanus
1521 432 1675 460 obsederat.
1692 430 1756 456 dum

965 484 1149 511 Muchemctes
1165 483 1276 515 absens,
1294 483 1320 510 in
1336 482 1446 516 Europa
1474 488 1531 507 rem
1540 483 1636 506 contra
1667 476 1757 510 ipsum

966 530 1073 557 Musam
1091 529 1201 556 fratrem
1218 533 1334 562 gereret.

1170 573 1217 600 78.
1231 572 1366 600 Sumsom's
1390 571 1525 606 oppidum.

1001 618 1212 654 llujuseivitatis
1221 618 1356 646 Gedrinus
1365 622 1391 644 et
1399 618 1443 644 alii
1456 615 1615 646 meminere,
1629 620 1763 648 tanquam

966 666 994 693 in
1008 665 1096 693 Ponto
1113 665 1253 700 provincia
1269 665 1339 691 sitm.
1357 663 1462 690 Przetor
1474 662 1588 690 Gracia;
1602 665 1695 688 noster
1709 660 1757 690 ait.

967 712 1051 739 inilla
1064 711 1139 747 regni
1156 711 1196 738 vel
1214 711 1321 745 imperii
1349 709 1436 737 Graeci
1469 708 1642 740 confusione,
1656 715 1716 741 quae
1746 714 1760 731 ιι

969 757 1092 786 Flaudris
1098 763 1176 793 capta
1187 756 1424 790 Constantinopoli
1433 755 1549 787 exstitit,
1559 753 1660 781 Sabam
1670 761 1762 788 quem-

969 803 1030 830 dam
1046 811 1094 839 pro
1111 810 1140 830 se
1153 804 1222 830 hanc
1237 803 1332 830 urbem
1370 801 1514 829 Samsonis
1537 807 1688 834 occupasse
1699 806 1760 825 cum

970 853 1026 877 tota
1039 849 1150 882 vicinia,
1168 850 1211 877 cui
1235 849 1310 884 prius
1336 847 1508 881 imperatoris
1531 846 1618 873 Grmci
1653 845 1764 872 nomine

972 900 1105 931 praeerat,
1116 895 1264 930 statimque
1280 894 1391 930 subjicit
1409 893 1575 921 mentionem
1587 891 1764 927 Cappadocia:

972 942 1029 970 sive
1044 941 1122 977 regni
1135 941 1324 976 ’l‘rapezuntii,
1339 941 1413 968 velut
1425 940 1489 968 huic
1514 940 1609 972 vicini,
1638 938 1710 974 quod
1738 938 1769 965 itt

971 993 1106 1023 potestate
1122 987 1231 1016 Davidis
1251 987 1383 1016 Comueni
1397 992 1460 1015 tunc
1476 987 1570 1014 fuerit.

1009 1047 1053 1075 79.
1072 1048 1215 1080 Romania,
1244 1047 1367 1078 Cmmza.
1385 1047 1506 1074 Cmtozus
1518 1066 1525 1079 ,
1553 1045 1731 1077 Tatarbasar,

1302 1083 1436 1116 Tatargoi.

1008 1129 1170 1158 CumTatari
1187 1130 1317 1157 dicuntur
1337 1129 1362 1155 in
1378 1128 1541 1156 Romaniam
1560 1135 1593 1154 ex
1605 1126 1684 1163 431
1702 1127 1766 1153 Asia

974 1177 1092 1212 migrare
1104 1176 1185 1210 jussi,
1200 1175 1341 1204 Romulia:
1352 1174 1464 1202 nomine
1479 1173 1624 1201 Thraciam
1637 1173 1766 1207 accipito,

975 1223 1058 1258 cujus
1073 1223 1126 1250 hoc
1144 1221 1291 1249 Annalium
1307 1222 1368 1248 loco
1393 1228 1552 1255 expressum
1582 1225 1703 1247 castrum
1715 1219 1768 1246 Cu.

975 1277 1056 1301 nuza,
1074 1276 1127 1296 non
1142 1268 1235 1303 procul
1248 1268 1324 1295 abest
1338 1267 1372 1294 ab
1388 1266 1660 1301 urbePhilippopoli,
1675 1270 1701 1291 et
1714 1264 1768 1292 Cu—

977 1322 1060 1342 nozos
1077 1314 1179 1342 Graecis
1206 1313 1375 1341 demittatur.
1399 1312 1545 1340 Castaldus
1571 1313 1597 1338 in
1629 1310 1769 1338 hodiernus

977 1360 1088 1388 Graecia:
1104 1360 1195 1387 tabula
1212 1359 1393 1394 geographica
1403 1363 1482 1386 vocat
1493 1358 1663 1393 Cognuzam,
1675 1357 1768 1384 Italica

977 1407 1126 1441 Grzecaque
1146 1405 1382 1440 pronuntiatione.
1394 1404 1450 1433 Nos
1463 1405 1489 1431 in
1502 1405 1600 1431 itinere
1611 1409 1708 1431 nostro
1721 1411 1770 1438 pur

978 1453 1036 1480 haec
1051 1453 1108 1487 ipsa
1125 1451 1184 1479 loca
1197 1451 1451 1486 proficiscebantur,
1467 1455 1494 1478 et
1509 1450 1534 1477 in
1555 1450 1686 1485 oppidulo
1700 1457 1769 1484 quo-

979 1499 1039 1526 dam
1054 1503 1259 1534 pernoctantes,
1277 1491 1376 1525 ibidem
1392 1497 1663 1532 deprehendehamus
1679 1504 1712 1523 ex
1729 1496 1770 1530 ip-

137 1545 230 1573 duchi.
242 1544 379 1580 Quidquid
392 1543 522 1579 consequi
538 1545 637 1579 prasda:
651 1551 779 1579 possunt,
795 1545 846 1571 sibi
861 1545 923 1572 reti-
940 1547 962 1576 (ι
979 1553 1009 1572 so
1021 1545 1130 1572 nomine
1143 1544 1206 1577 loci,
1219 1544 1304 1571 fuisse
1321 1543 1545 1578 regiouemhanc
1563 1542 1629 1570 olim
1646 1541 1765 1572 Talai-is.

136 1597 203 1619 nent
219 1600 226 1619 '.
242 1598 296 1618 non
312 1595 398 1618 totum
415 1595 519 1618 tamen.
533 1590 640 1625 Quippe
655 1599 708 1618 non
726 1591 843 1618 aliarum
855 1591 926 1618 dun-

137 1642 214 1665 taxat
232 1644 323 1664 rerum
341 1644 545 1671 suarum,quas
558 1636 709 1676 possident,
730 1645 824 1664 verum
844 1637 925 1664 etiam

137 1684 229 1712 omnis
244 1689 304 1712 tum
322 1684 431 1718 praedae,
449 1687 507 1710 tum
529 1683 610 1715 lucri,
627 1683 700 1718 quod
721 1684 746 1710 in
762 1683 841 1711 bullis
863 1691 927 1718 per-

137 1729 254 1764 cipiunt,
263 1729 393 1756 decumas
405 1729 512 1756 sultano
527 1736 576 1756 suo
586 1728 691 1756 solvere
707 1732 850 1762 coguntur.
869 1727 929 1755 Itali

138 1783 226 1811 genus
239 1776 290 1802 hoc
306 1775 422 1802 militum
435 1782 485 1802 sua
497 1775 589 1810 lingua
602 1774 767 1802 Vcntureros
779 1776 927 1810 appellant,

138 1821 239 1857 priscis
255 1821 372 1849 Yolones
383 1821 448 1850 dicti
463 1820 549 1849 fuisse
564 1821 692 1849 videntur
712 1830 718 1848 :
745 1822 817 1848 unde
846 1821 930 1849 Calli-

139 1868 258 1898 machus
272 1867 425 1902 Experiens
441 1875 494 1895 non
512 1868 680 1903 ineleganter
709 1871 820 1896 nostros
847 1876 931 1897 cruce

139 1916 274 1951 signatos,
293 1913 413 1942 Volones
438 1913 600 1941 nominavit.
674 1942 678 1946 ,
876 1906 893 1913 ﬂ

372 1959 415 1987 76.
435 1958 602 1995 Mic/zalogli,
617 1959 708 1987 Tocal.

175 2007 268 2036 Prima
284 2006 405 2034 nominis
421 2005 642 2039 Micbalinorum,
668 2006 726 2034 sive
747 2006 933 2041 Michaloglio—

138 2062 214 2085 rum.
233 2053 291 2081 sive
308 2052 485 2081 Michalidum
502 2052 614 2084 mentio.
627 2052 654 2080 in
679 2053 722 2081 his
750 2053 859 2088 quidem
876 2054 933 2081 Αιμ

139 2098 250 2126 nalibus
267 2099 318 2125 hoc
327 2097 388 2125 loco
403 2097 551 2132 reperitur.
567 2097 604 2125 De
633 2098 675 2126 his
700 2098 805 2126 dictum
819 2107 834 2126 a
854 2099 935 2128 nobis

138 2151 222 2173 antea
251 2151 367 2173 numero
386 2148 512 2170 notarum
533 2143 579 2172 27.
599 2143 669 2171 Urbs
696 2144 791 2177 Tocat,
821 2153 876 2180 quo
893 2154 935 2173 re-

138 2192 249 2228 legatus
277 2191 360 2220 fuisse
389 2190 489 2218 dicitur
516 2190 697 2218 Mechemetes
730 2191 932 2226 Michaloglius.

978 1591 1031 1618 huc
1049 1591 1122 1618 velut
1136 1591 1161 1616 in
1182 1590 1318 1617 coloniam
1336 1589 1473 1621 deductis,
1497 1589 1529 1617 ad
1556 1588 1769 1616 inhabitanduzn

977 1644 1150 1664 concessam.
1168 1635 1234 1663 Nam
1255 1635 1378 1670 oppiduli
1407 1643 1506 1663 nomen
1537 1634 1632 1662 incoho
1643 1634 1772 1661 dicebant

978 1691 1038 1711 esse
1052 1683 1230 1715 'l‘atarbasar,
1256 1689 1378 1716 quaeror
1411 1681 1565 1716 emporium
1590 1681 1648 1708 sive
1680 1680 1769 1709 forum

979 1730 1141 1757 Tatarorum
1163 1729 1307 1763 signiﬁcat.
1322 1727 1375 1755 Nec
1394 1728 1514 1762 longius,
1544 1735 1626 1762 quant
1653 1735 1699 1755 sex
1726 1731 1773 1754 aut

980 1780 1082 1810 septem
1100 1776 1228 1803 horarum
1240 1775 1348 1806 itinere,
1362 1773 1672 1809 distataPhilippopoli.
1689 1773 1773 1800 Poni-

982 1828 1025 1850 tur
1036 1822 1137 1849 ibidem
1153 1830 1168 1849 a
1181 1821 1310 1849 Castaldo
1322 1821 1443 1856 Tartagi,
1459 1828 1572 1856 prorsus
1585 1821 1630 1848 ubi
1641 1819 1773 1847 Tutarba.

981 1875 1027 1895 sar
1040 1867 1191 1895 viatoribus
1206 1867 1240 1894 ab
1268 1867 1436 1902 llannijugis
1462 1867 1605 1894 altissimis
1636 1866 1662 1893 in
1693 1866 1772 1900 plana

982 1913 1106 1941 Thraciae
1115 1913 1343 1941 descendentibus
1354 1914 1485 1944 occurrit,
1500 1913 1525 1940 in
1539 1920 1651 1948 arquore
1666 1913 1773 1944 spatio-

983 1960 1092 1988 sissimo
1120 1960 1254 1995 longoque
1284 1960 1469 1995 pulcherrimo
1492 1960 1548 1989 sita,
1563 1969 1569 1986 ε
1587 1960 1659 1994 quod
1674 1967 1772 1987 nomen

984 2013 998 2033 a
1012 2006 1220 2037 Talarisitidem
1238 2006 1346 2034 videtur
1359 2006 1522 2037 derivatum.
1542 2006 1658 2034 fortasse
1671 2006 1769 2034 Talar-

985 2053 1224 2088 goiscribendum,
1252 2053 1325 2088 qttod
1355 2053 1518 2082 Tatarorum
1551 2057 1594 2080 est
1623 2060 1720 2088 pagus,
1748 2057 1774 2080 ct

985 2099 1056 2126 idem
1067 2098 1171 2127 scilicet
1187 2107 1248 2126 cum
1263 2097 1440 2127 Tatarbasar.

1220 2146 1267 2174 80.
1285 2145 1420 2179 Manis-sa,
1438 2145 1543 2174 Tot'lac.

1025 2192 1107 2220 Turci
1138 2193 1286 2220 Manissam
1315 2197 1415 2220 vorant
1430 2194 1524 2220 urbem
1544 2194 1775 2227 Asiatimm,qum

137 2238 315 2266 existimatur
331 2245 346 2264 a
358 2237 506 2272 plerisque,
519 2245 587 2274 quos
605 2239 676 2266 inter
687 2244 714 2266 ct
733 2239 835 2266 Marius
849 2239 932 2274 Niger
949 2232 970 2259 Ῑ)
985 2238 1088 2266 Graecis
1099 2244 1139 2266 cst
1157 2239 1299 2274 Magnisia,
1332 2238 1436 2266 Latinis
1466 2238 1616 2274 Magnesia.
1646 2239 1776 2267 Sansovi-

137 2292 196 2319 est,L
215 2285 381 2319 respondere
397 2284 481 2312 veteri
497 2283 688 2318 Neocaesarize,
722 2293 804 2320 quam
822 2287 848 2312 in
863 2286 933 2321 Cap-

137 2331 257 2367 padocia
274 2330 420 2362 collocant,
435 2330 521 2365 ipsam
539 2338 651 2365 quoque
682 2331 851 2365 provinciam
861 2331 933 2366 Cap-

138 2376 264 2411 padocia
276 2375 425 2402 Toccatum
439 2375 594 2410 appellante
610 2376 707 2403 Pineto
727 2385 733 2404 :
749 2384 810 2404 cum
833 2376 934 2407 Leonis

136 2421 259 2458 Augusti
284 2420 398 2449 Novella
424 2421 458 2449 de
486 2421 604 2454 thronis.
639 2421 839 2453 Neocaesariam
869 2422 935 2451 facit

138 2468 315 2503 ntctropolim
337 2467 416 2496 Ponti
433 2467 631 2496 Polemoniaci.
650 2467 782 2495 Tocatam
797 2468 866 2495 hanc
883 2476 934 2495 no-

137 2520 229 2542 stram
243 2513 382 2542 Laonicus
408 2512 557 2541 Tochatam
597 2514 717 2548 scripsit,
745 2522 795 2541 nec
824 2515 936 2547 desunt.

136 2561 189 2595 qui
203 2557 299 2587 malint
312 2567 372 2587 eam
387 2559 489 2587 referre
499 2561 532 2587 ad
542 2559 710 2588 Armeniam.
725 2561 847 2588 Bclloniu
862 2565 936 2588 certe

136 2606 225 2634 Nisar
242 2611 284 2634 est
295 2605 595 2638 Neocaesariamominc
603 2606 761 2640 recentiori,
771 2607 842 2642 quod
855 2609 937 2642 paulo

136 2654 258 2689 propius
278 2653 311 2680 ad
332 2653 451 2687 priscum
473 2652 540 2680 illud
554 2653 661 2680 videtur
672 2655 814 2681 accedere.
829 2654 937 2682 Pedites

136 2708 263 2735 quorum
273 2700 329 2729 dux
346 2700 372 2727 in
389 2699 548 2727 Valachiam
565 2700 719 2734 profugisse
730 2701 840 2734 dicitur,
857 2702 938 2736 paulo

137 2751 211 2773 ante
228 2745 295 2773 dicti
313 2745 391 2773 fuere
406 2745 591 2781 stipendiarii,
608 2745 706 2775 Turcis
722 2747 816 2782 Azepi,
831 2748 863 2774 de
879 2748 939 2782 qui-

137 2794 197 2822 bus
213 2800 328 2820 numero
344 2792 390 2819 72.

253 2838 297 2866 77.
319 2838 419 2866 Vartac
434 2840 488 2867 sive
506 2840 602 2869 Versae
616 2849 625 2874 ;
640 2841 730 2869 Cﬂllitl’
745 2842 830 2877 begus.

180 2884 320 2923 Oppidum
333 2885 502 2915 Garamanizc
521 2887 578 2917 sive
598 2888 708 2922 Ciliciae,
722 2889 792 2924 quod
822 2890 940 2919 Annales

988 2294 1040 2314 nus
1054 2290 1080 2313 et
1091 2286 1137 2312 alii
1152 2293 1210 2315 non.
1218 2290 1292 2313 recte
1309 2285 1490 2320 Mangresiam
1517 2290 1613 2320 putant
1627 2286 1709 2314 hodie
1724 2294 1775 2313 no-

989 2332 1100 2359 minari.
1116 2331 1185 2359 Sunt
1198 2338 1289 2359 autem
1303 2332 1330 2358 in
1347 2332 1410 2359 Asia
1436 2333 1533 2359 minori
1560 2333 1683 2360 civitates
1697 2333 1776 2367 hujus

990 2379 1111 2406 nominis
1137 2379 1218 2411 dum,
1250 2385 1367 2413 quarum
1399 2387 1453 2406 una
1479 2377 1579 2406 dicitur
1614 2378 1647 2405 ad
1668 2386 1776 2406 amnem

989 2423 1154 2452 Nicandrum
1165 2424 1216 2452 sita
1231 2423 1381 2459 Magnesia;
1398 2425 1467 2451 hanc
1479 2425 1622 2459 Ephesium
1635 2426 1776 2460 metropoli

988 2470 1099 2498 Novella
1131 2470 1229 2498 Leonis
1266 2470 1381 2505 Augusti
1416 2471 1549 2506 subjicit;
1595 2472 1708 2499 alteram
1745 2473 1778 2499 ad

989 2519 1182 2553 Smyrncusem
1200 2519 1370 2553 metropolim
1389 2519 1482 2551 refert,
1494 2519 1683 2548 ammoissimo
1698 2520 1776 2547 sitam

988 2572 1085 2592 versus
1100 2564 1222 2600 [Egteum
1240 2573 1315 2593 mare
1332 2566 1402 2593 loco.
1434 2565 1565 2600 Superest
1595 2567 1677 2593 etiam
1708 2575 1779 2593 nunc

990 2616 1114 2647 utraque,
1136 2613 1181 2639 sed
1197 2612 1374 2646 posteriorem
1390 2613 1463 2640 illam
1482 2617 1556 2647 puta,
1574 2621 1656 2647 quam
1680 2614 1779 2640 sultani

992 2657 1099 2685 Turcici
1119 2657 1180 2684 ﬁliis
1197 2658 1256 2685 suis,
1270 2657 1473 2685 inhabitandam
1487 2659 1628 2691 assignare
1638 2658 1727 2685 solent
1739 2659 1782 2685 in-

993 2709 1112 2731 \eterata
1128 2704 1325 2732 consuetudine
1338 2713 1344 2730 :
1357 2705 1428 2731 sicut
1440 2705 1540 2732 ibidem
1553 2706 1674 2732 diximus
1686 2712 1782 2739 supra,

992 2749 1068 2784 jussu
1083 2755 1196 2784 paterno
1226 2750 1282 2785 jatn
1306 2749 1516 2782 Muchemctcm,
1541 2751 1651 2778 unicum
1679 2751 1780 2778 sultani

993 2797 1107 2824 Muralis
1119 2797 1152 2824 lll
1180 2798 1276 2828 filium,
1294 2797 1403 2832 degere.
1417 2797 1515 2825 Torlac
1527 2805 1624 2824 nomen
1642 2803 1683 2825 cst
1710 2798 1782 2832 apud

995 2843 1098 2871 Turcos
1115 2843 1181 2870 certi
1194 2844 1301 2878 gcncris
1317 2843 1517 2879 religiosorum,
1529 2843 1636 2870 diversa
1659 2843 1782 2878 quadam

993 2899 1007 2917 a
1022 2890 1202 2919 Calendcrum
1218 2895 1242 2919 ct
1259 2890 1442 2919 Dcrvisiorutn
1471 2889 1643 2924 professione
1663 2896 1783 2924 sequen-
