1963 3067
85 143 137 174 ΗΒ

87 209 121 228 ne
134 201 196 237 quis
213 201 374 236 inmqualem
391 200 486 229 Dusmi
502 200 587 231 fuisse
605 200 810 232 Voldcmarum,
835 210 881 229 ra—
897 208 917 236 Α

86 251 162 287 tione
178 249 323 284 potestatis
334 253 361 276 et
377 248 498 283 imperii,
514 247 587 283 quod
606 248 762 280 allectabat,
791 250 884 284 suspi-

88 302 190 325 cetur:
206 300 235 324 ut
251 295 318 323 nihil
334 295 369 322 de
389 295 563 323 labefactatis
581 295 793 323 Osmauidarum
819 295 883 322 viri-

87 345 141 373 bus
154 346 216 378 post
242 342 425 370 calamitatem
456 341 588 376 Bajazitis
603 342 703 373 diram.
727 341 816 370 saltim
843 342 884 368 vi-

89 391 206 424 deamus
223 397 255 416 ex
270 389 336 424 ipsis
351 389 468 416 aliorum
488 388 636 416 Annalium
662 395 744 418 manu
762 392 886 415 exarato-

88 445 151 466 rum
165 436 273 469 Latinis
287 436 389 466 verbis.
403 444 486 470 quam
509 435 613 470 potenti
632 435 747 470 principi
776 435 887 462 molitor

89 486 136 515 ille
152 484 300 514 succedere
316 483 446 511 voluerit.
464 484 555 514 Anno.
571 482 710 518 inquiunt,
728 481 798 509 1510
823 481 887 508 νοι-

90 533 221 559 demarus
244 529 497 564 Brandeburgcnsis
532 529 667 559 mareltio.
688 528 803 555 mortuis
831 528 887 556 fra-

91 578 228 608 truelibus
238 582 265 604 et
285 577 406 611 patruis.
418 576 537 608 divisum
555 576 582 602 in
609 575 709 603 multas
727 579 820 609 partes
845 579 887 602 to-

92 631 150 652 tum
169 625 248 651 solus
270 623 344 650 illius
377 622 450 652 tituli
484 621 604 650 obtinuit
632 621 839 655 principatum:
861 623 889 648 et

96 672 219 707 glorians
247 671 275 698 in
302 670 462 698 fortitudine
491 676 523 697 ac
550 669 737 704 magnitudine
762 668 889 703 potentia:

94 726 163 751 suae,
182 717 289 745 curiam
303 717 439 744 celebrem
454 720 482 743 et
499 716 632 747 famosam
660 715 760 742 indixit
780 714 890 749 regibus

94 769 121 792 et
136 764 306 799 principibus
333 770 415 797 prope
437 763 573 797 longeque
594 762 707 796 positis:
730 762 890 789 habiturum

95 819 125 837 se
135 810 248 845 nuptias
259 817 320 836 cum
332 809 386 838 lilia
398 808 487 843 patrui
503 808 545 842 sui
562 808 732 840 signiﬁcans.
752 812 780 834 et
792 813 891 834 omnes

96 856 352 885 missisreredariis
375 856 408 882 ad
439 855 520 889 hujus
564 854 746 882 solemnitatis
760 852 890 888 gaudium

98 903 232 930 inritans.
255 902 321 930 Eam
337 901 424 929 tenuit
437 900 464 935 in
491 900 602 928 civitate
625 899 761 929 maritima
789 898 890 931 [ἰοειοο
907 896 927 922 Β

97 951 172 981 chio,
187 950 238 980 sita
256 948 340 977 maris
354 949 386 975 ad
399 952 520 983 portum,
535 947 607 974 unde
635 954 731 976 versus
766 945 893 976 Daniam,

98 999 241 1029 Sneciam,
255 996 433 1030 Norvegiam,
445 999 472 1022 et
487 995 520 1022 ad
534 999 626 1029 partes
646 994 714 1020 alias
731 993 894 1028 navigatur:

99 1046 127 1071 in
148 1051 231 1078 quem
268 1042 350 1070 etiam
375 1042 483 1076 navigia
510 1041 643 1068 mercium
670 1040 841 1069 diversarum
861 1038 894 1065 de

99 1088 218 1117 diversis
241 1092 268 1114 et
293 1087 407 1115 remotis
428 1086 589 1120 regionibus
606 1084 756 1119 appellunt.
774 1084 811 1117 {In
844 1083 895 1113 hac

100 1135 177 1163 auria
193 1135 244 1161 fuit
262 1141 309 1161 rex
330 1133 432 1168 Danize,
460 1140 523 1160 cum
542 1131 651 1159 duobus
681 1130 807 1160 duribus.
840 1128 896 1156 fra-

101 1182 191 1218 tribus
207 1181 276 1213 ruis,
291 1185 319 1208 et
338 1181 472 1207 immensa
494 1178 670 1206 multitudine
693 1177 785 1212 populi
815 1181 894 1205 terra:

101 1235 174 1255 attat:
192 1227 287 1259 duces,
307 1225 432 1256 comites.
457 1225 534 1252 liberi
553 1224 675 1251 barones
708 1221 895 1258 innumerabi-

103 1275 143 1309 les
159 1274 192 1301 de
219 1272 358 1305 Saxonia;
381 1271 554 1300 marrhionrs
569 1275 598 1298 et
626 1274 768 1305 magnates
787 1274 842 1297 tam
860 1270 894 1297 de

103 1321 160 1357 illis
176 1328 259 1356 quam
273 1321 308 1347 de
322 1319 426 1347 exteris
456 1317 593 1354 partibus,
623 1325 739 1352 quorum
766 1324 897 1345 numerus

103 1369 148 1396 vix
165 1372 273 1403 poterat
292 1366 435 1397 :estimari.
461 1363 586 1398 Mareliio
609 1364 736 1392 manibus
751 1363 822 1398 regis
844 1363 898 1390 Da-

105 1416 156 1442 niat
172 1414 253 1441 miles
266 1421 328 1441 cum
344 1420 443 1446 magno
455 1414 555 1439 decore
576 1410 734 1445 insignitur.
762 1409 833 1437 Mille
850 1417 896 1437 se-

107 1460 240 1496 ptingenti
260 1459 375 1491 nobiles,
394 1459 420 1486 in
448 1458 502 1486 hoc
527 1457 654 1485 tirocinio
667 1477 674 1490 ,
691 1463 769 1484 ποτε
795 1456 899 1483 militia:

105 1507 215 1545 cingulo
233 1515 282 1542 per
298 1506 484 1534 marehionein
505 1512 566 1532 cum
584 1511 681 1538 pompa
697 1503 816 1531 maxima
847 1503 898 1530 de-

107 1559 248 1583 corantur.
262 1553 299 1580 lbi
311 1553 486 1580 dominarum
503 1552 537 1579 dc
553 1551 674 1579 diversis
692 1551 818 1585 partibus
843 1550 900 1576 for-

109 1608 263 1633 mosarum.
291 1601 362 1628 sicut
379 1604 408 1628 et
429 1599 560 1631 militum,
575 1597 786 1625 innumerabilis
812 1596 900 1623 exsti-

110 1649 144 1676 tit
159 1650 250 1682 copla.
265 1646 395 1675 Tentoria
429 1653 478 1680 per
506 1651 620 1679 campos
641 1649 746 1673 erecta.
781 1642 901 1672 scarlato

111 1694 291 1726 circumdata,
319 1701 380 1720 rum
397 1690 588 1727 operimentis.
603 1688 742 1719 subselliis
757 1693 785 1715 et
800 1692 902 1715 strato-

110 1742 169 1772 riis.
183 1741 259 1768 velut
272 1747 368 1767 aurum
387 1739 517 1766 micantia
535 1737 709 1764 videbantur.
729 1734 808 1761 Putei
828 1733 901 1768 pleni

111 1789 187 1820 vino,
203 1787 334 1814 cet'evisia
351 1789 378 1812 et
392 1785 518 1815 medone.
543 1783 576 1810 ad
603 1782 774 1817 potandum;
805 1787 904 1815 specus

112 1834 221 1869 repletae
247 1833 388 1863 carnibus.
416 1831 541 1867 piscibus
570 1833 597 1857 et
629 1829 791 1861 frumento;
821 1833 904 1854 naves

114 1885 219 1917 onustre
233 1880 379 1915 speciebus
390 1877 561 1908 aromaticis,
578 1877 610 1903 ad
624 1875 781 1909 corporales
793 1873 906 1908 explen-

113 1928 162 1955 das
177 1927 303 1958 delicias,
320 1925 503 1953 habebantur.
520 1924 589 1956 Qua!
603 1922 713 1958 quidem
740 1920 826 1956 gloria
843 1921 905 1953 post

114 1974 172 2000 lucc
189 1972 215 1999 in
232 1972 350 2007 favillam
366 1969 441 1999 brevi
459 1973 502 1995 est
518 1968 642 1998 redacta,
671 1970 783 2000 propter
796 1962 904 1997 nuptias

114 2020 237 2050 illicitas.
255 2025 281 2045 et
302 2018 403 2044 fastum
431 2016 525 2051 gloria},
553 2013 725 2048 temporalis.
752 2011 819 2038 Nam
846 2010 905 2044 ipse

116 2066 299 2093 Voldemarus
312 2064 434 2093 marchio
448 2063 510 2089 sine
528 2061 636 2088 baerede
662 2059 791 2087 decessit.
819 2061 846 2084 et
871 2055 905 2082 ad

116 2112 263 2148 imperium
281 2115 353 2138 totus
370 2108 597 2144 illeprincipatus
625 2103 811 2139 amplissimus
827 2101 908 2128 devo—

115 2147 191 2188 lutus
206 2159 268 2186 fuit.
284 2157 424 2184 Haetenus
439 2153 584 2181 Annalium
596 2151 691 2181 verba,
720 2156 838 2183 quorum
868 2147 908 2173 le—

119 2197 238 2243 ctionem
261 2204 403 2239 Magiiiiico
417 2201 536 2228 Domino
550 2199 717 2233 Hieronymo
733 2193 802 2222 Beck
813 2202 827 2220 a
843 2192 911 2220 Leo-

672 143 878 175 PANDECTE
902 147 1004 176 IllST.
1023 147 1175 177 TURCIC.

1678 146 1732 181 7111s

933 204 1088 233 deminutae
1105 204 1200 232 [lavari
1219 204 1290 232 rit-cs
1303 203 1421 233 Karqus
1438 204 1583 239 imprrator
1594 204 1729 231 0ccidcn~

940 251 976 278 tis
987 251 1100 283 electus,
1113 251 1185 287 quod
1198 251 1275 278 illum
1301 251 1374 278 velut
1388 250 1530 282 aemulum.
1546 250 1591 285 qui
1622 255 1728 285 patrem

940 299 1082 329 habuisset
1097 299 1303 333 imperatorem.
1319 307 1372 325 non
1391 297 1440 326 abs
1452 305 1482 325 re
1495 297 1547 326 sibi
1560 297 1671 330 suisque
1684 306 1728 325 re-

941 346 993 376 bus
1010 345 1209 373 formidabilem
1227 350 1333 379 putaret
1347 355 1354 371 :
1369 345 1610 377 volcbatettmdetn
1627 344 1729 371 ditione

940 391 1162 426 Brandebnrgica
1189 391 1298 426 pulsum
1333 391 1496 427 lludolphus
1528 391 1611 421 Saxo.
1644 391 1730 426 stirpe

941 438 1153 466 Aultaltinorum
1166 446 1197 465 ex
1216 438 1318 466 Albcrti
1334 437 1398 466 Urs.
1430 437 1551 472 posteris
1569 437 1670 468 editus.
1702 443 1732 464 nt.

942 486 1032 520 aliqua
1048 486 1154 514 ratione
1180 485 1362 520 principatum
1385 485 1459 512 illum
1476 485 1530 512 sibi
1543 484 1657 520 suisque
1688 491 1730 511 re-

941 537 1034 568 petere
1046 533 1155 560 tandem
1173 533 1321 566 aliquando
1339 536 1443 567 posset,
1460 539 1542 567 quem
1571 531 1635 567 jure
1663 540 1730 566 pro-

943 580 1135 615 pinquitatatis
1161 584 1188 608 et
1217 580 1372 615 agnatiOnis
1396 587 1458 607 cum
1498 578 1731 614 Brandeburgit'is

943 626 1115 661 principibus
1138 628 1293 658 exstinctis.
1323 627 1356 653 ad
1384 635 1413 654 se
1440 627 1579 661 pertinere
1608 627 1730 660 putabat.

943 672 1076 700 Triennio
1093 677 1150 701 toto
1175 673 1426 706 Muratesimperio
1451 673 1530 707 potiri
1559 672 1653 706 quieto
1679 680 1732 699 non

945 720 1045 754 potuit.
1062 719 1227 749 defendente
1243 727 1273 747 se
1285 720 1347 747 istic
1376 719 1528 754 Muslapha,
1543 727 1641 754 resque
1676 723 1733 746 tur-

946 767 1027 794 bante
1043 767 1176 794 Turcicas
1192 775 1198 793 :
1217 766 1262 795 hic
1282 766 1402 796 triennio
1416 774 1466 794 nec
1485 766 1607 794 Bavarus
1624 767 1662 794 uti
1679 767 1731 794 frui

948 812 1170 849 Brandeburgica
1187 813 1309 846 regione,
1322 821 1372 840 nec
1391 813 1463 840 vinci
1480 813 1571 847 potuit
1586 813 1734 840 Voldemzh

947 868 1006 887 rus.
1025 860 1177 894 Mustapbae
1186 860 1272 887 tristis
1289 859 1406 888 fuitillic
1421 860 1523 888 exitus.
1539 860 1584 887 hic
1601 859 1736 887 infelicior

944 907 1082 935 molitoris
1097 906 1267 935 Voldemari.
1295 907 1468 942 Mustapltam
1487 907 1546 934 neci
1561 907 1636 934 dedit
1675 906 1737 933 istic

945 955 1072 989 laqueus.
1089 953 1135 981 hic
1154 952 1346 981 Voldemarum
1374 960 1459 988 rogus
1488 953 1652 987 absumpsit.
1681 952 1738 979 Hoc

944 1000 1028 1028 modo
1045 1007 1157 1033 causas,
1173 999 1301 1029 consilia.
1313 1007 1493 1033 personarum
1513 999 1643 1029 rationes,
1654 1003 1681 1026 et
1693 1007 1737 1026 re-

944 1054 1005 1074 rum
1026 1050 1122 1073 eventa
1139 1045 1225 1073 fuisse
1235 1045 1402 1075 consimilia.
1413 1044 1644 1079 respondentibus
1652 1044 1737 1070 etiam

946 1091 1119 1125 temporibus
1135 1091 1213 1124 ipsis.
1224 1090 1349 1118 videmus
1363 1090 1497 1123 :ideoque
1510 1093 1566 1116 tant
1585 1089 1638 1116 sibi
1658 1090 1739 1116 rebus

945 1137 1074 1165 oumibus
1087 1137 1210 1172 gemina.
1229 1140 1286 1163 tant
1313 1136 1432 1164 illustria
1448 1135 1503 1162 duo
1527 1135 1621 1162 saeculi
1655 1136 1738 1163 unius

946 1183 1082 1217 exempla,
1106 1181 1229 1215 jucunda
1267 1181 1351 1214 lectu,
1394 1179 1618 1208 consideratione
1645 1179 1740 1214 digna.

947 1229 1064 1261 libenter
1078 1229 1123 1256 hic
1141 1229 1178 1256 ob
1193 1228 1289 1256 oculos
1303 1235 1407 1263 ponere
1420 1226 1551 1254 studiosis
1564 1225 1740 1253 historiarum

947 1276 1099 1308 voluimus.

948 1333 992 1361 84.
1019 1331 1182 1369 Vardan'unt
1198 1331 1494 1369 appidnmpl’ardqfius
1520 1330 1618 1369 omnis,
1638 1328 1744 1356 Varda-

1164 1366 1248 1400 rt'olke,
1272 1367 1403 1398 l'ardari,
1425 1366 1547 1393 Verduri.

985 1414 1062 1448 Quod
1089 1414 1188 1449 legitur
1216 1413 1242 1440 in
1267 1412 1420 1440 Annalibus
1432 1411 1608 1441 Vardarium,
1626 1408 1743 1436 Thcssa-

950 1462 992 1489 lia-
1018 1461 1148 1497 oppidum
1182 1464 1234 1492 est,
1260 1459 1293 1486 ad
1327 1458 1489 1485 Vardariunt
1517 1456 1638 1487 ﬂumen.
1671 1455 1744 1490 quod

950 1507 1048 1537 Attium
1070 1506 1175 1542 priscos
1193 1505 1316 1536 dixisse,
1347 1507 1446 1538 praetor
1469 1507 1562 1529 noster
1585 1507 1613 1528 et
1632 1501 1677 1529 alii
1695 1509 1745 1528 no-

951 1557 1027 1586 tant.
1053 1554 1086 1581 ad
1095 1553 1243 1588 septimum
1263 1559 1277 1578 a
1293 1550 1487 1577 Thessalonica
1508 1549 1623 1584 lapidem
1634 1547 1715 1574 silum
1738 1555 1744 1574 :

951 1601 1016 1629 licet
1037 1599 1117 1627 fossa:
1139 1599 1279 1627 Vat-dario;
1297 1597 1347 1625 l00
1365 1596 1528 1624 milliaribns
1539 1595 1641 1623 Graecis
1656 1594 1749 1622 absint

952 1655 967 1677 a
989 1646 1197 1677 Thessalonica.
1219 1645 1252 1673 de
1275 1644 1376 1679 quibus
1397 1643 1472 1670 alibi.
1489 1641 1612 1669 Meminit
1627 1640 1682 1668 Leo
1699 1640 1750 1667 Sa-

952 1693 1029 1728 piens
1054 1693 1193 1725 Auguslus
1215 1690 1242 1718 in
1269 1689 1380 1718 Novella
1397 1690 1431 1716 de
1454 1688 1561 1716 thronis
1575 1687 1750 1722 episcopatus

954 1736 1194 1768 Vardariotarum,
1226 1742 1308 1770 quem
1336 1733 1481 1767 metropoli
1508 1731 1749 1759 ThesSaloniCt-nsi

954 1784 1077 1819 subjicit.
1099 1783 1130 1809 Et
1146 1783 1228 1810 hosce
1245 1781 1424 1809 Vardariotas
1440 1780 1521 1807 etiam
1542 1778 1646 1805 Turcos
1665 1776 1752 1804 nomi-

955 1836 1019 1862 nat,
1036 1832 1184 1857 translatos
1203 1827 1316 1856 aliunde
1340 1826 1447 1854 scilicet
1461 1825 1515 1852 huc
1532 1823 1564 1851 ad
1589 1822 1722 1849 V'ardariu
1736 1831 1750 1847 n

957 1877 1079 1905 fluvium.
1092 1875 1246 1903 Scribimus
1256 1879 1347 1901 autem
1363 1871 1538 1904 Vardarium,
1551 1877 1627 1897 more
1639 1868 1752 1896 Graeco:

957 1931 1020 1955 cum
1039 1923 1086 1951 alii
1112 1921 1274 1950 Bardarium
1300 1919 1410 1950 malint,
1438 1923 1534 1945 contra
1551 1913 1754 1951 pronuntiatio-

958 1977 1020 1999 nem
1036 1969 1188 1996 incolarum
1199 1987 1206 1999 .
1221 1967 1320 2002 quibus
1336 1971 1376 1995 est
1394 1964 1508 1993 Vardari
1521 1967 1550 1991 et
1566 1962 1691 1990 V’erdari.

1100 2017 1146 2044 85.
1166 2015 1279 2043 Clitiseiu
1296 2015 1351 2050 [νεα.
1371 2013 1473 2039 (ἶναιιείδ
1493 2011 1631 2037 Zunailes.

995 2063 1082 2097 Quem
1093 2062 1202 2090 Turcici
1212 2060 1332 2089 Annales
1351 2058 1516 2086 Chuseinem
1530 2058 1637 2090 begum,
1649 2055 1734 2091 lsmyr
1744 2064 1758 2081 |‘

960 2109 1123 2145 principem,
1143 2107 1289 2135 nominant
1302 2126 1309 2138 ,
1328 2105 1466 2132 Laonicus
1492 2102 1637 2130 Zunaitem
1660 2106 1756 2133 vocat,

963 2155 1134 2191 Smyrnaeum
1153 2153 1302 2189 principem
1320 2161 1327 2179 :
1350 2151 1397 2187 qui
1416 2158 1477 2178 cum
1497 2149 1597 2176 Dusme
1616 2147 1757 2182 Mustapbzt

962 2203 1087 2238 captivus
1109 2210 1125 2229 a
1148 2202 1252 2229 Graecis
1277 2198 1431 2227 custoditus
1457 2196 1540 2224 fuerit
1568 2195 1596 2222 in
1628 2193 1758 2229 Epidauri

119 2252 266 2288 βοῖίιειοτῖ.
280 2256 309 2278 υι
321 2249 376 2283 alia
405 2249 492 2284 P‘m'av
509 2246 653 2274 ἀεθεηπη·
681 2243 722 2271 ΕΧ
753 2242 797 2269 his
819 2244 908 2288 ⁵ξ¹¹ἰθ¹¹¹
929 2248 949 2277 D
964 2257 1038 2279 arce,
1062 2256 1135 2276 nime
1144 2245 1330 2275 Monemuasia
1343 2245 1400 2272 sive
1417 2242 1557 2273 Malvasia.
1574 2246 1600 2268 et
1627 2242 1653 2267 in
1669 2240 1760 2267 Imbro

119 2300 224 2335 liquido
243 2302 330 2333 paret.
341 2304 395 2324 non
416 2293 531 2322 minoris
547 2292 632 2319 fuisse
648 2289 780 2317 momenti
813 2286 913 2320 νομιο-

121 2349 275 2376 marianum
293 2347 344 2372 hoc
358 2343 509 2379 negotium.
523 2348 604 2376 quam
617 2337 684 2366 illud
700 2335 912 2370 Mustaphteuut.

123 2395 327 2422 Reeenseamus
340 2395 366 2417 et
379 2388 443 2420 alia,
457 2395 518 2424 quae
536 2387 562 2413 in
576 2383 812 2420 comparationem
827 2380 917 2407 utrin-

122 2449 175 2476 que
195 2439 288 2466 venire
306 2441 431 2472 possunt.
446 2435 467 2464 A
497 2432 639 2466 Mustapba
656 2430 746 2457 stabat
767 2427 918 2461 imperator

123 2473 236 2517 firmus
253 2485 325 2516 istic,
343 2491 357 2511 a
373 2482 538 2513 Voldemaro
551 2479 640 2507 stabat
651 2478 808 2504 Germanus
832 2473 918 2506 impe-

125 2539 200 2562 rator
215 2533 261 2560 bic
277 2537 321 2559 :ct
336 2534 411 2558 tanto
423 2528 534 2563 quidem
565 2523 712 2558 potentior,
729 2524 832 2556 quanto
845 2518 920 2546 Crat--

125 2589 187 2609 cum
199 2579 344 2614 imperium
359 2577 384 2603 id
395 2575 526 2610 temporis
540 2570 705 2600 Germanico
716 2567 833 2595 debilius
846 2569 918 2592 erat.

126 2628 229 2655 Praeter
261 2609 458 2659 imperatorem
502 2627 565 2647 cum
607 2615 752 2651 Mustapba
778 2609 917 2647 conjuncti

127 2673 265 2710 principes
279 2657 344 2704 illic,
361 2669 442 2706 533
459 2668 504 2696 hic
514 2665 708 2710 V'oldemarnm
722 2657 920 2710 quoquc-priu-

129 2704 422 2756 Icipcs-pra‘peten—tes
450 2714 591 2742 fovebant.
624 2709 797 2738 Debilitatam
830 2704 921 2731 Mura-

134 2752 168 2795 tis
182 2752 332 2802 potentiam
351 2763 462 2791 Gnaeus
489 2761 638 2794 imperator
651 2761 679 2784 et
703 2753 812 2782 Turcici
842 2752 920 2778 vole-

130 2813 194 2841 bant
207 2810 356 2846 principes.
375 2808 447 2843 quod
464 2814 478 2833 a
494 2806 600 2832 Mur-ate
613 2803 665 2830 sibi
679 2803 845 2828 metuerent.
858 2805 923 2826 sua-

131 2866 183 2892 que
198 2845 268 2885 tum
294 2856 407 2890 pariter,
421 2859 447 2880 rt
461 2852 536 2887 prius
559 2850 594 2877 ab
608 2847 765 2876 Osmanidis
791 2845 844 2873 sibi
875 2853 922 2878 per

133 2904 289 2938 vimcrcpta
305 2899 653 2936 rccuperarenitcrcntur:
680 2894 776 2921 itidem
811 2891 922 2919 volebat

967 2296 1127 2331 Lemnoque
1153 2293 1253 2322 insulis
1264 2313 1272 2325 ,
1297 2291 1420 2327 quandin
1436 2290 1561 2317 sultanus
1576 2287 1761 2314 Mueltemetes

967 2341 1077 2374 vixerit,
1104 2340 1145 2368 cui
1171 2339 1280 2375 quidem
1303 2339 1355 2364 bac
1376 2338 1402 2363 in
1423 2344 1452 2363 re
1479 2334 1622 2371 gratificati
1643 2333 1710 2359 Iint.
1729 2333 1761 2359 At

968 2388 1138 2416 Mucbemete
1164 2391 1286 2417 mortuo,
1302 2384 1460 2418 blustapbas
1474 2389 1535 2409 cum
1554 2381 1605 2408 hoc
1618 2380 1761 2410 liberatus,

968 2440 996 2463 et
1023 2434 1119 2463 Murati
1146 2433 1324 2461 Mucbemetis
1352 2431 1408 2458 filio
1435 2429 1489 2457 fuit
1512 2427 1667 2464 oppositus,
1694 2434 1763 2460 prte-

970 2484 1038 2512 scuti
1064 2490 1125 2510 cum
1142 2488 1232 2509 rerum
1249 2479 1405 2507 Graecarum
1423 2475 1592 2507 discrimine,
1607 2474 1680 2501 sicut
1692 2473 1762 2500 idem

971 2531 1073 2566 prolixe
1099 2530 1306 2557 commemorat.
1333 2525 1427 2552 Obiter
1453 2523 1505 2550 hoc
1526 2522 1609 2549 etiam
1628 2519 1764 2554 adjicitor.

970 2577 1111 2606 Zuanitetn
1127 2575 1200 2602 hunc
1211 2575 1262 2601 dici
1279 2572 1445 2603 Sansovino,
1462 2577 1515 2598 non
1530 2567 1672 2596 Zunaitem
1691 2575 1698 2593 :
1718 2573 1765 2600 per

971 2623 1146 2652 oscitantiam
1162 2621 1315 2656 scriptoris,
1333 2624 1362 2646 ut
1377 2623 1453 2654 puto.

1020 2671 1068 2699 86.
1089 2669 1198 2701 Vlttbat,
1223 2666 1383 2701 Lopaa'ium.
1404 2664 1521 2699 Lupadi,
1546 2661 1718 2697 Rhyndacus,

1293 2702 1404 2729 llic/tali
1409 2701 1444 2728 si.

1008 2752 1165 2781 Monuimus
1190 2757 1283 2785 supra.
1316 2755 1431 2775 numero
1462 2750 1590 2773 notarum
1620 2743 1665 2774 16,
1693 2740 1765 2774 quod

974 2801 1072 2829 Turcis
1083 2799 1212 2835 oppidum
1231 2795 1346 2824 minoris
1362 2795 1434 2821 Asiae
1449 2793 1560 2822 dicatur
1575 2790 1682 2819 Vlubat.
1696 2788 1767 2815 Lao-

976 2851 1036 2876 niro
1063 2847 1213 2882 Lopadium
1237 2852 1308 2876 esse,
1337 2850 1410 2870 nunc
1432 2841 1512 2875 vulgo
1542 2839 1646 2875 Lupadi
1670 2844 1769 2864 normn

976 2897 1086 2926 habere.
1112 2893 1249 2923 Mclicnsis
1274 2891 1420 2924 Antonius,
1446 2889 1551 2917 l‘odota
1572 2891 1675 2920 noster,
1690 2886 1770 2920 cujus
