1963 3067
237 159 291 189 7ίὶ5

833 153 995 185 ΙΟΛΝΝΙΞ
1008 150 1242 182 LEUNCLAVll‘

1809 147 1884 183 τεῶ

235 221 317 246 supra
340 211 512 238 meminimus
540 217 654 237 numero
675 213 801 236 notarum
819 209 866 241 Ἡ.
889 208 1019 243 Lepidum
1036 212 1058 238 Α
1074 206 1119 232 ille
1156 205 1351 237 subduxisset,
1380 209 1562 232 mercatorum
1576 205 1720 240 impositas
1743 208 1859 243 navigiis

234 266 342 292 quoque
354 258 406 284 dici
423 257 537 284 volt-bat.
555 255 606 282 Sed
618 255 661 282 hic
678 255 846 286 addendum,
862 262 915 281 non
940 253 1018 288 oppi-

235 307 298 332 dum
322 305 453 331 duntzuat
475 310 534 330 esse
557 302 719 337 Lopadium,
745 302 791 328 sed
816 301 898 328 etiam
930 300 1018 327 lacum

236 351 383 384 Lopadium
399 354 425 376 et
441 349 620 384 proﬂuentem
635 348 717 375 elacu
733 347 882 382 Lopadinm
896 355 1015 380 amnem,
1031 342 1034 346 ’

234 398 328 424 eodem
345 396 466 430 conspici
483 396 552 428 loco,
563 400 589 422 et
605 395 700 422 iisdem
711 394 839 429 appellari
851 394 1017 421 notninibus.

237 443 310 470 Licet
339 443 388 469 hoc
420 444 500 468 etiam
528 441 671 476 perspicue
697 441 730 468 de
745 440 855 468 Laonici
873 440 963 467 verbis
979 441 1018 467 in-

235 489 365 524 telligere,
387 496 448 515 cum
470 496 513 516 res
539 489 648 516 easdem
673 488 807 519 referens,
820 488 857 515 ait
874 496 881 514 ε
900 486 937 514 Eo
952 492 1020 514 tem~

235 543 300 570 pore
312 540 401 563 castra
424 536 544 563 Muratazi
574 537 745 563 laetabantur
766 543 849 570 prope
868 534 1017 569 Lopadium

235 584 336 615 lacum,
354 588 381 610 et
393 583 531 617 regionem
542 582 687 609 hichalicii
701 583 844 609 vastabant
860 589 867 607 :
883 581 928 609 ubi
943 581 1019 609 lacus

235 628 508 662 multlsiamhagihus
534 635 581 662 per
604 627 744 662 angustias
771 627 798 654 in
828 634 901 653 mare
933 631 1019 654 semet

233 675 356 707 eﬂundit,
375 679 401 702 et
421 675 521 702 ibidem
540 681 607 708 pons
625 678 678 701 est.
693 673 851 708 Mustapbas
866 678 956 700 autent
973 681 1019 700 ac-

234 722 343 754 cedens,
368 727 457 749 castra
485 721 583 749 locavit
603 721 679 754 juxta
708 721 807 747 ostium
821 720 908 752 ﬂuvii,
927 721 1017 755 quiev

233 769 293 795 lacu
321 772 473 803 promanat.
499 767 603 800 Quibus
627 767 653 794 in
676 767 766 794 verbis
786 775 846 801 qua:
873 766 1018 793 Michalicii

234 814 309 849 regio
331 818 453 846 vocatur,
481 807 553 840 nunc
579 812 726 845 Micbalizi,
749 817 803 840 tam
821 813 856 840 ab
871 812 952 846 hujus
969 819 1019 839 no-

234 860 316 887 minis
342 860 435 893 ﬂuvio,
465 868 546 893 quam
575 860 609 886 ab
623 859 722 893 oppido
752 859 878 885 dicitur:
905 858 976 892 quod
1002 865 1017 885 ιι

1071 251 1166 286 copias
1182 259 1245 278 suas
1261 255 1336 278 trans
1359 250 1562 285 Hellespontum
1575 252 1635 280 vehi
1652 260 1775 281 curasse.
1793 254 1858 287 Qui-

1071 297 1123 325 bus
1148 297 1174 324 in
1195 297 1301 329 verbis,
1317 298 1427 332 quinam
1443 297 1480 324 illi
1496 303 1664 326 mercatores
1680 298 1791 332 iuerint,
1805 308 1857 328 non

1070 343 1243 378 exprimitur.
1261 343 1313 370 Sed
1329 343 1477 374 Laonicus,
1491 351 1548 371 rem
1561 343 1691 373 disertius
1704 353 1856 380 exponens,

1070 388 1257 422 Praverlet'at,
1265 390 1363 424 inquit,
1371 391 1525 417 Amuratem
1535 390 1857 426 Mustapbasﬁallipolim

1071 436 1286 463 transfretando.
1304 437 1456 464 Amurates
1476 444 1551 470 vero,
1566 442 1662 465 nactus
1676 437 1857 466 Januensium

1071 482 1160 509 navim
1178 481 1336 515 maximam,
1348 490 1408 517 qua:
1424 482 1494 510 forte
1507 484 1659 518 appulerat,
1675 492 1737 511 cum
1758 485 1858 520 guber-

1070 533 1164 556 natore
1176 529 1335 563 paciscitur,
1351 536 1381 557 ιιι
1400 537 1433 557 se
1444 537 1505 557 cum
1520 531 1670 565 peregrinis
1684 536 1710 558 et
1727 531 1859 559 militibus

1069 573 1163 601 Januzn
1175 575 1379 609 (stipendiarios
1390 579 1414 602 et
1424 575 1512 603 Porta:
1533 576 1633 605 milites
1644 582 1749 605 ventere
1766 577 1862 606 debuit

1070 620 1228 656 interpres),
1250 622 1416 657 reliquisque
1427 622 1524 656 copiis,
1540 623 1570 650 in
1589 623 1725 658 Europam
1737 629 1860 652 transve-

1070 667 1156 694 heret.
1165 667 1315 694 Mercedem
1327 668 1502 702 gubernatori
1514 669 1760 703 solvitmasimam,
1769 678 1858 705 quan-

1071 717 1124 739 tam
1135 713 1272 746 pollicitus
1284 714 1425 746 pecuuiam
1439 714 1538 748 fuerat,
1549 715 1664 750 impigre
1673 716 1857 744 numerando.

1070 758 1138 785 llinc
1156 766 1221 793 ergo
1240 760 1295 794 jam
1309 760 1497 794 cognoscitur,
1514 766 1680 788 mercatores
1693 761 1754 789 illos
1772 761 1859 790 fuisse

1069 804 1238 839 Genuenses,
1262 806 1362 841 quibus
1383 807 1428 833 alii
1452 806 1584 834 Muratem
1602 808 1629 835 in
1646 809 1751 843 singula
1769 815 1859 836 trans-

1069 851 1255 878 vehendorum
1277 852 1366 886 capita
1397 852 1512 880 ducatos
1539 853 1677 887 singulos,
1706 855 1752 882 alii
1780 855 1859 884 binos

235 906 336 940 Lapido
358 906 415 933 sive
437 906 557 940 Lopadio
575 905 736 932 milliaribus
755 904 857 932 Graecis
876 903 908 931 l0
924 904 1015 930 distat.

1070 897 1185 925 solvisse
1199 901 1363 925 memorant.
1376 897 1409 925 Et
1426 899 1562 926 notandus
1576 899 1619 927 hic
1635 900 1774 927 locustam
1788 901 1859 929 Lao-

234 951 394 978 Addendum
417 956 443 978 et
469 952 529 982 hoc.
556 959 662 978 amnem
688 950 837 985 Lopadium
863 949 961 984 priscis
975 949 1019 976 dic

234 1002 307 1024 ctum
322 998 406 1026 fuisse
422 998 611 1034 Rhyndacum.

234 1078 277 1105 87.
294 1076 375 1104 Falso
386 1085 488 1104 rumore
498 1077 593 1110 didita,
605 1085 645 1104 res
655 1077 743 1112 magni
753 1076 878 1104 momenti
887 1076 1017 1111 confecta.

268 1145 368 1172 Praeter
383 1145 447 1172 illud
469 1150 644 1179 strategema,
667 1153 722 1180 quo
737 1145 916 1173 Mechcmetes
933 1145 1018 1180 begus

234 1193 422 1227 Michaloglius
446 1193 628 1228 Muslapbacos
659 1200 787 1228 proceres
813 1200 845 1219 ac
875 1191 976 1218 milites
989 1191 1016 1218 in

234 1245 324 1270 partes
339 1239 451 1267 Muralis
463 1240 575 1267 attraxit
587 1260 593 1272 ,
611 1240 682 1266 aliud
698 1240 779 1267 etiam
795 1246 809 1266 a
827 1238 947 1266 Laoaico
961 1245 1018 1264 me-

233 1287 326 1312 moria:
346 1287 482 1321 proditum
505 1292 555 1320 est,
568 1295 622 1321 quo
639 1287 786 1321 singularis
806 1286 926 1313 vafritiei
943 1292 1017 1313 com-

233 1335 323 1358 mento
351 1339 395 1359 res
427 1333 528 1366 pariter
554 1340 585 1359 ac
599 1340 661 1367 spes
677 1340 772 1360 omnes
789 1333 938 1366 Mustaphae
955 1331 1018 1358 fun-

231 1377 305 1404 ditus
319 1385 422 1404 eversas
434 1383 607 1405 corruerunt.
624 1378 668 1404 Ait
687 1379 771 1410 enim,
785 1378 875 1406 missis
892 1378 926 1404 ad
944 1377 1018 1404 Grae-

232 1431 325 1450 corum
353 1424 546 1458 intperatoretn
572 1431 604 1450 ac
635 1432 771 1457 proceres,
799 1428 882 1451 tama
901 1424 1017 1457 Murate,

231 1477 311 1501 quam
331 1469 470 1503 Mustapha
494 1470 599 1504 legatis,
620 1469 729 1496 Cra-cos
750 1470 858 1496 tandem
870 1477 899 1497 re
913 1470 1017 1497 delibe-

233 1521 290 1542 rata
315 1515 490 1549 Mustaphaais
511 1523 651 1548 assensus,
667 1515 856 1543 Muratxeorum
880 1516 1015 1551 postulata

231 1562 369 1596 rejvcissc.
399 1561 467 1589 Tum
495 1570 560 1589 vero
584 1562 727 1589 Muratzcos
747 1569 857 1589 suorum
871 1562 899 1590 in
924 1567 1050 1608 castrac

231 1610 349 1636 maxima
372 1617 433 1636 cum
454 1609 626 1636 festinatione
653 1616 798 1641 reversos,
827 1617 889 1636 mox
917 1608 1015 1636 falsum

230 1657 362 1691 sparsisse
386 1663 540 1687 rumorem,
564 1663 618 1689 quo
641 1655 750 1683 Graecos
770 1656 940 1683 a‘ﬂirmabant
955 1654 1016 1682 Mu-

231 1703 296 1730 ralis
317 1707 407 1737 partes
426 1703 576 1737 amplexos.
593 1701 629 1729 Ea
645 1710 673 1729 re
693 1709 739 1736 per
751 1702 917 1737 transfugas,
934 1702 1014 1736 utﬁt,

230 1749 256 1775 in
283 1749 401 1775 hostiunt
422 1756 531 1783 quoque
552 1748 650 1776 castris
660 1748 753 1781 didita,
770 1755 940 1783 summopere
955 1755 1015 1783 per-

230 1795 352 1822 turbatos
366 1794 557 1830 Mustaphaaos.
571 1802 686 1829 quorum
703 1795 781 1829 legati
800 1802 862 1822 cum
875 1799 1016 1829 peroptato

228 1840 383 1868 Graecorum
409 1848 539 1876 responso
566 1841 681 1868 necdum
705 1841 877 1875 appulerant,
902 1840 1016 1876 abiectis

228 1887 326 1915 anitnis
343 1888 382 1914 vel
397 1887 510 1914 Muralis
526 1895 554 1914 se
566 1888 658 1922 gratiae
667 1894 700 1914 ac
711 1887 772 1914 lidei
790 1887 959 1922 permisisse,
973 1888 1015 1916 vel

229 1933 290 1968 fuga
319 1933 398 1960 saluti
425 1933 598 1960 consuluisse
612 1941 619 1960 :
642 1932 724 1968 434
739 1933 811 1968 quod
825 1932 859 1959 ab
876 1932 934 1967 ipso
948 1939 1016 1967 quo-

228 1987 281 2014 que
292 1979 431 2014 Mustapha
451 1979 564 2011 factum,
591 1977 707 2006 Zunaite
726 1978 854 2012 patritum
868 1979 900 2005 ad
913 1978 1015 2013 princi-

228 2029 320 2060 patum
340 2033 370 2052 se
393 2025 551 2059 recipiente.
573 2024 749 2052 Memorabile
774 2025 899 2059 profecto
921 2032 1014 2052 exem-

228 2072 314 2106 plum,
333 2080 386 2106 quo
402 2076 480 2107 pacto
495 2079 693 2106 nonnunquam
710 2072 735 2098 in
749 2071 826 2098 bellis
838 2079 883 2099 res
896 2071 1015 2099 maxime

228 2118 382 2146 rumoribus
404 2119 444 2145 vel
469 2118 617 2153 prosperis,
634 2118 676 2145 vel
704 2117 838 2150 adversis,
862 2125 924 2145 cum
947 2117 1013 2146 dex-

227 2163 335 2192 teritate
350 2163 464 2198 sparsis,
481 2162 669 2198 perﬁciantur.

416 2220 461 2248 88.
475 2220 558 2256 Buga,
578 2219 662 2253 (Iuba,
680 2228 728 2255 pro
744 2219 829 2256 Buga.

260 2278 320 2312 Quo
345 2278 403 2305 loco
429 2278 478 2306 sita
504 2278 539 2306 sit
560 2278 644 2314 Buga,
671 2279 738 2306 satis
754 2278 866 2312 intelligi
880 2281 968 2314 potest
981 2277 1015 2306 de

226 2324 326 2351 notatis
354 2324 480 2359 superius
499 2324 533 2351 ad
556 2332 700 2352 numerum
715 2324 761 2352 24.
779 2325 799 2351 A
813 2324 948 2360 Leopadio
960 2332 1013 2352 non

224 2370 304 2405 longe
331 2370 422 2403 distat,
452 2371 586 2406 habetque
614 2370 716 2402 lacum,
741 2378 773 2398 ex
800 2378 855 2404 quo
869 2374 1015 2404 promanat

225 2417 314 2444 amnis
348 2417 432 2451 Buga,
457 2416 560 2444 civitati
590 2417 777 2451 c0gnominis.
806 2416 1013 2444 Recentioribus

224 2462 293 2490 Juba
317 2464 356 2490 vel
382 2463 459 2491 Guba
472 2463 614 2494 scribitur,
630 2462 730 2489 litteris
747 2463 933 2497 transpositis.
948 2464 1013 2490 Am-

226 2509 267 2536 nis
284 2509 367 2543 Buga,
390 2517 470 2543 quem
496 2509 627 2538 diximus.
649 2507 772 2543 Lopadio
790 2509 895 2535 ﬂumini
913 2509 1014 2536 misce-

227 2562 279 2588 tur,
298 2556 369 2589 quod
393 2556 484 2582 itidem
504 2555 613 2582 Griecos
638 2555 702 2582 olim
723 2555 900 2590 Rhyndacum
921 2556 1012 2591 appel-

227 2602 297 2628 lasse
311 2600 390 2634 paulo
406 2604 469 2626 ante
484 2601 647 2628 notavimus.

224 2658 259 2685 89
282 2657 428 2694 Hennenses
440 2658 546 2691 quidam
559 2659 585 2684 in
599 2658 733 2693 Europam
745 2659 859 2687 Muralis
875 2660 905 2687 II
920 2661 1009 2694 copias

261 2699 335 2720 trans
362 2692 569 2726 llc’lespaulum,
609 2699 717 2727 accepta
741 2697 857 2722 mercede
882 2692 1008 2728 uiantium,

259 2733 452 2763 transportam.

258 2784 388 2812 lleferunt
415 2784 515 2817 'l'urci,
544 2785 688 2817 Muratem,
714 2791 743 2813 ut
773 2786 944 2822 Mustapham
966 2787 1008 2815 fu-

222 2833 340 2866 gientem
367 2831 545 2866 opprimeret,
561 2840 622 2859 cum
640 2840 735 2859 omnes
748 2833 781 2859 ad
803 2832 1006 2868 Hellespontum

222 2885 331 2914 propter
349 2879 585 2914 Calhopolitanuni
606 2880 748 2914 trajectum
767 2887 850 2907 naves
864 2881 889 2909 in
907 2886 1005 2909 lcrratu

1071 944 1225 978 nici,quam
1241 945 1393 974 annalium.
1408 950 1518 980 propter
1536 952 1691 974 nostrorum
1706 948 1857 975 hallucina-

1070 991 1169 1024 tiones,
1193 999 1310 1026 quorum
1331 992 1376 1019 alii
1399 997 1525 1019 navatam
1550 993 1621 1020 hanc
1639 992 1736 1020 Turcis
1751 994 1828 1021 aiunt
1843 1001 1858 1022 a

1069 1036 1260 1065 Genucnsibus
1291 1045 1402 1073 operam
1428 1042 1551 1073 tempore
1580 1039 1675 1073 prima:
1702 1039 1857 1067 Turcorum

1070 1084 1274 1117 transiectionis
1296 1084 1322 1111 in
1349 1084 1497 1119 Europam,
1519 1085 1545 1112 in
1561 1086 1663 1120 quibus
1677 1091 1721 1114 est
1740 1085 1859 1114 Nicolai-

1069 1129 1127 1162 des,
1151 1129 1184 1157 de
1208 1138 1264 1165 quo
1285 1139 1368 1165 supra
1395 1131 1497 1158 dictum
1518 1139 1634 1158 numero
1659 1137 1785 1160 notarum
1799 1133 1856 1160 24:

1069 1176 1114 1203 alii
1142 1176 1266 1204 referunt
1289 1177 1322 1204 ad
1347 1177 1373 1205 id
1397 1181 1515 1212 tempus,
1536 1185 1591 1213 quo
1605 1178 1728 1206 rescissis
1739 1180 1859 1207 auctori-

1069 1227 1122 1250 tate
1151 1223 1287 1258 pontiﬂeis
1312 1223 1441 1257 induciis,
1463 1232 1531 1260 quas
1562 1225 1715 1254 Vladislaus
1741 1226 1859 1255 Polonus

1068 1267 1194 1303 Ungarian
1217 1276 1265 1296 rex
1295 1276 1357 1296 cum
1385 1268 1492 1297 Murate
1519 1275 1615 1305 pactus
1642 1270 1744 1302 Fuerat,
1770 1271 1860 1306 Euge-

1068 1314 1130 1342 nius
1151 1313 1184 1341 ιν
1203 1315 1335 1350 pontifex,
1361 1320 1389 1343 et
1410 1314 1493 1343 italia:
1509 1316 1655 1351 principes,
1671 1316 1780 1352 Ungaro
1795 1325 1860 1352 pro-

1068 1360 1212 1393 miserunt,
1231 1369 1261 1388 se
1279 1361 1439 1390 triremibus
1451 1362 1616 1390 obsessut‘os
1631 1362 1834 1397 Hellespontum
1850 1374 1856 1392 :

1067 1413 1123 1441 quo
1151 1406 1243 1434 minus
1265 1414 1298 1434 ex
1320 1407 1384 1435 Asia
1409 1408 1539 1440 Murates,
1567 1409 1612 1436 ubi
1636 1409 1736 1437 bellum
1761 1416 1858 1438 contra

1066 1451 1245 1479 Caramanum
1270 1453 1395 1487 gerebat,
1425 1454 1451 1480 in
1481 1454 1616 1488 Europam
1647 1456 1857 1487 transmittere.

1066 1503 1236 1534 conatusque
1256 1498 1386 1527 Vladislai
1422 1500 1511 1535 regis,
1534 1500 1640 1536 Europa
1667 1501 1773 1530 Turcos
1799 1502 1858 1536 eje-

1066 1545 1148 1575 cturi,
1169 1549 1260 1579 posset
1277 1545 1419 1580 impedire.
1443 1545 1503 1580 Quo
1525 1554 1591 1575 sane
1608 1552 1740 1582 tempore.
1756 1549 1779 1577 si
1799 1548 1855 1576 Ge-

1067 1597 1183 1618 nuenses
1205 1592 1423 1626 transportandis
1443 1592 1541 1621 Turcis
1560 1601 1670 1630 operam
1696 1594 1794 1623 Murati
1812 1603 1859 1623 na.

1066 1640 1195 1670 vassent,
1224 1644 1275 1665 ceu
1301 1637 1422 1672 pessime
1455 1639 1489 1667 de
1512 1643 1567 1667 tota
1598 1641 1691 1669 meriti
1716 1642 1859 1676 republica

1066 1680 1222 1709 Christiana
1245 1682 1314 1711 diris
1338 1683 1462 1711 omnium
1483 1684 1574 1712 devoti
1596 1684 1722 1714 fuissent.
1738 1686 1791 1714 Sed
1804 1687 1859 1716 hoc

1067 1726 1176 1761 quidem
1201 1734 1248 1755 eos
1269 1727 1406 1757 Laonicus
1425 1734 1452 1757 et
1467 1730 1589 1759 Annales
1611 1730 1639 1758 hl
1655 1731 1771 1760 crimine
1786 1732 1858 1760 libs.

1066 1775 1143 1804 rant.
1169 1779 1230 1800 cum
1257 1773 1366 1802 interim
1386 1775 1477 1810 negari
1501 1781 1630 1812 nequeat.
1644 1778 1714 1806 hanc
1729 1778 1859 1808 Genuen.

1066 1817 1136 1844 sium
1148 1837 1155 1850 ,
1170 1819 1341 1853 privatorum
1355 1824 1444 1849 tamen
1463 1821 1605 1851 hominum
1621 1831 1742 1858 operam.
1760 1825 1787 1852 in
1804 1825 1859 1854 hoc

1066 1867 1188 1898 tempore
1202 1869 1294 1893 contra
1314 1865 1487 1902 Mustapham
1503 1867 1601 1904 Μυηηί
1619 1870 1780 1905 praestitam,
1800 1880 1857 1900 non

1066 1909 1124 1937 leve
1137 1909 1293 1939 Grteeorum
1306 1912 1388 1940 rebus
1400 1914 1527 1943 attulisse
1539 1915 1681 1948 damnum.
1694 1924 1726 1944 ac
1739 1918 1857 1952 proinde

1065 1957 1172 1984 caeteris
1195 1957 1277 1984 etiam
1308 1959 1391 1992 totius
1420 1959 1535 1996 Europae
1559 1962 1668 1997 populis
1690 1963 1858 1992 Christianis

1066 2002 1152 2031 fuisse
1173 2004 1293 2031 noxiam.
1311 2005 1426 2034 Bolairis
1443 2011 1470 2034 et
1495 2007 1572 2036 Ezeze
1594 2009 1714 2043 planiliei
1734 2010 1794 2038 loca
1809 2018 1859 2038 sua

1065 2049 1158 2084 perius
1169 2051 1292 2085 exposita
1306 2055 1371 2079 sunt
1387 2059 1503 2080 numero
1515 2053 1561 2081 25.
1572 2053 1689 2082 Tantum
1703 2055 1746 2083 hic
1758 2057 1858 2084 obser-

1065 2096 1198 2130 vandum,
1222 2097 1332 2125 nomine
1348 2098 1435 2126 Boleri
1452 2099 1509 2127 sive
1530 2099 1656 2134 Bolairis,
1670 2102 1753 2130 etiam
1773 2105 1857 2138 oppiv

1065 2142 1130 2169 dum
1154 2143 1198 2170 hic
1213 2143 1295 2170 situm
1312 2144 1435 2180 intelligi.
1454 2145 1548 2174 Mortis
1568 2154 1665 2182 genus,
1685 2156 1741 2183 quo
1754 2149 1858 2177 Muste-

1066 2187 1147 2222 pham
1165 2189 1285 2217 Murates
1299 2190 1369 2218 allici
1387 2191 1501 2225 jusserit
1512 2213 1519 2226 ,
1535 2193 1666 2220 nimirum
1681 2199 1708 2221 ut
1723 2194 1756 2222 de
1769 2195 1855 2230 pinna

1065 2234 1184 2269 quadam
1202 2243 1343 2264 murorum
1359 2237 1434 2265 urbis
1451 2237 1717 2274 lladrianopolitanae
1735 2249 1856 2276 suspen-

1066 2280 1195 2313 deretur,
1218 2289 1233 2308 a
1253 2281 1473 2319 Chalcocondyle
1498 2285 1607 2313 silentio
1632 2286 1812 2321 praeteritum,
1839 2295 1856 2316 a

1066 2326 1162 2355 Turcis
1180 2329 1319 2356 memoria:
1337 2331 1470 2364 proditur.

1161 2375 1206 2402 90.
1226 2374 1326 2403 Lazari
1340 2378 1402 2410 duo,
1423 2377 1521 2406 Serviw
1536 2378 1649 2412 despotaz
1662 2380 1752 2408 sintut.

1100 2419 1148 2448 His
1172 2422 1252 2449 annis
1277 2422 1417 2451 Bontlnius
1431 2431 1493 2451 curn
1519 2433 1572 2453 uno
1593 2426 1722 2463 Georgio,
1740 2429 1855 2463 despota

1064 2467 1248 2495 Roxianorum
1273 2470 1330 2496 sive
1351 2469 1548 2503 Razianorum,
1569 2474 1616 2506 qui
1633 2477 1660 2500 et
1676 2473 1776 2507 Servii,
1795 2474 1857 2501 Mu-

1063 2519 1148 2541 ratem
1166 2514 1234 2541 bella
1247 2515 1364 2550 gessisse
1385 2516 1509 2551 scripsit.
1525 2517 1646 2546 Annales
1664 2527 1729 2547 vero
1742 2519 1855 2548 Turcici

1063 2561 1192 2592 tradunt,
1211 2568 1284 2587 anno
1300 2561 1459 2588 Christiano
1476 2562 1543 2589 “'27
1560 2562 1695 2590 Lazarum
1711 2565 1856 2600 despotam

1062 2614 1154 2634 senem
1180 2607 1284 2634 ditioue
1300 2615 1349 2635 sua
1366 2615 1479 2640 prorsus
1493 2614 1620 2642 exutum,
1648 2610 1787 2645 nihiloque
1803 2613 1858 2639 nti-

1062 2661 1113 2680 nus
1148 2661 1220 2680 anno
1241 2655 1366 2689 sequenti
1389 2656 1514 2690 proximo
1536 2657 1686 2690 Moralem,
1701 2658 1857 2686 instaurato

1061 2699 1146 2732 bello,
1168 2700 1263 2728 Lazari
1281 2702 1418 2735 regionem
1432 2702 1587 2730 universam
1603 2705 1761 2739 populatum
1778 2712 1855 2733 esse.

1059 2745 1163 2779 Quibus
1181 2755 1213 2774 ex
1240 2748 1329 2775 verbis
1346 2749 1470 2782 equidem
1495 2750 1603 2784 colligo,
1630 2752 1740 2779 nomine
1754 2751 1855 2779 Lazari

1059 2793 1132 2819 senis
1159 2793 1272 2827 intelligi
1302 2794 1483 2829 Stephanum,
1506 2795 1602 2823 [.azari
1630 2797 1710 2831 primi
1745 2798 1852 2831 ﬁlium,

1058 2845 1138 2872 quem
1162 2837 1279 2867 lllurates
1295 2848 1378 2874 regno
1399 2841 1512 2876 cjcccrit
1533 2850 1540 2869 :
1554 2843 1600 2870 sed
1614 2843 1648 2870 ab
1663 2843 1723 2878 ejus
1739 2843 1794 2871 lilio
1809 2852 1852 2871 rc.-

1058 2889 1162 2918 ccptant
1186 2893 1248 2913 mox
1272 2886 1412 2919 ditionem,
1443 2896 1457 2914 ει
1487 2887 1590 2916 Murate
1615 2890 1750 2923 direptam
1772 2897 1851 2921 anno
