1963 3067
129 166 183 199 797

713 173 916 205 PANDECTE
933 176 1037 207 illS'l‘.
1059 178 1217 209 TURCIC.

1717 185 1732 216 7
1737 187 1773 217 98

128 226 256 261 proximo
278 226 362 255 fuisse
379 236 386 254 :
414 226 550 256 l-alarum
571 236 643 265 _vero
664 230 802 265 iuniorem
831 232 917 265 hune,
934 235 959 264 Α
973 235 1115 271 interjecto
1130 236 1265 266 Romanis
1281 246 1295 266 a
1307 239 1394 274 copiis
1408 245 1570 275 occupatum
1585 241 1649 268 fuit.
1661 241 1770 275 Quibus

127 273 238 308 Georgii
261 282 360 301 nomen
381 274 511 302 habuisse
533 276 664 311 perspicit
687 286 720 304 ex
752 278 849 305 horum
871 279 919 306 de-

127 325 268 354 spotarnm
284 325 429 348 stemmate
454 321 551 355 lector,
578 323 651 358 quod
681 331 781 360 supra,
805 332 919 352 numero

127 371 254 394 notarum
269 367 313 399 54,
335 368 469 395 dedimus.

269 415 458 446 9l.lbraliim,
475 416 592 444 Praimes
614 422 639 445 et
658 417 813 452 Mpraimes.

161 462 213 494 Qui
237 461 335 489 Turcis
358 462 477 490 lbrahim
494 463 591 497 bassa,
605 465 720 492 Cbclilis
736 465 824 493 bassaa
844 469 921 499 pater

127 508 238 538 dicitur,
259 508 381 536 Laonico
395 508 518 538 Praimes
533 515 584 543 est,
600 511 656 539 Alis
674 511 746 539 ﬁlius
763 521 770 538 :
788 519 844 546 quo
861 512 921 539 loro

128 555 231 582 notavit
256 555 289 582 ad
305 555 366 582 libri
397 556 548 591 marginem
573 558 719 592 interpres,
749 559 821 585 hunc
844 560 922 584 cum-

127 602 190 628 dem
218 609 280 629 esse
300 610 361 628 cum
387 602 586 637 Cliaiambego,
602 604 628 630 in
650 612 706 638 quo
724 612 790 632 sane
805 604 920 632 fallitur.

127 647 197 674 Nam
221 648 264 674 hic
287 647 488 684 Chaiambegns
511 649 680 683 interpretis,
702 649 823 677 Laonico
851 651 922 678 libro

128 697 206 721 sexto
228 693 377 721 Carambes
392 695 503 726 dicitur,
521 694 621 723 Priami
637 695 720 727 ﬁlius,
737 696 850 724 Cbclilis
867 696 922 724 fra-

128 747 180 768 ter.
208 741 258 768 libi
275 746 350 774 nota,
376 741 514 769 Priamum
541 743 630 770 vocari
653 744 764 770 nomine
781 748 922 776 corrupto,

128 787 191 815 loco
206 787 334 818 Prainiis.
352 796 433 823 quem
453 789 540 816 Graeci
559 789 718 824 Mpraimem
733 789 869 820 scribunt.
887 789 922 816 ob

129 833 266 861 dillicilem
289 834 357 869 ipsis
375 835 630 869 pronuntiationem
656 835 752 863 litterae
770 841 871 862 nostrae
891 835 921 865 Β,

129 887 180 912 pro
197 888 250 914 qua
266 880 312 907 MP
327 886 432 916 ponunt
449 890 455 909 :
479 887 507 908 ut
522 881 689 916 Mpajazites.
709 890 757 916 Pro
770 882 920 916 Bajazites;

127 926 306 962 Rompertus,
329 935 379 962 pro
403 927 560 962 Roberlus;
582 928 740 964 Mpiperius,
766 937 815 964 pro
841 929 919 956 Bibc-
935 918 955 945 Β

129 971 199 1004 rius,
227 973 390 1007 cognomine
409 973 510 1000 Tiberii
532 982 540 1006 :
558 974 702 1008 Mpajulns,
729 981 777 1009 pro
802 974 918 1010 Bajulo:

127 1027 190 1055 qua:
213 1020 365 1055 posteriora
398 1020 453 1047 duo
469 1020 644 1055 reperiuntur
670 1020 742 1055 apud
771 1020 919 1048 Cedrinum

128 1071 156 1094 et
168 1065 329 1102 Gregoram.
356 1066 493 1095 Laonicns
519 1068 589 1094 libro
611 1067 710 1094 deinde
723 1071 822 1094 octavo
837 1067 918 1094 etiam

129 1113 274 1146 Preimem,
303 1114 361 1142 sive
386 1114 488 1142 rectius
514 1114 670 1149 Mpreimem
698 1114 777 1140 dixit.
799 1113 831 1140 Et
846 1113 920 1140 Grae-

127 1169 190 1187 enim
216 1160 348 1193 Praimes,
379 1160 437 1188 sive
464 1159 597 1193 Preimes,
624 1159 918 1192 Turcicumlbraltim,

128 1207 200 1235 facta
214 1212 278 1234 sunt
296 1215 328 1234 ex
346 1206 459 1235 Hebrzo
474 1207 623 1234 Abraham.

212 1252 293 1289 435
310 1253 355 1280 9‘2.
376 1253 491 1280 Murem
512 1253 668 1281 Salonicam
681 1256 824 1288 expugnat.

165 1311 286 1341 Annales
302 1310 328 1338 bi
344 1310 454 1346 quidem
472 1311 670 1345 noniodicant,
693 1311 803 1338 cuinam
832 1310 919 1338 Mura-

128 1362 170 1385 tes
196 1356 351 1384 Salonicam
374 1357 432 1385 sive
456 1357 679 1386 Thessalonicam
699 1357 852 1385 ademerit:
872 1357 919 1385 sed

127 1412 173 1432 res
185 1404 226 1432 sic
240 1404 332 1432 habet.
347 1405 425 1432 Anno
438 1403 596 1432 Christiano
617 1405 687 1432 1425
713 1404 863 1432 Thessalia
878 1404 920 1431 ci-

126 1456 199 1478 vitas
214 1450 410 1479 Thessalonica
423 1451 535 1479 vendita
559 1451 717 1485 reipublicae
733 1450 843 1478 Veneta!
869 1449 920 1477 fuit

127 1498 162 1525 ab
186 1498 345 1525 Andronico
383 1497 548 1532 Pala'ologo,
585 1497 720 1525 Manuelis
746 1498 920 1532 imperatoris

126 1544 286 1573 Graecorum
309 1545 519 1580 entepenultimi
537 1544 605 1578 lilio,
630 1544 775 1579 penultimi
792 1543 918 1577 Joannis,

126 1595 154 1619 et
169 1591 257 1618 ultimi
284 1591 465 1619 Constantini
481 1591 570 1619 fratre
599 1585 669 1619 z'cui
698 1591 758 1626 lege
776 1595 918 1626 permuta-
932 1588 954 1618 C

129 1637 225 1670 tionis,
241 1638 327 1666 annui
343 1638 448 1666 reditus
466 1637 586 1666 civitatis
600 1637 754 1666 Tarvisime
764 1641 920 1666 cesserunt.

127 1683 182 1712 Sed
200 1689 328 1711 mortuus
344 1682 396 1711 fuit
411 1683 588 1712 Andronicus
613 1683 641 1711 in
659 1683 767 1715 itinere,
788 1682 853 1710 dum
868 1681 920 1708 Ve-

128 1731 219 1759 netias
233 1731 384 1766 navigaret.
402 1729 494 1758 Nihilo
519 1730 611 1758 minus
624 1729 693 1758 urbe
712 1729 790 1764 potiti
813 1728 921 1762 Veneti,

127 1785 194 1809 suos
209 1785 243 1806 eo
256 1782 379 1805 rectores
393 1777 494 1805 misere
509 1786 517 1804 :
537 1784 654 1812 quorum
673 1775 780 1811 primus
798 1775 849 1803 fuit
865 1775 922 1803 Ma-

128 1826 206 1857 rinus
223 1824 432 1857 Bondomerius,
464 1831 527 1852 cum
541 1823 622 1851 titulo
637 1823 747 1852 comitis
776 1821 923 1850 Thessalo-

128 1872 207 1900 nicae.
224 1870 353 1900 Venditio
372 1875 520 1906 propterea
545 1870 616 1898 facta
649 1870 712 1903 fuit,
732 1868 805 1904 quod
833 1868 921 1896 Graeci

127 1917 209 1948 nullo
220 1924 250 1945 se
274 1917 357 1944 modo
371 1916 596 1945 Thessalonicam
614 1915 748 1944 dversus
767 1915 921 1942 Tur-corum

127 1963 185 1995 vim
207 1971 289 1999 ρος-ο
314 1963 385 1990 tueri
402 1962 538 1995 viderent,
553 1962 617 1990 licet
630 1962 695 1989 urbs
713 1962 771 1998 ipsa
785 1961 923 1996 magnitu-

127 2011 193 2038 dine
204 2010 328 2046 insignis,
340 2010 428 2046 copiis
442 2010 573 2045 locuples,
586 2009 741 2037 Thermaici
759 2009 838 2037 sinus
854 2015 921 2044 por-

128 2061 157 2083 tu
190 2056 303 2089 nobilis.
331 2064 382 2084 nec
412 2055 459 2084 ulli
487 2055 644 2084 Graecarum
658 2055 800 2083 civitatum
814 2055 923 2082 caeteris

127 2103 301 2129 ornamentis
314 2100 432 2129 inferior
445 2105 530 2129 esset.
543 2100 626 2128 Anno
650 2099 750 2128 deinde
768 2099 834 2128 1151
862 2100 920 2128 sul-

127 2153 210 2178 tanus
227 2148 346 2176 Murates
358 2155 419 2175 eam
437 2147 556 2181 obsedit,
573 2154 606 2175 ac
622 2147 763 2174 multoties
782 2154 923 2181 oppugna-

128 2201 196 2227 tam,
230 2191 338 2222 Venetis
350 2195 458 2222 tandem
478 2194 600 2229 eripuit:
621 2193 702 2221 etesia
717 2193 922 2224 defensoribus,

129 2250 161 2269 ac
178 2241 297 2276 praesidii
313 2241 408 2269 Veneti
436 2241 561 2276 reliquiis
588 2248 673 2268 naves
696 2240 840 2275 ingressis,
863 2246 923 2274 quze

130 2289 157 2315 in
174 2293 253 2322 pono
279 2288 401 2320 stabant,
421 2294 571 2323 earumque
593 2286 716 2314 subsidio
739 2285 891 2314 Turcorum
908 2293 923 2313 e

130 2334 257 2363 manibus
272 2333 399 2368 dilapsis.

192 2379 321 2408 93.Mons
337 2379 422 2415 loga,
438 2380 483 2415 qui
500 2384 525 2407 et
548 2379 670 2415 Togamu
681 2385 705 2407 ει
716 2379 852 2415 Tugauus.

165 2438 232 2472 Quae
246 2437 327 2466 Turci
356 2443 487 2466 montana
514 2437 596 2473 loga:
623 2444 733 2470 vocant,
760 2438 847 2466 (ἕτωοί
882 2439 925 2466 vel

131 2484 273 2520 Toganum
292 2489 424 2517 montem,
439 2490 467 2512 ut
482 2484 618 2512 Laonicus
635 2492 643 2517 ;
662 2485 704 2512 vel
726 2485 882 2519 Tnganum,
896 2490 926 2512 ut

132 2535 231 2564 praetor
259 2535 365 2564 noster,
391 2530 533 2558 dixerunt.
563 2529 677 2558 Laonici
704 2530 780 2558 locus
805 2531 850 2558 hic
873 2537 925 2558 est.

131 2576 302 2612 Mnstaplias,
324 2577 425 2612 inquit,
449 2577 561 2604 tandem
586 2585 725 2611 nusquam
751 2581 836 2610 tutus,
862 2577 924 2613 fuga

132 2632 163 2651 se
173 2625 291 2651 contulit
304 2625 331 2651 in
350 2629 480 2657 montem,
502 2631 582 2659 quem
598 2624 694 2652 incolas
714 2623 856 2659 Toganum
879 2633 940 2662 vo-‘

133 2677 207 2700 cant.
226 2672 356 2701 Praatoris
371 2676 463 2700 autem
489 2672 546 2700 haec
562 2673 644 2700 verba
662 2677 726 2701 sunt
741 2682 747 2700 :
772 2673 926 2709 Imperator

133 2719 217 2746 etiam
235 2723 356 2746 montem
372 2718 516 2754 Tuganum
530 2719 558 2746 in
576 2724 739 2754 potestatem
765 2721 880 2756 redegit,
897 2726 926 2749 et

132 2765 293 2800 oppidulum
310 2765 337 2792 in
361 2773 395 2793 eo
411 2765 534 2793 condidit
553 2775 560 2792 :
589 2774 644 2800 quo
663 2765 808 2794 Nicolaum
831 2767 925 2795 Coler-

137 2817 198 2840 tzeu
210 2812 357 2847 ablegavit,
375 2817 406 2839 ut
419 2813 550 2840 excubias
570 2812 624 2841 illic
637 2817 740 2849 ageret,
768 2819 795 2841 et
819 2813 925 2842 Latinis

136 2859 209 2885 intra
248 2857 398 2886 'l'zurulum
424 2859 590 2894 degentibus
615 2859 722 2894 negotia
752 2859 921 2888 lacesseret:

137 2904 208 2938 quod
219 2903 329 2940 quidem
341 2905 471 2940 oppidum
486 2903 597 2932 'l'zuruli
613 2913 666 2933 non
682 2912 779 2939 magno
802 2910 923 2939 tempore

971 288 986 308 e
1001 282 1090 309 verbis
1105 282 1276 319 intelligitur,
1289 285 1411 313 Thraciae
1421 292 1540 313 montem
1553 295 1612 314 esse
1625 287 1767 323 Tugannm

970 327 1012 354 vel
1026 327 1178 366 'l‘oganum,
1190 330 1310 357 vicinum
1327 330 1458 365 'l'znrulo,
1477 332 1510 359 de
1523 341 1576 367 qna
1587 334 1714 367 superius
1728 336 1770 362 di-

976 379 1062 406 ctum,
1073 383 1187 402 numero
1206 382 1331 404 notarum
1339 377 1459 413 26.Zoga
1470 387 1534 406 vero
1541 379 1700 413 ancicnm,
1709 389 1768 409 cani

971 419 1005 446 ad
1032 419 1172 454 Toganum
1203 423 1336 450 rationem
1357 424 1447 456 habet,
1464 425 1536 459 quod
1564 427 1753 460 pronuntiatio

972 472 1034 492 nem
1056 466 1165 497 attinet,
1182 475 1264 501 quam
1282 467 1385 495 Ozman
1408 470 1449 496 vel
1461 468 1576 501 Osman,
1590 471 1622 497 ad
1637 473 1768 498 (ithman.

1113 512 1157 540 94.
1174 513 1455 547 Arbania,,41banum,
1476 517 1633 544 Arnautlar.

1007 557 1094 590 Quam
1113 557 1198 585 Graeci
1217 564 1321 587 veteres
1337 560 1447 594 Epirum
1462 561 1568 593 dixere,
1587 571 1661 589 nunc
1678 564 1768 590 Arba—

974 604 1047 631 niam
1078 611 1174 632 vocant
1191 611 1217 633 ct
1232 607 1387 634 Albaniam.
1403 607 1508 635 Nomen
1522 609 1651 637 Arbanize
1665 611 1770 644 reperi—

974 655 1017 677 tur
1030 650 1056 677 in
1074 650 1145 678 libro
1160 651 1254 679 Grzeca
1274 653 1364 688 lingua
1391 654 1494 689 vulgari
1513 656 1627 690 scripto,
1655 657 1698 683 cui
1721 665 1771 684 no-

975 703 1034 722 men
1054 694 1231 724 l’ortolauus.
1246 698 1383 726 Albanum
1409 706 1510 733 praetor
1537 701 1650 728 Grrecire
1676 706 1770 729 noster

975 741 1046 768 hanc
1078 743 1217 777 regionem
1249 745 1385 779 indigitat.
1421 746 1519 773 Incolae
1541 747 1639 774 Turcis
1663 747 1771 774 Arnau-

974 788 1035 815 tlari
1056 789 1243 822 nominantur,
1269 798 1281 816 a
1310 790 1413 824 quibus
1435 792 1492 826 jam
1512 793 1608 825 majori
1635 801 1668 819 ex
1694 797 1770 827 parte

975 835 1064 861 Morea
1082 843 1203 870 quoque.
1221 837 1280 863 sive
1296 836 1514 871 Peloponnesus,
1535 839 1713 866 inhabitatur.

975 881 1022 909 95.
1044 882 1152 915 Heraea,
1176 882 1356 916 Heraeam-ina
1370 893 1379 910 :
1397 884 1496 911 Bozina
1518 885 1622 917 duplex,
1643 884 1769 912 Sanllalis

1191 920 1273 953 regio,
1285 920 1340 946 dux
1353 919 1445 946 Sancti
1460 920 1550 947 Salue.

1009 964 1091 999 Regia
1106 964 1214 992 Bozinae
1225 966 1387 999 superioris,
1399 974 1496 994 versus
1508 967 1617 994 Jadram
1635 968 1693 995 sive
1714 968 1767 995 Za-

972 1018 1031 1038 ram
1051 1015 1079 1037 et
1104 1011 1284 1045 Epidaurum,
1300 1020 1373 1039 nunc
1385 1012 1520 1048 Ragnsam
1535 1021 1564 1040 se
1590 1015 1767 1049 porrigentis,

971 1055 1090 1083 Herzeca
1107 1063 1120 1082 a
1133 1055 1231 1083 Turcis
1241 1057 1414 1091 'appellatur,
1433 1065 1447 1084 a
1461 1058 1605 1091 Castaldo,
1629 1060 1766 1092 Cliersec;

971 1102 1006 1130 ab
1017 1103 1078 1130 aliis
1087 1102 1202 1137 Orzega,
1214 1111 1228 1130 a
1243 1102 1388 1131 Bozinacis
1403 1104 1546 1132 etCroatis
1561 1104 1766 1136 Ilerzegovina:

971 1148 1045 1183 quod
1059 1148 1138 1176 ducis
1153 1150 1212 1176 sive
1226 1149 1358 1184 principis
1374 1150 1453 1177 sedes
1462 1155 1545 1183 esset,
1559 1159 1639 1185 quem
1655 1150 1769 1178 Bocina-

971 1195 996 1222 ci
1013 1194 1239 1229 Croatique,cum
1251 1194 1381 1230 Ungaris,
1397 1195 1560 1224 Germanico
1573 1197 1705 1224 vocabulo
1717 1204 1767 1223 no-

971 1242 1077 1268 minant
1097 1241 1212 1276 Herzog.
1241 1241 1347 1277 Quippe
1363 1243 1462 1277 duplex
1488 1248 1547 1270 erat
1570 1243 1634 1270 olim
1653 1243 1767 1274 Bozina,

971 1287 1095 1322 superior
1111 1292 1138 1315 et
1154 1287 1266 1315 inferior
1281 1297 1288 1316 :
1304 1297 1422 1324 quarum
1442 1290 1498 1316 haec
1523 1296 1614 1324 regem
1639 1288 1767 1320 habebat,

971 1341 1051 1369 quem
1072 1335 1244 1371 Illyricorum
1259 1343 1348 1369 regem
1360 1340 1501 1371 nuncupat
1517 1335 1768 1370 Cnalcorondyles:

972 1376 1016 1407 illa
1028 1381 1181 1416 principem
1195 1383 1253 1409 sive
1268 1382 1378 1413 ducem,
1391 1389 1471 1416 quem
1488 1382 1570 1408 etiam
1581 1380 1674 1408 Sancti
1692 1380 1770 1408 Saba:

971 1426 1068 1454 ducem
1085 1428 1231 1455 vocabant.
1250 1427 1370 1454 Laouico
1397 1427 1525 1455 Sandalis
1554 1427 1630 1461 regio
1653 1427 1767 1460 dicitur,

971 1478 999 1501 et
1014 1473 1108 1501 incolae
1133 1474 1267 1508 Cudvergi
1296 1475 1331 1502 ab
1351 1474 1446 1502 eodem
1475 1475 1660 1510 appellantur,
1694 1475 1768 1502 haud

972 1521 1041 1552 scio,
1059 1528 1092 1547 an
1112 1528 1166 1547 non
1186 1521 1323 1556 corruptis
1338 1521 1496 1554 vocabulis,
1516 1529 1571 1549 uno
1588 1529 1620 1549 ex
1634 1521 1769 1551 Sansaba.

971 1566 1041 1593 sicut
1056 1566 1114 1593 ltali
1133 1567 1321 1601 pronuntiant,
1357 1567 1444 1594 alti-ro
1469 1575 1501 1595 ex
1531 1567 1690 1595 Herzecovi.
1715 1566 1768 1594 Sed

974 1611 1053 1646 plura
1073 1615 1106 1639 de
1131 1613 1176 1640 his
1207 1613 1289 1645 infra,
1309 1621 1370 1641 cum
1387 1615 1413 1641 in
1445 1613 1576 1649 Bajazitis
1609 1613 1630 1641 ll
1657 1614 1710 1640 vita
1736 1613 1770 1641 de

972 1655 1105 1683 Achmete
1133 1656 1212 1684 bassa
1233 1657 1396 1694 Cherseogli
1436 1658 1493 1685 sive
1513 1658 1687 1693 Cliersecogli
1714 1664 1769 1685 tra-

973 1701 1120 1735 ctabimus,
1140 1707 1267 1729 notarum
1285 1703 1336 1731 161
1354 1709 1381 1731 et
1396 1704 1448 1731 162
1462 1705 1607 1740 capitibus.
1627 1705 1655 1732 ln
1667 1705 1769 1732 tabulis

973 1747 1198 1783 chorographicis
1215 1757 1265 1783 pro
1286 1749 1409 1786 Hcrcego
1421 1752 1533 1778 civitate
1548 1751 1671 1786 reperias
1680 1752 1766 1779 alicu-

973 1793 1000 1821 bi
1019 1794 1163 1829 scriptum,
1179 1794 1304 1830 Scrcico,
1322 1797 1367 1824 sed
1388 1802 1528 1831 corrupte.

1126 1840 1172 1868 96.
1195 1841 1272 1868 ΒυΙεί
1288 1842 1348 1876 ﬁlia
1362 1842 1463 1870 Murali
1479 1848 1572 1878 nupta.

1010 1884 1127 1914 Nomine
1159 1886 1233 1915 Bnlci
1251 1889 1344 1923 accipe
1370 1888 1518 1924 Georgium
1554 1889 1767 1922 Bnlcovitzium,

975 1931 1077 1960 Servis:
1096 1933 1249 1968 dcspotam,
1265 1939 1293 1962 et
1312 1935 1374 1962 vide
1396 1939 1489 1963 notata
1507 1937 1646 1971 superius,
1669 1936 1702 1964 ad
1719 1945 1768 1964 nu-

974 1986 1066 2007 meros
1085 1984 1213 2007 notarum
1227 1980 1263 2008 46
1278 1985 1306 2008 et
1318 1981 1363 2008 54.
1375 1981 1471 2009 Filiam
1491 1982 1574 2017 hujus
1587 1983 1690 2010 Murali
1719 1991 1770 2010 nu-

974 2027 1063 2059 ptam,
1091 2024 1215 2060 plerique
1231 2030 1330 2053 vocant
1345 2025 1451 2058 lrenen,
1467 2033 1648 2063 cognomento
1671 2027 1770 2055 Canta-

975 2076 1120 2102 euzenam,
1137 2069 1164 2096 in
1185 2069 1286 2105 quibus
1305 2075 1347 2098 est
1370 2070 1522 2104 Geul'rmus,
1541 2079 1621 2107 quem
1653 2072 1770 2100 “einec—

974 2115 1034 2143 cius
1049 2116 1185 2151 sequitur.
1201 2115 1254 2144 Sed
1278 2117 1304 2144 hi
1322 2117 1431 2151 quidem
1464 2122 1570 2145 errant.
1596 2118 1663 2146 Nam
1695 2122 1770 2146 recte

975 2161 1085 2195 scripsit
1100 2160 1297 2196 Spanduginus
1315 2161 1387 2188 banc
1415 2160 1528 2188 Mariam
1549 2162 1635 2191 fuisse
1657 2164 1768 2197 dictam,

975 2215 1036 2241 qua:
1052 2211 1114 2234 nata
1131 2207 1212 2234 l'uerit
1232 2215 1285 2234 non
1311 2207 1508 2240 Cantacuzino,
1528 2207 1575 2235 sed
1604 2207 1688 2244 Jnrgo
1713 2210 1766 2243 (sic

938 2261 964 2292 υ
978 2252 1065 2280 Servii
1092 2253 1240 2288 Georgium
1268 2254 1378 2287 vocant)
1399 2253 1512 2288 despota
1528 2260 1616 2289 patre,
1633 2255 1769 2282 Cantacu-

978 2301 1039 2328 zina
1058 2303 1147 2328 tamen
1171 2300 1249 2327 lrene
1268 2304 1364 2332 matre,
1385 2307 1447 2335 qnte
1465 2308 1544 2328 soror
1560 2301 1644 2328 fuerit
1659 2301 1768 2337 Georgii

977 2345 1168 2373 Cantacuzini.
1192 2345 1326 2380 Georgius
1349 2350 1453 2379 autem,
1477 2346 1552 2381 quod
1573 2346 1769 2382 Spanduginns

978 2400 1031 2419 non
1052 2392 1166 2425 addidit,
1183 2398 1268 2426 nepos
1283 2396 1343 2419 erat
1372 2392 1547 2426 imperatoris
1562 2392 1677 2420 Joannis
1698 2393 1769 2421 Can-

978 2438 1109 2470 taeuzini,
1129 2446 1162 2466 ex
1183 2437 1311 2465 Matthan
1328 2438 1395 2471 tilio,
1421 2439 1619 2466 Albanensium
1633 2440 1767 2475 principe.

977 2485 1147 2518 Quapropter
1161 2483 1218 2510 haec
1234 2483 1316 2510 etiam
1344 2483 1427 2510 Maria
1455 2484 1546 2518 neptis
1563 2483 1617 2511 fuit
1644 2485 1768 2520 ejusdem

976 2530 1090 2558 Joannis
1106 2530 1283 2566 imperatoris
1314 2530 1413 2558 Graeci.
1431 2529 1548 2557 Fallitur
1562 2535 1590 2558 et
1612 2530 1767 2564 Bontiuius,

976 2578 1024 2612 qui
1046 2577 1187 2612 despinam
1220 2578 1291 2604 hanc
1320 2577 1488 2612 Synderovia
1507 2583 1586 2612 capta
1612 2576 1768 2605 Turcoruni

977 2624 1003 2650 in
1020 2631 1120 2651 manus
1138 2623 1246 2650 venisse
1269 2623 1385 2650 scribit:
1407 2631 1470 2651 cum
1489 2632 1523 2651 ex
1543 2625 1697 2652 Annalibus
1727 2626 1769 2651 his

975 2675 1092 2701 constet,
1115 2669 1188 2696 illam
1205 2670 1302 2697 urbem
1332 2677 1406 2697 anno
1435 2670 1545 2698 demum
1576 2677 1638 2706 post
1670 2672 1768 2699 initum

977 2719 1028 2745 hoc
1062 2717 1267 2744 matrimonium
1293 2717 1374 2744 tertio
1420 2716 1507 2745 fuisse
1534 2722 1708 2754 occupatam.
1737 2718 1767 2746 Et

976 2765 1139 2795 notandum,
1157 2764 1227 2790 hanc
1243 2763 1343 2790 Murali
1366 2764 1493 2798 nupsisse
1511 2772 1584 2792 anno
1604 2765 1765 2793 Christiano

977 2811 1056 2844 1155,
1074 2811 1115 2838 vel
1148 2811 1342 2838 .‘llaliumetano
1361 2810 1429 2845 8'58;
1451 2816 1512 2846 post
1537 2812 1676 2839 biennium
1703 2820 1767 2839 vero

977 2858 1172 2886 circumcisum
1190 2857 1275 2884 fuisse
1303 2856 1502 2884 Muchcmetcm
1529 2857 1641 2885 bluratis
1668 2859 1766 2885 ﬁlium.

978 2906 1046 2934 lliuc
1063 2907 1134 2934 cnim
1155 2904 1327 2936 intelligitur,
1347 2912 1401 2933 non
1419 2904 1505 2933 fuisse
1523 2909 1617 2932 natum
1630 2912 1662 2933 cx,
1679 2903 1764 2932 Maria
