1963 3067
216 132 270 163 709
836 147 999 181 JOANNIS
1024 152 1263 186 LEUNCLM'H

215 193 328 228 despina
359 194 568 230 Mucltemctem,
586 200 659 234 quod
681 203 761 238 vulgo
779 207 886 240 magnis
915 209 998 236 ctiam

1799 165 1855 196 ’δΟό

1015 211 1038 240 Α
1054 212 1100 240 99.
1118 206 1214 248 Oppidi
1230 213 1518 256 Senteudl'iqdirersu
1540 219 1648 256 nomina
1661 228 1670 246 :
1686 219 1790 256 Georgii
1806 222 1857 249 ἀεί

215 248 229 264 :t
259 240 326 267 viris
345 243 484 270 memoria:
503 245 640 278 proditur.
669 249 776 284 Quippe
796 251 879 288 436
910 255 1004 283 bimuli

215 286 287 319 apud
309 286 413 315 Turcos
440 289 598 319 circumcidi
617 301 670 321 non
709 286 818 325 solent:
895 301 1005 329 tradunt

217 333 354 366 Annales;
370 333 567 364 Muchemetem
594 345 687 367 natum
716 350 789 370 anno
814 344 1005 375 Mahumelano

214 378 276 409 833.
289 379 480 409 circumcisum
497 391 568 410 anno
577 386 639 418 8“,
660 395 695 414 ntt
709 389 731 416 le
754 390 900 426 colligitur,
911 398 1004 423 octen-

215 431 277 448 nem
302 424 397 459 fuisse,
414 435 476 454 cum
489 429 743 461 cirrumcideretur.
761 435 837 464 Adde
848 439 1004 468 testimonia

212 469 382 503 Graecorum,
410 473 637 513 Chalcocondylis
659 484 687 506 et
710 480 901 518 Spandttgini;
934 494 1003 520 quo-

213 522 272 542 rum
287 516 331 552 ille
350 517 460 553 Georgii
490 521 609 557 despotaa
634 525 727 556 tiliam.
759 516 1004 559 Mucliemetis-uo.

213 570 321 589 vercam
335 572 465 599 expresse,
480 574 558 596 vocat
574 578 580 597 :
596 571 639 598 hic
655 580 719 600 vero
731 574 861 603 lliuratem
875 585 907 605 ex
919 578 1002 608 Maria

210 607 324 643 despina
343 611 443 639 nullam
473 617 627 650 suscepisse
657 620 779 648 sobolem
814 622 926 652 disertis
956 626 1002 653 iti-

211 655 272 682 dem
287 657 376 685 verbis
393 660 483 687 tradit.
504 661 593 690 Habes
606 665 688 692 etiam
703 667 780 694 initio
806 669 1002 700 declarationis

212 700 303 736 hujus,
322 704 407 738 prima
433 707 525 734 stallm
544 714 618 744 nota,
638 711 671 739 de
687 712 738 740 hoc
747 717 872 750 quaedam
888 725 902 744 a
923 719 1003 748 nobis

212 750 347 783 exposita.

377 796 382 800 ’
401 798 446 826 97.
468 799 570 835 Buruz,
588 801 685 837 Baraz,
699 805 808 834 Cibura.

245 853 371 883 Castrum
405 857 468 891 (hoc
498 861 610 890 nomine
643 863 770 893 civitates
803 867 885 895 etiam
916 869 1000 898 Turci

1224 255 1307 285 epota!
1331 249 1481 279 Serviorum
1502 254 1569 280 uarii
1586 262 1676 281 casus.

1092 317 1167 350 Quod
1180 320 1308 356 oppidum
1327 320 1438 354 Servize,
1455 329 1509 349 non
1527 322 1620 356 procul
1636 331 1652 350 a
1672 322 1804 358 Belgrado
1816 325 1850 352 ad

1057 365 1142 399 ripam
1158 365 1272 394 Danubii
1290 369 1386 401 situm,
1404 369 1552 397 Semender
1573 370 1670 398 Turcis
1681 373 1848 407 appellatur,

1056 416 1104 438 aut
1125 412 1290 447 Semendre,
1310 415 1427 443 diversis
1442 422 1482 444 est
1507 419 1680 446 nominatum
1706 419 1848 447 vocabulis

1056 457 1091 485 ab
1108 458 1288 487 historiarum
1316 463 1512 496 scriptoribus.
1544 464 1742 499 Synderoviam
1770 471 1849 494 vorat

1056 503 1209 536 Bontinius,
1226 506 1427 541 Spenderoben
1446 514 1473 536 et
1502 510 1715 543 Spenderoviam
1745 511 1848 542 Laoni-

1056 558 1115 583 Γυς,
1131 551 1317 580 Simandriam
1339 554 1623 590 BttsbequiusJovius
1640 557 1845 588 Samamlriutu.

1057 596 1259 626 Smendrorum
1279 599 1494 635 Spanduginus:
1513 610 1545 629 ex
1560 611 1614 636 quo
1633 603 1742 631 Laonici
1759 604 1847 639 Spen-

1054 643 1173 672 deroben
1188 645 1308 672 arbitror
1332 647 1459 681 equidem
1483 649 1641 676 mutandam
1668 651 1695 676 in
1713 650 1847 678 Stnende-

1056 698 1151 718 roven.
1167 692 1285 727 Ungaris
1302 698 1342 720 est
1355 693 1488 721 Zendrcw
1504 700 1552 722 aut
1576 695 1717 728 Sendrew,
1733 697 1846 724 nomine

1055 743 1069 763 a
1084 737 1166 772 vulgo
1183 743 1314 772 corrupto
1331 747 1363 766 ex
1383 739 1485 768 Sancto
1498 741 1617 775 Andrea,
1631 742 1710 777 cujus
1730 742 1782 770 ltoc
1796 751 1845 770 cn—

1053 791 1170 818 gnomen
1185 785 1267 812 habet
1283 791 1311 813 et
1326 786 1401 813 aliud
1415 788 1558 815 castellum
1576 788 1601 828 ip
1622 787 1743 823 Ungaria
1762 797 1846 823 supc-

1054 828 1130 861 riori,
1149 831 1221 864 quod
1239 831 1372 867 hodieque
1389 834 1475 861 nostri
1488 834 1558 868 juris
1577 840 1631 862 est.
1650 835 1782 862 Serviaua
1797 835 1845 862 Se-

1054 875 1178 902 mendria
1192 878 1249 904 sive
1265 876 1416 907 Sendrevia
1428 887 1503 908 nunc
1529 881 1704 916 sangiacatns
1720 887 1770 913 est,
1789 881 1841 909 Bu-

1075 899 1178 902 πη..-
1192 899 1249 904 ...ν
1265 899 1416 907 eam“..-
1428 899 1503 908 ........
1529 899 1704 909 ς,..,.-ι..η.η...σ
1720 899 1770 913 ιοι,
1790 899 1841 909 ..υ-

210 899 320 962 ἱοθεηη)
337 900 439 953 But“.
460 904 487 931 in
502 906 635 962 Αηῗιιίιίίε
651 909 743 938 fabula
763 912 992 951 ειιονοκηιριιῑοη,
1013 913 1035 943 Β
1050 920 1126 949 densi
1141 922 1306 959 beglerbego
1322 925 1459 959 subditus.
1473 902 1595 955 ObsessaJ
1609 935 1681 955 nunc
1693 936 1708 954 a
1726 928 1842 962 llluralc,

222 951 294 962 ma.
306 953 464 962 “Mm”..-
485 955 509 962 Α.
528 960 537 962 _
636 954 642 960 .
704 955 729 962 ..
757 957 764 962 .
871 959 887 962 .,

212 942 295 973 liaraz
306 948 474 980 nominatur.
483 955 510 979 et
525 952 559 980 ad
578 952 691 983 ﬂuvium
704 955 817 986 Hadren
836 942 1001 996 colldcatutI,

208 991 412 1041 quiveteribus
428 1002 470 1024 est
483 997 628 1029 Mzeander.
646 1001 717 1031 Olim
730 1003 830 1032 Cibura
849 991 1000 1041 dicebatur,

173 1042 179 1046 '
210 1038 281 1065 unde.
296 1047 343 1072 per
354 1041 507 1075 aphaeresin
522 1045 612 1074 Bruus
622 1047 711 1077 fecere
723 1050 846 1086 Barbari,
863 1054 936 1087 quod
954 1038 999 1082 ve;

205 1091 267 1112 rum
287 1086 368 1122 hujus
379 1096 454 1120 nunc
467 1092 557 1126 oppidi
574 1101 673 1123 nomen
685 1101 736 1129 est,
750 1106 804 1126 non
821 1086 916 1128 Baraz.
926 1101 1000 1130 Grae-

205 1131 229 1158 ci
250 1138 355 1162 veteres
371 1136 489 1171 Cibyrcn
508 1139 702 1176 nominarunt,
734 1150 762 1172 et
776 1146 842 1174 allui
866 1156 880 1174 a
897 1148 998 1177 Maean-

206 1178 257 1204 dro
282 1178 395 1209 ﬂumine
411 1185 595 1219 scripserunt.
624 1188 681 1217 Leo
704 1189 821 1224 Sapiens
850 1194 999 1227 imperator

206 1224 276 1253 hanc
292 1228 381 1261 primo
396 1229 458 1258 loco
470 1233 554 1261 refert
572 1234 645 1262 inter
653 1236 830 1273 episcopatus
844 1240 998 1278 Stauropo-

205 1271 296 1302 litans:
324 1278 506 1312 metropoleos
521 1279 547 1307 in
564 1281 657 1312 Caria.

202 1330 246 1357 98.
268 1332 343 1359 (Hine
353 1337 467 1367 ponendi
477 1337 592 1370 primum
607 1340 633 1366 in
643 1343 725 1370 sacri:
738 1343 857 1378 adiﬁciis
868 1346 994 1381 lapidem.

237 1387 310 1416 Inter
323 1391 386 1424 alia,
398 1401 458 1428 qum
474 1394 630 1425 Grecorum
651 1399 804 1429 imitatione
831 1402 937 1431 Turcos
954 1405 994 1433 fa-

201 1435 300 1463 ctitare
331 1438 436 1472 solitos,
455 1441 602 1476 aliquoties
634 1447 803 1482 mottuimtts,
830 1449 882 1477 hoc
908 1451 993 1482 etiam

202 1482 331 1514 refertur.
345 1487 418 1520 quod
436 1487 479 1515 hic
495 1495 635 1523 narratur,
653 1491 785 1520 Moralem
803 1503 907 1524 novum
919 1502 989 1525 tem-

200 1530 274 1564 plum
293 1530 487 1568 iladrianopoli
505 1535 691 1572 conditurum,
708 1540 827 1575 quodam
843 1542 887 1570 die
903 1543 993 1572 Vene-

201 1577 238 1605 ris
268 1578 333 1613 (quo
363 1579 447 1608 Turci
488 1581 586 1609 festum
622 1591 702 1612 suum
740 1584 1027 1619 hebdomadariumc

200 1625 467 1661 ct-lclu-ant)summo
485 1638 575 1663 mane,
603 1633 721 1667 primum
751 1636 843 1670 templi
868 1636 984 1672 lapidem

201 1672 328 1701 manibus
344 1675 400 1702 suis
414 1675 550 1708 posuisse.
560 1676 627 1705 Nam
643 1679 666 1706 is
679 1688 789 1716 quoque
801 1683 871 1710 ritus
882 1692 897 1711 a
911 1684 989 1712 Grie-

199 1719 239 1747 cis
270 1719 482 1755 imperatoribus
515 1724 549 1750 ad
576 1724 681 1754 Turcos
703 1729 835 1757 manavit.
857 1729 989 1761 Iteritabo

199 1767 332 1794 duntuvat
345 1776 429 1796 tinum
446 1771 602 1805 exemplum
616 1772 649 1799 de
662 1771 784 1801 omnium
798 1776 988 1806 illustrissimo

199 1811 283 1839 totius
311 1812 386 1841 orbis
418 1813 535 1843 aedificio
562 1816 655 1851 templi
684 1817 987 1855 Constantinopolitani

198 1866 283 1887 sacrae
298 1864 399 1887 satu-tre
424 1860 469 1888 Dei
484 1861 643 1897 Sapienti-t2,
669 1865 716 1899 qui
744 1866 873 1895 Christus
888 1872 939 1896 cst.
958 1868 987 1898 Id

197 1913 252 1940 quo
265 1907 403 1934 con-litum
415 1908 505 1942 modo,
522 1909 633 1944 quantis
649 1911 890 1949 sumptibus.qunt
908 1916 988 1943 annis

199 1952 297 1983 fuerit.
328 1955 482 1988 expositum
508 1963 522 1982 a
551 1955 654 1985 Graecis
677 1963 719 1986 est
746 1958 838 1987 libello
867 1962 985 1994 quodam

198 2008 279 2027 manu
300 2005 423 2028 rxarato.
441 2000 580 2036 Leguntur
595 2009 686 2031 autem
703 2005 729 2031 in
746 2013 779 2033 eo
791 2007 916 2039 quaedam
934 2008 988 2036 ltuc

198 2047 363 2081 pertinentia
374 2047 406 2075 de
420 2047 577 2076 Justiuiauo
588 2049 723 2086 Augusto,
741 2052 808 2079 tanti
828 2053 919 2088 operis
938 2062 988 2082 au-

195 2100 284 2127 ctore,
295 2103 355 2130 qua:
371 2095 476 2123 Latinis
490 2096 583 2124 verbis
600 2096 656 2125 fere
672 2098 786 2126 totidem
804 2099 898 2128 lectori
911 2101 987 2129 dabi-

196 2150 268 2170 mus.
293 2142 361 2170 Cum
387 2142 529 2176 ponendo,
557 2143 657 2178 inquit,
674 2143 853 2173 fundamento
884 2148 987 2182 princi-

196 2189 270 2224 pium
287 2189 365 2217 daret
379 2190 537 2224 imperator,
556 2189 718 2225 Eutychium
737 2193 922 2226 patriarcltam
937 2194 987 2224 ad-

195 2236 316 2269 vocavit,
336 2235 383 2270 qui
405 2244 500 2271 preces
515 2237 644 2264 Ecclesia:
660 2239 799 2266 struenda:
819 2247 901 2267 causa
918 2249 985 2268 con-

194 2283 278 2318 ομρίι,
296 2283 447 2317 Imperator
461 2288 552 2311 autem
572 2284 699 2312 manibus
721 2285 779 2319 ipse
803 2286 861 2315 suis
880 2287 982 2316 calcem

194 2334 264 2358 testa
279 2330 435 2364 prehendit.
451 2337 483 2357 ac
501 2331 606 2364 primus
626 2331 749 2360 omnium
773 2333 799 2359 in
817 2333 983 2362 fundamen-

195 2380 251 2403 tum
269 2375 397 2410 proiecit,
413 2379 442 2403 et
455 2382 564 2404 caetera.
579 2375 686 2409 Quibus
699 2385 767 2406 sane
787 2380 889 2412 verbis,
915 2389 982 2415 quo-

195 2429 256 2448 nam
273 2423 355 2449 modo
369 2422 474 2457 primus
485 2422 557 2457 lapis
579 2424 606 2450 in
626 2426 774 2452 structuris
794 2425 895 2454 talibus
920 2428 982 2462 poni

194 2469 292 2502 soleat,
306 2469 472 2500 declaratur.
494 2469 561 2498 Nam
584 2479 646 2498 cum
667 2473 785 2500 maxima
798 2473 983 2502 fundamentis

190 2516 325 2551 ejusmodi
353 2525 420 2546 saxa
448 2522 511 2547 sunt
525 2518 690 2552 adhibenda,
723 2527 785 2555 quae
816 2521 861 2549 vix
884 2523 978 2556 plures

192 2563 309 2597 operarii
322 2564 416 2595 simul.
438 2565 537 2592 nedum
558 2573 628 2592 unus
644 2566 745 2602 aliquis
758 2567 900 2604 princeps,
919 2570 980 2597 loco

191 2617 302 2636 movere
325 2615 460 2644 possunt:
485 2612 674 2646 amplissimus
701 2613 809 2642 scilicet
833 2615 904 2650 lapis
920 2616 980 2651 ipso

192 2661 337 2690 praesente,
355 2665 521 2692 manumque
532 2659 661 2687 nonnihil
681 2661 856 2695 admovente,
879 2662 912 2690 ad
940 2664 980 2690 itt-

190 2703 345 2730 t:hoaudutn
358 2711 428 2738 opus
442 2705 476 2731 ab
493 2705 535 2732 his
549 2714 600 2734 suo
613 2706 672 2734 loco
684 2707 811 2742 ponitur:
826 2709 870 2736 cui
882 2709 981 2738 deinde

192 2750 297 2783 primus
320 2749 479 2783 imperator,
517 2756 565 2779 attt
591 2753 719 2788 princeps
743 2760 839 2782 auctor
862 2755 980 2789 aedilicii,

191 2796 294 2823 calcem
313 2797 416 2831 injicit:
431 2803 513 2834 atque
530 2799 566 2826 ita
591 2801 723 2829 struendo
741 2802 856 2831 editicio
872 2803 978 2838 princi-

191 2842 263 2883 pium
284 2843 392 2872 dedisse
414 2844 582 2880 intelligitur.

1001 2256 1021 2284 Ι]

1052 966 1252 997 defendebatur
1282 979 1298 999 a
1318 972 1430 1008 Georgii
1449 973 1570 1008 despolze
1597 975 1747 1010 majoribus
1775 981 1842 1003 natu

1053 1013 1127 1047 filiis,
1143 1014 1282 1051 Stephano
1299 1018 1356 1053 (qui
1382 1026 1429 1053 per
1442 1027 1563 1048 errorem
1582 1028 1597 1047 a
1617 1019 1843 1057 Laonicojunior

1051 1061 1176 1091 creditus
1192 1063 1254 1099 fuit)
1267 1070 1294 1092 et
1311 1065 1440 1102 Georgio,
1456 1068 1528 1095 sicut
1545 1069 1583 1096 ait
1599 1068 1752 1099 Bonlinius.
1772 1070 1844 1097 Lao-

1050 1107 1131 1135 nicus
1145 1109 1218 1138 enim
1236 1111 1262 1138 in
1276 1119 1309 1139 co
1329 1120 1439 1148 quoque
1454 1114 1568 1147 fallitur,
1581 1115 1652 1150 quod
1670 1116 1841 1150 Stephanttm

1053 1155 1078 1182 id
1100 1157 1233 1191 temporis
1262 1158 1289 1185 in
1302 1160 1402 1189 castris
1431 1161 1464 1188 ad
1490 1161 1679 1190 Semendriam
1701 1162 1842 1191 Murataeis

1052 1202 1139 1231 fuisse
1155 1204 1276 1238 scripsit,
1304 1205 1505 1242 obsessumque
1520 1208 1652 1236 duntaxat
1679 1209 1840 1244 Georgium,

1051 1249 1160 1277 tandem
1190 1250 1291 1279 fecisse
1312 1252 1491 1282 deditionem.
1514 1255 1619 1290 Quippe
1633 1256 1730 1284 fratres
1757 1257 1840 1284 ambo

1050 1295 1188 1324 deditione
1204 1297 1275 1325 facta
1291 1298 1405 1327 Muratis
1425 1301 1451 1327 in
1464 1306 1626 1337 potestatem
1652 1307 1796 1334 venerunt,
1811 1307 1840 1329 et

1045 1342 1173 1369 .camdem
1195 1344 1352 1372 sustinuere
1367 1353 1487 1380 poenam,
1506 1347 1596 1375 oculis
1622 1348 1746 1375 adhibito
1770 1356 1839 1376 can-

1050 1385 1124 1413 denti
1139 1387 1212 1414 l'erro
1231 1389 1290 1417 visu
1319 1390 1427 1427 spoliati
1448 1397 1604 1428 propterea,
1634 1394 1706 1429 quod
1730 1400 1837 1429 patrem

1049 1432 1194 1468 instigasse
1215 1435 1263 1462 filii
1274 1435 1308 1463 ad
1320 1436 1501 1466 defectionem
1517 1444 1690 1474 putarentur.
1704 1441 1727 1468 ls
1745 1447 1836 1468 autem

1046 1485 1108 1504 cum
1127 1478 1181 1506 filio
1194 1480 1308 1507 minimo
1322 1485 1385 1508 natu
1400 1482 1504 1510 Lazaro
1520 1483 1678 1520 profugerat
1691 1485 1724 1512 ad
1738 1486 1838 1513 Albero

1046 1525 1102 1549 tum
1116 1522 1138 1549 II
1152 1523 1347 1559 imperatorem
1365 1526 1554 1561 Austriacum,
1568 1535 1595 1557 et.
1609 1530 1735 1565 Ungarirc
1749 1531 1838 1560 Bohc-

1046 1569 1162 1605 miazque
1190 1579 1292 1608 regem,
1328 1572 1630 1612 SigismundiAugttsti
1648 1585 1779 1613 generum
1809 1583 1837 1605 et

1044 1624 1244 1652 successorem,
1256 1623 1286 1646 ut
1297 1621 1330 1647 ab
1346 1628 1378 1649 eo
1399 1627 1493 1649 contra
1508 1622 1623 1651 Muratis
1638 1625 1709 1652 vires
1729 1626 1834 1652 auxilia

1042 1664 1194 1699 postularet
1207 1673 1214 1692 :
1225 1673 1286 1700 quae
1301 1667 1411 1701 quidem
1429 1669 1573 1704 impetrata
1590 1670 1676 1702 fuere,
1693 1672 1739 1699 sed
1760 1672 1836 1699 nihi-

1043 1710 1163 1738 lominus
1175 1719 1339 1740 succursum
1353 1714 1468 1747 tardius,
1479 1720 1506 1746 et
1519 1715 1725 1745 interitndedita
1734 1717 1834 1746 Murali

1043 1755 1215 1784 Seinendria.
1241 1758 1413 1795 Quapropter
1425 1761 1562 1797 Georgius
1576 1770 1638 1791 cum
1656 1763 1760 1792 Lazaro
1778 1766 1836 1794 lilio

1041 1802 1155 1838 suisque
1170 1805 1320 1836 thesauris,
1334 1807 1381 1842 qui
1398 1807 1559 1836 ducatorum
1575 1810 1724 1846 quinquies
1741 1817 1834 1840 cente-

1041 1857 1075 1876 na
1097 1849 1180 1878 millia
1195 1852 1388 1886 continebant,
1406 1854 1439 1881 ad
1461 1854 1611 1890 Ragusazos
1629 1864 1659 1884 se
1674 1858 1785 1893 recepit,
1806 1865 1835 1887 et

1041 1896 1141 1923 ibidem
1152 1897 1180 1925 in
1192 1899 1290 1926 exsilio
1304 1899 1425 1934 privatus
1439 1901 1596 1937 aliquandiu
1609 1904 1689 1931 vixit.
1700 1904 1752 1932 Sed
1769 1913 1832 1933 cum

1041 1944 1161 1973 Murates
1178 1954 1231 1973 non
1248 1946 1387 1976 desineret
1400 1956 1482 1984 agere
1500 1957 1562 1978 cum
1572 1951 1725 1987 Ragusatis,
1739 1957 1769 1979 ut
1781 1953 1833 1987 ipsi

1039 1991 1198 2026 dederetur,
1219 2000 1274 2027 quo
1306 1994 1415 2029 quidem
1443 1996 1553 2024 nomine
1577 1998 1696 2025 maxima
1716 2006 1834 2034 quaeque

1040 2036 1181 2073 Ragusacis
1198 2039 1327 2067 niterebat
1340 2048 1372 2068 ac
1385 2042 1567 2077 pollicebatur
1580 2052 1586 2070 :
1604 2045 1782 2078 praemonitus
1795 2047 1832 2074 ab

1039 2083 1079 2110 eis
1091 2084 1217 2117 despola.
1237 2093 1298 2114 eum
1316 2087 1454 2116 thesauris
1467 2089 1500 2116 ad
1516 2089 1622 2118 Alberti
1639 2098 1830 2120 successorem

1041 2129 1210 2160 Vladislaum
1229 2132 1375 2167 Polonum,
1394 2133 1522 2170 Ungarize
1537 2144 1628 2170 regem
1647 2145 1676 2165 se
1696 2139 1830 2169 Contulit,

1039 2177 1153 2212 ejusque
1168 2179 1276 2206 tandem
1291 2187 1342 2215 ope
1358 2182 1501 2210 restitutus
1514 2182 1540 2212 in
1558 2182 1695 2218 integrum
1712 2183 1774 2217 fuit,
1787 2185 1828 2211 uti

1039 2223 1167 2260 deinceps
1181 2232 1231 2252 suo
1244 2225 1303 2253 loco
1316 2226 1435 2255 dicetur.

1037 2280 1132 2319 2‘37
1153 2281 1218 2310 100.
1233 2283 1301 2321 ᾼΙὺρ
1316 2283 1422 2314 ϐτωεα.
1435 2285 1596 2321 Belgradum
1612 2288 1747 2316 C/m'esclt.
1766 2288 1830 2316 Per-

1147 2318 1380 2355 mutqliorGeorgii
1402 2318 1517 2355 despuite
1531 2330 1590 2350 cum
1607 2323 1713 2351 Λίθον-ιο

1208 2353 1237 2380 Il
1253 2354 1382 2389 Augusta,
1397 2353 1500 2384 neruine
1517 2357 1654 2393 Belgradi.

1072 2408 1158 2444 Hujus
1192 2410 1274 2437 etiant
1311 2412 1387 2440 urbis
1421 2413 1496 2441 varia
1525 2414 1635 2442 nomina
1660 2421 1734 2450 sunt,
1760 2418 1829 2446 Alba

1037 2456 1141 2489 Grreca,
1162 2456 1273 2485 Nandor
1290 2459 1362 2492 alba,
1390 2458 1531 2495 Beligrada
1557 2469 1673 2490 numero
1701 2464 1828 2492 multitu—

1035 2502 1107 2530 (linis
1121 2502 1250 2536 Cedrino,
1268 2503 1440 2539 Belgradum,
1463 2505 1537 2540 quod
1558 2505 1717 2536 Serviorum
1735 2509 1828 2545 lingua

1035 2548 1171 2583 signiﬁcat
1196 2554 1297 2577 'arcem
1324 2551 1412 2579 albam
1435 2551 1543 2587 (Potoni
1571 2553 1718 2589 Bialogrod
1750 2557 1827 2584 dice-

1034 2595 1115 2628 rent),
1134 2594 1276 2623 Geufrazus
1290 2596 1408 2631 denique
1438 2597 1549 2626 Criesch
1574 2598 1658 2626 etiam
1687 2600 1740 2628 dici
1758 2603 1827 2637 vult,

1034 2641 1107 2674 quod
1127 2641 1280 2669 mutilatum
1310 2647 1353 2670 est.
1376 2651 1408 2671 ex
1439 2644 1545 2679 integro
1574 2647 1687 2675 nomine
1713 2647 1825 2676 Germa-

1033 2686 1113 2718 nico,
1136 2685 1294 2715 Griechiseb
1324 2687 1540 2725 Weissenburg,
1562 2691 1588 2719 id
1604 2697 1656 2725 est,
1685 2701 1736 2721 arx
1764 2696 1825 2723 allia

1032 2731 1136 2760 Graeca.
1160 2733 1261 2761 Priscis
1275 2733 1434 2762 Taurunum
1459 2735 1521 2767 fuit,
1537 2738 1575 2764 uti
1603 2737 1774 2774 Busbequius
1791 2749 1824 2769 ex

1033 2777 1152 2812 antiquis
1179 2779 1390 2808 numismatibus
1411 2784 1485 2809 recte
1516 2782 1606 2810 docet.
1636 2782 1824 2819 Propugnam

1032 2830 1092 2850 eam
1119 2823 1170 2850 hoc
1197 2828 1321 2859 tempore
1352 2830 1448 2854 contra
1473 2827 1527 2855 vim
1558 2829 1674 2857 Muralis
1700 2830 1823 2858 Joannes

1032 2870 1167 2896 Auranes.
1194 2869 1383 2904 Obsidionem,
1411 2878 1585 2908 quaaseptem
1601 2876 1745 2904 mensibus
1772 2868 1824 2904 du-

1031 2915 1112 2949 ravit,
1146 2916 1256 2945 decadis
1285 2919 1412 2948 secunda:
1449 2920 1518 2950 libro
1543 2927 1639 2956 quarto
1673 2922 1822 2959 descripsit
