1963 3067
105 127 154 183 sui

685 150 884 188 PANDEcTE
903 158 999 189 HlS’I‘,
1023 156 1176 192 'rt'tiCic.

1686 169 1740 201 802

105 209 260 236 bontinins.
300 211 364 238 Erat
394 216 458 239 tunc
486 213 512 240 in
546 204 717 248 Ungarorum
756 218 1027 250 potestateAscach
1050 218 1209 246 Techmas:
1236 223 1261 245 ct
1294 219 1365 246 idem
1397 221 1540 256 Bagtumas
1568 223 1667 258 eidem,
1692 228 1738 260 qui

104 254 277 290 Belgradunt,
293 265 411 292 quorum
428 267 474 285 res
500 259 625 288 Albertus
649 260 807 289 Austriacus
831 270 891 290 eam

103 303 283 330 munitionem
307 311 321 330 a
352 303 469 339 Georgio
488 305 602 341 dcspota
642 306 798 335 Servioruin
826 308 889 344 jure

100 351 270 383 donationis,
297 356 325 378 ut
344 350 453 384 Lazius,
480 353 538 386 lege
563 354 784 388 permutationis,
803 354 889 382 utalii

102 396 281 430 scripserunt,
294 403 457 424 consecutus
469 398 566 425 fuerat.
578 398 605 425 ln
624 396 773 427 Austriacis
792 409 890 435 genea—

101 443 180 476 logiis
197 441 324 469 Lazianis
339 442 396 470 haec
415 444 530 478 legimus
545 453 552 471 :
569 445 680 472 Albcrto
709 447 829 473 secundo
844 447 887 473 vix

99 490 174 523 regni
213 489 396 523 gubernacula
434 490 575 524 ingresso,
609 492 752 519 Amurates
783 491 884 520 Servius

97 538 238 570 drspotam
255 535 376 566 adortus,
393 536 488 563 Albam
512 535 633 564 Grecam
660 537 694 564 a‘l
719 537 886 567 confluentes

98 579 212 607 Danubii
229 585 255 607 et
270 580 332 607 Sari
345 581 475 616 positam,
490 588 585 608 natura
602 586 629 609 et
645 589 726 616 opere
743 584 887 617 munitam,

96 626 240 653 obsidione
270 627 380 662 cingere
408 627 554 662 cogitabat,
582 628 654 654 omni
677 635 775 662 genere
800 636 887 665 appa-

96 677 174 700 ratus
188 678 259 700 terra
273 676 298 700 et
325 681 396 708 aqua
415 674 577 702 instructus.
597 673 684 708 Quam
701 676 754 702 vim
778 683 811 703 ac
838 685 886 712 po-

95 719 207 745 tentiam
226 719 311 746 hostis
326 719 438 753 despota
455 721 642 753 considerans,
666 729 720 756 quo
732 721 758 748 in
774 723 882 751 caneris

94 765 203 792 tuendis
222 766 322 792 auxilio
339 766 390 793 sibi
407 772 453 792 rex
481 767 611 794 Albcrtus
627 771 711 800 esset,
729 769 884 796 munimen-

93 817 150 837 tum
177 812 242 838 illud
269 812 293 838 ei
321 811 445 839 donavit.
470 812 510 838 Ah
531 813 582 840 hoc
597 812 733 841 lluniadcs
755 813 792 840 illi
825 814 885 842 loco

93 858 247 892 przeticitur,
263 857 298 885 ob
325 858 384 893 ejus
400 859 538 894 singulare
556 864 725 887 momentum
747 868 755 888 :
781 862 882 896 quippe

948 264 1026 291 nobis
1043 263 1095 299 Bcg
1124 263 1235 298 'l‘amas,
1254 267 1294 293 vel
1311 265 1446 295 Tecbmas
1476 269 1535 303 heg,
1560 269 1584 297 id
1616 276 1667 303 est.
1688 273 1735 299 dua

947 313 1036 339 minus
1051 313 1222 348 vclprinccps
1234 312 1378 343 'l'ecltmas.
1389 315 1434 345 Sic
1447 323 1473 344 et
1486 317 1600 346 1'zanisa
1613 320 1737 356 Philippo

945 357 1099 394 Burgomati
1113 365 1155 387 est
1173 362 1254 389 scacli
1272 359 1438 390 Tldllolutll.
1461 362 1541 392 Edzis
1556 367 1614 400 begi
1631 368 1736 396 natales

944 405 977 432 ad
994 405 1068 432 illum
1086 406 1184 434 Edzeiu
1214 408 1310 443 beguui
1337 410 1436 441 refero,
1462 412 1507 444 qui
1526 413 1577 439 sub
1609 412 1735 442 Urchanc

943 450 1090 480 Soleimani
1125 449 1260 482 Urclianis
1290 455 1345 483 filio
1371 446 1512 484 militauit:
1540 466 1566 486 et
1593 465 1733 494 propterea

943 498 1027 532 begos
1042 499 1091 527 hos
1116 500 1221 528 Edzeos
1243 502 1310 536 ipsis
1326 504 1407 530 etiam
1431 503 1606 538 Eurenusiis,
1630 513 1658 534 et
1675 507 1734 535 aliis

942 545 1124 574 nobilioribus
1140 547 1297 576 Turcorum
1321 549 1442 585 familiis,
1460 553 1611 580 secundum
1637 553 1733 582 οειιιίμ

939 591 1028 624 nidus,
1046 594 1230 627 praeferendos
1250 601 1325 630 puto.

942 647 1004 675 105.
1016 647 1165 693 Μωὶιιέσρ
1183 652 1354 693 ,ἰηιεγῖςᾳιιισρ
1368 654 1541 693 ιξμηηρᾱαιὶα
1555 678 1563 691 ,
1579 658 1730 693 Ardelium,

1106 684 1200 724 Ιίινᾶειἱ
1214 684 1264 713 seu.
1276 688 1360 724 Iz'rtel,
1380 688 1542 718 Toribinium

1187 721 1298 749 Laonici
1323 723 1490 754 Cudunidus.

974 764 1091 795 Narrant
1116 770 1230 796 annales
1253 768 1375 803 Turcici.
1400 773 1529 802 mandato
1546 775 1660 804 Muralis
1674 776 1730 804 Me-

939 811 1019 839 sitem
1052 813 1149 848 begum
1178 823 1225 849 pcr
1249 815 1406 845 Valachiam
1433 819 1460 847 in
1491 820 1639 856 Ungariam
1667 831 1727 851 cum

937 859 1060 885 escrcitn
1081 867 1251 895 penetrasse,
1277 865 1324 891 sed
1339 865 1467 894 omnibus
1494 867 1530 894 ibi
1560 876 1622 895 cum
1639 871 1728 905 copiis

92 906 137 939 qui
156 906 188 932 ad
207 906 288 932 trium
315 905 457 932 numinum
473 905 639 934 confluentes
667 907 747 940 situs,
767 907 839 935 Savo
856 910 878 936 in

938 903 1023 932 fuisse
1038 912 1151 934 caesum.
1168 907 1216 935 Hic
1231 909 1348 943 primum
1367 912 1471 939 notabit
1487 913 1582 947 lector,
1603 903 1725 942 Mesiiciu

92 951 218 981 Italiam.
249 949 318 978 lstro
346 951 373 978 in
405 951 545 979 Austrlam
582 952 663 988 atque
694 952 882 987 Germaniam,

90 995 202 1023 'fibisco
225 994 342 1032 denique
365 997 392 1025 in
416 996 668 1034 Transsylvaniam,
696 998 836 1026 Poloniam
856 1005 884 1028 et

91 1040 258 1076 Aloi-aviam,
293 1044 363 1072 hosti
390 1045 593 1079 potentissimo,
617 1045 688 1072 viam
721 1051 882 1074 ostentaret.

90 1087 213 1117 Adventu
229 1090 330 1118 Alberti
349 1096 409 1118 cum
425 1091 520 1126 copiis,
533 1092 608 1119 Alba:
625 1092 732 1119 obsidio
758 1093 880 1120 solvitur.

89 1133 229 1161 Hactenus
243 1133 370 1167 Lazisna,
382 1139 443 1169 qua:
456 1142 549 1163 errore
573 1142 625 1163 non
637 1141 742 1170 carent,
757 1144 819 1164 cum
836 1138 885 1164 do-

89 1180 267 1208 minationem
308 1182 498 1215 intervenisse,
533 1186 588 1209 non
628 1184 856 1218 permutationem
874 1205 881 1217 ,

89 1227 210 1254 tradunt.
235 1227 384 1255 Audiamus
407 1232 434 1255 et
459 1227 631 1256 Laonicum.
665 1229 754 1262 Erat,
782 1230 882 1265 inquit,

89 1272 151 1299 huic
173 1273 200 1299 in
226 1272 364 1300 Pannonia
389 1278 444 1300 nou
467 1274 670 1302 contemnenda
695 1275 769 1310 regio
786 1295 793 1307 ,
820 1283 881 1302 cum

87 1318 202 1345 urbibus
230 1318 323 1346 multis
353 1323 383 1346 et
411 1319 547 1354 opulentis
563 1338 570 1350 ,
593 1326 662 1354 quas
685 1319 884 1353 permutatione

87 1369 158 1395 facta
173 1372 236 1391 cum
248 1363 432 1399 Slgismundo,
441 1371 491 1400 pro
502 1365 636 1398 Belgrade
652 1365 796 1392 Eleazarus
809 1372 883 1393 acce‘

86 1416 170 1444 perat.
182 1410 244 1438 Huc
255 1412 326 1438 enim
341 1411 408 1438 urbs
419 1412 488 1439 mire
503 1411 628 1447 placebat
652 1410 721 1446 regi,
736 1417 767 1438 ut
782 1419 883 1445 oppor-

86 1463 162 1491 tuna,
179 1464 289 1493 propter
304 1464 399 1493 portus
417 1458 648 1486 commoditatem.
659 1458 764 1493 Quippe
774 1458 883 1493 Belgra-

85 1505 149 1532 dum
175 1506 283 1534 duobus
296 1506 495 1534 circnmlluitur
510 1505 611 1534 fluviis.
629 1506 669 1533 Ab
691 1513 746 1533 uno
755 1504 833 1538 Ister,
848 1506 882 1533 ab

84 1552 171 1579 altero
187 1553 272 1581 latere
289 1553 375 1581 Savus
388 1552 459 1586 ﬂuit,
475 1553 521 1588 qui
545 1553 609 1581 istic
625 1553 650 1580 in
672 1552 767 1580 lstrmn
791 1552 881 1580 effun-

83 1598 168 1625 ditur.
197 1598 266 1634 Ergo
289 1599 387 1627 Lazius
407 1607 439 1626 cx
461 1596 680 1634 Chalcocondyle
691 1599 880 1634 corrigendus,

83 1651 112 1673 nt
124 1650 351 1681 permutationem
372 1648 469 1676 lactant
479 1649 611 1681 sciamus,
620 1656 672 1675 non
694 1648 879 1679 donationem,

83 1701 116 1722 ac
138 1694 262 1721 vicissim
280 1693 513 1730 Chalcocondyles
531 1694 719 1721 emendandus
735 1701 767 1721 ex
785 1693 878 1723 Lazio.

82 1747 131 1774 pro
141 1739 318 1774 Sigismundo
328 1745 358 1766 nt
370 1739 508 1772 Albertus.
520 1748 570 1774 pro
593 1740 720 1766 Eleazaro
746 1739 880 1773 Georgius

81 1791 207 1820 ponatur.
227 1785 368 1813 Bouiinius
401 1787 483 1813 etiam
512 1787 569 1820 ipsa
591 1786 649 1813 loea
676 1791 808 1818 recenset,
818 1792 880 1820 quae

81 1839 131 1864 pro
143 1831 275 1867 Belgrade
288 1831 338 1858 hac
350 1832 553 1866 permutatione
568 1831 702 1864 Georgius
721 1830 858 1864 acceperit
870 1838 876 1857 :

80 1876 193 1904 castella
211 1877 341 1904 nimirum
371 1877 439 1909 hac,
471 1874 656 1903 Zalonkeinen
684 1874 877 1910 (Salankcmen

78 1923 214 1950 vocabant
223 1923 306 1950 nostri
318 1915 430 1950 comites
442 1931 450 1950 :
461 1924 542 1951 situm
557 1927 598 1949 est
610 1929 692 1957 supra
704 1921 876 1957 Belgradum,

79 1972 112 1997 ad
132 1971 219 2005 ripam
237 1969 363 2002 Danubii,
380 1978 395 1997 e
407 1971 515 2005 regione
528 1970 612 2004 ipsius
625 1969 688 1996 ostii
700 1968 812 2001 Tibisci,
829 1969 875 2003 qui

77 2024 108 2044 se
121 2018 148 2044 in
156 2016 307 2044 Danubium
322 2016 365 2043 hic
381 2014 672 2050 exonerat),l3ccliien,
689 2014 788 2049 Kclpen
805 2013 875 2048 (Un-

76 2064 136 2099 gari
150 2062 380 2097 Kerpendicunt),
399 2062 620 2097 Vilagosuarum,
638 2059 780 2092 Tocaintn,
798 2060 875 2088 Mou-

76 2111 193 2137 cachum
211 2107 325 2145 (Ui-gari
342 2108 513 2136 Muncazium
530 2107 693 2141 nominant),
706 2106 873 2140 Tha-alliam,

76 2155 238 2191 Regesum:
259 2155 357 2190 oppida
381 2161 446 2181 vero
466 2153 533 2186 haec,
556 2151 744 2184 Zathmarum,
777 2152 873 2180 Bczer'

76 2210 160 2235 mem,
177 2202 325 2234 chrezen,
339 2199 472 2232 Tliurum,
491 2198 657 2232 Varsanum,
673 2203 700 2226 et
717 2198 782 2225 alia.

308 2246 371 2274 101.
389 2244 478 2279 Nova,
500 2244 651 2280 Nauograd.

111 2292 179 2325 Quae
194 2290 291 2318 Turcis
313 2296 339 2319 et.
353 2290 463 2319 Groatis
486 2289 562 2317 Nm'e
574 2289 686 2322 dicitur,
703 2289 776 2316 areis
791 2296 868 2316 nova:

73 2338 304 2374 signiﬁcationem
321 2337 412 2369 habet,
428 2339 454 2364 in
472 2336 575 2364 Servis:
596 2335 697 2362 finibus
711 2335 773 2362 sita.
791 2334 867 2362 Nunc

73 2385 177 2412 ibidem
195 2383 340 2419 sangiacus
356 2388 398 2411 est
409 2383 555 2415 Turcicus,
570 2382 702 2416 [Budensi
729 2382 868 2417 subjectus

72 2432 248 2466 beglcrbego,
274 2439 336 2458 cum
361 2430 472 2457 nomine
495 2428 727 2463 Novogrodensis.
758 2428 868 2454 Primus

72 2478 144 2505 hanc
156 2477 275 2505 Murates
300 2477 383 2512 cepit,
407 2476 454 2504 scd
477 2475 625 2503 Christiani
651 2479 865 2510 recupcrurunt:

70 2532 98 2553 et
116 2525 170 2553 sub
186 2524 354 2551 Murliciiiete
369 2523 490 2551 secundo
500 2530 597 2550 rursus
626 2529 684 2548 eam
701 2522 862 2549 amiserunt:

71 2575 100 2599 in
131 2571 211 2606 cujus
242 2572 295 2597 vita
323 2571 356 2597 de
374 2570 425 2597 hac
457 2569 580 2603 quaedam
608 2568 772 2603 adjiciamus
800 2567 864 2599 alia,

71 2619 163 2654 capite
178 2622 306 2645 notarum
332 2616 395 2644 152.

186 2664 248 2692 102.
271 2662 355 2691 Scaclt
369 2662 470 2690 Αθιιιὶη
484 2662 573 2694 bassa,
589 2661 742 2689 Sabatinos.

104 2712 158 2744 Qui
178 2719 192 2737 ιι
223 2709 322 2737 Turcis
357 2709 403 2735 hin
434 2709 592 2735 nominatus
625 2709 704 2735 scach
747 2707 862 2740 Abcdin,

67 2759 146 2787 Italis
169 2757 308 2784 historicis
333 2755 493 2787 Sciabadin,
523 2762 554 2781 ex
581 2754 717 2786 Bonllnio,
749 2753 864 2782 Chalco-

71 2804 183 2840 condyli
200 2804 342 2832 Sabatines
360 2803 502 2829 eunuchus
514 2806 565 2834 est,
579 2802 656 2837 quasi
672 2801 707 2829 Sa
734 2800 861 2828 Badines.

68 2851 115 2879 Sic
132 2851 290 2885 Busbcquio
308 2848 452 2884 Sagtamas
465 2847 611 2876 Persarum
623 2856 669 2875 rex
688 2853 748 2880 est,
763 2848 809 2882 qui
835 2853 864 2874 et

67 2898 151 2926 nobis
171 2902 199 2926 et
219 2896 287 2930 ipsis
311 2895 411 2924 dicitur
450 2896 533 2924 scacb
558 2893 668 2928 Tamns,
691 2894 732 2922 vel
761 2893 862 2922 rectius

936 949 1056 978 Laonico
1085 953 1139 980 dici
1170 954 1311 988 Mezutem,
1339 956 1455 993 Europa:
1479 962 1649 995 prafectuui,
1675 963 1725 990 liou

934 1002 988 1029 est,
1018 997 1158 1026 Romaniut
1182 1000 1385 1038 beglerbegum,
1415 1005 1540 1033 Bontiuio
1561 1007 1724 1036 Mczcthuni.

936 1042 1074 1073 Valachla:
1101 1054 1164 1073 vero
1209 1050 1340 1082 nomine,
1374 1051 1582 1088 Transalpinam
1616 1055 1658 1082 hic
1684 1055 1724 1082 in-

936 1090 1040 1125 telligl.
1069 1098 1180 1121 auctore
1210 1094 1358 1130 Bontinio,
1375 1097 1410 1126 de
1439 1106 1492 1133 qua
1521 1102 1649 1135 superius
1674 1109 1724 1130 nu-

921 1144 1012 1164 vmero
1028 1138 1058 1164 71
1079 1140 1194 1168 dictum.
1209 1141 1287 1175 Quod
1304 1149 1395 1172 autem
1408 1145 1516 1179 jussum
1533 1147 1652 1176 referant
1668 1149 1723 1177 Mc-

935 1184 1013 1232 sitem
1027 1185 1133 1220 ingredi
1151 1187 1308 1224 Ungariam,
1323 1192 1512 1227 accipiendum
1523 1194 1559 1222 de
1575 1195 1722 1232 Transsyl-

935 1231 1014 1258 vania
1031 1239 1038 1258 :
1055 1240 1136 1267 quam
1154 1235 1207 1262 hoc
1223 1236 1295 1270 loco,
1311 1238 1384 1265 sicut
1399 1239 1462 1267 alibi
1476 1248 1598 1276 quoque,
1616 1231 1723 1270 Panno-

934 1276 1040 1305 daciam
1055 1278 1193 1309 Laonicus
1210 1290 1224 1308 a
1250 1282 1428 1313 Pannonibus
1444 1286 1502 1313 sive
1520 1286 1665 1316 Paeonibus
1694 1294 1721 1317 et

934 1322 1033 1356 Dacis,
1053 1333 1099 1359 qui
1121 1325 1235 1354 Valachi
1255 1329 1356 1363 gemini
1372 1335 1449 1364 sunt,
1466 1339 1481 1359 a
1496 1332 1598 1368 quibus
1617 1332 1720 1362 Trans-

935 1369 1059 1404 sylvania
1083 1373 1281 1408 circumdatur.
1299 1378 1512 1412 appellatJdem
1529 1388 1591 1408 mox
1609 1382 1721 1417 subjicit

936 1417 992 1444 haec
1005 1419 1084 1446 verba
1096 1429 1102 1446 :
1116 1420 1292 1451 Pannodacia:
1304 1425 1379 1460 regio
1399 1426 1537 1455 Ardelium
1549 1429 1719 1457 nominatur.

936 1465 1018 1492 Addit
1031 1467 1115 1494 etiam
1130 1489 1136 1498 .
1156 1471 1328 1505 metrupolim
1345 1471 1428 1507 hujus
1441 1481 1502 1501 esse
1519 1473 1692 1503 Tosibinium
1710 1485 1717 1503 :

933 1517 994 1544 qua:
1010 1511 1092 1547 438
1108 1522 1157 1541 vox
1171 1518 1311 1550 quomodo
1327 1519 1361 1545 ab
1378 1519 1524 1554 interprete
1539 1528 1667 1558 corrupta
1684 1525 1720 1552 sit

934 1563 965 1584 ex
983 1558 1100 1590 Cibinio.
1119 1563 1192 1594 quod
1223 1570 1297 1590 nunc
1325 1572 1414 1592 manet
1443 1567 1514 1600 apud
1529 1567 1654 1603 Ungaros
1669 1577 1718 1597 uo-

934 1610 1009 1635 men,
1026 1609 1053 1631 et
1069 1604 1215 1634 Germanis
1230 1614 1271 1636 est
1284 1609 1516 1644 Hermestadium,
1531 1620 1613 1647 supra
1631 1616 1720 1649 capiti:

933 1654 1060 1676 notarum
1080 1651 1114 1678 12
1130 1652 1286 1682 docuimus.
1308 1656 1342 1683 Et
1362 1662 1429 1684 Sunt
1451 1658 1574 1691 profecto
1590 1666 1718 1695 corrupta

931 1696 1048 1724 mirifice
1078 1698 1105 1724 in
1135 1699 1209 1725 edito
1229 1701 1351 1729 Loonico
1367 1704 1497 1730 vocaliqu
1519 1706 1638 1739 propria.
1651 1706 1718 1739 Quis

930 1740 1103 1769 Cudunidant
1135 1744 1270 1779 cogitaret
1289 1753 1350 1773 esse
1374 1746 1555 1781 Culionideni,
1572 1750 1623 1776 nisi
1640 1751 1718 1778 valde

930 1787 1036 1821 peritus
1052 1795 1146 1815 eorum
1164 1793 1320 1824 temporum
1340 1792 1463 1819 historia?
1478 1793 1489 1820 ?
1503 1792 1718 1823 Bartholonmus

931 1833 953 1860 is
979 1827 1053 1861 Ferte
1083 1834 1221 1863 Collionus
1249 1842 1318 1869 erat,
1346 1839 1446 1866 nobilis
1470 1840 1524 1867 dux
1547 1841 1717 1875 Bergomas.’

930 1880 1010 1915 cujus
1028 1881 1109 1907 etiam
1134 1883 1249 1915 gentiles
1263 1883 1284 1910 si
1299 1889 1378 1911 natos
1392 1885 1453 1919 quis
1476 1886 1548 1913 dicat
1563 1894 1595 1914 ex
1612 1887 1716 1916 familia

929 1927 962 1954 de
986 1926 1203 1959 Collisionibus.
1227 1931 1289 1964 quis
1320 1931 1444 1958 divinare
1461 1939 1520 1959 mox
1544 1938 1646 1967 posset,
1665 1934 1715 1961 hos

928 1978 1003 2000 ortos
1020 1973 1122 2000 fntnilia
1137 1975 1268 2002 nubiliqu
1283 1975 1485 2011 Bergowatum,
1500 1979 1599 2012 quibus
1614 1987 1715 2007 nomen

927 2019 961 2047 sit
977 2027 993 2046 a
1022 2018 1192 2048 Collionibus
1211 2021 1275 2048 ?lta
1296 2023 1425 2050 nimirum
1453 2029 1581 2059 corrupta
1609 2033 1659 2052 vox
1676 2027 1714 2054 le-

926 2067 998 2101 gitur
1015 2067 1042 2094 in
1057 2069 1111 2095 vita
1126 2069 1221 2096 Karuli
1242 2070 1332 2103 quarti
1358 2071 1484 2106 Augusti,
1499 2080 1579 2107 quam
1595 2072 1712 2102 Reinec-

925 2114 983 2140 cius
1000 2119 1091 2141 noster
1106 2115 1264 2150 publicavit.
1279 2118 1318 2144 Ad
1337 2119 1476 2145 annalium
1495 2124 1653 2147 nostrorum
1669 2129 1713 2148 se-

924 2159 991 2186 riem
1010 2164 1038 2186 ut
1068 2162 1221 2193 redeamus,
1245 2167 1306 2190 erat
1335 2164 1359 2190 id
1375 2165 1506 2199 temporis
1520 2165 1621 2193 Ardelii
1637 2167 1712 2201 regio

924 2207 1010 2238 (nunc
1033 2206 1150 2241 ngaris
1167 2208 1240 2236 Ertel
1256 2208 1376 2243 dicitur)
1391 2208 1478 2245 Jango
1493 2211 1619 2238 Choniati
1634 2219 1710 2239 com-

883 2254 1005 2285 Dmissa
1039 2255 1223 2290 creditaque,‘
1244 2256 1316 2283 sicut
1342 2256 1479 2285 Laonicus
1506 2258 1569 2285 ait:
1599 2258 1625 2285 id
1656 2265 1710 2290 est.

918 2299 1016 2327 Joanni
1037 2301 1165 2334 fluniadi,
1190 2302 1270 2337 longe
1293 2303 1484 2330 illustrissimo
1499 2303 1572 2338 ducl,
1590 2303 1711 2332 Matthim

919 2346 992 2380 regis
1008 2346 1133 2380 Ungariae
1150 2348 1220 2382 patri
1237 2356 1244 2374 ε
1268 2356 1350 2382 quem
1364 2348 1508 2376 Geufracus
1523 2347 1640 2377 Jancum
1658 2350 1710 2377 Ba-

919 2400 982 2419 num
994 2393 1119 2427 appellat,
1133 2394 1272 2421 vocabulis
1288 2394 1357 2421 infra
1373 2393 1554 2422 declarandis.
1567 2395 1616 2423 Hic
1630 2395 1710 2423 Mest-

918 2445 971 2466 teni
987 2439 1128 2467 Romaniae.
1143 2440 1333 2475 beglerbeaum
1343 2463 1350 2474 ,
1366 2447 1479 2468 auctore
1494 2441 1633 2475 Bontinio,
1647 2450 1709 2470 cum

918 2487 1011 2521 viginti
1025 2486 1144 2513 millibus
1155 2486 1306 2514 Turcoruin
1317 2487 1395 2521 fudit,
1405 2489 1520 2521 caecidit,
1536 2489 1685 2516 interemit.

934 2534 997 2562 101.
1015 2533 1125 2566 δομΙιία,
1142 2533 1254 2566 Tibiscu,
1269 2534 1374 2570 Stapia,
1392 2535 1533 2569 Sardart‘a,
1551 2536 1677 2570 Sardicu,

1238 2570 1387 2597 'l‘riadr'tza.

955 2615 1027 2644 Satis
1041 2621 1137 2643 notum
1152 2620 1193 2644 est
1208 2616 1318 2652 Sophia:
1331 2626 1444 2649 nomen,
1464 2617 1558 2653 oppidi
1574 2617 1708 2653 Bulgaria:

918 2663 1007 2698 magni
1023 2668 1050 2689 et
1065 2663 1203 2697 populosi,
1225 2663 1288 2690 licet
1305 2664 1379 2690 nulla
1405 2664 1441 2691 sit
1461 2671 1493 2690 ex
1517 2669 1594 2698 parte
1617 2665 1708 2690 muni-

917 2713 985 2735 tum.
1004 2708 1042 2735 lbi
1063 2708 1134 2735 diem
1157 2716 1208 2735 nos
1226 2716 1311 2735 unum
1335 2713 1362 2735 et
1379 2708 1650 2736 alterunt-ursimus.
1665 2707 1707 2733 Ad

917 2753 1067 2788 marginem
1088 2753 1316 2789 Clialcocondylis
1335 2754 1392 2781 hac
1418 2754 1547 2788 ascripsit
1567 2754 1705 2786 interpres

917 2798 1018 2826 verba:
1035 2799 1148 2832 Sophia,
1169 2805 1241 2826 nunc
1253 2798 1362 2833 Scopia.
1379 2798 1540 2826 Manifestus
1559 2798 1602 2825 hic
1625 2804 1707 2824 error

915 2851 967 2878 cst,
983 2853 1044 2872 cum
1063 2845 1158 2872 urbem
1179 2845 1278 2880 Scopia
1292 2845 1393 2873 diserte
1413 2844 1547 2872 Laonicu.
1573 2845 1599 2871 in
1617 2845 1706 2872 κίοι-(μ

915 2891 997 2921 donia
1011 2891 1138 2921 collucet.
1151 2891 1223 2921 Vide
1234 2894 1325 2921 notata
1342 2891 1456 2934 interius
1468 2891 1558 2926 capite
1571 2890 1631 2919 169.
1647 2889 1703 2917 Ma-
