1963 3067
231 151 286 184 803

851 139 1017 172 JOANNIS
1037 136 1274 169 LEUNCLAVH

1824 126 1877 162 80l

233 214 293 240 rius
306 211 389 246 Niger
402 207 532 243 Sophiam
552 203 690 233 veteribus
712 200 875 237 appellatam
892 202 970 234 putat
981 197 1026 224 Ti-
1041 200 1062 227 Α
1078 201 1157 230 rupte
1170 194 1336 223 Carambnm
1348 196 1438 225 vocat,
1466 187 1601 218 Laonicus
1617 189 1790 223 Cbas‘anem,
1806 182 1878 217 sicut

947 245 951 246 ν
1125 241 1147 246 .-
1202 242 1208 246 .
1311 240 1317 246 ι
1461 238 1467 245 ι
1493 245 1514 246 ,,
1538 239 1578 246 ,s,
1602 236 1684 246 n,,!,s_
1703 243 1744 246 hs-
1757 231 1862 246 I!)_._:_

235 245 353 287 biscam:
367 255 509 284 Bonliuius
527 251 585 284 ait‘,
612 250 710 278 urbem
726 257 739 276 a
755 248 869 283 templo,
880 245 954 281 quod
971 251 1031 272 ma-

234 304 333 340 gniﬂco
353 305 463 335 sumptu
477 297 650 325 Justinianus
661 293 838 325 exstruxerit,
847 299 945 319 nomen
955 297 1033 317 acce-

236 337 317 386 pisse.
332 348 413 382 Atqui
434 346 539 373 nullum
561 344 605 372 hic
622 341 752 377 templum
767 340 820 368 tale
836 339 877 366 vel
892 338 956 365 olim
972 337 1034 370 fuit,

236 385 278 424 i-el
305 395 384 422 hodie
413 392 504 421 saltim
535 399 567 418 ex
589 389 728 424 aliquibus
748 388 834 414 ruinis
851 385 963 421 agnosci
986 392 1034 419 po-

234 447 286 469 test
302 462 310 474 ,
334 446 361 468 et
382 447 397 466 a
420 438 521 473 templo
550 434 874 469 Constantinopolitano,
893 432 965 467 quod
987 430 1037 457 Ju-

235 489 373 516 stinianus
387 485 495 513 Sanctae
507 483 616 518 Sophiae
632 483 690 510 sive
704 481 749 508 Dei
764 478 912 515 Sapientiae
927 479 1038 505 nomine

235 533 487 570 splendidissimum
513 530 655 562 condidit,
673 529 725 555 hoc
740 527 883 562 oppidum,
902 530 1039 560 quatuor-

236 581 324 608 dccim
353 579 394 606 vel
419 577 577 614 quindecim
604 576 710 602 dierum
747 573 844 600 itinere
872 571 999 598 dissituin
1024 576 1040 596 a

215 617 222 625 ’
236 624 490 660 Constantinopoli,
505 627 633 650 vocatum
660 620 756 652 fuisse,
767 618 828 653 quis
847 616 952 644 credat?
967 615 1040 642 idem

238 670 499 704 nddit,«Sardaciam
519 669 589 695 hanc
605 667 670 694 olim
686 666 772 692 fuisse
787 664 899 693 dictam.
915 670 929 688 a
944 660 1042 688 Sardis

239 724 266 745 ct
283 718 361 745 Dacis
373 737 381 749 ,
400 717 454 744 hoc
474 719 526 747 est,
543 723 556 741 a
576 713 700 749 gentibus
718 711 878 746 longissimo
901 713 1039 736 terrarum

240 766 331 800 spatio
360 768 388 792 et
421 764 481 798 ipso
511 768 622 796 quoque
653 760 722 786 mari
750 756 890 785 discretis.
921 754 1039 789 Subjicit

242 813 352 844 deinde,
382 810 549 838 celebratam
572 806 610 834 ibi
641 806 724 833 fuisse
749 803 888 840 quondam
908 801 1042 838 synodum

1084 247 1111 270 et
1125 241 1209 269 Τυνεί
1225 249 1232 267 :
1246 240 1318 276 quod
1334 246 1427 267 verum
1444 238 1468 266 ei
1485 239 1582 265 nomen
1602 236 1686 264 luisse
1700 231 1877 272 crediderim.

1086 293 1114 316 et
1132 288 1247 315 alterum
1273 292 1440 322 cognomen,
1457 292 1471 311 a
1489 283 1653 319 nigredine:
1676 282 1747 309 sicut
1764 286 1790 309 et
1804 281 1877 309 aliud

1087 334 1210 369 Celepini
1229 340 1382 369 cognomen
1397 331 1485 358 eidem
1501 329 1596 357 tribuit
1610 327 1751 355 Bonlinius
1769 335 1783 355 a
1801 327 1878 355 nob'r-

1088 381 1176 408 litate.
1194 378 1274 406 Turci
1292 378 1412 410 tradunt,
1430 376 1571 404 Romaniae
1581 375 1639 403 sive
1648 373 1759 402 Graecia:
1772 373 1878 409 liegler-

1091 428 1189 462 begum
1206 427 1278 453 hunc
1294 425 1392 458 fuisse,
1404 423 1543 451 Laoiiicus
1556 423 1671 456 Europa:
1684 421 1793 454 ducem,
1808 418 1879 456 quod

1091 475 1162 502 idem
1175 478 1228 501 est.
1242 470 1382 500 Bonfiuius
1392 478 1457 498 vero
1472 469 1587 497 Natalia:
1599 467 1665 496 facit
1676 467 1880 503 hcglcrbcgum,

1092 526 1119 549 et
1134 520 1227 555 copias
1243 520 1297 547 huc
1315 527 1330 546 e
1346 513 1453 545 Natolia
1471 516 1630 544 traduxisse
1646 519 1794 547 memorat,
1807 512 1881 548 quod

1092 576 1158 596 vero
1175 575 1228 595 non
1249 567 1279 594 iit
1293 566 1394 594 simile.
1410 559 1479 592 Nam
1496 570 1526 591 ut
1540 562 1609 590 nihil
1623 562 1657 590 de
1677 569 1813 589 corisensu
1832 561 1882 587 ho-

1077 623 1154 644 ,rum
1166 614 1306 641 annalium
1321 620 1383 640 cum
1397 611 1517 639 Laonico
1525 606 1629 643 dicam,
1644 616 1710 637 sane
1725 606 1883 635 credibilius

1093 667 1145 696 est,
1175 663 1250 689 hunc
1277 659 1389 688 Graeciae
1404 659 1444 686 vel
1461 658 1577 692 Europe
1591 655 1783 692 bcglerbegum
1802 650 1885 690 ὧδε

1094 710 1190 743 fuisse,
1205 709 1252 744 qui
1270 708 1361 736 occiso
1390 707 1425 734 ab
1441 704 1568 733 Huniade
1581 705 1682 732 scaclio
1697 701 1813 730 Abedini
1828 699 1886 728 lio-

1096 757 1195 784 maniae
1209 755 1373 790 bealerbego
1389 751 1568 785 sticceSSerit,
1584 756 1611 778 et
1623 758 1638 779 e
1652 750 1808 786 propinquo
1823 756 1886 776 cum

1096 804 1213 838 Europaz
1229 802 1318 838 copiis
1332 801 1407 828 hosti
1419 799 1592 828 occurrerit:
1611 805 1674 826 cum
1689 797 1824 824 Analoliz
1841 797 1886 823 be-

244 856 451 884 Sardaeiensem
465 854 507 880 vel
529 852 749 879 Sardaieensem.
768 849 839 877 Hinc
853 855 918 876 vero
935 847 1044 875 tandem
1063 849 1083 876 Β
1100 850 1245 886 glerbegus
1259 849 1294 876 ab
1318 848 1394 876 hisce
1411 846 1570 882 regiombus
1583 845 1692 880 longius
1710 847 1831 872 remotus
1844 851 1887 870 es-

243 903 417 937 inlciiigillll‘,
428 900 462 927 de
478 899 592 927 Sardica
609 897 683 931 loqui
699 896 866 928 Bonlinium,
886 894 931 921 ubi
948 893 1043 920 Sardiv

247 948 338 976 censis
363 946 457 974 habita
473 945 596 981 synodus
612 943 676 976 filii,
707 943 758 970 sub
774 941 889 976 imperio
923 939 1042 966 liliorum

243 993 415 1021 Constantini
431 991 531 1026 Magni.
550 991 590 1018 Ea
609 996 674 1017 vero
690 997 745 1016 non
760 988 804 1015 bic
822 986 980 1022 quaerenda,
994 991 1044 1012 nec

246 1041 328 1068 hodie
346 1039 448 1074 Sophia
465 1038 576 1070 dicitur,
587 1037 635 1064 sed
647 1034 785 1063 Triadilza
799 1043 805 1060 :
818 1033 890 1069 quod
903 1032 928 1060 ei
944 1038 1044 1059 nomen

246 1088 330 1115 etiam
349 1090 428 1113 aelate
444 1093 493 1112 sua
510 1084 607 1115 luisse,
622 1082 722 1117 Glycas
741 1085 834 1108 noster
851 1079 974 1114 scripsit.

247 1135 308 1162 105.
323 1133 421 1161 Scuclii
433 1131 558 1158 Abedinis
571 1129 704 1190 εει)εὲξέίο
716 1127 820 1162 infelix.
829 1125 932 1153 laurus
945 1124 1044 1151 Tun-os

598 1173 635 1190 ca:
656 1173 663 1190 ι
679 1183 686 1190 .

598 1173 686 1192 cwau.

280 1217 349 1243 Cum
378 1215 423 1242 hic
455 1214 565 1241 dicaiur
593 1212 736 1245 ablegatus
754 1209 841 1236 fuisse
863 1207 1046 1242 beglerbegus

248 1261 400 1293 Romaniae,
412 1260 465 1287 hoc
478 1263 521 1286 est
535 1258 650 1291 Europa:
662 1276 668 1287 ,
684 1255 801 1283 scaehus
817 1252 965 1283 Abedines,
982 1259 1044 1278 cum

247 1307 386 1334 universis
419 1304 564 1332 Romaniae
601 1301 699 1336 copiis,
717 1298 891 1330 etacanziis,
917 1301 944 1323 et
969 1297 1046 1333 geni-

247 1353 319 1380 zaris
332 1373 339 1379 .
358 1352 429 1379 haud
449 1350 532 1378 dubie
563 1355 680 1384 magnus
696 1346 732 1373 illi
749 1354 764 1373 a
780 1344 886 1372 Murate
901 1344 980 1370 datus
996 1342 1048 1370 fuit

248 1399 385 1426 (zxercitus
398 1418 406 1430 ,
422 1405 503 1432 quem
537 1395 679 1422 Bonllnius
693 1393 857 1420 aestimatum
875 1391 960 1417 luisse
978 1389 1046 1417 scri-

249 1446 290 1473 bit
303 1444 442 1479 octoginta
470 1443 623 1470 'l‘urc0rum
658 1439 801 1467 millibus:
820 1437 892 1472 quod
919 1435 1046 1470 equidem

250 1491 390 1518 annalium
418 1489 500 1516 verba
525 1487 719 1518 considerans,
741 1492 807 1512 vero
824 1487 1041 1511 consentaneum

251 1543 318 1573 puto
336 1547 343 1565 :
365 1536 493 1572 quamvis
524 1534 636 1570 adjiciat
668 1532 821 1563 Bonlinius.
851 1530 878 1557 id
898 1537 950 1558 non
964 1529 1043 1556 facile
1058 1519 1080 1549 α

253 1586 332 1612 Iidem
352 1584 510 1611 admittere.
524 1582 666 1609 (lassorum
690 1583 764 1607 certe
786 1585 918 1605 numerus
932 1576 956 1603 ei
970 1575 1051 1603 fidem

252 1630 342 1657 facere
375 1628 511 1660 debebat,
531 1634 594 1654 cum
629 1625 747 1651 fateatur
766 1623 876 1658 triginta
895 1620 1047 1648 Turcorum

252 1677 336 1704 millia
355 1675 447 1710 lfuisse
467 1679 534 1700 tunc
552 1671 706 1704 interfecta,
722 1674 799 1705 capta
814 1669 935 1704 quinque
953 1667 1047 1695 millia.

254 1721 427 1757 Expeditioni
442 1727 554 1747 causam
575 1718 691 1753 prasbuit
708 1722 764 1743 tum
786 1715 888 1742 lllesitis
901 1714 990 1742 bassze
1004 1720 1051 1740 ca-

253 1768 373 1799 lamitas,
390 1766 470 1800 paulo
493 1770 556 1792 ante
571 1771 633 1791 cum
651 1763 709 1791 suis
723 1762 755 1788 ad
769 1760 990 1788 internecionem
1004 1759 1050 1786 de-

254 1814 319 1843 leti:
337 1819 393 1841 tum
412 1813 557 1846 utriusque
573 1809 710 1837 Valachim
725 1807 925 1842 defectio,quae
937 1810 1052 1834 auclore

253 1861 360 1888 Joanne
393 1859 530 1891 lluniade,
561 1857 717 1885 Tureorum
749 1865 763 1883 a
791 1856 843 1882 lide
873 1854 1050 1882 discesserat.

260 1909 338 1935 llunc
355 1908 430 1934 enim
448 1906 562 1933 annales
578 1905 738 1938 intelligunt
757 1902 835 1929 Janci
853 1901 975 1931 nomine,
997 1908 1052 1935 quo

257 1954 384 1991 gentibus
411 1953 464 1980 illis
493 1951 615 1978 Joannes
638 1951 752 1978 dicitur.
771 1948 908 1976 Laonicns
927 1948 969 1982 (ut
983 1946 1054 1973 imii-

257 2000 360 2034 catnin)
390 1998 508 2033 Jangum
538 1997 712 2028 Choniatem,
746 1994 944 2029 Spandugintts
981 1996 1054 2019 recte

255 2046 372 2073 Jamum
391 2045 538 2072 Vaivodam
557 2043 674 2077 appellat
692 2063 698 2075 ,
718 2041 845 2068 videlicet
869 2039 970 2067 Et'dclii
997 2039 1054 2065 sive

258 2091 504 2122 Transsvlvaniae,
539 2089 683 2117 chlrzens
708 2087 823 2115 .lancuin
860 2086 988 2113 flauum:
1023 2085 1056 2111 de

258 2138 359 2172 quibus
375 2135 528 2163 ollieiorum
547 2143 578 2162 ac
593 2135 757 2170 dignitatum
780 2133 807 2159 in
825 2130 954 2166 Ungaria:
972 2137 1056 2164 rcgno

260 2185 460 2218 pi'mcipuaruni
472 2182 639 2213 nominibus,
657 2181 756 2214 partim
772 2179 862 2213 capite
878 2182 1007 2205 notarum
1021 2176 1052 2203 7i

260 2230 392 2262 diximus,
411 2229 509 2264 partim
531 2227 603 2255 infra
621 2227 721 2254 dicturi
740 2233 847 2261 sumus.

262 2288 327 2316 106.
355 2287 486 2315 Vladislai
503 2287 573 2321 regis
591 2284 715 2319 Ungui-ite
733 2284 820 2319 prima
843 2287 935 2310 contra
960 2283 1058 2308 Turres

609 2321 753 2356 expeditio.

297 2382 366 2410 Ante
382 2383 474 2410 omnia
492 2381 671 2409 declareiuus
696 2379 739 2406 hic
754 2378 906 2413 positarum
923 2377 949 2404 in
968 2384 1059 2402 anna-

263 2432 336 2461 libus
354 2438 536 2466 persouarum
556 2429 663 2463 aliquot
677 2428 800 2454 nomina.
815 2426 871 2453 Rex
889 2425 1062 2460 Ungarorum

263 2475 455 2509 expeditionis
470 2474 552 2508 hujus
569 2478 665 2501 auctor
683 2471 841 2499 Vladislaus
855 2475 915 2498 erat
929 2478 960 2497 es
982 2469 1063 2496 Polo-

266 2522 317 2547 ni.e
332 2529 424 2555 regum
441 2519 596 2556 Jagellonia:
611 2520 704 2554 stirpis
732 2518 853 2546 familia:
865 2525 945 2549 quem
962 2515 1063 2550 Ungaii

267 2566 388 2600 plerique
402 2568 511 2593 deserto
530 2566 657 2593 Ladislao
673 2565 820 2592 Austriaco
834 2564 935 2590 Allierti
951 2561 1064 2589 secundi

266 2614 381 2648 Augusti
392 2613 539 2647 posthumo
547 2613 623 2647 regni
633 2611 865 2640 administrationi
876 2611 1064 2645 praefecerant.

266 2659 421 2694 Jaucusqui
438 2659 607 2691 nominatur,
621 2658 741 2686 Joannes
753 2664 794 2686 est
809 2657 957 2690 l'luniades,
978 2656 1065 2683 Laza-

270 2705 350 2739 robrli,
366 2707 423 2732 sive
446 2705 518 2732 filius
537 2705 646 2737 Lazari.
666 2705 769 2733 Servitia
790 2706 903 2739 despota
920 2703 1065 2738 Georgius,

267 2752 372 2780 Grmcis
381 2759 406 2779 ct
414 2754 516 2780 nOstris
526 2753 657 2787 Stephani
669 2753 752 2786 filius,
764 2752 859 2779 Lalari
872 2759 968 2785 nepos.
977 2750 1068 2777 Casait

268 2801 310 2828 vel
319 2801 415 2827 Casam
431 2802 508 2827 liassa
519 2801 617 2826 Turcis
627 2801 766 2831 scribitur,
777 2807 855 2834 quem
866 2798 1006 2826 Genti-atus
1014 2798 1068 2824 Ga-

271 2849 428 2881 ramlieguin
447 2847 581 2876 nominat.
592 2851 617 2872 et
633 2846 739 2880 nigrum
749 2846 891 2873 dominum
906 2845 963 2871 site
973 2844 1068 2870 ducent

271 2893 491 2928 interpretatur:
519 2892 661 2927 Philippus
685 2892 872 2920 Callimachus
897 2890 983 2925 magis
1009 2897 1069 2918 cor-

1096 902 1147 930 set,
1165 904 1216 924 nec
1234 904 1297 923 cuni
1327 895 1449 923 exercitu
1476 898 1531 921 tam
1551 892 1626 921 facili
1643 895 1783 919 momento
1797 893 1887 925 posset

1097 945 1304 978 Hellespontum
1330 941 1543 970 transmittere:
1568 944 1599 967 ut
1629 939 1740 967 interim
1770 942 1885 969 taceam,

1096 995 1230 1027 quantum
1246 989 1361 1026 periculi
1381 989 1463 1016 rebus
1482 987 1615 1016 Anatoliae
1631 991 1777 1015 creaturus
1791 985 1889 1013 fuisset

1096 1037 1252 1074 beglerbegi
1277 1037 1418 1064 discessus
1440 1035 1467 1063 in
1485 1035 1632 1069 Europam,
1655 1033 1771 1061 necdum
1788 1031 1822 1059 ab
1838 1031 1888 1059 Os-

1097 1085 1216 1113 manidis
1240 1091 1373 1119 oppressa
1396 1082 1555 1116 Caramani,
1586 1081 1673 1109 hostis
1705 1079 1840 1115 perpetui,
1862 1083 1890 1105 et

1098 1132 1215 1160 aliorum
1232 1131 1365 1166 potentia.
1381 1129 1462 1162 Quod
1475 1135 1565 1156 casus
1581 1127 1668 1157 fuisse
1683 1135 1746 1155 cum
1764 1127 1822 1155 suis
1837 1126 1889 1154 Cs-

1100 1186 1181 1207 sanes
1196 1179 1224 1206 in
1241 1177 1388 1205 annalibus
1411 1176 1521 1211 legitur,
1552 1183 1606 1204 non
1629 1176 1670 1204 sic
1687 1174 1889 1210 accipiendum.

1101 1234 1133 1254 ac
1147 1226 1171 1253 si
1193 1225 1277 1252 fuerit
1303 1224 1479 1251 interiectus.
1503 1222 1628 1250 Trndunt
1648 1222 1721 1250 enim
1741 1222 1891 1256 scriptores

1100 1272 1276 1300 historiarum
1289 1278 1388 1306 magno
1414 1277 1551 1298 consensu
1563 1268 1726 1305 (praesertim
1751 1267 1892 1295 Bonlinius

1098 1324 1126 1347 et
1139 1318 1333 1350 Callimachus,
1350 1318 1397 1353 qui
1414 1321 1462 1344 aut
1481 1321 1557 1349 tunc,
1581 1320 1627 1343 aut
1649 1323 1704 1343 non
1718 1315 1804 1343 multo
1831 1319 1891 1349 post

1100 1365 1179 1397 vixit,
1195 1370 1222 1392 et
1232 1364 1353 1392 Poloniaa
1365 1363 1484 1397 regibus.
1496 1362 1595 1390 Joauni
1605 1362 1756 1397 praesertim
1768 1361 1893 1393 Alberto,

1102 1411 1243 1438 iniiiiliaris
1264 1409 1339 1444 fuit),
1357 1410 1430 1437 hunc
1453 1409 1562 1436 bassain
1580 1415 1633 1435 non
1658 1407 1781 1435 occisum
1796 1405 1892 1438 fuisse,

1100 1457 1147 1485 sed
1165 1461 1287 1491 captum.

1107 1503 1169 1530 107.
1201 1500 1313 1530 ειεωτω
1341 1500 1480 1530 Ιιιιιάίηω.
1507 1498 1639 1530 Sladitza,
1667 1498 1763 1533 priscis
1795 1496 1892 1525 0mm

1323 1536 1435 1571 ﬂuvius.
1461 1535 1528 1569 Capi
1542 1533 1668 1561 Derbent.

1139 1583 1261 1611 Clisuras
1274 1583 1342 1616 dixi,
1360 1582 1470 1610 nomine
1487 1581 1590 1610 Graecis
1607 1580 1730 1609 historiis
1747 1585 1823 1612 noto,
1838 1580 1896 1606 vias

1105 1631 1162 1660 sive
1181 1630 1317 1658 transitus
1334 1634 1465 1665 angustos
1480 1629 1641 1661 admodum,
1670 1635 1718 1663 per
1731 1627 1788 1654 loca
1818 1634 1897 1654 nion-

1104 1684 1268 1712 tuosa,qu;£
1288 1677 1396 1704 Latinis
1420 1676 1484 1703 olim
1515 1675 1601 1702 furca:
1626 1673 1843 1701 nominabantur
1872 1678 1899 1700 et

1105 1726 1211 1754 fauces.
1228 1724 1274 1751 Sic
1288 1722 1445 1750 Iustiniano
1468 1721 1620 1748 Rinotmito
1635 1719 1791 1752 Cedrinus;
1809 1719 1837 1746 in
1856 1728 1900 1746 re~

1106 1772 1166 1798 ditti
1182 1770 1242 1805 ejus
1260 1767 1546 1802 obsederanlBulgari
1565 1764 1623 1793 vias
1642 1766 1668 1793 in
1685 1770 1805 1800 angusto
1817 1765 1900 1792 elisu-

1106 1824 1154 1844 τω.
1170 1815 1301 1850 Exposuit
1319 1818 1345 1841 et
1372 1812 1493 1841 restituit
1506 1812 1606 1840 alicubi
1633 1818 1726 1839 vocem
1757 1810 1901 1845 Cuiacius.

1105 1862 1313 1901 jurecousultus
1321 1861 1504 1892 clarissimus.
1515 1859 1666 1887 derivatam
1675 1866 1690 1885 a
1699 1859 1782 1886 verbo
1791 1857 1902 1887 Grieco.

1109 1910 1180 1946 quod
1200 1909 1362 1937 occludendi
1377 1907 1608 1943 significationem
1637 1905 1729 1932 habet.
1767 1903 1904 1930 Isladiuas

1109 1965 1174 1985 vero
1193 1957 1312 1984 clisuras
1327 1955 1371 1982 hic
1388 1953 1545 1989 intelligunt
1562 1952 1656 1985 Turci,
1685 1959 1746 1986 qum
1761 1951 1789 1977 in
1814 1949 1905 1977 Thra-

1109 2004 1180 2030 ciam
1203 2010 1236 2029 ex
1252 2001 1378 2036 Bulgaria
1396 1998 1566 2034 proiecturis
1587 1998 1615 2024 in
1634 1996 1728 2023 Hmmo
1743 2001 1840 2023 monte
1856 2003 1907 2022 oc-

1110 2054 1227 2078 currunt
1244 2056 1277 2076 eo
1295 2048 1367 2079 loco,
1380 2053 1436 2080 quo
1454 2052 1556 2080 parvus
1566 2044 1657 2071 amnis
1671 2043 1792 2070 Sladitza
1807 2042 1907 2069 subter

1111 2098 1229 2126 clisuras
1241 2096 1326 2123 Haemi
1344 2095 1457 2122 labitur.
1478 2091 1546 2119 Nam
1560 2093 1598 2119 uti
1615 2090 1756 2118 Bonlinius
1778 2090 1906 2124 scripsit,

1111 2153 1127 2173 ι
1145 2145 1245 2179 Sophia
1261 2143 1361 2178 duplex
1389 2141 1441 2168 iter
1463 2145 1506 2167 est
1521 2139 1555 2166 ad
1567 2138 1752 2173 superandum
1779 2136 1908 2163 Haemum

1113 2193 1139 2219 in
1153 2191 1299 2219 Thraciam
1312 2194 1338 2217 et
1351 2188 1540 2215 Macedoniam
1558 2186 1699 2214 euntibus.
1716 2184 1795 2212 Unus
1812 2185 1909 2211 ad.tus

1112 2247 1127 2267 a
1140 2238 1260 2271 Trojano
1272 2236 1410 2271 plerisque
1422 2238 1533 2270 putatur
1554 2233 1652 2264 factus,
1673 2232 1718 2258 ubi
1739 2231 1912 2264 adhucqua-

1112 2287 1192 2312 draio
1220 2284 1309 2319 lapide
1333 2287 1410 2317 porta
1435 2281 1556 2308 maxima
1585 2284 1737 2314 spectatur.
1760 2278 1842 2304 Alter
1873 2277 1911 2304 ad

1113 2339 1229 2368 parvum
1244 2335 1286 2357 est
1302 2337 1422 2360 amnem,
1448 2335 1528 2363 quem
1547 2326 1697 2353 Siudilzam
1715 2324 1822 2360 Bulgari
1858 2331 1912 2351 vo-

1113 2383 1186 2405 cant.
1213 2377 1293 2404 Prius
1309 2376 1359 2402 iter
1392 2383 1444 2402 nos
1472 2374 1645 2404 tenebamus.
1669 2371 1772 2406 inquo
1797 2375 1912 2404 portam

1114 2424 1188 2451 illam
1205 2423 1368 2458 reperimus.
1384 2422 1417 2449 ad
1448 2428 1545 2455 pagum
1565 2419 1738 2453 Bulgarit'utn
1766 2417 1860 2443 sitam.
1880 2416 1916 2443 Et

1115 2470 1206 2497 locum
1224 2470 1298 2496 hunc
1313 2468 1395 2495 Tui-ci
1406 2468 1520 2494 comites
1533 2467 1622 2493 nostri
1643 2463 1826 2492 nominabant
1839 2463 1913 2497 Capi

1117 2516 1245 2548 Dei-bent,
1259 2515 1310 2543 hoc
1321 2520 1373 2546 est.
1389 2518 1495 2549 portam
1518 2513 1638 2540 faucium
1651 2513 1692 2538 vel
1706 2513 1916 2545 angustiarum.

1116 2563 1191 2590 Alter
1209 2563 1299 2589 aditus
1316 2566 1357 2588 est
1376 2561 1431 2593 ille,
1446 2561 1480 2588 de
1497 2567 1553 2594 quo
1571 2559 1616 2586 hic
1633 2559 1753 2592 agimus.
1771 2563 1797 2585 et
1828 2566 1917 2592 quem

1118 2610 1266 2637 lsiadinuin
1285 2609 1398 2636 annales
1411 2613 1522 2639 vocant,
1540 2616 1553 2634 a
1573 2606 1692 2634 Sladitza
1707 2606 1833 2633 lluviolo.
1861 2606 1919 2634 Ce-

1118 2657 1215 2684 drinus
1232 2657 1276 2684 hic
1288 2664 1396 2683 amnem
1420 2656 1532 2682 Osuium
1561 2655 1650 2689 ponit,
1678 2661 1760 2689 quem
1791 2653 1922 2681 arbitror

1118 2711 1180 2731 esse
1196 2703 1359 2730 Sladitzain.
1378 2702 1469 2729 Locus
1482 2706 1524 2729 est
1542 2702 1568 2728 in
1583 2700 1636 2728 rita
1648 2700 1823 2727 Constantini
1858 2699 1924 2727 Mo-

1121 2747 1246 2774 noniaehi
1263 2748 1321 2774 sive
1343 2747 1521 2774 Gladiatoris.
1541 2746 1677 2774 Basiliam
1707 2754 1808 2773 nomen
1841 2746 1924 2780 apud

1120 2793 1286 2825 Laonicum,
1303 2794 1330 2820 in
1346 2793 1517 2828 expositione
1530 2793 1617 2821 cladis
1632 2794 1713 2827 hujus
1741 2793 1923 2824 Turcoruni,

1122 2840 1220 2868 vitiose
1232 2841 1365 2875 scriptum
1383 2841 1428 2867 vix
1456 2840 1576 2873 dubito;
1610 2840 1674 2867 licet
1707 2847 1760 2867 non
1788 2839 1924 2874 ignorem

1122 2887 1191 2915 velle
1207 2886 1375 2921 Geufrzcam,
1394 2886 1549 2924 .Basililzcu
1575 2894 1646 2916 noro
1675 2887 1811 2915 vocabulo
1847 2893 1926 2913 niinc
