1963 3067
238 127 291 168 80"!

855 125 1018 168 ionile
1038 128 1273 167 meminit

1819 137 1866 168 808

240 195 273 222 ad
286 194 470 229 Calliopolim,
499 185 541 220 t’ci
561 182 829 229 aliutuiiellesponti
859 196 950 222 locum
988 195 1034 223 ille
1050 199 1070 226 Α
1087 195 1198 223 Achelo.
1233 195 1350 221 Llarnant
1372 194 1497 220 scribunt
1527 194 1757 229 Cltnlcotondylis
1784 194 1864 221 intrr—

241 240 434 273 transjlccret?
450 247 499 266 cur
517 240 581 268 inse
608 241 717 275 culpam
734 241 816 268 tu‘cile
826 241 954 268 Confert?
980 247 1029 268 cur

240 287 392 314 oscitantiae
403 287 582 321 semetipsum
593 292 705 314 accusat
716 285 785 318 ΚΛΗ
802 287 888 321 enim,
915 288 948 315 ad
965 288 1028 315 (Zai-

240 332 361 366 iiopolim
376 330 564 360 transmisisSc
583 330 728 366 Muratent,
760 338 774 360 a
790 341 845 368 quo
878 334 1027 368 transjectu

241 379 299 412 ipso
312 378 444 406 Murateni
471 383 568 406 arcere
595 379 692 414 juSsns
722 380 820 406 iuerat.
846 379 885 406 Ex
911 381 1028 407 adverso

239 425 363 452 scribunt
380 420 474 458 Turci,
489 426 605 453 classem
633 426 756 453 italicam
781 426 808 452 in
824 431 945 461 tempore
958 426 1029 453 Cal-'-

238 471 360 505 liopolim
374 472 522 507 appulisse,
544 472 732 507 Muratemque
748 473 936 508 praepediisse,
959 481 1030 507 quo-

239 518 332 546 minus
359 518 416 546 illic
444 519 632 546 tran‘Smittel‘e
659 520 790 553 potuerit.
822 518 973 546 Audiamus
1000 523 1028 546 et

239 562 402 596 Laonicum.
418 565 465 599 qui
479 572 527 599 per
541 565 627 592 otium
655 564 795 600 traiecisse
807 564 941 592 Muratem
964 565 1028 592 nur-

239 616 291 641 rat,
311 617 371 636 cum
387 610 502 637 adverso
516 615 596 637 vento
607 609 705 637 diebus
714 610 819 645 aliquot
833 609 961 644 durante,
977 610 1028 637 im-

236 656 395 690 pedirentur
411 656 481 688 Itali.
497 657 645 692 quominus
660 655 692 684 ex
711 657 881 691 Propontide
908 658 935 684 in
964 657 1027 684 llel-

235 701 392 736 lespontum
409 708 505 731 contra
522 702 653 731 Moralem
673 703 767 731 venire
783 708 904 738 possent.
919 703 1026 731 Interea

235 755 300 774 vero
313 748 444 775 Muratem
459 749 493 775 ad
513 749 610 776 turrim
629 753 749 781 sacram,
769 752 829 784 qua:
844 750 870 776 in
900 749 1024 777 Asiatico

235 794 326 822 littore
342 795 393 822 sita
405 795 483 822 sitad
499 796 723 829 angustissimum
743 797 770 823 in
787 796 955 831 Propontide
985 796 1026 824 lo-

235 849 309 874 cum,
330 842 526 870 transmisisse.
543 841 664 870 Excitsat
676 843 720 871 hic
731 850 841 878 quoque
855 843 1023 871 cardinalem

235 888 331 916 classis
346 888 517 923 pratl'eettlm,
529 893 556 915 et
569 889 614 916 ubi
645 888 830 923 transjccerit,
849 896 898 916 sua
914 889 1023 923 quidem

235 934 374 968 opinione,
385 933 515 967 Murates,
530 934 645 967 indicat,
663 935 716 962 nisi
731 935 804 970 quod
832 942 881 970 per
903 937 1025 962 errorem

235 981 332 1008 scribit
349 982 497 1016 interpres,
516 983 619 1010 iactum
636 982 688 1010 hoc
704 982 736 1010 ad
753 983 981 1017 angdstissimum
997 982 1025 1010 in

235 1028 400 1062 Pi-Opoulide
414 1028 504 1056 locum
522 1038 529 1056 :
549 1036 598 1063 pro
611 1036 677 1064 quo,
693 1030 719 1056 in
739 1028 932 1064 liolicsponto,
952 1030 1025 1057 dice-

235 1082 264 1101 re
280 1073 404 1102 debebat.
417 1074 575 1109 Bosphorus
590 1076 663 1102 enim
679 1077 824 1111 angustias
841 1076 933 1110 habet,
949 1083 1024 1104 com~

235 1119 331 1147 ntodas
344 1120 377 1158 ad
399 1121 644 1155 transiiciendum;
669 1122 820 1157 Prdponti‘s
839 1129 905 1150 vero
923 1123 1024 1156 nullas,

235 1165 350 1201 nisiqua
367 1166 393 1193 in
410 1165 533 1202 riga-um
553 1175 629 1195 mare
649 1176 696 1202 per
712 1167 921 1203 Hellespontum
935 1176 1026 1197 erum-

235 1220 314 1246 pens,
330 1210 344 1238 ὃ
362 1212 506 1248 Cailiopoil
523 1220 610 1248 usque
627 1215 659 1241 ad
673 1220 762 1247 arces,
779 1222 850 1250 quas
875 1214 1024 1244 Dardanel-

234 1260 276 1288 los
293 1266 403 1294 vocant,
415 1261 504 1296 spatio
521 1262 615 1297 viginti
627 1267 731 1297 septem
747 1262 920 1296 milliarium,
939 1263 967 1290 in
982 1270 1025 1290 ar-

234 1311 291 1332 tum
301 1306 419 1341 cogitur,
436 1311 466 1334 ut
481 1312 562 1334 antea
577 1308 665 1342 rapite
694 1313 826 1336 notarum
839 1308 875 1336 24
891 1309 1024 1337 diximus.

234 1352 263 1379 ltt
280 1353 331 1379 hac
346 1360 411 1388 ergo
431 1354 620 1381 narrationum
642 1354 802 1383 diversitate
830 1355 897 1383 nihil
913 1356 1025 1384 invenio

234 1400 414 1433 probabilius,
429 1406 511 1436 quam
546 1401 619 1436 quod
641 1401 790 1430 annalibus
818 1402 861 1430 his
882 1404 1025 1431 memoria:

234 1445 361 1480 proditur
379 1455 386 1473 :
404 1446 539 1474 Muratem
561 1447 667 1475 scilicet
680 1448 714 1475 ab
729 1448 805 1477 italis
818 1449 978 1484 impeditunt
990 1451 1023 1478 ad

232 1491 416 1528 Calliopolitn,
431 1501 462 1521 ea
480 1493 590 1525 relicta.
604 1502 714 1522 sursum
727 1494 793 1530 (non
810 1496 952 1527 deorsum.
976 1497 1023 1524 ubi

232 1538 316 1565 situm
331 1544 391 1566 erat
404 1539 471 1567 illud
492 1537 587 1568 Diana:
618 1540 711 1568 fanum
742 1543 783 1568 vel
812 1542 920 1575 itierou,
949 1541 1058 1578 quodC

233 1584 304 1610 male
317 1585 415 1611 turrim
433 1592 541 1612 sacram
557 1585 674 1612 reddidit
688 1587 835 1621 interpres)
852 1595 917 1615 cum
943 1596 1022 1616 excr-

232 1629 288 1656 cilu
305 1636 352 1664 per
367 1629 522 1665 B.lhyniam
533 1631 698 1665 profectum,
714 1639 729 1660 e
742 1632 852 1666 regione
868 1632 1021 1667 iliiusloei,

232 1682 288 1710 quo
319 1678 379 1703 loco
402 1683 476 1704 nunc
508 1677 579 1704 arcis
608 1684 683 1704 uorat
717 1680 856 1706 structura
881 1684 1020 1712 cernatur.

234 1728 421 1750 mercatorum
435 1723 554 1759 navigiis
568 1724 594 1750 in
619 1722 783 1752 Rontaniatn
801 1726 858 1753 sire
875 1725 1021 1754 Thraciam

232 1771 422 1805 transjecisse.
440 1768 508 1797 Nam
526 1771 590 1798 hinc
608 1771 759 1798 manifesto
784 1777 871 1806 paret,
894 1780 956 1800 eum
971 1781 1022 1801 ttec

232 1818 265 1844 ad
278 1817 459 1852 Callicpolitn,
479 1824 529 1844 nec
548 1817 581 1844 ad
607 1817 793 1851 Dardaueilos,
820 1827 870 1848 nec
899 1821 932 1847 ad
951 1821 1021 1848 ullas

231 1865 299 1893 alias
321 1865 490 1900 Hellesponti
517 1864 596 1901 44],
637 1867 778 1902 angustias
806 1872 1020 1895 transvectum:

230 1912 278 1939 sed
291 1919 373 1946 supra
384 1911 664 1947 Constantinopolim,
694 1919 791 1940 versus
809 1919 923 1948 pontum
937 1913 1021 1941 Euxi-

231 1958 349 1991 num,in
383 1966 414 1985 ea
440 1957 554 1993 Bospori
577 1962 665 1993 parte,
690 1966 746 1994 qua
763 1959 786 1987 is
798 1960 956 1987 artissimas
978 1965 1021 1987 est

231 2007 302 2033 inter
313 2006 406 2033 Asiam
421 2009 448 2032 et
460 2005 608 2040 Europam,
627 2011 655 2034 et
672 2006 718 2033 ubi
749 2010 895 2041 propterea
921 2014 1019 2034 novam

230 2061 320 2081 arcem
339 2052 518 2088 (Neoeastron
545 2052 632 2080 Graci
659 2057 768 2086 vocant,
794 2059 823 2081 ut
850 2054 932 2088 paulo
960 2059 1021 2089 post

229 2100 336 2127 dicetur
344 2100 432 2133 capite
446 2099 508 2130 1'28,
529 2098 563 2125 ad
592 2106 676 2126 unutn
691 2107 773 2134 supra
787 2100 1020 2137 Constantinopo-

231 2147 276 2172 lim
291 2145 408 2172 tniiliare
422 2144 628 2180 Germanicum)
641 2145 755 2173 Muralis
767 2145 839 2174 illius
858 2146 1015 2176 Mucheme-

230 2197 270 2219 tes
281 2192 427 2224 exstruxit,
443 2197 471 2217 ιιι
486 2191 530 2218 hic
547 2199 579 2218 ex
605 2192 670 2218 Asia
686 2192 713 2219 in
731 2190 877 2227 Europam,
896 2195 937 2222 vel
979 2197 1018 2223 vi-

215 2232 321 2265 'rissim
335 2245 368 2265 ex
379 2237 485 2274 Europa
501 2238 528 2265 in
540 2238 633 2266 Asiam
644 2240 793 2274 transjeetu
805 2239 877 2269 facili
890 2249 921 2270 ac
932 2242 1019 2278 brevi,

229 2285 337 2320 quoties
354 2284 491 2319 libuisset,
527 2285 637 2313 nemine
663 2286 834 2321 prohibente.
866 2296 1021 2318 cumexer-

228 2332 283 2359 citu
299 2337 390 2368 posset
405 2332 602 2360 transmittere.
631 2332 768 2368 Quidquid
781 2334 855 2362 dicat
869 2334 1019 2370 Laonicus,

191 2388 194 2389 '
228 2379 360 2414 quidquid
379 2379 525 2414 scripsisse
539 2379 718 2412 cardinalem,
746 2382 816 2408 tnale
830 2381 956 2410 fortassis
986 2385 1020 2411 ab

228 2426 451 2460 exploratoribus
467 2425 643 2458 illSil'llClUlll,
667 2425 810 2455 Boniinius
823 2433 947 2462 asserat,
963 2430 1020 2457 hanc

233 2472 324 2507 potius
339 2481 390 2507 ego
404 2481 466 2499 \‘era
482 2478 558 2507 pulo.

301 2519 362 2545 “5.
384 2518 484 2550 Varna,
500 2517 632 2553 Stagnum
648 2516 792 2552 Vnrncnu,
812 2519 946 2547 Caliacra.

263 2564 367 2592 Civims
387 2571 430 2591 est
449 2564 483 2592 ad
507 2565 594 2592 Poutu
609 2575 622 2591 n
652 2565 790 2593 Euxinum
810 2567 909 2600 \‘arua,
935 2576 1018 2602 quam

227 2611 350 2639 Otteltus
375 2612 508 2638 Odessnm
543 2612 651 2646 priscis,
686 2613 727 2639 Vel
754 2612 890 2648 Odyssutn
915 2615 1016 2642 dictum

228 2658 322 2690 tradit,
349 2657 397 2684 alii
422 2656 630 2693 Dionysopolim
653 2658 770 2686 i'aciunl.
792 2659 943 2687 Anchialos
958 2668 1019 2687 esse

228 2705 261 2732 de
275 2703 355 2731 Curei
373 2705 508 2732 sententia
524 2705 628 2740 nequitl
644 2713 704 2732 cum
717 2713 748 2733 ea
763 2711 902 2740 superstes
915 2707 1018 2734 Acltclo

228 2757 302 2776 nunc
317 2749 434 2782 dicatur,
453 2749 563 2776 nomine
578 2757 633 2777 non
651 2751 798 2778 admodum
817 2752 931 2780 recenti.
952 2752 1017 2780 Nam

229 2796 383 2824 ctCedrino
398 2796 548 2824 Acheloum
568 2801 692 2830 vocatur,
709 2804 733 2824 ct
751 2798 823 2833 apud
855 2798 1016 2834 Symeonctn

229 2850 390 2878 magistrum
416 2844 568 2871 oilieiorum
594 2844 620 2870 iu
642 2844 755 2871 historia
788 2845 906 2872 necdum
945 2845 1016 2872 edita

230 2891 342 2926 legitur,
360 2890 525 2919 Anchialum
543 2890 691 2918 recentiori
718 2892 851 2920 vocabulo
879 2892 1016 2920 nominari

1081 241 1184 276 pretes,
1198 246 1225 268 et
1241 241 1312 276 apud
1333 241 1481 268 thtil'inum
1499 245 1556 267 tum
1579 239 1709 272 Barnan,
1727 245 1786 267 tum
1803 240 1863 267 Bar-

1082 295 1132 315 nas
1147 296 1262 315 numero
1277 288 1461 315 multitudinis
1473 308 1480 319 ,
1512 287 1692 314 doctissimus
1719 287 1862 321 Xylander.

1083 334 1172 365 nobis.
1187 334 1252 361 dum
1271 334 1384 367 viveret,
1411 333 1608 360 amicissimus.
1626 333 1666 360 Ad
1695 331 1811 364 νει-ηδε.
1828 334 1863 360 ait

1080 376 1228 412 Cedrinus,
1243 386 1334 407 castra
1347 380 1456 414 Bulgari
1471 385 1633 415 posuerunt.
1651 378 1731 412 item,
1742 379 1864 407 Catacan

1081 425 1183 460 (inquit
1199 416 1346 460 Cedrinus)
1363 426 1478 453 sitarum
1497 425 1530 452 ad
1549 425 1649 452 lstrum
1668 425 1776 452 urbium
1797 425 1864 452 loco-

1081 478 1197 507 rumque
1212 476 1325 513 premes,
1337 480 1399 500 cum
1415 473 1511 500 [lassis
1524 472 1690 500 occurrisset
1701 463 1863 506 juxtdlillus

1082 516 1189 551 Varnae,
1202 521 1283 553 quam
1297 519 1334 546 ita
1351 518 1460 551 vocant,
1475 526 1643 553 manumque
1669 526 1743 546 c0ns<
1755 518 1862 551 ruisset;

1079 573 1128 592 eos
1146 566 1173 592 in
1191 565 1282 600 fugam
1305 566 1371 600 egit.
1392 563 1440 592 liic
1457 565 1558 592 littoris
1580 564 1728 592 Varnensis
1750 565 1779 591 iit
1794 564 1864 592 mené

1080 613 1129 643 lio,
1150 611 1335 640 Callirna‘cbhs
1351 613 1432 640 etiam
1457 611 1549 640 slnnm
1579 613 1664 639 matis
1682 617 1709 639 et
1729 617 1861 646 stagnum,

1080 658 1220 685 Bonlinitts
1237 659 1361 693 paludem
1378 659 1514 686 nominat.
1540 657 1601 686 llam
1618 659 1792 694 pactionibus
1810 657 1862 692 regi

1081 702 1217 732 VladiSiao
1234 705 1324 732 dedita
1342 704 1403 738 init,
1420 710 1447 732 ut
1464 705 1575 740 scripsit
1591 697 1750 732 La'onicus:
1778 704 1863 731 Catia-

1079 759 1125 778 cra
1145 757 1208 778 vero
1233 751 1256 778 vi
1283 756 1372 786 capta,
1407 752 1487 786 cujus
1504 752 1548 778 i.ic
1568 751 1595 779 in
1622 751 1767 778 annalibus
1794 750 1863 777 nulla

1078 799 1191 826 mentio.
1208 797 1350 826 Bonllnios
1368 804 1461 826 tamen
1477 805 1536 827 cant
1554 799 1667 826 silentio
1689 806 1742 825 non
1759 798 1865 833 praeter;

1079 843 1131 876 iit.
1162 849 1190 872 et
1215 844 1285 872 male
1308 842 1473 872 Callacrium
1504 844 1616 878 scripsit
1643 852 1651 870 :
1679 843 1778 870 nomen
1816 841 1866 868 hoc

1078 888 1181 917 addens
1193 888 1294 925 oppido
1309 890 1415 923 datum,
1444 896 1459 918 a
1471 889 1559 918 Gallis
1573 893 1606 916 ex
1633 890 1710 922 Asia,
1730 897 1759 916 re
1779 888 1864 915 intell-

1081 936 1151 964 citer
1166 942 1254 972 gesta,
1274 938 1394 965 reversis
1416 945 1423 964 :
1440 941 1468 964 ut
1484 935 1651 964 Callacrium
1680 934 1760 970 quasi
1777 934 1865 962 Galla-

1077 982 1165 1010 crium
1182 983 1333 1012 diceretur.
1362 984 1446 1019 Atqui
1459 983 1585 1011 Caliacra
1601 983 1737 1019 signiﬁcat
1766 981 1864 1010 Grecis

1079 1026 1181 1056 bonum
1197 1030 1239 1057 vel
1266 1030 1376 1064 elegans
1402 1029 1632 1065 promontorium.
1663 1028 1750 1056 Mario
1774 1027 1863 1062 Nigro;

1077 1073 1238 1102 hodiernam
1272 1075 1434 1103 Grzecorum
1467 1075 1718 1111 pronuntiationem
1746 1078 1862 1106 secuto;

1076 1121 1222 1150 Citaliacra
1240 1126 1366 1150 vocatur.

1189 1180 1248 1208 ΙΗ-
1263 1180 1358 1216 Pugna
1385 1180 1538 1215 Varnemis,
1555 1178 1626 1208 Cura
1641 1180 1760 1208 Michail.

1113 1237 1171 1266 Hoc
1187 1239 1282 1273 praelio
1299 1238 1455 1267 Vladislaus
1470 1247 1516 1266 rex
1539 1246 1677 1274 pugnasse
1705 1239 1806 1266 dicitur
1831 1240 1864 1266 ab

1078 1290 1132 1312 uno
1158 1285 1254 1319 latere,
1273 1286 1315 1313 vel
1340 1287 1492 1314 secundum
1515 1282 1680 1318 Laonicum,
1710 1286 1738 1313 in
1770 1286 1865 1313 dextro

1077 1340 1162 1359 corttu
1179 1341 1185 1359 :
1201 1332 1271 1360 Cara
1288 1333 1345 1360 sive
1357 1332 1439 1367 Niger
1452 1333 1567 1362 Michael
1581 1334 1608 1361 in
1623 1333 1748 1366 sinistro,
1764 1333 1798 1362 de
1811 1342 1865 1369 quo

1077 1383 1168 1406 tamen
1195 1379 1268 1406 aliud
1295 1386 1426 1414 praeterea
1458 1379 1526 1406 nihil
1560 1379 1700 1407 memoria:
1727 1376 1864 1415 proditum

1078 1425 1194 1459 reperio.
1217 1425 1361 1453 Bonilnius
1377 1425 1473 1454 cadent
1489 1427 1522 1454 de
1542 1426 1627 1462 Nigro
1644 1425 1778 1455 Michaele
1790 1435 1865 1455 com-

1077 1475 1221 1503 memorat.
1247 1480 1280 1499 ac
1299 1472 1401 1500 diserte
1430 1473 1584 1507 prolltt-tur,
1614 1482 1647 1500 ex
1666 1471 1819 1502 Turcorum
1835 1482 1864 1503 se

1077 1518 1280 1547 narrationibus
1308 1519 1353 1546 illa
1382 1519 1514 1554 repetere.
1546 1528 1585 1547 ne
1613 1520 1725 1548 \‘erbulo
1753 1520 1862 1556 quidcni

1076 1564 1227 1599 attingens,
1242 1566 1305 1599 quis
1320 1564 1403 1592 fuerit
1426 1565 1476 1592 iste
1505 1563 1634 1592 Micha-l.
1653 1564 1793 1593 Latinicus
1810 1567 1861 1598 ait,

1075 1610 1163 1638 Dacos
1189 1612 1214 1638 ἰιι
1239 1612 1353 1639 sinistro
1374 1619 1490 1640 curasse
1507 1619 1604 1646 cornu,
1622 1613 1722 1648 quibus
1747 1612 1864 1642 fortasse

1074 1657 1188 1685 Michael
1209 1654 1329 1694 Ziiagius
1347 1665 1471 1694 praeerat,
1488 1660 1568 1694 cujus
1582 1663 1706 1688 Sororem
1725 1659 1866 1688 lluuiadt-s

1075 1705 1192 1732 habebat
1213 1705 1238 1732 itt
1266 1705 1453 1733 matrimonio.
1482 1705 1616 1740 Equidem
1642 1706 1725 1733 alintn
1742 1707 1878 1735 divinare

1073 1748 1245 1784 liiichaclem,
1263 1750 1288 1777 id
1307 1751 1440 1786 temporis
1463 1750 1535 1787 apud
1567 1749 1691 1787 llugaros
1715 1752 1868 1786 celebrem,

1073 1803 1127 1823 non
1141 1803 1264 1831 possunt.

1074 1863 1138 1890 H5.
1151 1862 1262 1890 Laonici
1279 1864 1353 1892 torus
1365 1865 1520 1892 emendatus
1530 1870 1555 1892 et
1567 1866 1714 1900 expositus.
1725 1865 1867 1900 Cltna'lar,

1410 1900 1508 1928 Vitezt'.

1108 1955 1138 1982 in
1156 1955 1245 1990 primo
1260 1955 1388 1984 conﬂictu
1399 1964 1487 1985 casus
1503 1957 1588 1985 fuisse
1605 1957 1727 1986 refertur
1738 1966 1771 1986 ex
1788 1965 1871 1994 parte

1073 2001 1186 2029 Muralis
1213 2002 1348 2030 Anatolite
1386 2003 1576 2039 bcglerbegus.
1614 2005 1691 2032 Hanc
1707 2005 1869 2040 interempti

1071 2049 1207 2076 Anatoliae
1227 2049 1381 2085 beglerbegi
1412 2050 1528 2084 gloriam
1557 2050 1694 2079 ltaonicns
1729 2051 1868 2082 lluniadi.

1071 2094 1224 2122 fortissimo
1239 2095 1314 2127 duci,
1332 2096 1439 2123 tribuit.
1459 2097 1517 2124 Hoc
1535 2103 1624 2124 autem
1641 2097 1702 2124 loco
1724 2098 1868 2125 iacturum

1071 2149 1117 2169 tne
1130 2142 1248 2176 pretium
1276 2149 1367 2176 operae
1388 2150 1479 2177 spero.
1501 2143 1524 2170 si
1543 2143 1626 2171 verba
1641 2145 1768 2178 quaedam
1797 2145 1818 2171 L
1837 2153 1870 2173 o-

1072 2187 1128 2216 nici
1149 2190 1250 2222 partim
1268 2193 1412 2223 corrupta,
1428 2190 1527 2224 partim
1559 2191 1689 2224 obscura,
1715 2192 1872 2219 restituero

1037 2247 1058 2275 ο
1073 2241 1099 2262 et
1114 2235 1300 2263 illustravero.
1316 2236 1351 2262 Ea
1374 2243 1438 2263 vero
1465 2242 1519 2263 tam
1536 2237 1606 2271 apud
1624 2236 1763 2269 Latinum.
1779 2246 1870 2272 quam

1075 2281 1208 2309 Gallicum
1241 2283 1430 2317 interpretem,
1450 2282 1609 2317 huiusmodi
1623 2289 1690 2311 sunt
1708 2293 1714 2308 τ
1742 2283 1871 2313 Joannes

1070 2326 1219 2355 Choniates
1231 2327 1336 2355 habens
1354 2328 1474 2360 Phazrn,
1493 2330 1519 2356 id
1537 2334 1579 2356 est
1593 2337 1642 2356 eos
1660 2330 1708 2365 qui
1721 2329 1870 2358 Bitaxides

1072 2379 1217 2406 vocantur,
1248 2374 1306 2401 ibat
1330 2374 1357 2401 in
1379 2375 1451 2402 Asiae
1467 2375 1578 2402 ducem.
1607 2374 1711 2410 Opinor
1728 2376 1792 2403 aliis
1806 2376 1871 2403 haec

1073 2420 1227 2454 legentibus
1245 2420 1316 2448 idem
1331 2421 1469 2452 accidere.
1487 2422 1560 2456 quod
1583 2421 1665 2449 initio
1689 2422 1756 2449 mihi
1774 2423 1872 2450 conti-

1071 2468 1143 2502 gisse
1155 2467 1277 2494 memini.
1304 2466 1440 2494 Nitnirum
1460 2471 1614 2495 monstrum
1636 2468 1774 2502 quoddam
1791 2470 1874 2497 arbi-

1072 2514 1164 2541 trabar
1185 2521 1246 2541 esse
1263 2513 1383 2547 Phazen,
1401 2522 1432 2542 ex
1450 2522 1506 2549 quo
1532 2522 1587 2541 uno
1610 2522 1673 2542 mox
1697 2516 1792 2550 plures
1820 2524 1875 2543 nc-

1070 2560 1128 2588 scio
1145 2560 1192 2593 qui
1209 2560 1358 2590 Bitaxides.
1376 2562 1449 2588 velut
1462 2569 1495 2588 ex
1511 2569 1584 2596 equo
1609 2561 1731 2596 Trojano
1747 2563 1871 2596 prodie-

1071 2608 1136 2635 rinl.
1154 2606 1191 2634 Nc
1207 2608 1309 2635 diutius
1322 2608 1430 2635 avidum
1447 2609 1559 2636 lectoris
1573 2610 1697 2636 animum
1709 2610 1873 2643 detineam.

1070 2655 1131 2681 dico
1145 2655 1185 2681 sic
1203 2655 1255 2682 ista
1269 2654 1383 2689 lege-lida
1399 2663 1407 2682 :
1433 2654 1553 2683 Joannes
1580 2656 1731 2684 Citoniatcs
1758 2657 1877 2686 habens

1070 2709 1163 2728 secum
1178 2701 1294 2733 (ὶΙιιιῑμε,
1312 2702 1338 2728 id
1354 2705 1397 2728 est
1421 2709 1467 2729 eos
1484 2702 1530 2737 qui
1563 2702 1698 2732 Vili-tida
1715 2711 1876 2738 vocantur.

1071 2749 1126 2774 ibat
1142 2748 1167 2774 in
1181 2748 1253 2774 Asia:
1267 2748 1452 2781 deceanuae
1467 2749 1550 2776 verba
1566 2749 1652 2776 lector
1672 2756 1701 2777 ut
1717 2751 1877 2787 intelligat,

1070 2794 1166 2822 Turcis
1182 2794 1267 2822 Chali
1289 2795 1362 2822 norit
1387 2795 1544 2830 signiﬁcare
1561 2800 1705 2823 strenuum
1735 2798 1878 2831 militem,

1069 2849 1130 2877 quae
1144 2851 1194 2869 vox
1209 2850 1324 2869 numero
1339 2842 1523 2870 multitudinis
1535 2842 1663 2870 Chazilar
1684 2843 1726 2872 eis
1738 2844 1879 2876 effertur.

1070 2890 1174 2919 Crmcis
1191 2890 1308 2924 Cixazes,
1340 2890 1392 2918 hoc
1415 2894 1469 2923 est,
1492 2890 1598 2918 strenui
1631 2890 1743 2918 tuihtes.
1781 2891 1880 2920 Iidem
