1963 3067
113 176 164 207 800

682 176 881 208 PANDECTE
900 177 999 208 HIST.
1018 176 1164 208 TURCIC.

1673 177 1724 208 81)

113 241 177 260 vero
194 233 284 269 lingua
315 234 449 270 ngarica
481 233 610 261 dicuntur
627 233 712 266 Vitez,
735 241 762 262 ut
779 234 889 261 Germa-
903 236 928 265 Α
942 235 1005 261 \H'lll
1022 243 1028 261 :
1043 234 1124 262 anci
1142 242 1206 261 vero
1223 234 1370 261 Chczcrem
1387 234 1540 262 nominent.
1554 235 1631 268 Quod
1647 239 1724 271 prius

113 279 171 305 nica
187 278 349 308 Rittersleul.
378 280 414 307 Ex
435 281 486 307 hoc
505 286 593 307 autem
622 280 695 307 vlltl
720 282 889 308 tihalcocon-

111 323 187 359 dyles
208 321 286 352 ’moa
310 326 404 354 Graeco
419 326 546 355 formavit
562 327 711 355 Vitezides.
734 327 791 354 Hoc
812 325 892 353 modo

111 370 178 397 nihil
204 371 231 397 in
252 370 364 399 Laonici
396 373 485 401 verbis
508 375 618 402 obscuri
646 379 740 401 restat.
772 372 893 400 Gallicus

112 414 246 451 interpres
260 416 455 452 Ungaricartun
479 428 569 448 rerum
594 421 746 456 imperitus,
764 419 817 447 alio
833 419 892 446 loco

114 461 248 491 Bitezides
262 472 322 491 cum
341 464 470 493 llussaris
497 467 653 498 confundit,
676 467 723 501 qui
739 466 807 494 levis
822 465 890 500 apud

113 508 241 543 Ungaros
263 516 411 538 armatura:
443 520 508 540 sunt
534 513 652 548 equites.
677 514 770 540 Solem
800 517 891 539 autem

113 559 268 593 huiusmodi
291 558 426 587 Chazilari
442 564 469 586 et
492 559 577 587 Vitezi
604 565 658 588 tam
684 561 755 595 apud
775 561 892 593 Turcos,

112 613 193 640 quam
224 605 368 640 Ungaros,
400 606 502 634 habere
529 612 618 634 certas
643 608 774 641 quasdam
802 612 892 639 notas,

117 652 216 686 quibus
228 652 277 686 ipsi
294 660 348 686 prae
364 653 472 680 ueteris
494 653 626 680 militibus
641 653 784 688 conspicui
803 658 865 680 sunt
884 663 890 679 :

113 702 140 725 et
156 698 181 724 in
198 698 293 729 primis
312 702 350 724 tot
365 702 473 733 gestauit
485 698 628 726 ardearum
641 699 666 725 in
679 700 766 732 capite
778 706 892 733 pennas,
912 724 914 726 .

112 749 176 778 quot
194 745 287 771 hostes
303 745 343 770 vcl
357 744 383 770 in
399 744 508 778 przeliis,
535 746 576 771 vel
594 745 701 774 duellis.
715 753 774 778 quin
785 744 893 776 utrique

112 789 187 823 genti
211 789 434 824 frequentissima
465 794 541 820 sunt,
569 790 742 816 occiderunt.
763 789 808 817 His
829 797 893 823 ergo

113 835 246 862 militibus
273 835 394 862 strenuis
419 834 537 869 stipatus
564 833 725 867 liuniatles,
758 835 892 862 Anatolia:

112 881 301 915 beglerbegtnn
316 881 426 913 invasit,
446 887 472 908 et
489 889 550 908 cum
565 881 623 908 suis
639 881 751 908 occidit.

113 937 175 965 H6.
193 937 316 965 Preribus
331 938 442 965 Muralis
457 943 558 964 mutata
583 939 667 970 ιτνιυιὶἱ
684 939 776 972 facies.
808 937 890 964 limu-

197 974 282 999 ditunt
297 974 389 1008 pignus
406 974 467 1006 ﬁdei
486 982 564 1000 causa
586 974 686 999 Murali
702 974 803 1000 datum.

148 1018 206 1046 Non
228 1029 242 1045 a
258 1020 357 1046 Turcis
378 1020 566 1046 tantunnnodo
593 1020 730 1046 memoriae
757 1020 890 1053 prodilum

111 1071 164 1096 est,
179 1065 357 1092 constitutum
384 1066 410 1091 in
435 1066 554 1091 maxime
585 1065 742 1092 discrimine
758 1065 890 1092 Mur-atem

113 1112 244 1139 auxilium
280 1112 390 1139 caelitus
418 1111 590 1145 implorasse,
627 1120 720 1138 verum
749 1112 830 1138 etiam
859 1114 892 1138 ab

114 1157 253 1185 historicis
279 1157 442 1185 Christianis
480 1158 550 1184 idem
581 1158 694 1184 relatum
721 1158 749 1184 in
776 1158 890 1188 litteras,

113 1212 229 1238 quorutn
244 1204 327 1237 aliqui
340 1211 396 1230 rem
415 1211 468 1230 non
486 1207 588 1231 temere
603 1204 711 1230 silentio
729 1208 892 1237 praetereun-

113 1249 174 1277 dam
203 1251 330 1284 produnt.
354 1250 458 1284 Quippe
485 1254 727 1281 commemorant,
762 1254 892 1283 poscente

114 1295 217 1322 Murale
231 1299 333 1322 certum
348 1295 457 1328 aliquod
472 1302 485 1321 a
506 1294 640 1321 Vlatlislao
671 1302 731 1329 rege
752 1296 826 1328 pacis
850 1294 892 1321 in-

112 1341 279 1367 violabiliter
309 1340 487 1366 observanda:
515 1339 737 1371 documentum,
776 1340 892 1374 profano

113 1386 194 1422 442
215 1387 396 1420 quorumdam
413 1385 528 1413 consilio
544 1386 670 1412 traditam
689 1385 714 1413 ei
731 1386 816 1413 fuisse
830 1387 892 1413 hos-

115 1433 191 1462 tiam,
210 1432 394 1459 ecclesiastico
415 1431 468 1458 ritu
497 1436 684 1458 consecratam
701 1441 708 1458 :
733 1439 766 1459 ne
787 1432 892 1460 scilicet

115 1479 170 1504 ullo
187 1479 266 1504 modo
277 1479 310 1504 de
324 1478 375 1505 fide
395 1478 588 1512 voluntateque
607 1478 690 1512 regis,
711 1482 823 1512 accepto
836 1482 891 1505 tam

112 1529 228 1558 augusto
247 1524 372 1558 pignore,
388 1523 535 1550 dubitaret.
552 1522 647 1550 Postea
663 1531 726 1550 vero
749 1523 891 1558 perturba-

112 1573 147 1598 tis
164 1573 205 1606 (ut
219 1572 332 1605 dictum)
353 1570 480 1602 induciis,
493 1579 554 1598 cum
573 1572 605 1597 ad
621 1579 696 1597 arma
714 1571 828 1598 deducta
848 1579 891 1598 res

112 1621 197 1649 esset,
211 1625 243 1644 ac
257 1618 348 1651 praclio
367 1617 495 1644 Varnensi
516 1617 593 1644 caesis
609 1619 634 1643 in
665 1621 781 1651 utroque
805 1625 889 1644 cornu

112 1663 261 1694 Muratzeis.
279 1664 306 1690 in
330 1668 453 1690 extremo
473 1670 515 1690 res
550 1662 702 1690 Turcorum
731 1662 890 1690 discrimine

111 1715 309 1737 versarentur:
326 1709 457 1736 Muratem
472 1717 487 1737 e
501 1710 562 1737 sinu
588 1710 689 1744 prolata
722 1709 890 1737 Christiano-

112 1765 173 1784 rum
189 1757 287 1788 hostia,
310 1761 337 1784 et
349 1758 447 1784 erectis
464 1757 496 1784 ad
513 1758 612 1784 (mlum
635 1757 732 1788 oculis,
753 1758 780 1784 in
797 1757 890 1792 hujus-

113 1802 188 1829 ntodi
206 1802 327 1836 quaedam
347 1803 505 1836 prorupisse
525 1803 606 1829 verba
621 1811 629 1830 :
645 1803 762 1835 Christe,
780 1803 803 1829 si
822 1803 890 1829 Deus

111 1857 152 1880 es,
175 1854 205 1875 ut
219 1848 364 1875 Christiani
381 1849 419 1875 tui
432 1850 465 1875 de
483 1854 509 1875 te
523 1849 676 1883 perhibent,
695 1850 800 1876 vindica
810 1850 892 1884 perii-

111 1895 184 1921 diam
197 1899 317 1926 tuorum,
333 1895 378 1929 qui
399 1900 424 1921 te
440 1895 505 1921 mihi
531 1895 631 1922 dedere
651 1895 767 1930 pignori.
791 1895 891 1922 nihilo-

113 1948 168 1975 que
192 1940 284 1968 minus
313 1941 380 1967 adeo
406 1941 531 1975 religiose
563 1942 694 1967 sancitam
721 1948 814 1975 pacem
845 1949 891 1976 per

111 1993 252 2013 aurnmum
273 1986 360 2013 scelus
372 1985 518 2012 violarunt.
530 1985 634 2018 Quibus
645 1985 672 2012 in
694 1985 766 2013 hunc
781 1986 890 2013 modum

112 2034 149 2059 ab
165 2032 224 2066 ipso
237 2033 351 2067 prolatis
366 2039 397 2059 ea
417 2032 522 2059 scilicet
537 2033 690 2064 evenerint,
706 2040 766 2067 quae
789 2037 842 2058 tam
857 2033 891 2060 ab

111 2079 252 2111 hostibus,
277 2086 356 2113 quam
386 2086 402 2105 a
426 2079 526 2105 nostris
559 2081 718 2105 recitantur.
751 2078 892 2112 Philippus

111 2128 206 2150 tamen
224 2124 405 2151 Callimachus
422 2125 491 2150 hanc
511 2131 564 2150 rem
591 2128 644 2150 tam
669 2129 775 2151 secreto
789 2123 891 2150 referre

111 2169 222 2196 videtur
233 2174 332 2202 aetatu,
350 2169 417 2196 nihil
432 2176 461 2196 ut
474 2169 541 2196 certi
557 2171 590 2196 de
606 2169 706 2196 tradito
721 2169 765 2196 tali
779 2169 890 2204 pignore

107 2217 192 2252 vulgo
201 2221 348 2244 constaret.

108 2274 174 2301 H7.
187 2273 292 2305 Chaer,
305 2278 329 2299 et
340 2273 585 2308 Cheteribegjtlem.
600 2272 736 2299 Vludislao
747 2273 800 2307 regi
811 2277 887 2307 caput

285 2314 414 2341 amputat.
433 2307 570 2341 Elpiorum
586 2308 701 2342 familia.

145 2354 265 2382 Narrant
277 2355 397 2382 Annales
417 2356 440 2382 ei
455 2357 501 2389 qui
522 2354 658 2382 Vladislao
673 2355 728 2389 regi
754 2358 888 2389 prostrato

106 2404 193 2434 caput
205 2401 362 2434 atnputarit,
380 2405 406 2428 ct
426 2400 524 2427 Murati
537 2401 675 2430 obtulerit.
690 2408 789 2427 nomen
804 2401 887 2428 fuisse

105 2446 212 2474 Cheser
229 2446 290 2479 beg,
320 2445 503 2479 eamdemque
528 2450 619 2472 natum
643 2453 675 2472 ex
704 2444 779 2479 Elpia
803 2446 886 2472 fuisse

106 2491 227 2519 familia.
263 2491 492 2525 Chalcocondyles
522 2497 612 2517 autem
637 2491 757 2525 scripsit.
787 2499 885 2518 nomen

106 2538 265 2572 peregrino.
279 2538 325 2570 qui
343 2537 441 2563 Murali
455 2542 535 2570 caput
552 2537 707 2572 interempti
727 2538 884 2564 Pannonutn

105 2584 181 2617 regis
195 2583 317 2608 attulerit
332 2582 417 2609 fuisse
430 2581 559 2608 'l'herizcs
577 2590 585 2608 :
599 2582 646 2616 qui
659 2582 766 2608 virtutis
781 2582 886 2616 insigne

104 2630 252 2664 praemium
266 2636 281 2654 a
295 2637 356 2662 rege
366 2633 529 2656 consecutus
539 2629 585 2656 sit.
598 2628 648 2655 Hic
659 2628 728 2655 inter
739 2636 768 2655 se
779 2629 884 2656 diversa

103 2677 163 2704 duo
195 2676 303 2703 recitari
327 2675 461 2702 videmus.
489 2675 610 2703 Primum
636 2680 690 2706 est.
711 2674 884 2709 peregrinum

103 2721 228 2748 Laonieo
247 2720 342 2752 fuisse,
365 2721 412 2755 qui
437 2725 519 2754 caput
534 2721 605 2756 regis
621 2721 754 2752 attulerit,
779 2720 831 2747 hoc
843 2725 885 2747 est

101 2767 228 2801 Azepum
249 2766 307 2793 sive
332 2767 448 2800 peditem
467 2766 688 2799 stipendiarium,
706 2773 754 2800 pro
765 2773 819 2800 quo
837 2767 883 2793 be-

102 2823 169 2848 gutn
188 2818 338 2848 posuerunt
354 2812 485 2839 Annales.
502 2812 534 2838 Et
552 2813 680 2847 begorum
697 2812 806 2839 nomine
823 2819 885 2846 pro-

103 2868 186 2887 ceres
198 2859 269 2894 apud
282 2859 299 2885 Ἰ
307 2866 387 2886 urcos
410 2859 589 2893 appellantur.
606 2859 738 2891 Alterum,
765 2859 884 2886 nominis

105 2907 194 2942 Ipsius
203 2905 395 2939 discrepantia,
409 2905 521 2932 cumille
535 2905 676 2933 Therizem
687 2905 787 2933 dictum
799 2904 883 2932 fuisse

267 2955 401 2986 Ρηιιοιι.
425 2956 482 2985 Gn.
501 2953 599 2983 CLIX.

945 281 1052 313 attinet,
1076 282 1165 315 potius
1189 282 1315 315 equidem
1340 281 1439 309 Turcis
1467 282 1621 310 habendam
1642 284 1720 311 ﬁderit

942 328 1071 359 arbitror,
1090 333 1117 353 ut
1129 335 1160 354 ex
1174 335 1315 361 procerum
1342 336 1458 355 numero
1473 329 1557 356 fuisse
1582 331 1720 364 credatur,

942 373 988 408 qui
1004 372 1143 408 Elpioruin
1162 373 1264 400 familia
1283 379 1364 400 natus
1382 379 1451 401 erat.
1467 373 1542 402 lianc
1558 376 1629 403 enim
1644 377 1722 403 initio

941 419 1137 446 declarationis
1152 420 1233 453 hujus
1255 419 1340 446 videri
1357 421 1480 447 eamdem
1498 429 1560 448 esse
1574 429 1635 449 cum
1649 421 1721 457 Ogu-

943 464 994 495 zia,
1011 465 1176 492 monuimus.
1193 465 1218 496 ls
1236 473 1302 500 ergo
1315 466 1371 501 regi
1388 472 1469 501 caput
1483 468 1646 502 amputavit,
1661 477 1721 495 cum

943 510 1013 537 alius
1031 511 1142 545 quidam
1158 519 1190 538 ex
1208 516 1360 545 Azrporum
1375 513 1433 538 sive
1454 513 1574 546 peditum
1595 523 1721 547 numero.

943 555 1036 581 incisis
1061 555 1122 589 equi
1148 555 1214 590 regii
1233 556 1402 587 tendinibus.
1418 564 1479 584 cum
1497 567 1557 586 cum
1583 559 1643 594 ipso
1661 568 1722 595 rege

944 600 1018 626 humi
1041 602 1247 635 prostravissct,
1263 608 1291 628 ut
1308 602 1390 629 Turci
1407 604 1539 631 referunt.
1568 600 1596 633 l'n
1614 607 1723 633 nomine

944 653 995 671 non
1009 653 1103 680 magna
1119 646 1262 673 diversitas
1276 653 1328 678 est,
1346 648 1398 674 nisi
1409 649 1479 682 quod
1493 649 1628 678 Laonicns
1642 652 1723 686 vulgo

944 697 1036 718 notum
1052 699 1079 719 et
1094 693 1247 719 mutilatum
1264 694 1364 727 posuit.
1378 694 1483 730 Quippe
1495 696 1598 724 Cheser
1612 698 1721 731 elegan—

944 738 998 765 tius
1015 739 1086 773 apud
1105 739 1212 767 Turcos
1232 741 1408 774 loquentibus
1439 743 1510 770 idem
1540 749 1581 770 est
1600 752 1661 771 cum
1691 752 1723 772 eo

944 784 1015 818 quia
1029 785 1108 818 vulgo
1124 787 1317 820 pronuntiatur
1343 787 1456 820 Cheter,
1482 797 1513 815 ex
1529 797 1583 823 quo
1597 790 1723 818 Cheteris

943 838 1043 857 nomen
1063 831 1197 858 Laonicus
1221 833 1272 858 sub
1286 833 1365 859 liuent
1388 834 1478 860 octavi
1498 835 1558 861 libri
1578 835 1642 862 fecit
1659 845 1664 862 :
1681 837 1724 864 hic

944 875 1088 903 Tltcrizem
1105 876 1226 903 mutilate
1240 878 1362 912 scripsit.
1376 887 1426 913 pro
1443 880 1592 908 Cheterize.
1612 882 1648 908 De
1665 882 1724 916 ipso

907 908 928 935 Β
945 920 1072 949 Vlatlislai
1090 922 1160 957 regis
1175 929 1314 958 amputato
1327 925 1417 960 capite
1429 927 1495 960 quid
1513 927 1613 954 factum
1631 908 1724 962 postea

944 966 1035 999 fuerit,
1057 968 1150 1001 paucis
1174 967 1293 996 Thomas
1319 969 1490 998 Ebcntlorfus
1520 972 1545 998 in
1572 973 1724 1000 Anstriaris

942 1013 1000 1038 suis
1016 1013 1272 1048 exposuitJCnpuI,
1288 1015 1385 1050 inquit.
1403 1015 1544 1049 Vladislai,
1556 1025 1617 1045 cum
1629 1020 1722 1051 armis,

943 1064 969 1085 ct
985 1059 1090 1089 dextra.
1107 1060 1191 1086 ferlur
1210 1068 1257 1094 pro
1270 1060 1406 1094 jocalibus
1418 1063 1454 1094 (id
1479 1068 1531 1095 est,
1551 1064 1722 1092 cimeliorum

943 1105 1013 1140 loco)
1029 1106 1084 1140 regi
1097 1105 1256 1133 Tatarorum
1273 1108 1421 1135 oblatum.»
1442 1107 1575 1137 Nimirum
1596 1111 1622 1138 in
1637 1112 1724 1139 vindi-

945 1157 1018 1178 ctam
1036 1152 1155 1186 perﬁdia:
1171 1153 1267 1179 dextra
1282 1161 1389 1188 quoque
1407 1161 1514 1182 mortuo
1534 1157 1646 1190 prmcisa
1660 1158 1721 1190 fuit,

943 1207 995 1231 qua
1014 1199 1092 1226 fidem
1106 1199 1227 1226 dederat.

944 1256 1003 1282 H8.
1021 1255 1237 1290 luteremptorum
1264 1259 1386 1293 utrinque
1404 1261 1494 1293 prwlio
1522 1260 1651 1289 Varnensi
1671 1272 1721 1290 ηυ-

1242 1301 1328 1320 merus
1347 1295 1441 1323 variat.

978 1337 1040 1365 Dies
1056 1337 1100 1364 ille
1112 1345 1166 1372 quo
1182 1343 1328 1372 pugnatum
1346 1339 1378 1365 aii
1406 1339 1538 1372 Varnam,
1572 1343 1689 1370 traditur
1705 1353 1718 1370 η

942 1383 1044 1410 nostris
1063 1383 1147 1410 fuisse
1171 1384 1292 1411 decimus
1318 1385 1420 1412 mensis
1448 1385 1621 1422 Novembris,
1650 1397 1723 1417 anno

944 1430 1022 1456 ΝΜ.
1037 1429 1177 1456 Geufraens
1192 1430 1364 1457 tmdecitnum
1381 1432 1487 1460 statuit.
1501 1433 1640 1462 Boulinins
1651 1445 1721 1464 ctcsa
1761 1455 1766 1463 .

944 1476 1059 1510 prodidit
1086 1475 1300 1503 Christiaum‘ttm
1326 1476 1360 1503 ad
1384 1476 1491 1509 10,000,
1509 1478 1661 1507 Turcomm
1688 1484 1722 1508 ad

944 1522 1054 1556 50,000.
1074 1522 1206 1549 Numerus
1231 1522 1358 1553 militum.
1376 1524 1422 1557 qui
1447 1526 1517 1558 regis
1539 1526 1567 1553 in
1597 1529 1720 1556 exercitu

945 1568 1036 1600 fuerit,
1055 1576 1068 1595 a
1092 1567 1216 1595 Boniinio
1239 1568 1343 1602 positus
1360 1569 1509 1603 plurimunt
1525 1571 1664 1607 discrepat
1687 1576 1722 1602 ab

942 1624 975 1642 eo
987 1623 1066 1649 quem
1079 1615 1159 1642 Turci
1174 1622 1336 1645 metuerant.
1351 1617 1416 1645 Nam
1430 1619 1457 1646 hi
1467 1619 1500 1647 de
1509 1620 1596 1647 80000
1608 1621 1722 1656 loquun-

943 1666 997 1693 tur,
1016 1661 1059 1688 ille
1075 1663 1263 1689 tantummodo
1279 1665 1311 1691 de
1326 1664 1423 1692 16000.

944 1730 1007 1758 H9.
1027 1731 1146 1758 Chadum
1163 1732 1250 1764 basta,
1270 1734 1476 1773 Sentisseuaspri
1493 1742 1598 1764 auctum
1611 1739 1722 1773 geniza-

1183 1776 1272 1795 rarum
1287 1770 1456 1803 stipendium.

977 1822 1062 1856 Quem
1093 1823 1135 1851 hic
1165 1825 1283 1852 Annales
1309 1826 1395 1853 nostri
1423 1827 1590 1855 Chadttmem
1614 1829 1721 1856 hassam

941 1875 1049 1901 vocant,
1062 1869 1180 1897 Laonico
1194 1870 1344 1898 Phatumes
1355 1877 1408 1904 est.
1422 1874 1503 1908 regite
1516 1875 1613 1902 domus
1625 1875 1721 1910 iudex.

943 1913 999 1941 lloc
1015 1915 1074 1941 ideo
1094 1915 1158 1942 (luti
1178 1916 1336 1947 notandum,
1354 1917 1417 1951 quia
1433 1919 1578 1945 confirmat
1597 1919 1623 1946 id
1648 1921 1721 1954 quod

943 1961 1024 1994 paulo
1035 1966 1099 1987 ante
1118 1962 1216 1996 scripsi
1232 1971 1347 1989 numero
1364 1964 1424 1996 “5,
1446 1964 1553 1992 Pltazen
1582 1966 1646 1992 alibi
1665 1975 1722 1992 Inn-

943 2008 1053 2034 tandum
1070 2009 1096 2034 in
1115 2008 1229 2040 Chazes,
1246 2014 1274 2035 ut
1293 2009 1337 2036 hic
1356 2009 1502 2037 Phatumes
1521 2011 1546 2038 in
1562 2003 1722 2045 Chatumcs,

942 2054 1014 2088 quod
1036 2055 1105 2081 idem
1137 2061 1178 2082 est
1209 2064 1270 2090 cum
1288 2056 1452 2084 Cliadumes.
1478 2057 1506 2084 ltl
1531 2066 1595 2084 vero
1622 2067 1723 2086 nomen

941 2098 1061 2126 Chailum
1084 2100 1123 2127 vel
1150 2100 1266 2134 lladutn,
1281 2107 1430 2129 castratum
1449 2103 1490 2128 vel
1513 2104 1668 2130 eunuchum
1685 2105 1723 2130 si-

941 2145 1060 2180 gnificat.
1080 2147 1142 2173 inde
1159 2149 1230 2180 quod
1247 2149 1357 2180 dicitur,
1380 2149 1511 2184 adjocissc
1524 2150 1720 2177 Μιιριιειηιςιιτηι

941 2190 1077 2224 stipendio
1093 2191 1285 2220 Geiiizarormn
1312 2195 1453 2222 semissem
1472 2197 1544 2230 aspri
1563 2205 1616 2223 :ex
1645 2204 1721 2223 more

906 2258 928 2285 Β
944 2235 1094 2264 Turcorum
1112 2239 1224 2275 intelligi
1245 2240 1335 2272 debet,
1354 2242 1400 2276 qui
1419 2250 1432 2268 a
1457 2243 1566 2269 sultano
1579 2251 1630 2270 suo
1647 2244 1722 2269 diur-

943 2293 992 2312 nas
1009 2293 1133 2313 annonas
1146 2288 1304 2321 accipiunt:
1325 2296 1378 2314 non
1399 2294 1551 2322 menstrua,
1569 2298 1618 2316 nec
1631 2298 1719 2316 nnnnu

940 2332 1049 2361 salaria,
1066 2340 1126 2366 quae
1138 2333 1277 2366 principes
1292 2334 1376 2360 nostri
1400 2335 1465 2361 dare
1488 2335 1585 2362 solent.
1611 2336 1716 2362 Causas

941 2376 1059 2404 revoritti
1074 2388 1086 2403 a
1103 2379 1190 2405 bassis
1202 2380 1234 2405 ad
1254 2380 1479 2413 gubernationem
1494 2380 1618 2413 Muralis,
1636 2382 1717 2408 (illai-

897 2429 900 2433 '
940 2423 1102 2457 cocondyles
1117 2425 1256 2458 exposuit.

1080 2481 1140 2508 1'20.
1162 2481 1278 2513 Monac,
1292 2482 1408 2514 Gercme,
1422 2483 1562 2512 Tzccouia.

976 2537 1093 2569 Moreas,
1105 2547 1204 2573 genere
1220 2541 1354 2573 masculo,
1366 2541 1488 2570 diritnra
1505 2543 1607 2571 Graecis
1627 2545 1719 2577 hodie,

937 2593 997 2619 qua:
1013 2586 1215 2620 Peloponnesus
1238 2588 1301 2614 olim
1323 2590 1481 2618 \ocabntnr.
1500 2590 1604 2618 Nomen
1620 2593 1720 2627 ipsum,

941 2631 1013 2664 quod
1033 2632 1103 2666 apud
1120 2633 1315 2661 Dantascenum
1334 2635 1468 2662 Studitam
1497 2638 1643 2672 reperitur.
1669 2639 1719 2666 de-

936 2677 1025 2704 rivant
1041 2678 1127 2706 Grtcci
1148 2687 1221 2706 nunc
1236 2680 1271 2707 ab
1287 2682 1384 2708 arbore
1398 2690 1486 2712 moro.
1514 2685 1586 2717 quod
1601 2689 1657 2712 tota
1673 2693 1716 2712 re-

936 2723 1015 2757 gione
1027 2724 1132 2752 scilicet
1145 2727 1227 2752 arbor
1238 2727 1294 2752 haec
1309 2726 1437 2761 frequens
1447 2729 1490 2756 sit.
1507 2729 1556 2756 llic
1579 2739 1720 2765 expugna-

937 2774 1022 2797 tanta
1048 2770 1151 2798 Murate
1170 2771 1314 2804 Geremen,
1337 2774 1499 2809 excidioque
1529 2777 1630 2808 datam,
1661 2782 1719 2804 tra-

936 2815 1003 2843 dunt
1018 2818 1137 2844 Annales
1152 2827 1158 2844 :
1175 2826 1257 2852 quam
1271 2819 1392 2847 arbitror
1413 2829 1474 2848 esse
1492 2827 1612 2849 veterem
1637 2823 1721 2851 Gere-

937 2863 1010 2890 niam
1041 2863 1239 2898 Peloponnesi,
1270 2867 1343 2900 quod
1383 2867 1514 2902 oppidum
1554 2869 1719 2897 Ptolomaeus

938 2910 964 2936 in
983 2917 1014 2936 ca
1027 2909 1205 2945 l‘cluponnesi
1221 2916 1298 2946 parte
1309 2913 1503 2948 collocat,qu;e
1513 2914 1628 2943 Laconia
1647 2916 1718 2944 dice-

1504 2962 1540 2992 26
