1963 3067
228 195 282 228 Sli

232 259 312 284 batur
346 252 422 281 olim,
450 255 524 276 nunc
551 244 698 276 Tzacmtia,
720 249 772 268 non
795 240 922 271 Sacania,
948 238 1054 266 sit'IIlA

234 301 352 329 Ortelius
369 303 454 333 prave
470 293 594 328 scripsit.

233 349 297 378 121.
318 331 408 373 Ibanis
418 351 462 370 seu
477 340 589 378 Joannis
602 338 678 378 ditio,
689 335 854 378 Cotz'iacum,
864 334 915 378 siuLe
928 331 1015 361 Catia,

309 368 544 412 Ιέὶιιάἇιῖδσθάιῃ
562 375 724 404 Scutarium,
743 368 883 398 lichender
899 369 955 402 beg.

270 438 388 467 Annales
406 436 432 463 hi
452 434 583 462 ditionem
605 430 719 458 Joannis
736 431 844 459 vocant,
864 432 945 460 quant
962 423 1020 450 Iba-

238 487 281 515 nis
297 485 436 520 regionem
457 481 528 508 dixit
566 477 715 506 Laonicus.
734 475 843 502 lvanem
864 479 929 498 vero
954 471 1020 497 scri-

240 535 305 561 bere
316 531 411 559 debuit
432 529 581 563 interpres.
603 524 710 552 Etenim
737 518 876 548 Servianis
892 519 976 548 lwan,
993 521 1022 542 ut

242 578 322 606 hodie
335 575 430 603 Bessis
450 579 560 608 quoque
573 570 692 597 Joannes
709 571 831 594 vocatur.
860 562 1023 596 lntelligitnr

243 630 333 653 autem
365 618 485 649 Joannes
510 617 662 645 Castriotes
688 614 728 641 vel
744 611 906 641 Castriotus,
938 608 1024 643 partis

243 671 364 700 Albaniae
377 669 514 703 princeps,
551 668 630 699 pater
659 659 767 695 Georgii
793 656 953 686 Castriotis,
979 654 1024 687 qui

245 701 437 746 nominabatur
451 721 466 740 a
483 711 581 739 Turcis
599 707 747 736 lschender
761 707 820 739 beg.
842 703 867 730 id
881 706 921 729 est
939 701 1027 727 donti-

247 772 298 792 nus
315 761 480 792 Alexander,
495 766 528 785 ex
542 763 597 791 quo
609 753 690 790 443
713 750 935 784 Scanderbogum
956 748 1027 774 fece-

246 816 311 839 runt
328 810 385 846 alii,
402 811 586 841 magnumque
604 801 787 828 Alexandrum
813 804 866 824 non
893 800 968 823 recte
987 794 1027 820 in-

249 856 388 892 terpretati
420 858 494 880 sunt.
525 848 688 883 Corrttplius
725 845 850 873 eumdem
890 840 1029 869 Bonfinius

251 889 495 932 Sandorobechum
527 895 681 931 appellavit.
708 892 843 920 Laonicus
865 889 1028 917 Scenderetu

252 949 371 984 scripsit.
384 948 429 983 qui
448 952 514 986 puer
531 944 556 970 in
574 943 672 978 januas
684 940 755 974 regis
772 937 885 967 venerit,
915 935 965 962 hoc
978 938 1030 965 est,

254 998 286 1024 ad
303 983 413 1023 i’ortam
429 983 585 1020 Osm'anidae
611 986 757 1023 principis;
785 989 813 1011 et
829 983 890 1010 hoc.
912 987 1034 1014 tempore

253 1044 386 1071 Muratem
403 1040 429 1068 ei
456 1038 557 1066 bellutn
574 1035 671 1062 fecisse
688 1033 895 1060 commemorat.
920 1026 1035 1055 Chalco-

254 1089 377 1124 condylis
406 1087 543 1120 interpres
564 1082 615 1108 hoc
642 1080 703 1107 loco
722 1077 836 1114 margini
858 1073 970 1102 Calcioli
985 1080 1036 1099 no-

255 1145 316 1165 tnen
333 1134 470 1168 ascripsit,
502 1137 551 1166 pro
578 1127 689 1155 nomine
712 1123 850 1152 Castrioti.
878 1120 1036 1149 Cotziacum

256 1185 283 1211 in
305 1182 386 1217 hujus
400 1178 464 1206 belli
490 1165 659 1205 narratione,
686 1172 755 1199 libro
781 1170 897 1205 septimo
913 1165 1036 1196 Laonici,

256 1229 333 1257 lietia
346 1231 477 1254 vocatur:
493 1222 580 1250 vicina
593 1220 670 1247 Crete
698 1217 817 1253 (Crojam
833 1213 920 1242 nostri
934 1212 1038 1242 dicunt,

257 1278 291 1304 de
309 1281 363 1310 qua
379 1273 454 1307 plura
470 1269 550 1305 paulo
571 1266 656 1301 post),
673 1271 754 1298 quam
769 1267 830 1297 post
843 1261 961 1291 Getiam,
978 1258 1040 1285 licet

259 1305 511 1352 frus-tra,‘l\llurates
527 1315 642 1342 adortos
660 1311 721 1338 fuit.
749 1308 914 1341 lseodarbeg
941 1305 1042 1332 Turcis

260 1375 302 1397 est
324 1369 435 1396 Scodrae
458 1364 587 1392 dominus
609 1361 667 1388 sive
688 1358 826 1394 princeps,
856 1354 982 1382 videlicet
1000 1352 1042 1379 hic

262 1418 320 1451 ipse
342 1413 475 1447 Georgius
501 1407 668 1438 Castriotus,
684 1406 717 1432 de
726 1410 780 1438 quo
800 1402 912 1430 tlictum.
940 1399 1042 1427 Scodra

263 1469 330 1489 vero
341 1459 443 1488 Grarcis
456 1461 498 1484 est
520 1455 624 1488 integra
651 1458 718 1478 voce
746 1447 914 1476 Scutarium.
940 1444 1044 1472 Plinius

266 1515 356 1537 tamen
374 1503 475 1532 alicubi
495 1500 627 1528 Scodram
643 1500 733 1528 vocat,
744 1498 773 1522 et
797 1494 823 1521 in
852 1491 964 1519 Novella
979 1490 1045 1517 Lco~

265 1556 310 1583 nis
323 1551 437 1588 Augusti
452 1550 486 1576 de
497 1546 604 1575 thronis
615 1543 696 1572 etiam
711 1541 860 1569 Scodarum
873 1538 1046 1573 episcopatus

268 1602 318 1630 sub
333 1586 522 1635 Dy'rihachina
536 1590 679 1626 metropoli
695 1587 838 1624 reperitur,
854 1586 898 1621 qui
911 1592 977 1612 sane
991 1592 1043 1610 non
1061 1590 1083 1619 ρ

269 1650 396 1676 diversus
415 1648 456 1672 est
468 1643 501 1670 ab
517 1641 577 1676 ejus
590 1638 709 1666 civitatis
725 1636 893 1670 episcopatu,
909 1631 988 1666 cujus
1004 1630 1047 1657 hic

270 1697 298 1722 tit
315 1691 428 1720 mentio.
445 1688 557 1716 Fallitur
576 1683 711 1712 Barletius
726 1702 733 1714 ,
758 1688 819 1708 cum
841 1678 938 1706 Turcis
964 1677 1049 1703 Scan-

269 1741 356 1769 driam
371 1738 425 1765 dici
438 1740 523 1771 putat,
538 1733 615 1768 quasi
628 1727 832 1757 Alexandriam.
848 1725 916 1752 Nam
942 1724 1050 1750 lscodar

269 1796 325 1816 non
352 1790 393 1813 est
422 1781 579 1811 Scandria,
611 1784 662 1804 nec
685 1772 850 1802 Alexandria
876 1774 990 1798 vocatur
1011 1769 1051 1796 eis

270 1832 413 1862 Scandria,
427 1828 475 1857 sed
492 1824 659 1854 lschendrie.

297 1890 360 1918 422.
380 1887 497 1915 Saxones
510 1884 536 1910 in
550 1880 682 1918 lluniadis
699 1878 826 1905 exercitu.
843 1873 928 1904 Sazii,
943 1871 1039 1904 Sassit‘,

605 1915 710 1943 Sassia.

308 1972 404 1998 Mirum
429 1967 509 1995 alicui
528 1964 662 1993 videatur,
680 1968 729 1988 cur
747 1956 867 1985 Annales
885 1953 1054 1982 mentionem

272 2020 412 2047 Saxonum
429 2014 474 2041 hic
499 2016 622 2040 seorsum
639 2007 752 2036 faciant,
771 2011 833 2032 cum
862 2001 951 2029 statim
968 2000 994 2026 in
1010 2006 1055 2038 εστ

275 2036 412 2047 .,.ι.υ..η....
431 2036 474 2041 ...ν
499 2036 541 2040 --κ
567 2036 571 2037 ,

275 2073 338 2093 nere
355 2064 554 2091 Germanorum
584 2061 681 2083 nomen
712 2051 868 2085 subjiciant,
902 2054 956 2082 quo
972 2036 1056 2072 Saxo?

276 2120 323 2139 nes
338 2110 420 2137 etiam
431 2106 617 2134 continentur.
627 2099 691 2132 Ejus
701 2095 835 2125 eximendi
848 2091 967 2127 scrupuli
975 2097 1058 2117 causa

279 2160 354 2186 dico.
366 2162 419 2182 non
436 2153 480 2179 hic
495 2147 624 2177 noslroin
638 2143 782 2172 Germania
794 2141 916 2168 Saxones
931 2135 1059 2170 intelligi:

280 2182 325 2231 sed
332 2182 462 2228 Saxones
472 2192 684 2223 Transsilvaniae
700 2189 741 2216 vel
754 2186 864 2218 Erdelii,
878 2184 921 2212 vel
937 2182 1060 2217 Septem-

277 2247 426 2278 castrensis
441 2245 468 2272 itt
485 2241 602 2277 Ungaria
621 2236 742 2272 regionis
760 2233 875 2265 incolas,
888 2231 934 2266 qui
953 2228 1061 2256 Sassios

825 179 986 210 JOANNIR
1008 174 1240 206 i.EliNf‘.l.:\Vii

1794 157 1845 190 Si?

1069 241 1150 267 supra
1165 233 1196 259 de
1205 227 1393 258 Nemctsassiis
1403 225 1491 260 capite
1501 224 1529 250 7|
1546 220 1731 257 exposiiinms.
1746 218 1787 245 An
1799 226 1846 244 au-

1068 287 1120 307 tem
1136 279 1199 306 victi
1218 278 1340 304 Saxones
1358 273 1445 301 nostri
1456 280 1471 298 a
1487 270 1588 297 Karulo
1603 267 1844 302 magnoAugusto,

1067 323 1298 361 quemadmodum
1316 322 1342 350 in
1359 320 1526 350 Flandriam,
1537 317 1576 344 sic
1592 314 1711 342 etiamin
1725 311 1782 340 [nec
1797 311 1841 337 Er-

1069 360 1131 398 delii
1149 370 1208 398 loca
1225 368 1349 396 translati
1370 366 1482 396 fuerint,
1497 362 1570 398 quod
1585 360 1724 395 aliquibus
1739 364 1845 393 persua-

1071 425 1130 445 sum
1144 417 1222 443 video
1239 424 1246 442 :
1261 422 1316 442 non
1330 414 1413 447 hujus
1425 416 1468 439 est
1483 409 1546 442 loci,
1558 406 1693 443 prolixius
1704 403 1840 432 discutere

1072 463 1136 490 lilihi
1148 463 1254 497 quidem
1272 461 1316 487 vix
1333 466 1396 486 vero
1408 458 1437 485 tit
1450 456 1551 488 simile,
1569 453 1615 488 qui
1628 451 1715 480 sciam
1729 457 1785 478 uno
1799 457 1850 476 sa:-

1072 509 1135 536 culo
1151 508 1272 534 Saxones
1299 511 1360 532 ante
1379 503 1509 530 Karulum
1526 507 1652 534 magnum
1671 498 1697 524 in
1712 494 1853 522 Pannonia

1073 562 1136 582 cum
1149 554 1217 589 ipsis
1228 552 1315 589 fuisse
1328 551 1434 578 civibus
1444 548 1501 576 suis
1514 543 1702 581 Longobardis
1714 551 1722 576 ς
1732 546 1763 569 ut
1776 541 1852 567 omit

1077 607 1129 628 tam
1145 600 1208 631 alia,
1222 606 1282 633 qua:
1295 604 1361 624 sane
1374 596 1490 631 plurima
1515 595 1625 628 possent
1640 590 1668 617 in
1682 588 1799 615 medium
1815 587 1855 613 af-

1077 646 1151 674 ferri.
1167 645 1258 679 Copiae
1271 648 1440 674 nostrorum,
1450 647 1517 676 quas
1529 639 1609 665 Turci
1627 635 1761 663 maximas
1774 633 1856 660 fuisse

1077 695 1182 725 dicunt,
1199 691 1338 718 hominum
1361 688 1455 723 viginti
1476 686 1530 713 duo
1544 684 1627 711 millia
1652 681 1830 709 continebant
1851 688 1857 705 :

1078 745 1175 775 praeter
1189 738 1320 765 Valachos
1335 741 1435 767 tamen,
1457 733 1493 760 uti
1510 730 1653 758 Bonlinius
1671 727 1806 755 meminit.

1081 800 1142 827 125.
1162 797 1270 824 i’alnchi
1285 805 1300 822 ιι
1313 794 1405 821 Turcis
1419 787 1681 824 caasi,justojudicio
1697 784 1860 813 vindicatum

1370 830 1396 857 in
1410 828 1572 862 transfugas.

1117 881 1199 908 Aiunt
1224 878 1355 908 Annaies,
1379 883 1467 903 caesos
1491 882 1506 900 a
1530 870 1726 905 limitotrophis
1760 867 1863 901 aliquot

1047 920 1067 946 Β
1083 927 1241 964 proceribus
1263 922 1386 951 'l‘urcicis
1400 921 1486 950 fuisse
1507 919 1638 947 Valachos
1654 921 1718 944 ante
1732 914 1864 943 commis-

1085 982 1145 1002 sum
1179 974 1206 1000 in
1227 971 1338 1007 planitie
1367 969 1511 996 Cosovana
1534 965 1669 1001 praelium.
1699 962 1865 990 Chalcocon-

1086 1021 1161 1056 dyles
1179 1025 1242 1045 vero
1257 1016 1349 1048 tradit,
1372 1014 1508 1042 Valachos
1529 1011 1565 1039 ab
1580 1009 1698 1045 Ungaris
1718 1013 1745 1035 et
1758 1007 1867 1034 caneris

1086 1065 1248 1095 Christianis
1264 1064 1297 1091 ad
1312 1062 1443 1090 Muratem
1460 1059 1511 1087 sub
1523 1057 1613 1093 ipsam
1638 1054 1771 1083 defecisse
1785 1052 1868 1080 ευδο-

1088 1120 1184 1139 vanam
1201 1108 1403 1138 dimicationem
1418 1114 1426 1132 :
1443 1104 1530 1138 deque
1548 1100 1682 1129 sententia
1694 1097 1806 1125 Muratis
1825 1104 1870 1123 ar-

1090 1166 1132 1185 ma
1144 1155 1349 1192 ponerejussas,
1367 1153 1392 1179 in
1406 1150 1544 1178 exercitus
1554 1148 1695 1181 utriusque
1708 1148 1869 1178 conspectu,

1090 1210 1196 1233 summa
1223 1210 1284 1229 cum
1314 1198 1436 1227 omnittm
1461 1195 1653 1225 admiratione,
1671 1199 1719 1219 ceu
1752 1189 1871 1225 perfidos

1091 1250 1248 1284 transfugas
1269 1255 1301 1275 ac
1316 1247 1479 1276 desertores,
1508 1241 1659 1269 trucidatos
1685 1238 1777 1265 fuisse.
1793 1235 1870 1268 Quod

1092 1294 1217 1328 equidem
1234 1290 1386 1325 exemplum
1400 1287 1548 1325 singularis
1561 1286 1587 1312 in
1603 1284 1709 1311 Murate
1723 1281 1873 1309 severitatis

1094 1347 1125 1366 ac
1136 1337 1259 1373 justitiaa,
1277 1334 1444 1370 praeteritum
1462 1341 1477 1360 a
1489 1327 1587 1359 Turcis
1602 1336 1664 1357 esse
1682 1328 1803 1358 silentio,
1818 1333 1872 1352 non

1095 1385 1144 1412 abs
1158 1391 1186 1411 re
1203 1383 1298 1410 miror.

1096 1442 1158 1469 12L.
1180 1442 1270 1468 Annus
1286 1439 1373 1475 praelii
1389 1437 1540 1475 Cosovnni,_
1552 1441 1675 1475 numerus
1691 1433 1813 1475 utrinqtte
1826 1437 1876 1457 m-

1125 1467 1225 1504 sorttm.
1244 1467 1291 1502 An.
1300 1475 1407 1502 Morava
1423 1467 1600 1507 ﬂuvius'idem
1617 1477 1676 1497 cum
1692 1467 1840 1495 Schitniza.

1133 1523 1291 1551 Notavimus
1303 1523 1328 1548 in
1341 1521 1461 1555 margine
1473 1518 1533 1546 libri
1542 1525 1643 1544 annum
1655 1515 1877 1542 Mahumetanum

1099 1571 1161 1600 853.
1181 1577 1235 1603 quo
1259 1573 1405 1603 pugnatum
1429 1567 1455 1593 in
1469 1565 1612 1592 Cosovana
1634 1561 1752 1596 planitie,
1767 1567 1879 1593 respon—

1100 1618 1162 1643 dere
1177 1615 1334 1643 Christiano
1352 1612 1420 1640 1448
1435 1621 1442 1638 :
1457 1618 1511 1646 qtto
1525 1609 1666 1636 Bonftnius
1674 1608 1754 1634 etiam
1767 1606 1880 1632 dimica-

1100 1669 1155 1690 tum
1174 1660 1293 1695 scripsit.
1311 1660 1384 1687 ldem
1404 1658 1490 1689 addit,
1504 1655 1619 1690 periisse
1644 1653 1782 1681 continuis
1804 1652 1880 1678 hisce

1101 1708 1269 1737 conﬂictibus
1289 1707 1440 1734 Turcorum
1455 1704 1489 1731 ad
1514 1703 1627 1738 triginta
1639 1707 1758 1736 quatuor
1785 1698 1882 1729 millia,

1100 1756 1319 1784 Christianorum
1337 1759 1401 1779 vero
1417 1751 1549 1778 duntaxat
1564 1753 1625 1776 octo
1639 1747 1736 1777 millia,
1752 1746 1884 1780 quemad-

1103 1804 1212 1830 modum
1238 1800 1360 1828 Murates
1377 1799 1435 1832 ipse
1447 1797 1507 1825 suis
1521 1797 1547 1823 in
1565 1795 1663 1822 litteris
1677 1793 1710 1820 ad
1725 1792 1884 1820 Corinthios

1103 1849 1192 1876 lassus
1205 1847 1297 1874 fuerit.
1313 1845 1448 1872 Caeterum
1468 1843 1519 1870 hoc
1537 1842 1597 1869 loco
1610 1839 1750 1876 praeterire
1774 1838 1885 1865 silentio

1104 1904 1157 1922 non
1171 1901 1293 1928 possunt,
1309 1899 1351 1919 me
1367 1890 1491 1925 Superius
1505 1895 1617 1915 numero
1635 1891 1762 1914 notarum
1775 1884 1810 1912 L8
1825 1885 1887 1919 pol-

1105 1941 1209 1968 liritnm
1243 1937 1451 1973 explicationem
1480 1933 1648 1970 quaestionis,
1681 1940 1714 1960 an
1742 1931 1886 1959 Schitniza

1107 1987 1204 2014 fluvius
1218 1985 1288 2012 idem
1299 1985 1406 2012 sitcum
1432 1981 1551 2009 Morava.
1573 1981 1619 2007 Sic
1644 1979 1715 2007 enim
1733 1978 1806 2005 hunc
1825 1985 1889 2004 cum

1108 2033 1205 2060 incolis
1219 2038 1296 2062 voco,
1308 2029 1354 2065 qui
1368 2027 1592 2062 Chalcocondylis
1606 2026 1746 2059 interpreti
1763 2023 1890 2050 Horabas

1109 2079 1248 2108 scribitur.
1268 2076 1402 2104 Cedrinus
1418 2073 1518 2101 alicubi
1534 2072 1670 2100 Moravem
1688 2077 1741 2098 tam
1763 2070 1888 2101 ﬂuvium,

1110 2132 1191 2160 quam
1207 2123 1349 2152 castellum
1365 2121 1398 2148 ad
1409 2121 1469 2156 ejus
1485 2120 1568 2153 ripam
1579 2118 1709 2152 positum,
1725 2124 1780 2144 non
1796 2115 1892 2151 procul

1112 2180 1126 2199 a
1145 2169 1304 2206 Beligradis,
1331 2168 1473 2196 nominare
1499 2165 1616 2192 videtur.
1640 2163 1776 2194 Pervenit,
1792 2161 1892 2195 inquit,

1114 2226 1200 2254 usque
1215 2217 1249 2245 ad
1268 2216 1402 2244 Moravem
1423 2218 1450 2242 et
1468 2212 1624 2248 Belegrada,
1641 2217 1702 2245 qua:
1727 2213 1815 2236 castra
1829 2212 1895 2236 sunt

277 2255 426 2278 castrensts
441 2255 468 2272 ιιι
487 2255 602 2277 ungunta
622 2255 742 2272 ιυδιυιιη
760 2255 875 2265 ...νυ-ω,
890 2255 934 2266 .,__
961 2255 966 2256 ,

277 2298 335 2324 sive
348 2295 470 2322 Saxones
486 2289 618 2322 hodieque
633 2292 661 2313 se
679 2282 851 2318 proﬁtentur,
869 2282 896 2306 et
912 2285 928 2304 a
939 2274 1058 2305 Ceculis,
1073 2273 1100 2303 Β
1113 2266 1268 2298 Ρθηηοηίω,
1287 2265 1315 2292 in
1330 2262 1532 2290 Trausistriana
1549 2259 1660 2294 regione
1684 2257 1747 2289 sita,
1767 2259 1796 2283 et
1819 2255 1894 2282 Crali

1114 2314 1135 2324 ’ν
1148 2314 1220 2324 νηεμ
1233 2313 1319 2324 ..της-..ι
1343 2310 1446 2324 n..:t....
1461 2307 1551 2324 unum:
1565 2305 1667 2324 ultimi:
1681 2303 1773 2324 Cralp:
1786 2301 1894 2324 Turnin-

278 2341 399 2376 cjusdem
413 2335 531 2373 regionis
547 2332 657 2365 incolis,
669 2336 724 2358 tam
739 2328 841 2362 lingua,
853 2331 934 2360 quam
948 2321 1010 2349 aliis
1022 2327 1063 2347 re—

732 2374 746 2376 ς
792 2373 807 2376 -.
831 2371 836 2376 .
887 2370 892 2375 .
926 2367 947 2376 ..ι
967 2375 973 2376 γ
1003 2366 1047 2376 ηε,

280 2366 485 2418 λιθιιξξιήιιιιὶιῖυς
497 2380 637 2409 άὶπθτιιιιι.
650 2377 719 2404 Hinc
730 2371 873 2402 Bonfinius
887 2370 913 2396 in
926 2366 1064 2395 Transsil-

281 2436 359 2462 vania
383 2433 440 2460 sitm
459 2427 619 2456 Saxohaniae
633 2422 798 2451 ntcntionem
814 2418 888 2448 facit,
902 2415 999 2450 pagina
1013 2412 1065 2439 612

280 2486 425 2517 postremtc
436 2470 674 2503 Francofurtensis
686 2466 824 2496 editionis,
835 2470 916 2497 quam
928 2459 1066 2487 Sambuco

282 2502 424 2517 p.,-..-..._
437 2502 446 2503 κ

282 2532 375 2554 nostro
388 2523 541 2551 clarissimo
555 2519 684 2546 dchcmus
705 2521 711 2539 :
728 2512 805 2546 cujus
822 2509 947 2544 equidem
966 2502 1065 2532 mortui

286 2570 443 2599 memoriam
456 2574 517 2594 cum
530 2561 715 2592 benevolentia
726 2562 838 2590 usurpo,
847 2556 978 2588 etpraater
987 2549 1068 2576 tueri.

287 2624 341 2644 tum
355 2625 369 2642 a
381 2614 498 2650 quodam
512 2608 669 2638 excellentis
682 2602 785 2638 ingenii
797 2599 982 2632 doctrinaeque
998 2595 1067 2625 viro.

287 2665 362 2692 nobis
372 2662 464 2689 itidem
478 2658 578 2687 amico,
589 2661 649 2683 mox
663 2661 677 2679 a
688 2655 776 2679 morte
785 2646 867 2684 paulo
881 2648 977 2672 tactam
992 2641 1070 2669 incle-

288 2690 415 2742 mentius,
445 2708 534 2735 doleo.
553 2705 585 2731 Et
601 2702 701 2730 ibidem
717 2697 869 2725 Sambucus
884 2690 999 2726 margini
1020 2697 1068 2715 no-

287 2767 349 2786 men
368 2736 429 2788 Sua,
449 2754 482 2781 ad
501 2749 686 2778 Saxobaniam
715 2742 843 2777 aseripsit
860 2747 868 2767 :
883 2745 939 2774 quo
963 2736 1067 2771 signiti-

281 2814 349 2833 ’ρει-θ
367 2802 461 2833 voluit,
478 2802 548 2827 hanc
561 2804 576 2822 a
593 2794 679 2821 Sosiis
697 2792 753 2818 sive
780 2787 883 2816 Sasziis
902 2786 941 2812 sic
956 2783 1068 2809 dictam.

286 2855 386 2882 Notum
403 2857 477 2879 vero,
495 2845 618 2871 Saxones
631 2849 645 2866 ιι
660 2836 817 2866 Germanis,
832 2839 900 2868 quos
914 2829 1071 2864 superiores

289 2903 397 2931 meant,
411 2897 448 2922 ita
459 2889 594 2920 nominari
611 2895 618 2913 :
636 2892 697 2912 cum
714 2884 764 2918 ipsi
789 2880 902 2916 patriam
918 2882 997 2903 suam
1011 2874 1072 2899 Sas—

290 2948 369 2975 εεςιηι,
385 2923 467 2973 έριιιιε
484 2931 768 2964 ενιιςεὶοεέίτιιὶίεείιρτιι.
786 2927 833 2953 llis
849 2923 993 2958 conjunge,
1012 2926 1072 2954 qua:

1114 2314 1222 2341 Turciaa
1233 2313 1331 2339 vicina.
1343 2310 1448 2344 Quibus
1461 2307 1553 2335 verbis
1565 2305 1668 2332 ultimis
1681 2303 1773 2331 Cralcs
1786 2301 1898 2329 Turcite

1115 2357 1384 2396 signiticatUngariae
1401 2362 1501 2389 regem.
1517 2353 1623 2387 Saepius
1643 2351 1715 2378 enim
1735 2348 1832 2384 repetit
1845 2348 1898 2375 Ce-

1116 2394 1221 2436 drinus.
1238 2404 1332 2431 Unnos
1350 2408 1376 2430 et
1395 2401 1499 2435 Ungros
1510 2399 1563 2427 dici
1578 2397 1693 2424 Turcos.
1711 2395 1782 2422 Idem
1800 2394 1851 2421 hos
1871 2394 1898 2420 in

1117 2452 1255 2480 Pannonia
1269 2449 1372 2477 Turcos
1390 2445 1570 2474 occidentales
1582 2443 1713 2472 discernit
1726 2449 1740 2468 a
1755 2440 1854 2475 positis
1874 2441 1900 2465 in

1119 2499 1216 2526 vicinia
1240 2498 1382 2524 Persarum
1404 2493 1501 2520 Turcis
1525 2489 1717 2518 orientalibus.
1739 2487 1771 2513 Et
1800 2486 1902 2512 Turcia

1119 2545 1207 2573 Persis
1232 2542 1366 2576 hodieque
1395 2540 1522 2568 dicuntur
1547 2536 1682 2570 Mogores,
1700 2533 1772 2568 quod
1798 2538 1902 2559 nomen

1120 2591 1191 2627 genti
1205 2598 1261 2618 suis
1274 2596 1346 2616 nunc
1363 2587 1444 2614 etiam
1459 2585 1582 2612 tribuunt
1598 2581 1709 2615 Ungari,
1728 2581 1800 2606 sicut
1815 2577 1902 2612 Egin—

1121 2623 1215 2665 iiartus
1239 2642 1349 2671 quoque
1379 2631 1473 2660 Karuli
1501 2628 1590 2664 Magni
1625 2633 1747 2661 tempore
1778 2623 1905 2657 scripsit.

1120 2683 1203 2720 ω
1222 2682 1310 2716 Ugros
1327 2680 1369 2707 vel
1392 2678 1497 2713 Ungros
1513 2681 1540 2703 et
1565 2674 1687 2708 Magores
1701 2671 1813 2699 eosdem
1830 2677 1906 2696 esse.

1124 2716 1198 2758 lio-ta
1209 2737 1259 2756 vox
1275 2727 1457 2762 Ungarorum,
1481 2722 1599 2758 Maggior
1620 2719 1724 2747 mudra.
1740 2717 1792 2744 Sed
1811 2716 1909 2743 redea-

1125 2785 1186 2805 mus
1204 2776 1237 2803 ad
1265 2774 1412 2802 Moravam.
1437 2769 1576 2798 chfratus
1594 2766 1729 2794 Moravam
1754 2763 1819 2790 olitn
1847 2760 1908 2788 Mo-

1124 2824 1219 2851 echum
1244 2820 1327 2847 fuisse
1360 2817 1528 2845 nominatum
1550 2818 1636 2849 putat.
1667 2809 1790 2838 Meminit
1814 2812 1910 2835 autem

1127 2867 1272 2898 Laonicus,
1282 2864 1403 2899 sepultos
1416 2862 1501 2888 fuisse
1510 2859 1627 2889 Turcos,
1639 2857 1691 2883 hoc
1703 2855 1795 2890 praelia
1808 2860 1910 2883 ctesos,

1126 2915 1159 2942 ad
1175 2914 1260 2947 ripam
1276 2911 1389 2939 Morava:
1405 2906 1535 2936 fluminis.
1549 2902 1687 2932 Bonlinius
1716 2907 1781 2929 vero
1813 2906 1911 2934 proce-
