1963 3067
134 223 177 242 tes
196 215 233 242 ait
249 215 346 244 ibidem
375 218 508 253 sepultos,
533 221 670 255 gregarios
694 223 720 249 in
739 225 915 258 profluentem

135 261 300 288 Schitnizam
323 263 473 298 conjretos.
501 265 569 292 [line
597 275 690 301 parcre
703 269 820 301 videtur,
841 271 911 298 idem

134 314 194 333 esse
218 308 329 340 lluinen,
358 308 523 338 Schitnizam
553 317 581 339 ct
600 313 746 341 Moravam.
772 314 824 343 Sed
850 324 914 344 cum

132 353 256 387 equidem
281 356 418 382 recordari
440 358 544 390 videar,
572 361 683 388 comites
715 365 822 388 nostros
850 363 914 390 istic

132 407 215 426 unum
227 399 364 427 Moravam
376 403 531 430 nominasse
545 412 552 430 :
571 410 653 432 restat
665 407 913 441 utcunclndamus,

133 445 299 472 Schitnizam
313 447 443 480 hactenus
458 455 620 477 conservato
636 453 755 484 nomine,
770 459 911 489 postquam

131 500 160 518 se
176 493 291 519 Morava:
301 494 422 526 miscuit,
437 495 539 522 amisso
549 497 630 529 priori
642 499 772 526 vocabulo
782 500 912 535 deinceps

130 539 190 565 solo
205 538 320 565 Morava!
339 541 450 567 nomine
466 543 583 575 censeri,
601 543 686 571 donec
700 545 735 571 ita
748 547 911 580 conjunctus

131 589 244 618 uterque
256 584 354 616 fluvius
371 586 398 612 in
410 585 561 614 Danubium
579 589 696 616 labatur.
713 591 823 618 Memini
840 594 910 620 vado

131 637 181 656 nos
205 631 320 657 transire
350 631 497 665 Moravam,
518 641 614 667 magna
645 637 778 663 mensium
808 638 910 672 aliquot

128 675 250 702 siccitate
265 677 410 710 plurimum
429 679 578 708 deminutis
594 681 653 715 ejus
668 683 746 716 aquis
764 693 770 709 :
787 684 833 711 sed
845 692 911 711 nus-

129 729 210 755 quam
242 723 276 749 ab
291 723 330 750 eis
345 723 440 752 incolis
454 725 603 758 Schitniza,
622 729 722 763 ubique
735 729 842 757 Morava
862 738 910 757 no—

129 767 293 802 minabatur,
325 775 419 796 eontra
439 770 594 806 interpretis
618 773 711 801 Gallici
739 776 907 810 opinionem.

130 834 193 861 ηδ.
210 833 286 861 It'ert's
300 834 355 869 bay.
370 835 481 870 Cergoni
495 838 547 864 sire
564 838 761 874 Chrysonicum,
778 840 908 869 Αηηιοιίιε

449 880 580 900 ηιοηιωιιι

161 924 264 966 Nomen
293 926 445 962 beglerhegi
465 927 615 961 Romanis},
633 931 679 964 qui
700 931 844 966 Gergonim
862 941 905 959 ar-

126 979 184 1004 cem
196 973 236 999 \‘cl
250 961 379 1008 oppidum
397 961 769 1009 instaurarejussu-Muratis
780 980 905 1012 debebat,

126 1017 245 1044 Annales
274 1019 323 1052 ipsi
343 1027 396 1045 non
421 1025 623 1054 expresserunt.
646 1021 786 1050 Bonlinius
813 1029 904 1051 autem

125 1063 245 1097 scripsit,
257 1064 328 1091 hunc
344 1066 506 1099 appellatum
521 1066 605 1094 fuisse
619 1067 819 1102 Frigibechum,
832 1072 904 1104 quod

125 1108 216 1136 Italica
244 1113 463 1145 pronuntiatione
482 1115 649 1141 tantumdem
675 1116 755 1147 valet,
770 1124 801 1144 ac
819 1116 904 1144 Frisi-

125 1154 185 1189 beg.
201 1154 280 1182 Turci
297 1156 380 1184 Ferisi
396 1158 456 1193 bcg,
474 1165 520 1186 aut
535 1159 612 1187 Fcris
624 1160 674 1195 beg
688 1162 840 1189 enuntiant.
852 1162 905 1190 Re-

124 1202 227 1235 peritur
247 1203 320 1229 enim
344 1205 471 1238 superius
488 1206 539 1232 tale
555 1207 613 1241 begi
631 1208 774 1241 cujusdam
789 1210 903 1236 alterius

123 1254 232 1279 nomen,
249 1249 325 1275 initio
343 1250 402 1277 vita:
427 1250 550 1283 Bajasilis
568 1252 657 1286 primi,
671 1254 717 1286 qui
745 1262 903 1289 progressus

122 1300 182 1318 cum
196 1294 280 1327 copiis
295 1296 327 1321 ad
345 1295 495 1323 Danubium
515 1305 610 1332 usque.
628 1300 733 1332 primus
750 1301 812 1327 istic
829 1299 903 1327 Vidi-

121 1346 184 1365 nam
207 1347 355 1374 occupasse
366 1342 500 1369 'traditur.
516 1343 647 1378 Oppidum
674 1345 788 1380 Gergoni
805 1346 902 1374 Turcis

121 1385 233 1417 dictum,
263 1386 402 1416 Bonﬁnius
422 1389 622 1424 Chrysonicum
648 1393 782 1419 nominat.
812 1392 899 1420 Situm

120 1432 201 1458 estin
224 1431 344 1460 Roxiana
361 1435 417 1461 sive
443 1435 574 1462 Rosciana
598 1437 762 1465 Serrianave
779 1441 898 1474 regione,

119 1478 151 1502 ad
168 1476 306 1505 Moravam
320 1479 441 1507 ﬂuvium.
459 1483 592 1509 Anatolius
610 1489 738 1511 montana
754 1483 835 1511 Turci
853 1493 899 1512 vo-

119 1527 182 1549 cant
196 1524 247 1551 hoc
263 1526 333 1557 loco,
352 1527 424 1554 sicut
454 1518 519 1554 alibi
534 1537 642 1563 quoque
654 1531 764 1564 sarpius,
780 1537 897 1558 montem

118 1568 275 1604 Olympum,
293 1571 348 1598 sive
363 1572 569 1606 Calogerorum,
597 1575 623 1601 in
643 1574 779 1610 Bithynia,
812 1585 896 1612 prope
910 1589 932 1620 ο

118 1614 254 1642 civitatem
278 1616 392 1644 Prusam
412 1628 418 1645 :
435 1619 468 1646 de
486 1627 539 1654 quo
566 1620 665 1648 dictum
691 1628 779 1654 antea,
808 1624 894 1658 capite

116 1665 242 1688 notarum
260 1663 304 1689 Π.

116 1727 178 1756 126.
192 1729 500 1774 Beliyraduntnlliauia',
517 1733 692 1774 Grua,jlijoo,
704 1737 788 1769 Crow.
804 1739 894 1774 Crojn,

184 1766 334 1800 principum
354 1767 529 1799 Crojanorum
547 1770 574 1796 in
599 1766 691 1806 Belgio
707 1766 822 1806 familia.

151 1823 225 1850 Idem
237 1831 300 1851 cum
316 1825 458 1859 superiori,
475 1827 507 1853 ad
529 1826 591 1855 Savi
606 1828 775 1866 Daunbiique
791 1835 894 1861 contin-

112 1873 190 1896 cntes
205 1869 259 1896 sito
274 1870 403 1905 Belgrado
417 1871 528 1905 Serviat,
549 1881 646 1901 nomen
663 1876 743 1905 habet
771 1878 822 1907 hoc
847 1882 893 1907 Αἰ-

112 1913 200 1941 bania:
215 1913 256 1941 vel
273 1915 399 1942 Arbanize
414 1916 496 1950 (sicut
516 1918 612 1953 vulgus
626 1919 784 1950 Graecorum
803 1927 890 1960 vocat)

114 1957 298 1994 Beligradum,
329 1960 380 1988 hoc
395 1966 446 1994 est,
463 1969 510 1988 arx
527 1963 598 1991 alba.
615 1964 720 2000 Quippe
745 1957 890 2003 conjuncta

109 2011 173 2030 cum
201 2005 300 2038 oppido
328 2013 376 2033 arx
391 2011 444 2038 est,
464 2015 524 2041 quae
541 2017 557 2036 ιι
586 2008 697 2044 Valona,
715 2013 889 2044 celeberrima

107 2055 183 2076 nunc
206 2050 287 2078 etiam
313 2050 386 2085 Epiri
403 2051 513 2080 civitate
540 2053 606 2089 (Leo
630 2056 778 2090 imperator
806 2061 890 2088 Aulo-

109 2094 194 2126 niam,
206 2100 308 2124 veteres
323 2097 454 2125 Aulonem
470 2099 623 2136 dixerunt),
633 2103 713 2131 unius
732 2105 827 2133 itinere
836 2109 887 2135 diei

107 2139 203 2166 distat.
231 2140 366 2169 Caeterum
393 2144 564 2173 dissimulare
591 2156 645 2174 nou
668 2149 764 2182 debeo,
783 2153 884 2181 nullam

106 2184 214 2212 obsessi
234 2193 249 2213 a
267 2186 373 2215 Murate
405 2190 487 2223 paulo
518 2196 581 2219 ante
608 2199 723 2223 mortem
750 2196 885 2233 Beligradi

106 2231 274 2258 mentionem
288 2234 410 2267 reperiri,
427 2235 468 2263 vel
484 2237 555 2272 apud
571 2237 717 2268 Mai-tinum
739 2231 883 2272 Barleﬁtium
899 2254 926 2284 ι)

104 2277 296 2311 Scodrensem,
312 2288 402 2307 rerum
416 2289 431 2308 a
446 2281 635 2321 Scanderbego
649 2294 785 2321 gestarum
797 2299 884 2326 scrip-

103 2328 204 2355 torem,
230 2325 273 2351 vel
297 2327 368 2360 apud
393 2328 555 2362 Boulinium,
581 2333 622 2358 vel
639 2332 794 2362 Geul'razum
811 2346 817 2363 :
834 2325 882 2365 sed

101 2368 240 2396 obsidium
251 2369 338 2404 Croja:
351 2371 483 2400 duntaxat
493 2374 528 2400 ab
542 2375 582 2402 his
593 2379 701 2411 exponi,
714 2388 794 2414 quam
807 2383 880 2415 prius

100 2414 183 2440 etiam
200 2421 277 2449 capto
295 2416 422 2445 Cotziaco
441 2420 498 2446 sive
512 2419 599 2453 Getia,
616 2428 732 2458 quatuor
752 2414 814 2454 ante
829 2429 880 2456 hoc

98 2463 207 2492 tempus
224 2460 314 2493 annis,
331 2462 410 2490 irrito
423 2470 521 2491 conatu
539 2471 691 2496 tcnlaverat
705 2479 711 2496 :
729 2476 758 2498 ut
771 2475 880 2508 scripsit

96 2502 246 2536 Laouicns,
263 2506 309 2540 qui
327 2507 425 2534 Cruam
445 2511 578 2544 nominat,
600 2514 693 2540 urbem
710 2515 876 2548 Albanorum

97 2551 270 2585 primariam.
294 2552 403 2580 Novella
428 2554 528 2583 Leonis
546 2557 670 2592 Augusti,
698 2570 778 2595 quam
797 2566 876 2593 toties

93 2595 225 2628 citamus,
247 2598 442 2626 velutalteram
454 2603 597 2635 quamdam
615 2605 721 2639 imperii
738 2609 875 2638 Constan-

92 2641 268 2676 tinopolitani
296 2646 430 2677 notitiam.
453 2654 568 2676 numero
591 2652 772 2683 multitudinis
790 2657 874 2686 Croas

90 2688 223 2722 appellat,
235 2694 260 2716 et
277 2690 371 2717 harum
387 2692 540 2729 episcopum
553 2696 738 2731 Dyrrhachino
754 2702 873 2737 subjicit.

90 2734 167 2759 Idem
180 2734 204 2760 ei
219 2743 314 2762 nomen
326 2741 369 2764 est
377 2739 447 2772 apud
461 2745 601 2773 praetorem
613 2743 725 2772 Grzeciaz
737 2753 872 2777 nostrmn.

88 2777 230 2806 Barletius
247 2779 355 2815 Crojam
371 2788 459 2815 vocat,
476 2784 556 2820 idque
571 2795 668 2815 nomen
698 2790 871 2826 Epirotarum

87 2823 184 2858 lingua
199 2823 298 2853 [ornem
322 2828 476 2863 signiﬁcare
492 2831 556 2859 dicit
572 2841 578 2858 :
596 2836 666 2867 quod
685 2823 753 2864 int-ra
781 2841 870 2867 muni-

86 2871 196 2897 tionem
211 2871 282 2906 jugis
296 2881 371 2908 aquat-
386 2877 473 2904 fontes
490 2878 554 2905 sint.
569 2879 673 2910 Primus
687 2883 756 2912 hanc
776 2885 866 2914 Mura-

712 165 908 198 PANDECTE
930 169 1028 201 HiST.
1050 171 1198 203 TURCIC.

1697 181 1748 212 814

931 231 952 259 Α
968 234 1007 255 tes
1033 230 1072 258 his
1092 231 1207 264 obsedit,
1227 240 1281 267 quo
1304 233 1336 261 de
1353 242 1425 262 nunc
1441 236 1569 270 agimus:
1586 242 1612 265 et
1634 247 1695 266 cum
1717 248 1747 266 ra

966 276 1046 310 potiri
1061 279 1177 304 secunda
1205 280 1410 314 olipugnatione
1431 289 1483 309 non
1503 288 1604 316 posset,
1630 285 1655 311 in
1674 293 1747 311 mor-

965 322 1027 350 bum
1057 323 1181 351 lethalem
1204 333 1259 360 prae
1290 326 1474 362 indignatione
1503 326 1606 362 [al-sus,
1622 330 1743 358 rabidam

964 370 1238 398 exhalavitanimam.
1251 372 1374 400 Imitatus
1387 379 1428 401 est
1440 379 1543 409 patrem
1558 378 1743 410 persequendo

963 414 1107 448 Castriote,
1121 418 1295 452 vexandaqne
1306 419 1399 453 Croja,
1414 421 1595 449 lliuchemetes
1606 424 1743 450 secundus

965 461 1054 489 ‘ilius:
1071 463 1115 497 qni
1129 465 1265 491 continuis
1277 466 1475 494 munitionibus
1493 468 1612 502 undique
1624 469 1745 498 circnm-

962 507 1062 542 datam,
1074 514 1100 535 ct
1114 511 1266 538 arctissime
1275 512 1407 545 clausam,
1418 521 1515 548 capere
1529 519 1622 542 tamen
1631 523 1685 543 non
1697 524 1744 550 po-

963 555 1024 586 tuit,
1038 555 1243 592 Scanderbcgus
1261 561 1369 586 tandem
1384 566 1482 594 sponte
1498 561 1608 590 Venetis
1620 570 1679 590 eam
1694 564 1745 589 d0-

962 603 1038 628 navit
1054 608 1116 629 ante
1131 609 1256 635 "mrtem.
1283 614 1317 633 ne
1333 611 1416 634 tanta:
1441 609 1597 641 reipublicae
1614 610 1745 638 destituta

962 647 1099 680 przcsidio,
1115 649 1268 678 Turcorum
1297 652 1324 678 in
1358 661 1454 680 nianus
1472 663 1532 681 mox
1558 663 1572 682 a
1592 660 1678 682 morte
1695 657 1744 683 de-

962 693 1079 721 fensoris
1096 697 1210 724 veniret.
1230 696 1324 725 Obiter
1339 700 1389 726 hoc
1404 699 1542 733 adjicitur,
1555 703 1588 728 ab
1600 702 1649 729 hac
1662 702 1744 738 Croja

961 747 1057 767 norncn
1072 742 1167 770 tulisse
1186 745 1374 773 nobilissimos
1390 746 1474 781 Belgii
1496 755 1623 782 proceres
1645 748 1741 784 Croja-

961 794 1020 816 nos.
1040 788 1086 821 qui
1109 789 1218 824 Crojam
1235 792 1383 826 aliquando
1399 794 1554 827 possedisse
1571 795 1714 822 traduntur
1732 805 1738 823 :

960 833 1029 859 sicut
1043 834 1181 862 iniisdem
1196 837 1316 864 Albania:
1330 839 1397 866 locis
1418 844 1445 866 et
1461 839 1618 868 Karlovitzii
1639 841 1739 875 princi-

960 880 1132 915 pes,origiuc
1146 881 1225 913 Galli.
1241 883 1274 910 de
1286 885 1384 918 quibus
1395 885 1497 913 dictum
1511 887 1597 921 capite
1611 887 1657 919 46,
1671 887 1738 923 Dyt-

922 913 943 941 3
959 925 1099 953 rhachium
1113 935 1163 955 suo
1173 936 1235 955 cum
1251 938 1316 965 agro
1331 936 1493 960 tenuerunt:
1511 938 1537 960 et
1547 933 1656 961 Achaiae
1666 935 1741 967 prin-

957 971 1032 1005 cipes
1048 972 1074 999 in
1100 975 1194 1001 eadem
1210 976 1310 1002 vicinia
1339 985 1430 1004 rerum
1457 978 1603 1013 aliquando
1628 980 1738 1007 fuerunt

956 1017 1046 1050 potiti,
1060 1018 1318 1049 Sabandosaxouica
1344 1024 1400 1049 nati
1417 1023 1529 1051 familia.
1548 1024 1586 1052 Ex
1612 1025 1738 1059 Crojanis

956 1063 1057 1097 regulis
1072 1071 1184 1092 summa:
1211 1066 1264 1094 fuit
1280 1070 1451 1099 auctoritatis
1475 1072 1545 1105 apud
1566 1072 1697 1101 Karulum
1717 1073 1737 1098 V

956 1109 1110 1144 Augustum
1141 1111 1305 1146 Hadrianus,
1337 1115 1441 1143 Chiurii
1469 1117 1607 1144 dominus.
1635 1117 1735 1144 Eadem

952 1155 1044 1183 editus
1060 1161 1141 1190 gente
1157 1157 1208 1197 fuit
1234 1160 1370 1189 Antonius
1397 1163 1523 1197 princeps
1543 1163 1688 1192 Portinnus
1709 1166 1735 1194 iu

954 1201 1051 1229 Gallia.
1082 1196 1178 1231 Nunc'
1190 1206 1263 1240 apud
1291 1196 1574 1244 Belgasrsnperstites
1591 1217 1655 1240 sunt
1681 1212 1735 1240 duo

954 1248 1064 1279 fratres,
1081 1252 1135 1277 dux
1153 1252 1347 1287 Arescotanus,
1366 1260 1393 1281 et
1411 1255 1583 1285 Haurecbius
1599 1261 1733 1291 nim-chio.

953 1302 1014 1320 cnm
1027 1296 1151 1330 principe
1166 1297 1288 1325 Chimzco
1306 1300 1468 1328 Aroscotaui
1481 1302 1546 1329 ﬁlio.

953 1353 1014 1380 127.
1034 1353 1139 1387 Celata,
1166 1355 1257 1398 Ceras!z
1274 1357 1355 1398 Sinus
1369 1358 1517 1392 Cerutinus,
1538 1361 1618 1395 Pera,
1634 1363 1719 1398 Syra},

1237 1391 1319 1420 Scala
1337 1394 1445 1427 Syceua.

987 1433 1057 1462 Urbs
1071 1435 1164 1462 Galata
1178 1437 1260 1471 vulgo
1272 1439 1352 1466 etiam
1364 1445 1427 1467 nota
1439 1447 1491 1474 est,
1504 1450 1519 1469 e
1535 1443 1645 1478 regione
1661 1444 1732 1472 Con-

949 1481 1164 1514 stantimipoleos
1183 1483 1247 1517 sita,
1263 1489 1339 1512 trans
1355 1486 1457 1519 sinum,
1483 1496 1565 1523 quem
1575 1489 1658 1518 Ceras
1674 1492 1732 1519 sive

949 1523 1051 1556 Cornu,
1062 1524 1088 1551 et
1099 1527 1255 1555 Ceratinum
1270 1529 1328 1557 sive
1350 1530 1511 1565 Cornutum,
1525 1538 1631 1563 veteres
1647 1538 1729 1564 etiam

950 1577 1081 1599 vocarunt
1097 1582 1103 1598 :
1121 1575 1194 1608 quod
1213 1575 1299 1603 instar
1317 1585 1400 1605 cornu
1427 1581 1530 1608 cervini
1557 1583 1670 1617 sparsim
1687 1592 1731 1611 ra-

948 1618 1001 1643 mis
1014 1619 1092 1652 quasi
1103 1620 1267 1653 quibusdam
1278 1623 1356 1651 littus
1373 1630 1520 1661 utrumque
1535 1630 1726 1664 atnplcctatur.

948 1661 1023 1689 Patet
1038 1663 1064 1689 in
1086 1666 1188 1692 ambitu
1208 1672 1281 1696 totus
1295 1670 1338 1696 hic
1355 1672 1433 1700 sinus
1446 1661 1607 1704 milliaride
1625 1677 1727 1707 Graecia

947 1709 1051 1742 viginti.
1073 1711 1183 1740 Galatas
1201 1714 1281 1742 hodie
1309 1721 1433 1746 masculo
1451 1729 1550 1756 genere
1563 1723 1665 1753 Graecis
1687 1727 1728 1754 ef-

946 1755 1041 1787 fertur,
1058 1758 1129 1784 sicut
1144 1764 1170 1786 et
1188 1763 1295 1793 praetori
1313 1763 1426 1792 Graecia:
1444 1755 1548 1802 nostro,
1576 1772 1621 1804 qni
1638 1772 1727 1799 Phru-

945 1802 1004 1828 rion
1029 1803 1087 1830 sive
1109 1806 1249 1834 castellum
1268 1814 1357 1837 vocat.
1374 1811 1474 1841 Eadem
1490 1820 1516 1841 et
1535 1802 1601 1843 Pera
1617 1818 1722 1846 dicitur

943 1851 970 1873 ιιι
988 1847 1075 1876 Peraea
1088 1850 1188 1880 Niceten
1204 1853 1348 1889 historico,
1361 1859 1432 1892 quod
1449 1861 1518 1888 ultra
1533 1863 1623 1890 sinum
1636 1867 1724 1899 posita

943 1893 988 1920 sit.
1001 1894 1112 1922 Veteres
1127 1898 1162 1924 ab
1172 1899 1300 1928 arborum
1313 1902 1379 1930 ficos
1391 1904 1535 1934 ferentium
1550 1893 1723 1946 455.com:

943 1939 1026 1974 Sycas
1039 1944 1298 1981 nominabant,qu
1314 1956 1365 1979 vox
1377 1951 1447 1984 apud
1463 1952 1599 1982 Zosimnm
1613 1965 1725 1992 quoque

942 1991 1062 2015 nostrum
1093 1989 1200 2024 legitur.
1219 1991 1356 2028 Xylander
1379 1999 1449 2032 apud
1474 1989 1630 2030 Cedrinum-
1655 1989 1723 2032 ﬁcus

942 2033 1142 2069 interpretatur,
1160 2042 1187 2065 et
1211 2040 1372 2069 suburbium
1398 2053 1459 2072 esse
1484 2047 1550 2074 dicit
1568 2049 1690 2084 Byzantii
1710 2061 1718 2078 :

941 2086 1001 2105 cum
1027 2083 1116 2108 tamen
1133 2084 1295 2113 intermedio
1315 2089 1382 2116 mari
1396 2090 1431 2117 ab
1446 2094 1516 2119 urbe
1536 2083 1719 2130 disjungatur.

940 2123 996 2157 Qua
1012 2125 1248 2165 Constantinopoli
1273 2133 1395 2162 Galatam
1414 2123 1593 2174 transjicitur.
1612 2123 1720 2171 52am.

938 2169 1070 2203 Sycenam
1097 2175 1174 2209 ponit
1201 2182 1282 2205 vetus
1311 2169 1720 2222 urbis.Consiantinopolitanzc

937 2216 1097 2253 descriptio,
1121 2230 1181 2256 qua:
1208 2223 1279 2252 libro
1307 2226 1414 2256 Notitiaa
1452 2216 1602 2267 utriusque
1621 2236 1717 2271 imperi

937 2263 1042 2297 adjecta
1059 2271 1100 2293 est
1121 2276 1127 2294 :
1155 2273 1182 2295 et
1208 2271 1309 2298 scalam
1333 2274 1361 2300 in
1388 2275 1534 2306 Portolnno
1550 2263 1606 2308 suo
1631 2263 1717 2311 Grani

934 2309 1068 2345 hodieque
1085 2312 1179 2341 dicunt
1194 2323 1256 2343 eum
1275 2319 1375 2352 locum,
1397 2330 1453 2355 quo
1470 2332 1552 2353 naves
1567 2309 1709 2362 appellunt

932 2359 961 2381 et
983 2356 1028 2383 ubi
1051 2361 1236 2403 cxscenditur.
1253 2362 1323 2391 Usus
1335 2372 1377 2393 est
1392 2367 1442 2395 hac
1458 2377 1522 2397 voce
1538 2372 1672 2402 Cedrinus
1688 2376 1717 2404 in

932 2399 1113 2437 Copronymo,
1125 2399 1191 2433 cum
1208 2416 1308 2442 narrat,
1328 2419 1411 2438 unum
1426 2415 1521 2448 glaciei
1534 2417 1715 2452 fragmentum

932 2453 991 2473 cum
1012 2448 1113 2483 impetu
1126 2451 1243 2481 delatum
1261 2461 1288 2482 et
1305 2458 1452 2492 impactum
1469 2462 1495 2489 in
1515 2448 1615 2493 scalam
1629 2470 1715 2495 Acro-

930 2493 1033 2525 pnleos.
1053 2495 1078 2522 id
1099 2502 1139 2523 est
1168 2500 1241 2527 arcis
1258 2501 1422 2545 Byzantium)
1437 2507 1470 2533 de
1485 2516 1536 2542 qua
1552 2512 1640 2545 capite
1653 2514 1713 2547 159,

929 2545 990 2564 eam
1005 2542 1209 2572 comminuisse.
1229 2545 1357 2577 Latitndo
1379 2542 1455 2579 sinus
1472 2553 1542 2582 inter
1565 2557 1634 2585 hanc
1654 2567 1714 2586 sca—

929 2583 982 2610 lam
1000 2590 1028 2612 et
1042 2588 1171 2621 oppidum
1195 2590 1330 2626 Galatam,
1357 2597 1396 2623 vel
1413 2598 1484 2626 inter
1502 2603 1597 2630 ambas
1621 2607 1712 2639 potius

929 2630 1028 2664 scalas,
1044 2639 1059 2658 θ
1072 2634 1183 2669 regione
1199 2639 1312 2672 positas,
1329 2642 1361 2668 ad
1372 2651 1472 2677 passus
1486 2647 1538 2674 500
1553 2630 1636 2684 patetr.
1659 2652 1713 2679 Ga-

928 2675 983 2704 lata
995 2676 1180 2708 Genuensium
1197 2684 1305 2712 colonia
1329 2675 1382 2721 est,
1406 2691 1487 2719 etiam
1511 2675 1591 2723 hodie
1612 2699 1710 2730 majori

925 2729 957 2749 ex
980 2728 1057 2757 parte
1081 2734 1095 2753 a
1113 2727 1277 2757 Christianis
1291 2732 1454 2772 inhabitata,
1469 2743 1618 2774 praesertim
1634 2727 1709 2772 more

924 2769 1074 2798 caloribus.
