1963 3067
242 166 296 195 8Σῦ

834 171 997 202 JO;\NNIS
1015 169 1248 200 LEUNCLAVII

1805 173 1857 204 816

246 225 307 251 12H.
324 224 495 263 Nemean-ou,
509 226 725 263 fluuit-(iuriam,
737 229 842 256 Anulult
854 229 1031 256 (Μίδαι-αἷσι
1047 236 1067 260 Α
1083 233 1191 262 gustum
1211 227 1292 254 maris
1321 234 1452 261 meatum,
1480 234 1590 263 propter
1612 229 1807 257 monasterium
1838 236 1863 256 rt

280 261 382 299 slcllltm
402 261 504 299 ζιριΙιεδ,
521 262 616 299 nrres
631 264 888 299 nigra'LIIerma'um
904 273 1027 299 proniori-

280 297 388 334 loritm_t,
403 295 514 328 Lrt'mus,
531 295 707 334 Lautmropla,
721 298 832 334 Bogazi,
851 295 950 333 Bogjuzi
962 300 1026 325 (ΣΙιί-

285 339 340 360 sm‘,
353 330 496 369 Bosporus:
526 330 667 369 Βναιξίιίιιύι
697 333 725 360 S.
742 330 863 369 G'eorgii:
883 330 952 362 Loca
974 334 1027 361 Bo-

277 373 390 402 :pomna
406 367 607 402 taiitEuropa‘i,
633 376 713 402 quam
731 367 843 396 Asiatici
871 371 986 402 ltlloria,
1010 379 1026 396 η

276 400 505 437 Constantinopoli
521 400 601 436 uique
618 400 651 428 ηἰι
673 404 774 431 Euxini
805 407 886 432 maris
916 400 1024 437 ostium,

277 435 400 469 Cyanee,
419 435 617 472 Symplegades,
631 437 762 466 Planclw.

274 503 371 530 Arcem
406 503 634 539 munitissimam,
666 515 746 540 quam
778 515 792 534 a
826 512 902 542 tergo
923 507 1026 536 Galatae

239 548 424 577 Muchemetes
438 551 472 583 II,
487 551 520 578 ad
538 560 623 584 mare,
641 554 666 579 id
696 559 748 586 est,
777 555 808 581 ad
831 555 981 589 Bosporum
1011 563 1026 582 e

239 596 305 622 tnari
336 595 442 623 Euxino
482 597 673 632 proﬂuentem,
701 601 855 627 condidisse
877 606 1023 633 narratur;

238 642 325 669 Graaci
340 642 520 673 Ncocastron.
538 646 589 671 hoc
603 650 655 676 est,
679 650 799 672 castrum
816 654 914 674 novum
942 655 1026 674 voea-

239 695 312 720 ruut,
329 694 395 716 utet
414 690 496 716 Turci
509 690 575 718 Geni
592 691 701 723 Chisar,
715 693 794 727 cujus
811 698 839 720 et
853 701 936 727 supra
952 702 1026 720 mett—

238 735 277 761 tio
295 734 365 761 facta
379 735 470 769 capite
482 740 608 764 notarum
634 737 694 764 112.
722 738 806 765 Iidetn
835 742 922 765 tamen
946 740 1026 767 nobis

237 781 320 808 etiam
333 780 443 809 Bumeli
457 781 556 809 Chisar
571 783 703 817 appellari
734 784 872 817 dicebant,
895 792 956 811 cum
976 785 1026 813 hac

239 828 503 862 praeterveheremur
516 829 549 856 ad
567 828 683 856 Pontum
700 830 846 863 Euxinum,
877 831 950 866 quod
980 840 1023 858 ar-

240 883 299 902 rem
315 874 454 902 Romaniae
469 875 510 902 vel
528 875 643 910 Europa:
660 876 812 910 signiﬁcat:
825 878 897 905 sicut
911 879 1024 905 alterant

239 922 304 948 huic
318 922 472 956 oppositam
486 922 514 949 in
535 922 655 951 Asiatico
677 923 778 956 littore,
794 932 868 951 nunc
883 925 1024 952 ruinosatn

237 968 354 996 Anadoli
369 968 477 1000 Cliisar,
497 968 524 995 id
549 973 601 1001 est,
617 976 708 996 arcem
733 969 868 998 Anatolie
883 971 924 998 vel
950 971 1023 999 Asiae

239 1016 444 1051 nuncupabant.
472 1014 642 1043 Neoeastron
670 1017 768 1051 vulgus
814 1018 1023 1045 occidentalium

236 1060 467 1094 Christianorum,
483 1063 634 1096 prmsertim
650 1062 793 1094 Germani.
809 1063 910 1091 Turres
933 1065 1024 1099 nigras

236 1108 345 1135 dicunt.
362 1107 449 1135 Abest
463 1115 478 1134 a
492 1107 731 1143 Constantinopoli
750 1109 784 1136 ad
800 1118 885 1137 utmtn
909 1111 1024 1138 milliare

235 1153 324 1187 majus
337 1153 546 1186 Germanicum,
562 1154 639 1181 locus
660 1162 727 1182 sane
740 1156 873 1188 munitus,
909 1163 936 1184 et
969 1157 1024 1184 for-

235 1199 373 1227 midabilis
393 1199 541 1227 admodum
570 1201 679 1228 miseris
707 1201 846 1236 captivis,
873 1204 1022 1238 praesertim

235 1247 362 1274 lautioris
374 1246 511 1274 fortunae:
525 1248 572 1282 qui
588 1248 638 1275 Itos
655 1248 725 1274 intra
740 1256 865 1276 carceres
889 1251 1022 1282 conclusi,

235 1299 377 1326 utinquam
408 1291 464 1318 fere
499 1292 654 1319 libertatem
692 1293 849 1328 rccipiunt:
878 1303 964 1330 eaque
991 1297 1024 1323 de

235 1344 317 1363 causa
349 1336 490 1363 castellum
521 1336 574 1364 hoc
599 1336 698 1364 Lethes
725 1339 764 1365 vel
790 1339 934 1368 oblivionis
957 1341 1021 1368 olitn

235 1389 344 1414 quoque
375 1386 500 1409 vocatum
530 1387 606 1417 puto,
624 1383 702 1417 cujus
718 1384 744 1410 in
772 1385 914 1419 Bosphoro
942 1387 1022 1420 positi

235 1427 371 1461 Grcgoras
407 1427 544 1459 meminit,
561 1428 596 1455 ab
624 1435 658 1456 eo
670 1429 748 1461 dicti,
779 1431 852 1465 quod
879 1438 1022 1466 perpetuos

234 1472 267 1498 ad
284 1479 408 1498 carceres
424 1472 614 1499 damnatorum
631 1474 704 1500 nulla
727 1478 816 1502 exstet
833 1476 951 1510 amplius
963 1484 1021 1504 nie-

234 1519 333 1545 moria.
347 1518 462 1546 Constat
475 1524 577 1551 autem,
597 1520 682 1547 fuisse
695 1520 757 1548 istic
769 1522 851 1548 etiam
879 1528 942 1549 ante
963 1522 1021 1549 Mu-

233 1565 382 1592 cltcmctem
397 1564 417 1592 II
436 1566 492 1598 illa,
510 1574 571 1601 quae
581 1566 710 1598 diximus,
726 1567 753 1594 itt
781 1573 899 1603 utroque
927 1569 1019 1597 littore

232 1611 368 1639 castella:
384 1612 431 1639 sed
447 1612 643 1646 imperatorum
670 1612 824 1641 Grmeorum
852 1615 955 1643 incuria
979 1617 1018 1644 sic

232 1659 367 1692 neglecta,
384 1659 451 1686 nulli
472 1664 501 1686 ut
517 1659 577 1686 usui
591 1660 728 1687 servirent
753 1661 798 1687 alii
823 1669 903 1696 qualn
921 1668 1014 1690 custo-

231 1706 340 1733 diendis
355 1705 481 1740 captivis.
495 1705 601 1733 Causas
626 1706 760 1733 condettdi
790 1706 932 1734 Neocastri
957 1707 1016 1735 llu-

231 1752 370 1780 chemetes
378 1752 487 1784 habuit,
505 1757 534 1778 ut
546 1751 705 1786 trattsjicere
722 1758 776 1779 tam
791 1753 818 1780 in
834 1754 1015 1788 Asiamquatn

231 1798 369 1833 Europam
384 1798 467 1825 libere
481 1803 571 1833 posset
588 1807 595 1826 :
611 1806 645 1826 ne
660 1798 809 1826 Christiani
826 1800 941 1827 navibus
959 1800 1017 1827 suis

230 1845 461 1872 transvectionem
492 1845 629 1872 exercitus
646 1844 834 1879 prohiberettt,
854 1851 883 1872 ut
899 1846 1016 1880 denique

228 1889 465 1924 Constantinopoli
485 1890 626 1924 capiendae
638 1891 764 1918 serviret.
776 1890 912 1918 Laonictls
924 1899 1013 1919 arcem

227 1937 265 1963 ita
281 1935 436 1970 descripsit,
458 1939 488 1962 ut
505 1935 595 1970 hodie.
606 1937 786 1971 conspicitur.
800 1936 845 1964 Ait
863 1945 922 1964 eam
950 1945 1016 1965 cou—

227 1987 300 2010 stare
316 1984 404 2010 tribus
422 1983 546 2010 turribus
558 1982 674 2017 magnis,
690 1991 806 2018 quarum
825 1991 877 2010 Utta
890 1985 1015 2019 superior

227 2030 255 2055 in
270 2028 366 2056 acclivi
382 2028 452 2056 colle
469 2029 636 2063 proeminet:
654 2029 765 2063 reliqua:
783 2029 844 2056 dua-
858 2030 1016 2057 consistunt

228 2076 343 2103 inferius
361 2075 394 2102 ad
420 2075 508 2110 ipsum
540 2075 615 2102 littus
652 2075 782 2110 Bospori:
809 2083 864 2111 quo
891 2077 1015 2104 videlicet

228 2123 426 2149 hincinnaves
444 2121 803 2156 praeterlcgeulcs.tmpetus
828 2123 886 2149 Iieri
915 2125 1012 2158 possit.

228 2169 330 2195 Harum
346 2167 464 2194 duarum
483 2175 535 2193 una
549 2167 666 2199 maxima
679 2173 731 2194 est.
746 2167 827 2195 Tecta
844 2175 908 2196 sunt
926 2170 1014 2205 plum-

227 2214 287 2241 bea.
302 2213 396 2240 Murus
410 2212 497 2240 ambit
511 2221 601 2239 arcem
625 2221 736 2240 crassus
764 2214 846 2249 pedes
865 2216 910 2242 22.
945 2215 1014 2242 Tur-

227 2260 299 2287 rium
328 2258 468 2286 crassities
501 2259 533 2284 ad
563 2259 597 2285 50
615 2260 696 2293 pedes
725 2261 891 2289 extenditur.
915 2262 1050 2301 Petrusn

227 2307 342 2342 Gyllius,
365 2306 518 2333 illustratur
534 2306 610 2333 urbis
637 2312 664 2333 et
685 2307 797 2342 BOspori
814 2309 940 2344 diligens,
966 2319 1015 2337 an-

227 2353 480 2388 tiquisllcrnueuut
514 2353 566 2380 hoc
594 2353 653 2380 loco
684 2356 901 2388 promontorium
930 2357 1015 2384 fuisse

226 2401 331 2429 statuit.
363 2400 488 2435 Bosporo
506 2400 600 2427 datum
628 2409 727 2428 nomen
745 2407 788 2430 est
806 2411 821 2429 a
842 2408 1013 2432 transnatatu

225 2448 312 2478 bovis.
325 2452 373 2475 aut
385 2447 492 2474 bucula:
507 2448 548 2474 vel
562 2448 685 2482 iuvenca:
698 2448 799 2481 potius,
816 2449 941 2477 videlicet
955 2452 1011 2484 his,

226 2493 319 2521 Inachi
339 2494 410 2529 regis
425 2494 588 2528 Argivorum
606 2492 680 2524 ﬁlim,
694 2493 726 2520 de
738 2501 790 2527 qua
806 2499 847 2521 est
871 2495 897 2521 in
914 2495 1014 2523 fabulis

227 2540 377 2568 historicis.
409 2539 448 2566 Ita
478 2539 606 2566 nimirum
646 2539 672 2565 in
697 2539 853 2574 Originibus
890 2541 1013 2576 Byzantii

227 2586 330 2613 Graecis
353 2585 549 2619 manuscriplis
581 2584 706 2620 legimus.
731 2584 833 2612 Nullibi
871 2587 1013 2622 Bosporus

227 2632 369 2667 angustior
381 2635 434 2663 est,
453 2638 535 2664 quam
562 2631 632 2657 inter
654 2630 832 2659 Neoeastrum
858 2639 887 2660 et
907 2635 1013 2661 Anatoli

223 2679 333 2706 Gltisar.
351 2677 423 2704 Idem
440 2676 544 2711 Gyllius
573 2681 668 2703 auctor
692 2681 744 2710 est,
762 2677 913 2714 Bosporum
939 2680 1014 2707 GRH-

224 2725 265 2751 cis
281 2723 374 2750 vocari
403 2721 525 2753 Laemon,
557 2721 655 2749 Turcis
689 2722 798 2758 Bogazi,
829 2733 890 2760 qua:
913 2729 1014 2754 nostris

225 2776 290 2798 sunt
298 2771 393 2798 fauces
409 2770 451 2798 vel
463 2771 596 2806 angustiae
609 2770 703 2803 maris,
718 2776 747 2798 ut
765 2773 847 2799 etiam
864 2773 890 2799 in
903 2773 1014 2800 homine

225 2819 318 2846 fauces
342 2818 514 2854 appellantur
546 2817 661 2844 Laenius.
702 2818 774 2845 Hinc
817 2819 1013 2855 Laemocopiant

224 2865 359 2892 Laouicus
373 2865 423 2892 hoc
451 2866 511 2892 loco
526 2866 633 2898 posuit.‘
655 2865 744 2894 Nostri
760 2867 910 2902 Bosporum
932 2869 1012 2895 etiam

222 2912 310 2940 sancti
341 2911 451 2947 Georgii
480 2913 620 2939 biaelziuin
656 2915 842 2947 nominarunt,
861 2916 933 2942 velut
965 2922 1015 2941 an-

1077 274 1165 301 atdcui
1188 272 1282 300 Salttli
1306 273 1415 309 Georgii
1442 274 1638 309 Manganorum
1672 275 1773 302 dictant
1798 275 1864 302 Pro-

1077 319 1179 354 pontidi
1194 326 1225 346 se
1238 319 1389 347 miscenlis.
1410 319 1438 347 Id
1463 325 1605 355 propterea
1620 321 1783 354 notandum,
1796 323 1862 357 quia

1077 365 1232 400 complures
1247 366 1273 392 in
1288 365 1560 395 hochallucinantur
1576 367 1639 394 dum
1655 369 1741 395 sancti
1753 367 1864 402 Georgii

1077 411 1221 438 brachium
1256 412 1289 438 ad
1321 412 1430 439 Sestum
1454 417 1481 439 et
1507 412 1630 448 Abydum
1661 413 1814 441 collocant:
1835 421 1863 441 ut

1079 456 1280 488 anaterrauus,
1296 465 1376 492 quem
1392 458 1459 484 citat
1479 458 1599 485 Ortelins
1613 459 1641 485 in
1658 467 1723 486 voce
1750 459 1855 487 Ilcllcs-

1076 506 1188 536 pontus,
1209 506 1237 528 nt
1255 502 1405 533 Genii-atus.
1424 508 1452 529 ut
1470 502 1590 532 Thomas
1621 504 1816 537 Porcacchius,
1835 511 1864 533 ut

1077 547 1135 574 alii.
1156 547 1257 574 Saltem
1286 549 1387 576 rectius
1419 549 1470 576 hoc
1500 550 1542 576 vel
1565 557 1597 576 ex
1628 551 1702 586 hisce
1727 550 1862 578 Vincentii

1076 592 1249 621 Belvacensis
1263 595 1352 622 verbis
1369 595 1529 623 didicissent
1544 604 1551 622 :
1573 596 1629 624 Iloc
1643 602 1686 624 est
1714 605 1787 624 mare
1803 606 1862 624 nia-

1077 648 1158 675 gttum
1173 640 1211 674 (id
1231 646 1281 673 est,
1300 640 1404 668 Potitus
1419 641 1553 672 Euxinus,
1582 651 1654 669 nunc
1684 644 1765 670 etiam
1789 643 1862 670 Italis

1077 693 1152 713 mare
1166 687 1265 721 majus)
1282 687 1314 714 de
1330 696 1383 722 quo
1403 687 1544 715 brachium
1562 689 1654 715 Sancti
1669 688 1777 724 Georgii
1794 689 1862 720 exit,

1078 733 1115 766 (id
1132 738 1188 765 est,
1205 732 1353 768 Bospirus)
1371 735 1442 769 quod
1458 735 1485 761 in
1509 734 1776 769 Constantinopolim
1816 743 1862 761 va-

1077 779 1125 818 dit.
1137 778 1209 814 Ergo
1230 778 1321 807 Sancti
1335 780 1441 816 Georgii
1459 781 1599 808 brachium
1616 785 1658 809 est
1686 789 1766 816 supra
1796 781 1865 808 Con-

1077 826 1295 859 stantinopolim,
1311 828 1343 853 ad
1360 826 1439 861 cujus
1455 827 1613 854 orientalem
1630 829 1770 861 angulum,
1797 827 1864 854 sub-

1078 874 1119 896 ter
1149 871 1235 905 ipsam
1262 873 1435 899 sultanorum
1470 881 1572 904 arcem,
1607 873 1633 899 itt
1667 873 1862 908 Propontidem

1042 915 1217 951 BBosporus
1249 918 1381 946 illabitur.
1417 919 1546 954 Adeoque
1576 928 1591 947 a
1630 920 1719 947 sancti
1750 920 1862 954 Georgii

1077 963 1190 990 brachio
1212 963 1268 991 sive
1284 965 1414 999 Bosporo,
1427 974 1474 1000 per
1492 965 1683 1001 Propontidem
1715 971 1744 993 et
1762 965 1862 993 Helles-

1075 1014 1199 1044 pontutu,
1219 1008 1326 1037 Sestum
1344 1017 1371 1038 et
1386 1011 1510 1047 Abydum
1532 1020 1617 1046 usque
1632 1012 1683 1039 I80
1700 1011 1859 1039 milliarium

1075 1055 1231 1083 Graecorum
1249 1063 1290 1084 est
1305 1058 1365 1084 iter.
1378 1057 1497 1086 Gallicus
1517 1059 1652 1094 interpres
1679 1058 1791 1086 Laonici
1807 1059 1859 1086 mi-

1075 1102 1149 1129 rilice
1161 1103 1283 1136 profecm
1296 1104 1413 1137 cazcutit,
1430 1112 1461 1131 ac
1481 1105 1646 1140 sibimetipsi
1665 1105 1859 1132 coutiadiceus

1074 1147 1131 1174 ait:
1145 1147 1323 1175 Mechetuetcs
1340 1156 1430 1176 arcem
1445 1148 1621 1184 Latmocopia:
1641 1150 1757 1177 condere
1775 1150 1859 1189 cgtpit

1074 1193 1101 1220 itt
1119 1201 1166 1221 ora
1182 1193 1366 1229 Propontidis,
1386 1203 1418 1222 ex
1436 1200 1512 1230 parte
1530 1196 1654 1230 Europae,
1676 1196 1702 1223 iu
1731 1204 1764 1223 eo
1794 1203 1858 1230 pro-

1075 1240 1134 1273 prio
1147 1239 1217 1273 loco,
1242 1242 1288 1274 qui
1316 1240 1453 1274 Bosporus
1473 1241 1635 1276 appellatur.
1672 1241 1706 1268 Et
1732 1241 1859 1276 ascripsit

1075 1286 1201 1321 margini,
1219 1287 1308 1313 verbis
1323 1287 1364 1314 his
1378 1288 1468 1314 locum
1494 1288 1654 1324 sguificari,
1688 1295 1742 1323 quo
1762 1287 1857 1314 Sestus

1074 1332 1139 1359 olittt
1153 1333 1203 1360 sita
1219 1332 1302 1360 fuerit
1317 1341 1324 1359 :
1342 1342 1460 1369 eutnque
1474 1334 1589 1362 Turcica
1610 1335 1702 1369 lingua
1726 1334 1779 1362 dici
1803 1333 1857 1361 Ba-

1074 1385 1197 1412 gazasar,
1227 1378 1286 1405 sive
1303 1379 1491 1413 prazcisionein
1520 1379 1601 1416 446
1631 1381 1761 1407 laucium.
1785 1380 1856 1413 Quid

1074 1425 1159 1458 magis
1177 1423 1293 1451 absurde
1313 1426 1367 1452 dici
1392 1427 1534 1461 potuisset,
1550 1435 1631 1462 quant
1660 1427 1797 1454 Condllalll
1822 1430 1855 1454 ad

1075 1471 1228 1505 Bosporum
1266 1479 1368 1505 arcent,
1401 1474 1514 1509 intelligi
1532 1475 1630 1501 debere
1657 1475 1736 1501 sitam
1759 1475 1854 1501 eodem

1073 1518 1144 1551 loco.
1157 1527 1211 1554 quo
1226 1519 1322 1548 Sestus
1352 1520 1418 1548 olim
1446 1521 1601 1548 nstiterit?
1629 1522 1710 1548 Certe
1737 1521 1856 1548 Neocas-

1074 1570 1144 1592 trum
1161 1567 1211 1593 hoc
1231 1566 1406 1596 Muchcmetis
1421 1576 1437 1594 a
1462 1567 1533 1595 Sesti
1549 1568 1649 1595 veteris
1674 1568 1733 1594 loco
1769 1574 1855 1602 prope

1070 1611 1122 1637 “.400
1135 1612 1298 1640 milliaribus
1313 1613 1414 1641 Gratcis
1429 1614 1521 1647 distat,
1539 1618 1682 1649 totutuquc
1705 1613 1854 1648 Proponti-

1069 1658 1111 1684 dis
1129 1663 1156 1685 et
1179 1657 1345 1693 Hellesponti
1375 1659 1493 1693 spatium
1521 1659 1563 1686 his
1597 1658 1768 1692 intcijectum
1799 1663 1853 1684 est.

1069 1703 1146 1736 Quod
1164 1709 1255 1732 autem
1267 1704 1342 1738 dicit,
1362 1713 1423 1732 eum
1442 1704 1531 1732 locunt
1550 1704 1642 1740 lingua
1675 1705 1790 1732 'I'urciea
1805 1712 1854 1731 vo-

1069 1752 1124 1778 cari
1149 1751 1305 1786 Bajazasar,
1333 1753 1391 1780 sive
1407 1752 1595 1788 praicisionem
1616 1752 1756 1779 faucium:
1770 1752 1798 1778 in
1817 1760 1852 1779 eo

1068 1804 1176 1831 quoque
1204 1796 1309 1824 fallitur
1336 1802 1363 1825 et
1384 1798 1548 1825 vocabulum
1575 1804 1736 1832 corruptum
1762 1798 1851 1832 ponit.

1068 1841 1134 1869 Nam
1151 1843 1271 1870 scribere
1289 1844 1384 1871 debuit
1397 1844 1495 1880 Bogazi
1511 1845 1621 1878 Chisar,
1636 1849 1664 1872 et
1677 1845 1852 1879 interpretari

1069 1896 1162 1916 arcent
1177 1889 1309 1916 faucium.
1345 1890 1523 1926 Laatnocopitc
1540 1891 1649 1925 quidem
1670 1890 1763 1918 Graeca
1788 1898 1850 1923 vos,

1068 1941 1121 1969 qua
1141 1934 1276 1962 Laonicus
1292 1936 1386 1968 utitur,
1400 1937 1549 1964 incisuram
1565 1937 1685 1965 faucium
1703 1937 1850 1971 signiﬁcat,

1068 1981 1119 2006 hoc
1135 1985 1176 2007 est
1193 1980 1292 2012 locum,
1307 1981 1354 2007 ubi
1370 1980 1431 2008 linis
1447 1988 1490 2009 est
1517 1983 1615 2008 harant
1646 1980 1759 2015 Bospori
1791 1980 1851 2007 fau~

1065 2027 1149 2059 ciutn,
1164 2027 1211 2061 qui
1226 2027 1355 2062 deinceps
1371 2029 1398 2054 Ill
1421 2028 1507 2054 tttulto
1523 2027 1694 2062 capaciorem
1724 2025 1850 2061 Propon-

1067 2073 1129 2099 tidis
1143 2074 1233 2100 sinum
1251 2081 1348 2108 magna
1369 2082 1432 2101 cum
1460 2075 1592 2101 undarum
1617 2073 1745 2101 violentia
1765 2079 1852 2100 seruet

1067 2120 1191 2148 elIundil.
1203 2120 1270 2148 Cum
1287 2126 1378 2148 autem
1396 2122 1522 2156 superius
1549 2123 1639 2156 capite
1658 2126 1785 2148 notarum
1814 2120 1850 2148 26

1065 2165 1125 2193 loca
1143 2167 1225 2194 totius
1242 2166 1408 2202 Hellesponti
1437 2173 1464 2194 et
1480 2168 1669 2202 Propontidis,
1688 2167 1750 2194 inde
1764 2175 1850 2201 usque

1067 2219 1082 2238 a
1095 2212 1264 2240 Dardanellis
1283 2213 1323 2240 vel
1338 2213 1458 2246 arcibus,
1487 2213 1540 2241 hoc
1558 2218 1609 2246 est,
1639 2221 1654 2240 ει
1671 2215 1850 2241 cadaveribus

1067 2259 1137 2287 Sesti
1151 2265 1179 2287 et
1193 2260 1291 2295 Abydi,
1310 2261 1341 2287 ad
1356 2260 1451 2287 urbem
1477 2260 1740 2296 Constantinopolim
1760 2265 1788 2288 et
1815 2261 1849 2288 ad

1067 2307 1155 2340 ipsum
1193 2306 1262 2334 adeo
1290 2306 1392 2334 sultani
1416 2306 1555 2338 saraium,
1591 2306 1634 2333 ubi
1661 2307 1799 2341 Bospouus
1821 2306 1848 2332 in

1069 2353 1261 2388 Propontidem
1284 2352 1416 2388 praecipiti
1454 2353 1571 2380 maxime
1606 2361 1689 2380 cursu
1714 2353 1848 2384 illabitur,

1066 2399 1336 2426 euunteraveritnus:
1354 2398 1420 2424 libet
1434 2405 1448 2424 a
1461 2404 1551 2424 sarato
1565 2397 1664 2424 sultani
1691 2405 1785 2424 rursus
1808 2398 1850 2422 itt-

1066 2447 1203 2480 eipiendo,
1228 2453 1338 2473 sursum
1351 2444 1430 2479 quasi
1459 2446 1558 2472 mentis
1583 2444 1755 2479 navigatione
1780 2452 1849 2478 qua-

1065 2493 1126 2519 dam
1144 2493 1177 2519 ad
1194 2492 1280 2526 ipsum
1311 2499 1397 2527 usque
1428 2491 1510 2519 maris
1534 2491 1632 2518 Euxini
1661 2492 1760 2517 ostium
1786 2498 1850 2524 pro-

1068 2540 1142 2574 gredi
1156 2545 1181 2566 et
1201 2539 1328 2574 utrinque
1348 2540 1399 2566 sita
1424 2539 1494 2570 loca,
1509 2546 1571 2566 cum
1593 2540 1626 2565 ad
1653 2537 1791 2565 dexteram
1820 2537 1848 2564 in

1069 2587 1186 2614 Asiatico
1198 2587 1298 2620 littore,
1316 2591 1372 2613 tum
1386 2586 1419 2613 ad
1435 2587 1574 2614 sinistram
1590 2585 1615 2612 in
1639 2585 1784 2619 Europam,
1799 2591 1851 2611 no-

1067 2634 1184 2660 minibus
1205 2634 1302 2668 partim
1316 2633 1426 2667 priscis,
1439 2633 1536 2668 partim
1553 2640 1627 2660 nunc
1654 2633 1775 2662 usitatis,
1803 2642 1850 2657 Ul-

1066 2681 1129 2707 dine
1145 2688 1288 2707 recensere
1302 2688 1309 2707 :
1325 2681 1365 2707 sic
1392 2684 1494 2713 tamen,
1510 2684 1539 2707 ut
1564 2680 1645 2707 nimis
1675 2679 1848 2713 scrupulose,

1067 2735 1141 2754 more
1150 2727 1286 2762 Gylliano,
1302 2733 1420 2759 vetusta,
1435 2728 1544 2762 cognitu
1562 2734 1657 2762 parum
1681 2727 1849 2760 necessaria,

1067 2783 1119 2802 uoti
1141 2775 1304 2802 inseramus.

1103 2820 1187 2855 Igitur
1207 2820 1306 2854 angulo
1319 2819 1449 2847 sultaniui
1477 2819 1559 2846 saraii
1593 2819 1773 2854 respondete
1806 2826 1851 2847 re-

1067 2867 1147 2902 gione
1159 2867 1315 2894 Scutarium
1332 2867 1357 2894 in
1375 2867 1438 2893 Asia
1466 2866 1610 2902 disiunctis
1630 2874 1645 2893 τι
1668 2873 1698 2893 se
1729 2867 1849 2893 invicem

1066 2915 1135 2943 locis
1164 2913 1239 2941 hisce
1269 2913 1401 2941 duntaxat
1427 2921 1481 2940 uno
1507 2911 1616 2941 milliari
1638 2911 1744 2941 Gram).
1780 2914 1852 2941 Ante
