1963 3067
120 155 170 184 817

690 162 886 194 PANDECTE
904 163 1004 195 HIST.
1023 166 1176 197 TURCIC.

1669 166 1733 197 828v

117 220 190 244 vero,
205 219 287 247 quam
311 214 472 248 transjectus
490 216 533 244 hic
544 224 696 252 superetur,
726 221 845 247 occurrit
868 220 893 247 in
909 219 932 247 A
981 223 1002 248 A
1017 221 1114 250 Slauro
1142 223 1216 251 locus
1233 223 1259 250 in
1275 222 1378 258 Anaplo
1412 223 1462 258 (sic
1479 223 1550 250 enim
1572 223 1729 257 lrcqncntt-r

118 259 180 291 ipsis
207 259 286 293 aquis
313 264 434 288 extructa
457 263 579 296 quaedam
609 273 657 292 arx
688 273 779 300 parva,
813 273 892 301 quam

116 304 222 331 Turrim
239 304 409 333 Sentarinam
423 307 509 335 Graeci
522 316 629 344 vocant,
646 311 725 338 Turei
743 312 891 344 Iiisculam,

116 349 163 376 hoc
180 355 231 381 est,
249 357 338 377 arcem
359 352 485 386 virginis,
518 362 551 382 ex
568 363 650 383 causa
677 347 793 392 quadam
826 359 890 386 alibi

116 395 283 428 exponenda.
301 396 336 424 De
352 397 403 424 hac
428 406 490 426 arce
507 406 570 428 sunt
597 402 767 437 intelligenda
794 404 892 432 Nicetre

117 442 204 474 verba,
222 442 289 469 libro
305 451 342 476 tv,
357 452 418 471 cum
432 447 470 473 ait
484 455 491 474 :
506 447 547 474 Ab
573 447 625 474 hoc
653 449 814 483 imperatore
835 451 892 478 Ma-

118 486 198 513 nucle
219 488 302 515 turris
334 489 378 516 illa
411 491 555 525 (potuisset
581 500 670 519 arcem
700 495 813 529 vertere)
838 503 892 522 non

117 533 206 566 procul
231 541 246 560 a
276 535 434 563 continente
457 537 483 563 in
500 537 567 564 mari
592 543 729 566 exstructa
755 545 808 572 cst,
833 534 905 575 quae.

117 578 232 605 Damalis
247 580 371 614 pridem.
404 590 475 609 nunc
502 583 597 610 Arculs
626 584 785 614 dicitur:et
808 586 892 614 altera

117 625 356 661 turriseregione,
381 628 458 661 juxta
496 629 670 666 Manganium
696 634 891 660 monasterium
920 636 923 638 '

116 671 229 705 (scilicet
251 672 343 700 Sancti
363 674 482 710 Georgii)
500 684 533 703 co
546 677 672 710 consilio,
698 683 728 705 ut
747 679 834 707 ferrea
850 688 893 707 ca-

94 720 175 743 .tena
210 718 340 751 utrinque
366 725 490 755 extensa,
516 722 639 750 barbaris
665 725 777 752 navibus
802 727 892 753 aditus

116 761 141 787 in
155 761 212 788 loca
229 763 304 791 urbis
317 765 372 791 arci
389 766 488 797 vicina.
507 773 534 795 et
549 773 665 796 tractum
681 770 756 797 illum
781 780 891 799 omnem

116 816 200 842 usque
225 809 257 837 ad
293 810 478 840 Blacherniam
510 815 621 849 regiam,
655 816 890 847 intercluderetur.

116 855 219 888 Quibus
239 857 265 883 in
278 857 368 884 verbis
395 858 502 886 Arculaa
525 868 621 888 nomen
651 862 802 898 signiﬁcare
827 871 891 899 puto

117 909 337 935 parvamarccm.
365 903 437 931 Idem
462 911 524 940 post
553 907 656 942 inquit:
691 909 840 944 Imperator
862 913 888 939 in

115 947 213 982 palatio
227 949 258 974 ad
271 948 414 983 Damalim,
427 953 500 985 quod
517 952 673 981 Scutarium
695 955 805 989 dicitur,
830 965 890 984 ver-

115 992 234 1020 sabatur.
249 993 361 1022 Distata
381 996 533 1024 continenti
549 998 647 1027 Asiana
659 999 812 1029 Scutarium
828 1011 890 1031 cen-

115 1043 169 1064 tum
197 1039 331 1072 passibus.
360 1040 464 1069 Nomen
506 1044 605 1078 oppido
633 1045 721 1074 vicino
747 1048 832 1080 dedit.
862 1055 891 1077 ut

113 1082 214 1112 Gnecis
231 1085 310 1113 hodie
323 1086 489 1119 Scutarium.
502 1089 598 1118 Turcis
621 1091 731 1120 Iscodar
761 1095 865 1123 dicatur
882 1105 889 1124 :

114 1130 176 1156 uim
191 1139 242 1158 non
260 1131 424 1166 Chalcedon,
446 1135 597 1167 utiJovius,
617 1137 762 1170 Peucerus.
790 1141 889 1169 Busbe—

113 1175 200 1209 quius,
218 1177 317 1212 aliique
341 1180 428 1210 magni
457 1182 505 1207 viri
538 1188 668 1216 putarunt
700 1185 890 1218 (Chalcedonis

113 1221 183 1247 enim
198 1223 293 1250 rudera
312 1223 344 1250 i0
359 1225 521 1254 milliarihus
538 1229 570 1255 ab
581 1229 686 1263 Angulo
701 1232 831 1260 sultanini
844 1242 889 1261 sn-

113 1267 160 1293 rnii
183 1275 278 1296 versus
298 1271 460 1299 Astacenutn
488 1273 588 1306 sinum,
621 1276 654 1302 ad
677 1280 890 1311 promontorium

114 1314 290 1347 lhmalicum,
314 1316 390 1350 juxta
417 1323 524 1352 portum
552 1319 683 1355 Eutropii,
709 1322 761 1350 sita
792 1331 856 1351 sunt
869 1326 889 1360 ),

113 1361 157 1387 sed
172 1361 362 1397 Chrysopolis.
379 1362 407 1390 Id
428 1369 518 1392 autem
535 1367 633 1401 oppido
651 1376 748 1396 nomen
776 1370 890 1399 inditum

112 1406 194 1440 aliqui
215 1413 319 1440 putant,
335 1413 365 1436 ut
379 1410 437 1436 auri
463 1411 559 1439 civitas
587 1413 730 1448 dioeretur,
750 1417 783 1443 ab
812 1425 890 1452 auro,

112 1453 183 1486 quod
197 1453 260 1480 olim
279 1455 474 1489 antiquissimis
490 1459 656 1492 temporibus
681 1469 730 1496 pro
746 1461 890 1491 Persarum

112 1499 221 1533 regibus
236 1499 278 1527 hic
291 1501 382 1529 tributi
397 1503 505 1531 nomine
519 1506 628 1537 congeri
643 1515 673 1534 ex
690 1508 752 1536 Asia
766 1514 819 1537 tota
845 1519 891 1538 so-

112 1545 188 1596 litum
203 1545 291 1596 (uerit:
306 1546 358 1573 Sed
378 1548 497 1596 origines
525 1551 599 1578 urbis
626 1552 781 1587 Byzantina
806 1556 885 1583 aliam
904 1568 924 1596 ο

112 1591 229 1619 nominis
240 1592 379 1626 rationem,
396 1595 482 1622 verbis
494 1596 603 1628 Graecis,
618 1598 644 1625 in
661 1599 731 1628 hanc
757 1601 812 1628 fere
825 1610 889 1629 sena

112 1636 223 1663 tentiam
240 1637 368 1666 refcrum.
389 1639 540 1674 Conspecta
566 1643 715 1679 (inquiunt)
744 1647 888 1675 confestim

112 1683 215 1716 aquila,
237 1691 283 1710 cor
309 1684 425 1712 victimae
455 1687 535 1721 rapit,
568 1693 594 1715 et
623 1689 649 1716 in
673 1694 888 1724 promontorium

111 1727 234 1763 Bosporii
250 1729 347 1757 littoris
360 1730 456 1763 'Iel'ert,
469 1740 484 1759 e
508 1734 617 1768 regione
628 1734 835 1771 Chrysopoleos,
846 1740 890 1766 cui

109 1774 227 1810 Chryses
243 1777 454 1810 Agamemnonis
481 1787 514 1805 ex
546 1779 692 1816 Chryseide
720 1782 801 1816 lilius,
831 1791 890 1817 post

111 1829 205 1848 necent
223 1823 316 1856 patris.
328 1823 540 1858 Clytmmnestrze
557 1826 661 1859 fugiens
675 1828 797 1862 insidias,
810 1835 837 1857 et
857 1831 890 1858 ad

109 1868 283 1901 quzerendum
309 1868 475 1904 Iphigeniam
517 1862 800 1905 properansinomen
839 1877 890 1904 hoc

108 1914 181 1948 apud
197 1914 297 1942 incolas
319 1916 438 1950 reliquit,
453 1918 598 1951 sepultura:
612 1927 668 1946 sum
685 1928 889 1950 monumentum

109 1968 170 1986 cum
183 1961 243 1988 istic
261 1962 339 1988 linem
355 1963 460 1990 vivendi
486 1964 606 1992 fecisset.
627 1965 731 1998 Quibus
758 1968 784 1995 in
802 1970 891 1997 verbis

109 2007 325 2039 promontorium
354 2007 477 2042 Bosporii
492 2009 600 2041 littoris.
619 2010 683 2038 illud
709 2011 798 2047 ipsum
815 2013 892 2040 intel-

108 2051 213 2085 ligitur,
229 2052 254 2078 in
265 2061 318 2087 quo
332 2061 403 2080 nunc
417 2054 537 2081 saraium
556 2056 728 2084 sultaninum
759 2059 891 2086 orientalc

107 2098 191 2124 situm
207 2103 258 2125 cst.

144 2143 335 2178 AChrysopoli
352 2145 407 2172 sive
437 2145 569 2178 Scutario,
592 2147 666 2174 littus
681 2148 827 2177 Asiaticum
854 2151 892 2178 lc-

106 2190 248 2224 gentibus,
276 2192 394 2218 occurrit
419 2193 534 2226 primum
576 2201 670 2229 pagus,
703 2196 748 2229 qui
779 2196 891 2224 Stauros

104 2236 211 2264 Grecis
228 2237 337 2269 dicitur,
355 2239 388 2264 ab
401 2246 485 2264 aurea
501 2246 592 2270 cruce,
609 2248 691 2274 quatit
709 2241 736 2268 in
755 2242 845 2276 tcmpli
860 2244 893 2269 ab
910 2235 931 2262 υ

105 2290 137 2308 se
150 2282 249 2309 ibidem
263 2283 367 2309 conditi
380 2283 481 2310 vertice
503 2283 698 2311 Constantinus
728 2285 839 2320 Magnus
851 2287 892 2313 in-

104 2327 223 2361 signiter
237 2334 358 2354 ornatam
380 2328 555 2355 constituisse
571 2329 738 2363 perhibetur.
762 2330 806 2358 Sic
818 2333 888 2358 enim

103 2373 204 2400 audire
222 2374 255 2400 de
271 2373 426 2401 Theodosio
443 2374 598 2409 Zygomala,
625 2375 800 2410 patriarchali
831 2385 891 2409 pro~

104 2419 255 2450 tonotario,
286 2420 363 2446 valde
393 2420 474 2447 docto
501 2420 559 2447 viro
594 2421 714 2448 memini.
749 2421 781 2448 Et
806 2423 891 2457 ipsius

104 2465 200 2499 templi
218 2465 311 2492 ruinas
322 2466 505 2501 amplissimas
517 2466 662 2500 aliquando
679 2474 742 2494 cum
772 2468 891 2495 admira-

104 2512 192 2543 tione,
222 2512 366 2539 comitibus
398 2511 563 2547 Hieronymo
586 2511 734 2543 Arconato,
751 2518 777 2539 et
806 2513 890 2540 Paulo

104 2556 190 2588 “osa,
203 2565 236 2584 ex
247 2566 280 2584 eo
297 2562 416 2592 tempore
440 2558 483 2592 pic
500 2562 616 2589 mortuo.
634 2558 700 2585 viris
729 2558 838 2593 optimis
863 2564 888 2586 et

100 2602 292 2634 amicissimis,
305 2604 409 2637 inspexi
423 2612 429 2629 :
442 2603 630 2638 cummavigio
642 2604 790 2631 transvecti
808 2604 889 2631 Chal-

100 2648 288 2681 cedonem,iu
317 2649 436 2683 Eutropii
465 2655 585 2683 portum,
609 2655 679 2676 terra
710 2649 807 2676 deinde
824 2658 887 2684 pro-

101 2695 273 2722 montorium
304 2695 469 2722 Damalicum
499 2695 611 2729 pedibus
651 2696 836 2726 ctnetircmur,
862 2696 887 2722 in

99 2748 161 2775 quo
172 2741 268 2767 rudera
282 2740 372 2775 templi
385 2746 484 2767 sancta:
499 2740 654 2775 Enphcmia:
679 2741 795 2768 concilio
807 2741 887 2768 Chal-

98 2786 253 2813 tzedoncnsi
272 2786 384 2817 nobilis.
401 2786 427 2812 in
455 2786 533 2812 horto
560 2785 675 2820 quodam
693 2791 843 2821 superant:
861 2792 887 2814 ct

104 2833 141 2860 ad
162 2832 234 2858 hunc
246 2833 341 2859 deinde
357 2839 454 2867 pagum
467 2831 604 2865 Staurum,
622 2833 727 2869 aliaque
753 2834 809 2861 loca
826 2842 887 2870 prn-

104 2878 295 2913 grcdcrcntur.

947 269 1070 296 historici
1083 269 1167 297 Graeci
1184 274 1280 297 vocant
1298 270 1353 297 hare
1368 270 1401 296 ab
1418 275 1532 304 utroque
1560 269 1641 296 latere
1655 270 1725 300 lora.

945 324 1006 351 qua:
1023 325 1130 344 sursum
1151 318 1184 344 ad
1206 318 1339 345 Euxinum
1366 325 1441 345 mare
1456 318 1643 352 navigantibus
1661 325 1726 344 con-

945 364 1105 398 spiciuntur)
1124 364 1262 398 proximus
1278 364 1356 391 estin
1369 366 1462 392 eodem
1477 365 1596 391 Asiatico
1621 365 1724 392 littore.

945 409 1108 435 monasterio
1121 408 1258 443 quondam
1285 409 1382 442 insigni
1413 409 1546 441 cclcbris,
1581 409 1626 443 qui
1651 416 1725 435 nunc

944 453 1079 481 Akimitos
1090 454 1190 482 Grmcis
1203 455 1312 481 dicitur.
1332 454 1400 482 Olim
1418 455 1527 481 Altimiti
1545 455 1723 483 vocabantur.

945 500 1053 530 hoccst.
1077 500 1202 526 monachi
1228 499 1380 534 pervigiles,
1399 505 1524 534 totasque
1549 505 1641 527 noctes
1664 499 1724 526 sine

944 551 1039 570 somno
1060 544 1186 577 precibus
1202 549 1227 571 et
1243 545 1349 580 hymnis
1363 545 1485 572 dicendis
1502 546 1650 579 exigentes.

980 590 1019 616 Ah
1034 589 1152 617 Akimito
1177 590 1297 624 pergitur
1326 591 1358 617 ad
1382 591 1613 626 Chrysoltcrama,
1635 591 1723 618 locum

943 634 976 661 ab
990 636 1128 662 :edesecra
1140 636 1254 668 dictum,
1270 637 1367 671 tegulis
1381 637 1446 663 olim
1459 637 1590 664 inauratis
1615 642 1724 664 ornata.

978 681 1202 715 Chrysokeramis
1213 681 1332 709 vicinum
1343 683 1514 710 cstAnatolis
1537 683 1657 710 Castelli.
1679 683 1725 710 Sic

943 728 1029 755 Graeci
1045 737 1114 756 nunc
1130 729 1222 756 Inutile
1235 734 1343 761 vocant,
1359 733 1430 764 quod
1458 736 1563 764 integre
1589 729 1725 756 diceretur

943 774 1067 802 Anatolis
1080 774 1143 807 (hoc
1154 775 1297 806 est,Asi.'e)
1315 775 1472 804 Castellion.
1495 776 1526 803 Et
1551 775 1631 810 paulo
1660 780 1724 802 ante

944 821 1126 852 meminimus,
1139 821 1209 848 idem
1225 820 1322 849 Turcis
1335 822 1429 849 eodem
1446 822 1599 856 signiﬁcatu
1630 823 1722 849 vocari

944 867 1058 895 Anadoli
1070 867 1177 894 Cbisar.

978 923 1053 951 Ultra
1068 923 1214 952 Castellion
1228 923 1348 951 Anatolis
1379 929 1420 951 est
1433 923 1628 958 Mcgalocarya,
1640 923 1721 959 447

943 970 1048 1003 magnis
1075 977 1088 996 a
1121 970 1238 997 nucibus
1262 970 1392 997 avellanis
1417 970 1509 1007 dicta:
1526 977 1608 1003 quam
1621 970 1723 997 rectius

943 1016 1028 1042 GH‘CI
1052 1016 1146 1042 volunt
1159 1016 1191 1043 ad
1204 1022 1312 1044 sanctos
1326 1017 1438 1052 angelos
1455 1017 1599 1044 nominari.

979 1072 1066 1107 Supra
1095 1073 1307 1109 Megalocaryam
1333 1074 1500 1108 conspicitur
1528 1080 1604 1101 vetus
1630 1074 1723 1101 hieron

944 1118 993 1152 (sic
1003 1123 1029 1145 et
1044 1118 1125 1145 Turci
1137 1125 1197 1145 cum
1211 1117 1311 1146 Graecis
1327 1119 1447 1153 vocant),
1459 1119 1485 1145 id
1496 1123 1547 1150 est,
1560 1119 1651 1145 fanum
1667 1118 1725 1145 sive

943 1164 1086 1198 templum.
1112 1171 1126 1190 a
1149 1163 1329 1190 Constantino
1360 1164 1457 1199 Magno
1484 1164 1643 1191 conditum:
1668 1171 1724 1197 quo

945 1214 1065 1242 tempore
1083 1208 1208 1235 confecto
1227 1209 1296 1236 bello
1310 1209 1436 1243 Gothico,
1457 1217 1586 1237 reversus
1612 1209 1674 1241 fuit.
1694 1214 1724 1235 nt

943 1255 1029 1282 Graeci
1045 1263 1117 1282 nunc
1132 1255 1219 1282 aiunt.
1233 1255 1346 1283 Constat
1356 1262 1457 1288 tamen,
1474 1257 1525 1283 hoc
1540 1256 1604 1283 olim
1614 1263 1724 1290 quoque

945 1302 1003 1327 loco
1029 1301 1113 1328 fuisse
1127 1301 1295 1336 temporibus
1313 1302 1512 1336 antiquissimis
1527 1302 1656 1336 templum
1672 1302 1724 1328 Ar-

945 1352 1122 1380 gonautorum
1136 1347 1206 1382 quod
1217 1348 1382 1382 appellatum
1398 1348 1448 1375 fuit
1460 1348 1551 1375 hieron
1561 1348 1616 1375 sive
1626 1347 1721 1374 fanum

945 1391 1018 1419 Iovis
1033 1391 1100 1423 Urli,
1119 1392 1171 1420 hoc
1187 1397 1240 1424 est,
1258 1392 1398 1427 Iargicntls
1415 1398 1509 1419 ventos
1521 1393 1664 1420 secundos.
1692 1391 1726 1419 Et

946 1443 1038 1465 notum
1051 1442 1102 1470 est,
1118 1438 1211 1465 solitos
1226 1439 1404 1473 imperatores
1421 1438 1593 1466 Christianos
1620 1442 1727 1466 mutare

945 1484 1046 1518 templa
1064 1491 1231 1518 paganorum
1249 1485 1275 1511 in
1291 1484 1376 1511 nostri
1395 1484 1463 1511 ritus
1476 1484 1619 1511 ecclesias.

981 1540 1102 1568 Ulterius
1114 1541 1252 1567 castellum
1271 1540 1395 1575 Argyron
1409 1541 1492 1566 situm
1510 1544 1551 1567 est
1569 1539 1640 1574 quod
1656 1539 1724 1567 Cas-

943 1586 1031 1613 taldus
1045 1586 1127 1613 etiam
1144 1586 1245 1621 posuit,
1258 1586 1384 1621 Algyrum
1398 1594 1510 1622 vocans.

977 1644 1113 1672 Hactenus
1134 1645 1159 1670 in
1179 1644 1307 1674 Aslatico,
1325 1644 1382 1671 sive
1407 1643 1503 1671 dextro
1518 1643 1724 1678 Anaplilaterc,

942 1692 992 1719 sita
1005 1691 1060 1717 loca
1073 1690 1286 1717 numeravimus.
1305 1689 1382 1717 Nunc
1406 1690 1475 1717 idem
1492 1690 1544 1717 iter
1557 1690 1591 1716 ab
1609 1690 1664 1717 imo
1683 1697 1725 1716 rc-

942 1737 1061 1772 petituri.
1084 1737 1159 1763 littus
1180 1735 1340 1770 Europreum
1356 1736 1477 1770 legamus
1494 1736 1527 1762 ad
1552 1736 1657 1768 larvam,
1673 1735 1725 1762 do-

942 1790 990 1810 nec
1005 1782 1097 1809 itidem
1115 1782 1148 1808 ad
1177 1782 1276 1809 ostium
1297 1781 1375 1808 Ponti
1395 1781 1497 1818 Euxini
1522 1782 1723 1816 perveniamus.

977 1838 1069 1873 Itaque
1088 1838 1182 1865 Galata
1193 1837 1349 1865 Ceratinum
1360 1838 1394 1864 ad
1409 1837 1499 1865 sinum
1513 1837 1616 1866 relicta.
1632 1843 1722 1864 trans-

942 1884 1060 1911 eundum
1091 1884 1180 1918 primo
1207 1883 1438 1918 promontorium.
1460 1884 1550 1910 saraio
1572 1883 1723 1915 sultanino,

942 1939 956 1957 ε
977 1931 1087 1964 regione
1102 1934 1177 1957 trans
1188 1929 1277 1956 sinum
1289 1933 1438 1965 cornutum.
1449 1929 1514 1961 sito,
1532 1929 1701 1964 respondens
1713 1938 1721 1956 :

942 1982 967 2003 (ιι
984 1983 1046 2002 mox
1065 1975 1230 2002 oll‘eretsese
1244 1975 1380 2008 Caravoli,
1394 1975 1469 2002 locus
1492 1975 1565 2002 omni
1583 1975 1722 2002 variorum

941 2022 1118 2050 aediﬁciorum
1130 2026 1155 2049 et
1165 2022 1305 2049 hortorum
1317 2021 1433 2052 cultura,
1446 2029 1480 2048 ne
1492 2021 1598 2055 templis
1615 2021 1722 2055 quidem

943 2068 1065 2096 'I‘urcicis
1078 2067 1276 2099 deﬁcientibus,
1299 2067 1527 2094 amoenissimus:
1542 2067 1588 2094 ubi
1602 2066 1723 2094 diverso-

943 2115 1014 2141 rium
1031 2113 1188 2150 Anglicanae
1212 2113 1311 2148 reginae
1337 2113 1426 2149 legato
1455 2113 1626 2146 assignatum
1653 2118 1723 2145 erat,

943 2168 1004 2187 cum
1029 2167 1079 2187 nos
1109 2159 1170 2186 istic
1195 2166 1330 2187 essemus.
1354 2159 1455 2186 Ibidem
1484 2159 1561 2186 Julia
1588 2158 1724 2186 Pescenite

947 2213 1064 2232 marmor
1076 2205 1198 2233 Graecum
1211 2205 1503 2241 estelegantissimum.
1513 2206 1592 2240 cujus
1609 2205 1723 2240 inscrip-

947 2250 1046 2277 tionem
1064 2250 1206 2278 habemus.
1346 2254 1349 2256 '

979 2305 1103 2333 Caravoli
1120 2307 1258 2342 proximus
1274 2311 1322 2334 est
1336 2306 1412 2334 locus
1428 2313 1443 2332 a
1461 2305 1490 2332 S.
1512 2306 1610 2333 Phocte
1624 2306 1723 2340 templo

943 2351 1107 2378 Christianis
1123 2352 1284 2386 appellatus,
1303 2351 1443 2379 Ortachioi
1469 2351 1577 2379 Turcis.
1601 2351 1722 2379 Archion

944 2397 1041 2431 priscis
1055 2397 1158 2424 dictum
1174 2396 1257 2424 refert
1275 2396 1390 2431 Gyllius.

980 2453 1054 2481 Ultra
1072 2453 1101 2480 S.
1127 2452 1245 2482 Phocam
1265 2451 1451 2487 Archangelus
1465 2457 1517 2484 est.
1543 2452 1620 2480 locus
1635 2453 1674 2481 sic
1689 2454 1723 2481 ab

942 2499 1103 2534 arcltangelo
1114 2499 1348 2526 Michaeledictus.
1363 2497 1474 2526 Veteres
1494 2499 1661 2534 Catascepen
1675 2508 1723 2526 no-

942 2546 1072 2576 minasse,
1086 2549 1158 2580 patet
1168 2553 1199 2572 es
1216 2545 1258 2572 his
1275 2544 1376 2572 Nicetae
1392 2545 1480 2572 verbis
1505 2554 1512 2573 :
1529 2545 1720 2573 Monasterium

942 2592 967 2617 in
985 2591 1062 2618 Ponti
1080 2590 1206 2618 faucibus
1217 2591 1288 2623 loco,
1303 2591 1349 2625 qui
1371 2591 1516 2625 Catascepe
1549 2592 1657 2624 dicitur,
1673 2601 1722 2618 cx-

940 2636 1041 2663 struxit
1056 2635 1211 2662 arebiducis
1227 2634 1365 2662 Michaelis
1387 2636 1508 2662 nomine.
1529 2635 1631 2664 Vocant
1650 2645 1722 2663 nunc

940 2683 1022 2709 etiam
1039 2681 1124 2709 ϐπ·ωεί
1138 2681 1300 2714 Asomatou,
1313 2687 1455 2716 propterea
1474 2682 1547 2716 quod
1559 2682 1646 2717 angeli
1662 2690 1719 2710 cor-

940 2729 1015 2764 poris
1034 2732 1160 2763 expertes
1170 2727 1237 2754 sint.

974 2785 1038 2812 Inde
1058 2784 1215 2820 pervenitur
1230 2783 1263 2811 ad
1292 2783 1493 2818 Diplokionion,
1515 2785 1554 2812 sic
1571 2785 1674 2812 dictum
1703 2792 1720 2811 a

940 2831 1054 2867 geminis
1069 2832 1214 2863 columnis,
1242 2833 1314 2865 quod
1329 2831 1411 2858 Turci
1431 2831 1563 2864 Besictas,
1581 2833 1663 2860 veluti
1682 2833 1720 2858 la-

941 2879 1027 2914 pidcm
1045 2887 1176 2906 cunarum
1193 2883 1299 2906 verant.
1310 2878 1348 2906 Ibi
1364 2884 1567 2906 monumentum
1576 2885 1616 2907 est
1630 2881 1721 2914 sepul-
