1963 3067
238 156 294 188 819

834 157 996 188 JUANNIS
1012 158 1245 190 LEUNCLAVII

1799 154 1851 186 8:20

239 219 307 242 turte
322 214 492 242 Cbairadinis
508 214 608 246 Bassaa.
626 215 670 242 cui
687 216 720 242 ah
739 214 814 244 italis
835 223 934 244 nomen
950 216 1017 243 Bar-
1033 223 1054 249 Α
1071 216 1240 244 monstrabat
1248 215 1411 248 Arconattts,
1425 222 1439 242 a
1453 214 1542 249 Gyllio
1555 222 1607 242 non
1623 213 1851 247 apimadvcrsam.

240 261 360 288 barossaa
374 260 466 287 datum
482 260 542 287 fuit.
554 260 678 288 Meminit
693 262 736 288 hic
746 269 808 288 cum
826 262 933 297 sepulto
943 269 969 288 m
987 262 1020 288 ii-

241 307 290 334 ber
304 307 360 342 ipse
374 306 532 338 Annalium,
553 307 585 334 ad
610 315 712 335 annum
724 307 913 335 Christianum
939 309 1017 335 154⁵1.

242 351 428 386 Diplokionion
452 352 551 387 priscis
568 352 670 380 dictum
689 358 749 380 erat
771 352 923 381 Jaaonium.
939 353 1019 380 Orto-

239 397 291 424 lius
310 405 363 425 non
377 403 452 426 recte
462 398 618 434 Diplociana
638 399 758 434 scripsit,
771 407 821 435 pro
833 400 1017 434 Diplokionio,

237 449 265 471 et
278 444 384 477 Bisitas,
403 453 452 480 pro
462 445 592 474 Besictas.

272 489 348 517 Ultra
369 490 562 525 Diploltiouion
579 496 620 519 est
633 492 671 524 id,
685 492 718 519 de
741 501 796 526 quo
813 493 918 527 prolixe
947 500 1019 519 nunc

237 537 353 572 egimus,
372 537 551 565 'Neocastron.

274 583 341 612 flint:
356 586 411 612 itur
427 586 459 612 ad
473 586 573 624 locum,
588 586 681 614 Stcnia
697 594 768 614 nunc
784 587 897 618 dictum,
909 587 1019 613 nomine

235 635 366 664 corrupto
382 631 415 658 de
435 631 591 664 Soslhcttio,
608 632 634 658 ni
652 633 741 659 fallor.
758 634 812 659 Aut
827 634 875 659 hoc
891 632 956 659 illud
977 636 1019 659 est

237 674 351 706 Stenon.
366 675 485 703 Cedrino
499 681 525 703 ct
540 677 599 704 aliis
614 677 770 712 frequenter
784 678 965 704 nominatum.

274 721 402 756 Sequitur
414 721 565 754 Neocltort.
581 723 652 757 quod
664 724 704 750 sic
719 723 879 750 enuntiatur
893 730 906 750 a
918 722 1020 750 Graecis

237 766 329 799 liud-ie.
346 775 408 795 cum
423 769 460 795 sit
476 766 660 796 Ncocborion.
674 770 815 805 Signiﬁcat
830 775 919 796 autem
930 770 1018 796 locum

235 814 278 839 vr-i
299 820 393 848 agrum
409 815 576 849 priediumrc
592 822 703 842 novum.

276 860 363 894 Supra
379 859 553 888 Neocborion
568 870 653 897 pagus
668 867 712 890 est
729 862 872 897 Pharapia.
887 861 932 889 Sic
947 862 1019 889 enim

239 914 253 932 a
274 905 375 934 Gracia
389 906 513 942 eirea-tur,
529 916 543 934 a
559 909 660 936 nostris
674 908 820 943 Therapia.

276 952 437 980 Ferre-itur
453 953 516 981 hinc
530 955 562 981 ad
582 953 718 989 Pantagian
734 961 777 982 sto
790 963 884 982 mauro
900 955 982 988 molo,
996 956 1022 983 id

239 1004 291 1030 est.
318 999 353 1027 ad
372 1001 574 1029 sanctissimam
602 1002 745 1036 Deipacam
772 1003 917 1037 virginem,
942 1002 1022 1030 sitam

240 1044 273 1072 ad
288 1045 392 1081 nigram
415 1047 511 1074 molem
539 1052 644 1082 portus.
661 1048 776 1080 Quidam
805 1056 820 1076 e
837 1048 917 1082 vulgo
937 1047 1022 1074 nomi-

241 1098 320 1125 nant,
335 1093 367 1119 ad
380 1094 581 1122 sanctissimam
600 1093 743 1129 Deiparam
755 1096 799 1122 die
814 1104 846 1121 xv
860 1095 986 1129 Augusti.

274 1140 375 1168 Ultima
394 1140 489 1169 Turris
508 1142 594 1169 estad
618 1142 713 1176 .ipsum
741 1141 821 1168 Ponti
836 1142 947 1174 ostium,
960 1149 1022 1168 cutn

239 1195 308 1221 pago
326 1194 341 1214 τι
356 1187 461 1215 Grecis
486 1187 648 1219 luhabilulo.
665 1189 734 1215 sita:
760 1189 831 1216 sicut
848 1193 876 1214 et.
892 1188 1023 1214 hactenus

240 1234 423 1261 iudicatorum
438 1235 582 1269 utriusque
596 1235 697 1262 littoris
711 1235 832 1262 locorum
858 1235 954 1262 incola!
968 1234 1024 1261 fere

239 1279 327 1307 Cra-ci
341 1286 414 1308 sunt.
433 1281 500 1308 Eam
520 1282 619 1308 turrim
646 1281 818 1316 Busbcqnius
843 1281 962 1308 Pharum
979 1287 1024 1307 v0-

241 1324 339 1351 cabnlo
365 1325 450 1351 veteri
469 1325 602 1355 nominat.
619 1325 664 1352 sed
684 1326 783 1353 accola:
805 1326 960 1353 Phanarion
977 1333 1023 1359 ap-

240 1370 352 1404 pellant.
371 1378 385 1397 a
401 1369 496 1398 Graeco
514 1371 598 1398 verbo
610 1371 733 1399 derivata
744 1379 823 1402 voce.
840 1371 912 1405 quod
933 1371 1024 1398 lucen-

241 1416 269 1443 tli
292 1416 520 1451 signiﬁcationem
538 1417 630 1445 habet.
650 1417 755 1452 Quippe
772 1423 854 1445 noctu
875 1418 948 1444 luces
975 1425 1024 1444 ac-

240 1462 396 1489 cenduntur
426 1462 452 1489 in
467 1469 594 1497 suprema
624 1465 708 1490 turris
723 1468 810 1498 parte.
832 1471 912 1497 quam
937 1463 1024 1490 animi

242 1516 325 1535 causa
343 1509 564 1539 conscendimus.
587 1514 616 1536 ttt
633 1509 664 1536 ad
681 1510 780 1536 ostium
799 1509 877 1536 Ponti
896 1509 1025 1543 navigan-

241 1553 310 1582 tium
336 1555 517 1583 incolumitati
545 1556 714 1583 consulatur.
740 1558 761 1583 Δ
787 1555 1023 1589 Conslantinopoli

243 1602 324 1628 distat
343 1601 394 1629 ltoc
405 1602 504 1630 ostium
521 1603 603 1629 maris
617 1602 714 1629 Euxini
730 1603 894 1630 militaribus
923 1602 1025 1630 Grzccis

243 1648 305 1682 plus
317 1647 407 1674 minus
421 1648 464 1675 55.
479 1647 589 1683 Scopuli
605 1656 673 1676 saxo
684 1649 744 1676 vivo
760 1649 803 1676 siti
815 1649 869 1676 duo
885 1654 949 1676 sttnt
963 1653 1026 1675 ante

243 1692 321 1722 Ponti
340 1695 452 1727 ostium.
474 1703 529 1730 quo
558 1696 585 1722 in
605 1695 757 1730 Bosporum
775 1704 872 1730 magna
899 1697 923 1722 vi
940 1699 1027 1723 semet

243 1747 385 1768 exonerat.
403 1740 448 1768 lla!
462 1743 566 1770 scilicet
586 1742 639 1770 ill:e
662 1743 778 1778 Cyaneae
796 1743 853 1770 sive
869 1742 1026 1778 Symplega-

243 1786 302 1816 des.
319 1786 376 1813 sive
387 1787 508 1815 Plancta:
518 1795 592 1821 sunt,
607 1795 676 1823 quas
697 1789 755 1822 ipse
770 1787 940 1822 Busbcquius
958 1794 1027 1822 pene

242 1833 349 1867 putavit
363 1833 513 1866 tabulosas.
523 1840 570 1862 aut
589 1835 710 1862 invenire
727 1842 755 1862 se
768 1835 869 1866 saltim,
885 1834 957 1861 velut
973 1833 1026 1860 alio

243 1881 396 1912 desolatas.
414 1881 535 1916 potuisse
550 1881 667 1915 negavit.
679 1881 778 1908 insula-
789 1881 886 1916 priscis
899 1881 940 1907 lue
953 1879 1027 1907 dicc-

243 1929 343 1954 bantttr
354 1935 409 1954 non
433 1927 503 1961 quod
520 1927 575 1954 sint
593 1935 707 1961 magnce,
740 1928 786 1954 sed
811 1926 883 1960 quod
908 1926 1027 1960 undique

243 1973 312 2000 mari
328 1973 400 2001 velut
414 1973 539 2000 insulilltc
551 1973 593 2000 vel
605 1973 714 2006 nisidia,
732 1973 802 2000 sicut
815 1972 901 2000 Graeci
915 1977 1025 2006 vocant,

244 2020 399 2048 alluanlur:
411 2020 535 2055 Cyattete,
559 2019 632 2055 quod
650 2026 683 2046 ex
698 2020 842 2046 intervallo
858 2027 958 2054 magno
977 2019 1026 2045 ad-

245 2066 436 2102 navigantibus
461 2067 607 2094 caeruleum
629 2066 661 2093 de
679 2073 710 2092 se
737 2065 854 2093 colorem
875 2066 1025 2100 praebeant:

244 2116 438 2151 Symplegades
453 2119 480 2141 et
498 2113 615 2142 Plancta
631 2121 644 2139 a
668 2113 899 2147 conquassatione
920 2118 1026 2144 mutua,

245 2171 297 2198 qua
318 2163 504 2197 spectantibus
517 2168 551 2188 ex
567 2164 671 2188 remoto
684 2159 771 2193 spatio
796 2166 849 2186 non
871 2164 981 2194 tangere
998 2166 1028 2186 se

245 2216 351 2238 tantum
365 2208 568 2240 existimantur,
588 2214 681 2233 verum
696 2207 776 2233 etiam
792 2205 852 2232 loco
869 2205 983 2237 moveri,
1003 2211 1029 2232 et

246 2258 282 2284 ita
296 2255 379 2286 coire.
393 2254 528 2281 duntaxat
550 2261 621 2280 unus
646 2257 676 2280 ut
697 2260 758 2279 esse
779 2251 918 2285 scopulus.
945 2259 1027 2277 unum

247 2302 378 2334 uisidi‘on.
401 2301 559 2328 videantur.
574 2299 651 2327 Hanc
678 2299 835 2334 opinionem
852 2301 885 2325 de
912 2298 1030 2334 Cyaneis

246 2357 334 2378 meam
349 2346 478 2383 Grcgora:
486 2347 568 2374 verba
580 2347 648 2380 haec,
668 2355 682 2374 e
696 2347 766 2373 libro
781 2346 963 2373 Hisl0t'iarum
992 2354 1028 2375 tv,

247 2397 411 2425 confirmant
424 2406 430 2424 :
445 2405 454 2422 ε
471 2394 705 2426 Promontorium,
724 2393 821 2428 inquit,
836 2393 928 2427 templi
945 2393 1031 2427 Argo-

246 2430 486 2477 nautarum.un
500 2441 540 2469 Os
554 2441 634 2468 Ponti
649 2441 820 2476 appellatur:
837 2440 884 2466 ubi
907 2439 1031 2474 Cyaneas

246 2495 274 2518 et
293 2490 418 2518 l'lanctas
430 2496 493 2516 esse
513 2487 600 2515 (ιι-πά
626 2486 764 2521 quondam
783 2486 930 2513 dixerunt:
950 2485 1031 2512 nitui-

247 2545 307 2564 rttm
322 2538 350 2564 in
364 2537 424 2571 ipso
442 2535 519 2562 Ponti
535 2534 616 2561 ostio.
626 2532 689 2560 Ilaec
700 2533 791 2560 omnia
810 2539 875 2560 sane
888 2532 1032 2566 diligenter

247 2583 384 2618 inspicere
406 2582 451 2609 bis
464 2581 587 2618 memini,
611 2585 743 2614 praesente
762 2578 930 2612 Hieronymo
947 2578 1034 2604 Areo-

249 2635 323 2662 nato,
338 2627 489 2663 praestantis
505 2614 606 2661 in‘genii
620 2626 696 2654 viro:
713 2625 760 2660 qui
779 2632 836 2652 rem
851 2624 983 2651 memoria
992 2624 1032 2650 di-

249 2683 330 2711 gnam
349 2675 393 2702 hic
407 2673 474 2700 mihi
493 2673 598 2708 primus
613 2673 787 2708 suggerebat.
801 2672 893 2698 Altera
909 2670 1032 2706 Symple-

250 2722 361 2755 gadum,
378 2727 460 2755 quam
479 2718 637 2753 simpliciter
667 2726 764 2746 saxum
789 2717 962 2752 Busbequius
984 2725 1034 2751 ap-

250 2768 371 2804 pellavit,
387 2766 466 2794 habet
481 2765 636 2793 columnam
651 2771 772 2793 vetarent
791 2772 824 2793 ex
838 2765 900 2791 albo
913 2771 1033 2790 marmo-

252 2824 291 2848 re,
311 2822 392 2849 quam
411 2813 506 2847 vulgus
518 2811 580 2839 istic
591 2811 712 2846 Pompeii
733 2811 887 2839 columnam
903 2809 970 2837 falso
987 2816 1035 2835 vo-

251 2867 307 2889 cat.
329 2860 359 2888 ln
387 2860 439 2887 hac
454 2863 552 2893 praeter
577 2858 640 2890 alia,
671 2865 732 2892 qua:
749 2857 854 2893 Gyllios
889 2856 1034 2891 dtligentcr

253 2907 374 2938 servavit
404 2910 431 2933 et
450 2904 616 2940 'descripsit,
643 2904 760 2939 Augusti
789 2903 937 2938 Sphingem
967 2902 1032 2928 mihi

1071 263 1185 297 Sphingi
1201 263 1347 297 respondet
1373 261 1527 296 inscriptio,
1546 268 1626 294 quam
1642 260 1676 286 ab
1693 259 1756 287 aliis
1770 259 1854 287 omis-

1071 317 1128 336 sam
1142 316 1244 344 ponere
1259 309 1345 336 libuit.

1300 375 1361 395 DlVO
1378 375 1477 394 CESAFI
1509 373 1626 392 μ’ωέτο

1356 411 1381 430 ι.
1402 410 1557 429 CLANNIDIVS

1327 446 1352 465 L.
1371 446 1396 464 Ρ.
1415 445 1495 465 (ειμι...
1512 444 1596 463 ιτοΝτο

1069 494 1152 530 448
1175 494 1229 522 Nec
1247 499 1336 522 tamen
1361 494 1507 522 defuerunt
1539 493 1584 520 hic
1610 493 1674 520 olim
1698 494 1778 520 etiam
1801 493 1852 520 Cn.

1070 540 1190 575 Pompeii
1205 543 1392 571 monumenta,
1411 539 1506 566 relicta
1523 539 1549 565 in
1575 539 1617 566 his
1643 539 1713 566 locis
1730 539 1793 565 inde
1819 539 1853 566 ad

1070 586 1124 613 illis
1140 593 1225 620 usque
1240 585 1420 620 temporibus,
1441 592 1503 611 cum
1519 584 1670 618 imperator
1687 584 1777 618 populi
1797 584 1853 611 Ro-

1070 631 1143 659 mani
1163 636 1258 658 contra
1287 630 1481 662 Mithridatem,
1512 629 1589 657 Ponti
1623 637 1725 664 regem,
1751 629 1853 657 bellum

1070 681 1193 712 gereret.
1223 675 1319 704 Exstat
1356 684 1439 704 unum
1470 676 1560 704 adhuc
1589 676 1677 704 liberti
1710 676 1852 708 cujusdam

1071 723 1228 757 Pompeiani
1258 730 1389 755 marmor,
1413 722 1484 757 quod
1503 730 1556 749 non
1577 722 1671 756 procul
1694 730 1708 748 a
1739 721 1855 749 Casauis

1071 771 1158 797 baSsae
1188 769 1297 796 messita
1327 768 1476 803 (quondam
1501 768 1597 795 illnslti
1629 769 1659 795 S.
1693 767 1856 795 Theodosia:

1071 814 1184 850 templo)
1202 822 1284 849 supra
1301 814 1398 841 navale
1412 814 1586 841 Sullaninum
1601 815 1664 845 sita,
1677 813 1854 848 conspicitur.

1071 862 1099 889 Id
1123 861 1319 896 pulcherrimis
1337 865 1480 888 exaratum
1505 861 1604 888 litteris
1635 859 1775 891 Romanis.
1797 861 1856 887 haec

1036 910 1057 938 Β
1073 908 1154 935 verba
1168 908 1298 935 continet.

1248 981 1275 1001 ν.
1302 982 1347 1002 CN.
1373 981 1514 1002 POIPEIVS.
1538 981 1670 1001 l‘lllLlNV‘S.

1314 1017 1433 1037 ῐιοδιῐιειιε
1460 1016 1617 1036 ινιιιιομιίΜι

1424 1052 1502 1071 ΗΜΛ-1

1417 1088 1451 1108 ET
1463 1088 1513 1106 SlBI

1075 1137 1162 1165 liabet
1179 1138 1264 1166 lector
1284 1145 1338 1165 uno
1359 1138 1556 1173 comprehensa
1580 1139 1666 1173 capite
1690 1146 1742 1165 non
1758 1145 1857 1173 pauca,

1075 1185 1174 1219 quibus
1190 1189 1243 1211 tam
1260 1185 1365 1219 prolixe
1377 1185 1564 1216 recensendis.
1581 1185 1602 1212 si
1626 1189 1723 1219 pra‘tcr
1738 1185 1856 1212 cilicium

1075 1238 1100 1258 et
1112 1231 1268 1258 institutum
1279 1231 1361 1258 alicui
1377 1230 1476 1258 fecisse
1487 1231 1598 1258 videbor
1608 1251 1615 1261 .
1629 1232 1772 1258 excusabit
1784 1231 1858 1265 apud

1075 1286 1167 1313 arquos
1182 1286 1224 1305 me
1234 1279 1341 1314 judices
1355 1278 1468 1305 inﬁxum
1490 1278 1581 1305 animo
1595 1277 1700 1305 fervens
1720 1277 1859 1312 explican-

1075 1325 1102 1351 di
1129 1333 1170 1351 res
1196 1324 1305 1352 Graecas
1327 1330 1354 1351 et
1378 1323 1508 1352 Turcicas
1534 1324 1665 1353 studium.
1681 1330 1742 1351 cum
1765 1332 1858 1351 rerum

1077 1372 1197 1405 ipsartttn
1225 1372 1358 1400 varietate
1388 1377 1442 1399 tam
1477 1372 1546 1403 utili,
1571 1378 1652 1406 quam
1676 1372 1787 1399 tttinittte
1811 1376 1860 1399 lae-

1075 1417 1162 1445 diosa.

1114 1474 1179 1503 1‘29.
1200 1474 1310 1509 Tempus
1324 1482 1423 1503 certum
1436 1482 1520 1511 capto:
1534 1476 1805 1509 Constantinopoleos.

1111 1521 1223 1548 Certum
1239 1526 1291 1552 est.
1308 1527 1414 1556 captant
1435 1521 1702 1558 Constantinopolim
1718 1531 1732 1550 a
1749 1523 1862 1550 Muelle-

1078 1570 1147 1593 mete
1161 1565 1183 1593 ll
1212 1567 1258 1594 die
1285 1567 1320 1594 29
1334 1569 1435 1594 mensis
1448 1568 1510 1601 Mai,
1528 1576 1610 1602 quem
1635 1577 1660 1595 tv
1677 1569 1739 1596 Kal.
1764 1568 1862 1596 Jnnias

1078 1619 1216 1645 vocamus,
1230 1620 1301 1640 anno
1314 1613 1470 1641 Christiano
1490 1614 1569 1646 M55,
1595 1623 1649 1641 ttott
1669 1615 1745 1645 1452,
1766 1623 1863 1649 quent-

1076 1659 1220 1686 adtnodum
1252 1660 1323 1694 apud
1348 1659 1462 1688 Aineam
1490 1661 1605 1689 Silvium
1623 1670 1670 1695 per
1685 1669 1806 1688 errores]
1830 1662 1864 1688 li-

1076 1705 1160 1732 brarii
1179 1706 1294 1735 fortasse
1308 1707 1440 1742 scriptum
1459 1707 1568 1743 legitur.
1590 1709 1682 1736 Potest
1705 1709 1756 1735 hoc
1780 1709 1863 1735 etiam

1076 1761 1107 1779 ex
1120 1753 1264 1779 collatione
1275 1753 1525 1781 Malmmetanorttm
1539 1762 1672 1782 annorum
1687 1754 1719 1782 ad
1729 1755 1866 1783 Christia-

1077 1806 1126 1826 nos
1139 1799 1239 1835 colligi.
1252 1799 1354 1828 Caetera
1368 1801 1402 1828 de
1412 1801 1487 1828 urbis
1494 1805 1547 1828 tant
1557 1801 1706 1832 obsidione.
1723 1809 1803 1836 quam
1818 1810 1866 1829 oe-

1077 1846 1232 1880 cttpatione,
1245 1847 1304 1873 lieel
1320 1847 1544 1882 paucisexpt-sita
1559 1848 1613 1875 sint
1624 1849 1721 1879 verbis.
1731 1849 1794 1876 utin
1809 1849 1866 1876 An-

1077 1892 1185 1919 nalibus
1195 1893 1250 1919 ﬁeri
1272 1893 1349 1926 solet,
1361 1893 1394 1921 iis
1410 1897 1500 1920 tamen
1519 1900 1700 1922 consentanea
1718 1901 1791 1927 sunt.
1803 1902 1866 1930 qua:

1078 1940 1310 1975 Chalcocondylcs
1331 1940 1477 1975 prolixius,
1497 1945 1525 1967 ut
1541 1941 1568 1968 itt
1582 1941 1706 1973 historia,
1725 1942 1865 1968 tneutorite

1079 1986 1209 2021 prodidit.

1098 2032 1158 2059 l30.
1177 2033 1337 2065 Atmindan,
1361 2033 1484 2074 columna
1508 2036 1669 2069 serpentino,
1699 2039 1848 2061 statuarum

1399 2074 1544 2096 ειιεΙιιοεεις.

1116 2115 1262 2142 Attuittdun
1278 2114 1413 2149 significat
1432 2115 1531 2142 Turcis
1545 2123 1608 2143 eum
1627 2115 1864 2150 Constantinopoli

1079 2161 1181 2194 locum,
1201 2170 1281 2196 quem
1298 2163 1331 2188 ab
1351 2169 1485 2196 equorum
1514 2170 1598 2189 cursu
1625 2161 1712 2189 Graeci
1736 2162 1866 2189 dixerunt

1080 2206 1307 2242 llippodrotttultt.
1334 2207 1402 2234 Nam
1421 2209 1443 2235 si
1464 2209 1575 2236 verbum
1594 2209 1675 2236 verbo
1694 2209 1804 2241 red-las,
1832 2210 1868 2235 At

1048 2263 1067 2290 Β
1083 2260 1109 2280 et
1130 2253 1238 2280 Mindatt
1267 2254 1424 2288 signiﬁcant
1437 2262 1569 2289 equorum
1594 2255 1682 2282 loctttu
1698 2262 1825 2290 capacem
1839 2259 1868 2281 et

1083 2300 1214 2334 amplum.
1227 2299 1361 2327 Columna
1373 2301 1532 2335 serpentino
1551 2309 1623 2329 nunc
1638 2302 1720 2328 ctiatn
1730 2306 1867 2336 superest.

1081 2354 1114 2373 ex
1134 2353 1187 2373 azre
1203 2345 1284 2377 facta,
1306 2346 1345 2373 sic
1359 2346 1393 2373 ab
1408 2346 1463 2373 imo
1477 2347 1629 2374 convolutis
1646 2349 1716 2374 inter
1737 2354 1766 2374 se
1785 2347 1869 2381 spiris

1083 2391 1218 2425 serpentis
1236 2391 1361 2426 triplicis,
1392 2395 1422 2417 ut
1446 2391 1472 2418 itt
1499 2395 1575 2426 parte
1601 2391 1736 2426 superiOri
1757 2392 1868 2419 tandem

1083 2445 1143 2464 sese
1165 2443 1217 2464 tres
1232 2438 1366 2469 cervices.
1383 2437 1488 2470 lriaque
1512 2439 1668 2473 serpentino
1683 2438 1781 2472 capita,
1797 2438 1870 2464 diri-

1085 2485 1150 2510 dant
1170 2491 1202 2511 ac
1229 2489 1356 2518 separent
1371 2484 1398 2510 in
1428 2479 1542 2510 fortnam
1573 2484 1750 2519 triquetram:
1769 2485 1872 2517 quibus

1085 2531 1222 2565 quondam
1240 2531 1396 2564 accepimus
1412 2531 1571 2565 impositum
1588 2531 1622 2558 ab
1640 2531 1716 2558 urbis
1727 2532 1872 2558 conditore

1087 2577 1269 2604 Constantino
1291 2577 1389 2612 Magno
1407 2577 1490 2604 fuisse
1508 2577 1657 2611 plurimum
1677 2578 1787 2612 scriptis
1799 2578 1874 2606 celo-

1088 2623 1195 2650 bratuut
1216 2624 1291 2650 illutn
1309 2615 1589 2658 tripodemiApollinis
1601 2624 1772 2658 Delphicum.
1792 2624 1872 2658 Quod

1087 2670 1135 2701 ait,
1153 2669 1279 2696 ritectutn
1290 2669 1374 2697 fuisse
1390 2677 1439 2704 per
1454 2669 1506 2696 hoc.
1519 2669 1708 2702 simulacrum,
1723 2675 1796 2698 utco
1822 2672 1875 2699 du-

1089 2721 1164 2742 rante
1176 2715 1265 2742 nullus
1276 2721 1346 2742 esset
1373 2715 1398 2742 in
1416 2715 1483 2743 urbe
1493 2723 1624 2750 serpens:
1649 2724 1682 2742 ex
1698 2717 1875 2751 opinionibus

1089 2761 1245 2788 Gnecorum
1259 2761 1421 2788 illuchemeti
1439 2761 1553 2788 relatum
1577 2761 1647 2789 fuit:
1669 2770 1783 2796 quorum
1796 2763 1824 2790 in
1841 2763 1877 2790 li-

1086 2807 1134 2834 bro
1151 2808 1335 2841 manttscripto
1346 2808 1379 2834 de
1396 2807 1470 2835 urbis
1482 2808 1614 2840 aediliciis,
1627 2816 1707 2843 quem
1730 2810 1872 2842 habemus,

1089 2855 1241 2882 Stichioscs
1265 2854 1399 2888 ejusmodi
1425 2855 1477 2889 (sic
1504 2856 1576 2882 enim
1597 2856 1745 2890 appellant)
1769 2852 1873 2884 statua-

1090 2908 1149 2927 rum
1167 2901 1247 2927 variae
1262 2901 1399 2935 leguntur.
1413 2905 1440 2928 et
1454 2901 1563 2936 quidem
1584 2903 1617 2930 ab
1640 2903 1783 2936 Apollonio
1798 2902 1873 2937 Tyav
