1963 3067
150 97 200 128 821

150 164 201 182 nco
217 154 352 188 profectis.
369 155 390 180 si
407 154 515 188 quidem
535 162 598 181 vera
613 159 735 182 narrant.
754 155 832 181 Certe
849 153 922 188 quod
938 154 961 180 Λ

148 202 239 228 statim
251 201 371 235 sequitur
381 200 415 227 de
429 204 518 228 statua
528 201 645 235 equestri
656 201 759 228 ahenea
773 201 923 232 destructa,

149 255 202 277 una
219 247 285 281 pesti
296 247 445 281 praeclusus
461 247 543 275 fuerit
555 248 581 274 in
594 248 687 274 urbem
706 247 812 275 aditus:
828 254 923 281 super-

148 294 260 320 stitiosis
277 293 360 321 videri
374 298 467 328 posset
492 294 610 329 aliquam
625 294 723 321 mereri
746 294 836 326 tidem,
863 302 923 321 ctuti

147 340 260 374 singulis
271 341 351 368 annis
359 348 391 368 ea
404 348 477 369 nunc
493 341 565 369 laede
585 341 726 368 mensibus
741 341 841 368 aestivis
858 341 922 367 cali-

146 386 268 413 diortbtts
279 391 427 421 grassetur.
446 386 504 420 Qua
520 394 571 414 nos
585 387 656 414 istuc
684 391 771 414 astate
787 386 922 419 venimus,

146 433 332 467 absumpsisse
348 434 508 461 credebatur
524 434 596 461 inter
611 439 729 469 quatuor
746 440 854 461 menses
870 433 920 460 lto—

145 479 250 506 mintnn
263 480 295 506 ad
329 480 444 509 150000.
464 480 518 508 Nec
540 489 612 508 anno
631 481 754 516 sequenti
780 481 923 515 pauciores

146 525 319 552 interierunt.

247 583 306 610 151.
326 583 430 617 Siurigc
455 583 668 619 Spltetigradttm,
685 584 803 619 Sphetia.

181 641 260 667 Duxit
276 641 302 667 in
318 641 456 668 Albania":
483 643 575 676 copias
589 643 771 670 llluchemetcs
789 645 921 671 adversus

144 686 331 713 lscbendcretn
358 689 462 721 begun],
490 690 548 716 sive
578 689 723 725 Georgium
746 690 921 717 Castriotetn.

145 732 355 767 Siurigeliugua
381 734 494 761 Turcica
518 735 655 768 signiﬁcat
683 744 772 763 arcem
803 743 920 764 acutam.

142 777 228 805 Gratci
258 779 378 807 dicerent
404 780 587 816 Oxypyrgion.
616 782 751 810 Laonicus
779 782 920 818 Sphetiatn

145 830 221 852 vocat
243 827 403 861 appellatam
417 836 431 855 ει
453 829 573 855 Barlelio
590 829 811 864 Sphetigradtun,
827 820 917 865 lingua
937 834 957 862 Β

143 871 297 906 Slavoniea,
315 881 395 908 quam
411 874 482 902 idem
498 883 513 901 a
526 875 606 910 Croja
622 875 725 903 distare
745 876 780 903 58
797 877 921 904 milliari-

143 917 193 944 luts
209 918 258 944 ait.

142 977 194 1004 {5'2
223 978 305 1011 Nare,
329 978 415 1011 Nova,
432 979 582 1014 Nurogrnd.
609 979 700 1006 Novus
718 988 791 1006 mons
809 980 922 1012 Raacitt',

423 1014 612 1050 Neopyrgium.

177 1069 250 1097 Nove
265 1071 371 1098 Croatis
381 1077 406 1098 el
423 1067 561 1098 Servianis
577 1072 685 1104 dieitttr,
702 1081 761 1107 qua)
778 1073 821 1100 hic
845 1073 920 1102 Nova

142 1117 307 1150 routinatur,
338 1119 466 1152 oppiu'uut
495 1119 594 1146 Serviat:
618 1120 696 1153 cujus
722 1125 786 1146 tunc
808 1121 920 1153 despnta

141 1163 272 1197 Georgius
287 1164 375 1191 adhuc
392 1171 532 1199 superstes
546 1171 618 1192 erat:
636 1166 681 1193 sed
695 1174 747 1193 non
763 1167 847 1194 tnulto
859 1173 920 1200 post

141 1210 268 1243 moritur,
281 1210 421 1245 impetrata
438 1219 502 1245 pace
517 1219 532 1238 a
543 1212 650 1239 sultano
663 1212 842 1243 Muchemete.
853 1213 920 1240 lilio-

140 1262 193 1290 qtte
211 1257 322 1283 minimo
331 1263 394 1284 natu
405 1257 517 1290 Lazaro,
531 1266 689 1286 successore
701 1264 799 1293 postse
812 1259 918 1286 relicto.

141 1302 301 1330 Notavimus
327 1310 408 1336 supra
442 1311 502 1337 cap.
537 1303 598 1335 101,
635 1303 822 1338 Novogradutn
848 1312 920 1331 nunc

140 1350 220 1384 vulgo
234 1350 298 1383 dici,
315 1350 387 1385 quod
409 1358 498 1377 arcent
526 1358 621 1378 novam
638 1351 782 1385 signiticat,
800 1359 852 1379 non
867 1359 918 1379 no-

139 1405 202 1423 vum
217 1402 346 1427 montem.
363 1401 392 1423 ut
408 1397 548 1424 Bonﬁnius
563 1398 769 1432 interpretatur,
790 1399 852 1425 dum
869 1406 918 1426 no-

140 1451 202 1469 \llm
225 1448 342 1470 montem
359 1443 463 1471 Basciae
484 1449 574 1471 vocat.
601 1444 678 1478 Apud
702 1444 849 1472 Laonicum
866 1444 918 1472 No-

139 1497 286 1524 vnpyrgum
299 1489 543 1524 legimus,proquo
557 1489 727 1524 Neopyrgutn
740 1498 916 1525 reponemus,
932 1509 955 1540 α

140 1543 237 1563 immen
253 1535 280 1562 id
294 1536 394 1564 Graecis
403 1544 516 1569 sonans,
528 1538 600 1571 quod
614 1537 731 1565 Venedis
760 1537 917 1573 Novograd.

139 1582 239 1609 Ibidem
253 1583 364 1618 margini
376 1584 523 1617 ascriptum
536 1583 724 1611 Novohardum
753 1585 920 1613 mutabimus

139 1631 165 1654 iu
191 1628 391 1663 Novogradutn,
414 1629 456 1657 vel
475 1631 565 1664 potius
587 1629 789 1665 Novogradum.
816 1631 861 1658 Ait
876 1631 919 1658 hic

140 1675 272 1703 Laouicos
299 1684 426 1710 magnum
439 1684 499 1704 esse
525 1677 622 1704 metalli
640 1683 811 1709 proventum,
838 1683 865 1705 et
880 1679 919 1705 al-

139 1723 256 1748 luentetn
283 1723 412 1757 oppidum
432 1723 580 1755 Moravam,
601 1723 671 1750 Istro
698 1723 818 1752 misceri.
849 1724 918 1752 San-

138 1769 207 1800 uinci
222 1776 295 1796 nunc
309 1770 387 1796 sedes
401 1774 454 1802 est,
465 1769 546 1797 Budze
560 1769 722 1804 beglerbego
735 1769 848 1798 subditi.

170 1838 230 1865 l55.
250 1837 375 1873 Belgradi
390 1837 428 1865 rel
442 1837 514 1865 Alba:
531 1838 627 1866 ercm
643 1828 757 1866 serenda
770 1839 881 1866 obsidio.

177 1896 213 1922 De
228 1895 358 1930 Belgrade
370 1899 397 1922 et
422 1895 535 1922 Muralis
551 1895 691 1922 obsidione
718 1894 820 1922 dictum
838 1899 916 1922 antea

137 1950 252 1969 numero
267 1941 328 1968 100.
345 1942 420 1968 Nunc
432 1942 650 1969 iterumobsc5sa
669 1942 719 1968 fuit
737 1950 750 1968 a
763 1939 916 1969 Muéhetne-

139 1995 164 2016 te
186 1989 298 2016 Muralis
313 1988 379 2020 lilio,
403 1988 448 2023 qui
463 1996 522 2015 eam
540 1989 676 2021 repetebat
695 1988 728 2014 ab
744 1987 872 2022 ngaris,
889 1992 919 2014 ut

139 2036 289 2062 membrum
299 2035 399 2063 Serviat:
415 2042 485 2062 nunc
494 2036 535 2062 sui
545 2035 614 2066 juris
626 2035 737 2062 clleclze.
752 2033 785 2061 de
795 2042 918 2069 quopro—

137 2084 191 2109 lixe
204 2086 347 2115 tractatum
360 2082 479 2108 indicato
494 2081 592 2115 capite.
609 2081 646 2108 De
658 2082 706 2107 hac
722 2080 863 2108 obsidione
876 2088 918 2108 se-

136 2128 225 2155 cunda
241 2129 359 2155 Thomas
375 2128 557 2159 Ebendorl‘us,
588 2128 612 2154 in
629 2128 780 2154 Austriacis
806 2129 918 2155 Annali-

723 95 923 126 l‘ANDECTE
945 95 1044 128 lllST.
1063 96 1112 125 TU
1119 95 1212 126 llClC.

1704 94 1758 124 82‘!

975 153 1050 185 niatl,
1069 160 1160 179 cotnes
1178 151 1363 189 Bistricensis,
1380 160 1406 179 xt
1423 152 1465 179 die
1485 150 1608 186 Augusti.
1627 150 1693 177 Eum
1710 151 1755 175 tll‘—

976 198 1093 232 ploravit
1109 198 1154 225 Fr.
1172 198 1290 226 Joannes
1301 198 1335 225 dc
1347 197 1518 232 Capistrano,
1538 197 1669 223 lluniadis
1682 204 1755 222 com-

976 244 1079 271 tnilito:
1094 254 1102 269 ι
1119 245 1208 276 Salve,
1221 245 1330 272 aureola
1343 245 1415 277 cadi,
1426 252 1487 278 quae
1496 243 1630 276 cecidisti,
1641 250 1752 271 corona.

976 290 1059 324 Rrgni
1086 292 1217 318 exstincta
1239 299 1269 319 es
1286 292 1407 319 lucerna.
1436 289 1515 318 Orbis
1537 294 1696 324 corruptum
1724 297 1754 316 es

976 336 1126 370 speculum,
1138 337 1165 364 in
1176 345 1230 372 quo
1241 345 1289 364 nos
1304 337 1406 364 tliutius
1418 336 1553 371 inspicere
1567 335 1754 370 sperabamus,

975 387 1001 409 et
1015 383 1071 409 atii.
1087 382 1162 410 Nunc
1181 388 1208 410 ιιι
1229 383 1336 410 devicto
1359 383 1470 410 inimico
1490 382 1646 416 triumphas
1663 389 1753 409 coram

975 429 1029 455 Deo
1038 429 1183 463 etangelis.
1192 437 1208 456 ο
1219 429 1288 456 bone
1299 429 1426 456 Joannes.
1434 438 1443 454 ι
1457 428 1529 456 Sane
1539 436 1620 463 quam
1637 428 1753 460 fortiter,

974 480 1000 502 ct
1019 475 1163 502 immortali
1179 482 1240 502 cum
1256 476 1336 503 laude
1350 483 1411 508 sua,
1435 475 1461 502 hi
1484 476 1537 502 dtto
1552 483 1582 502 se
1600 480 1753 510 gesserunt.

976 521 1026 548 hoc
1044 521 1245 555 propugnaculo
1261 520 1476 549 Christianorum
1502 521 1681 553 defendendo,
1699 520 1754 547 11η-

975 566 1068 593 niades
1081 571 1108 593 et
1123 565 1314 601 Capistranus,
1329 567 1481 594 monachus
1496 566 1602 593 ordinis
1619 565 1754 593 Pranlica-

974 618 1075 641 torum.
1090 612 1181 639 clarus
1201 613 1228 639 in
1245 612 1370 640 historiis
1387 612 1521 641 Volouum
1536 619 1619 639 cruce
1633 612 1754 646 signato—

975 666 1033 684 rum
1057 658 1122 689 dttx.
1155 658 1200 692 qui
1228 663 1366 685 mortuum
1385 658 1537 685 lluniadem
1568 665 1670 692 paucos
1685 658 1753 684 intra

973 704 1032 731 dies
1045 709 1155 732 secutus
1169 704 1229 732 fuit.
1241 704 1423 732 Muchcmetes
1439 705 1465 731 in
1481 704 1682 738 oppugnatione
1711 704 1754 729 die

972 751 1002 776 21
1020 750 1095 782 Julii,
1108 750 1186 785 cujus
1199 750 1369 778 Ebendorlus
1387 750 1523 782 meminit.
1538 750 1629 777 lethali
1642 753 1755 784 accepto

973 796 1096 827 vulnere,
1112 795 1154 822 vix
1183 795 1326 823 incolumis
1341 795 1436 824 evasit.
1466 794 1578 823 Obsidio
1598 796 1686 823 soluta
1703 795 1754 822 fuit

971 841 1014 868 die
1040 841 1056 868 ti
1075 841 1199 875 Augusti,
1218 849 1297 876 quem
1315 841 1437 869 Calixtus
1454 840 1486 867 Ill
1506 841 1627 875 pnnlil‘ex
1658 841 1752 869 haberi

974 888 1073 915 festum
1086 895 1117 914 ex
1130 895 1163 915 eo
1193 892 1316 923 tempore
1328 888 1414 916 voluit.
1433 889 1485 916 sub
1503 889 1612 916 ttomine
1632 889 1753 916 Transii-

974 934 1126 968 gurationis
1151 934 1253 962 Christi
1276 934 1374 967 :quod
1399 939 1488 962 tamen
1511 934 1610 962 festum
1640 935 1686 962 illo
1711 935 1755 962 die

973 980 1065 1007 multis
1079 985 1142 1008 ante
1154 981 1262 1008 steculis
1290 981 1377 1008 Graeci
1390 981 1529 1010 celebrare
1543 987 1753 1014 consueverant,

972 1027 1140 1060 appellantes
1176 1027 1202 1054 id
1236 1035 1342 1054 sacram
1373 1031 1495 1055 sanctam
1525 1028 1752 1062 metamorphosin

973 1071 1118 1100 Dominiet
1134 1073 1192 1105 Dei.
1209 1073 1418 1109 Servatorisque
1441 1074 1540 1106 nostri,
1560 1073 1623 1101 Jesu
1640 1074 1752 1101 Christi.

971 1130 1033 1157 151.
1048 1129 1220 1158 DuiCaratze
1230 1130 1325 1163 Bassa,
1339 1130 1477 1163 Bon/iuius
1492 1135 1515 1157 et
1531 1129 1754 1166 Cltalcacoudyles

1294 1166 1437 1192 emendati.
1617 1178 1621 1182 -

1007 1209 1055 1236 llic
1069 1210 1152 1239 Bassa
1166 1211 1288 1238 Boulinio
1297 1211 1410 1239 Caracia
1430 1218 1551 1243 vocatur,
1583 1211 1751 1239 Chalcocon-

970 1256 1184 1290 dyliCaraIzies.
1202 1258 1317 1292 Europa:
1334 1265 1367 1285 ne
1382 1258 1525 1293 bcglerbus
1536 1258 1627 1289 fuerit,
1639 1258 1752 1284 anAna-

970 1301 1052 1333 Iuliae,
1069 1310 1122 1329 non
1134 1303 1293 1337 exprimitur
1306 1304 1331 1329 in
1344 1304 1504 1331 Annalibus.
1518 1304 1650 1331 Laonicus
1663 1308 1752 1330 tamen

970 1348 1069 1375 diserte
1085 1349 1181 1376 ducem
1201 1348 1316 1383 Europa:
1331 1350 1465 1382 nominat,
1494 1358 1527 1377 ex
1543 1358 1598 1385 quo
1612 1350 1753 1384 corrigen-

970 1393 1020 1420 dus
1035 1393 1185 1425 Bonliuius.
1202 1395 1247 1428 qui
1259 1395 1329 1422 Asia
1339 1396 1434 1422 ducem
1449 1395 1513 1423 fecit
1529 1403 1641 1428 ;crrore
1658 1388 1751 1422 consi-

969 1441 1026 1467 mili
1043 1448 1104 1469 cum
1119 1449 1162 1473 eo.
1178 1450 1258 1476 quem
1278 1450 1359 1476 supra
1372 1450 1485 1470 numero
1515 1442 1564 1470 106
1580 1443 1613 1469 de
1627 1442 1753 1469 Chasanc

971 1486 1050 1514 hassa
1062 1488 1224 1516 notavimus.
1247 1488 1332 1515 Verba
1345 1488 1453 1516 Laonici
1471 1489 1526 1515 haec
1541 1494 1620 1516 sunt:
1638 1488 1751 1523 Europae

971 1534 1023 1560 dux
1034 1533 1182 1567 Caratzies,
1198 1534 1243 1567 qui
1255 1534 1337 1569 gloria
1347 1540 1372 1561 ct
1384 1536 1481 1562 virtute
1495 1535 1643 1562 excellebat
1656 1543 1751 1562 omnes

970 1581 1014 1614 qui
1033 1581 1113 1615 regiis
1126 1581 1150 1608 in
1168 1581 1260 1616 januis
1277 1583 1441 1614 militabant,
1457 1582 1491 1609 ab
1512 1582 1656 1616 oppidanis
1671 1582 1750 1609 bom—

970 1627 1060 1654 barda:
1078 1627 1157 1662 globo
1170 1628 1239 1655 ictus
1255 1629 1392 1657 occubuit.
1406 1628 1472 1655 Eum
1484 1637 1529 1656 rex
1545 1628 1750 1664 (llttclientctcs)

969 1673 1083 1699 multum
1097 1673 1213 1708 lugebat.
1230 1674 1277 1701 llis
1291 1675 1381 1702 verbis
1396 1675 1476 1701 etiam
1497 1674 1693 1709 mortisgenus
1710 1675 1751 1700 itt-

968 1720 1085 1753 dicatur,
1097 1728 1152 1755 quo
1166 1721 1256 1758 periit.
1273 1721 1300 1748 In
1318 1721 1460 1748 obsidione
1477 1729 1540 1748 vero
1557 1721 1751 1748 Constantino-

969 1765 1089 1799 politana
1101 1771 1227 1801 corrupte
1250 1774 1347 1794 nomen
1384 1767 1464 1800 hujus
1489 1767 1624 1794 Saratzies
1642 1767 1751 1800 legitur,

969 1818 1019 1844 pro
1032 1818 1085 1844 quo
1099 1811 1283 1845 reponendum
1315 1812 1466 1839 Carauies.
1485 1811 1551 1839 lluic
1569 1813 1649 1839 etiam
1668 1813 1750 1846 perti—

969 1852 1014 1882 nct
1031 1856 1075 1883 ille
1106 1856 1216 1884 Laonici
1231 1857 1307 1884 locus
1334 1857 1367 1884 de
1383 1859 1582 1893 oppugnatione
1611 1858 1744 1893 Bclgradi,

968 1905 1111 1936 excerptus
1122 1906 1147 1928 et
1160 1902 1318 1929 emendatus
1333 1910 1425 1936 supra,
1441 1911 1498 1937 cap.
1518 1903 1562 1933 72,

1148 1948 1209 1975 155.
1225 1948 1280 1975 Rea:
1297 1948 1405 1976 Bozina:
1429 1948 1586 1984 Stephanus.

1004 1992 1041 2020 De
1066 1991 1224 2021 Semendria
1255 1993 1374 2020 diximus
1398 2001 1458 2028 cap.
1484 1995 1528 2025 99,
1552 1995 1748 2023 [lozinacorum

967 2040 1044 2073 origo
1060 2039 1198 2067 declarata
1213 2039 1314 2073 legitur
1327 2040 1417 2074 capite
1446 2040 1491 2068 49.
1522 2040 1658 2075 Duplicetn
1689 2049 1751 2069 esse

969 2085 1108 2117 Bozinam,
1125 2084 1269 2112 docuimus
1283 2087 1371 2120 capite
1384 2086 1428 2113 95.
1441 2086 1491 2119 Qui
1520 2086 1625 2113 llozinre
1648 2096 1691 2114 rex
1705 2088 1750 2114 ltic

970 2135 1146 2163 memoratur,
1162 2131 1316 2165 Stephanus
1329 2136 1396 2163 erat,
1407 2132 1440 2158 de
1449 2140 1503 2166 quo
1512 2132 1587 2167 plura
1601 2140 1654 2159 non
1667 2134 1749 2160 multo

138 2174 187 2200 bus
204 2174 274 2206 suis,
289 2174 346 2201 haec
362 2174 471 2200 retulit:
490 2174 567 2200 Anno
588 2174 666 2204 MSS.
687 2173 792 2200 Turcus
807 2173 916 2200 Machu-
933 2180 954 2206 ι)
970 2182 1038 2212 post.
1055 2177 1080 2204 Is
1095 2182 1190 2212 sponte
1211 2185 1259 2204 sua
1285 2177 1448 2205 deditionem
1476 2177 1640 2205 Semendrize
1654 2177 1749 2206 fecisse

137 2226 192 2247 met
203 2222 330 2248 secundis
345 2222 431 2249 elatus
450 2222 575 2253 Iot-tunis,
593 2222 733 2254 despotam
758 2221 915 2256 Georgium,

136 2267 238 2294 llatzite
252 2268 414 2303 principem,
430 2269 456 2295 in
470 2268 527 2296 suis
545 2269 624 2294 terris
642 2268 778 2294 lthlllllCl‘
803 2268 914 2298 invasit,

134 2319 160 2340 rt
181 2314 257 2348 plura
274 2314 414 2342 hominum
432 2315 515 2342 millia
530 2315 676 2343 crudeliter
697 2315 831 2341 abduxit.
847 2313 916 2341 [lino

134 2366 161 2387 t-t
187 2362 299 2394 dcspota
320 2369 414 2388 versus
430 2360 589 2396 Unger-iam,
619 2363 651 2388 ad
670 2362 764 2388 Albam
782 2362 914 2394 Grrccam,

134 2417 196 2434 eum
212 2408 270 2435 suis
278 2409 389 2435 secretis
401 2415 430 2435 se
441 2409 566 2437 contulit.
575 2407 658 2443 449
669 2415 822 2442 terramque
838 2417 914 2435 suam

135 2455 336 2487 pulict'naudam
347 2453 446 2481 Joauni
460 2456 491 2482 tle
505 2455 621 2486 lluniad,
637 2454 761 2488 ngarite
781 2455 915 2490 guberna-

134 2501 194 2532 tori,
209 2501 273 2527 dutn
290 2501 420 2528 Viennam
431 2501 472 2536 (ad
487 2501 653 2528 Fridericutn
667 2501 699 2528 IV
711 2502 913 2536 iinperatoreu.)

133 2553 266 2582 pergeret,
279 2548 493 2574 commendarit.
511 2547 575 2574 lude
590 2547 775 2577 Nantloralba.
789 2548 871 2581 janua
887 2554 914 2575 ct
936 2579 940 2582 _

133 2593 258 2620 clausura
285 2593 360 2628 regni
390 2591 523 2628 Ungaria',
540 2593 681 2619 obsidetur
709 2601 723 2620 a
747 2593 913 2626 Maltntnetn,

133 2646 204 2664 anno
230 2637 309 2671 l-lSG,
336 2640 540 2673 oppugnatione
567 2639 701 2665 acerrima
720 2639 790 2665 facta
819 2639 862 2665 die
877 2639 909 2666 21

131 2685 206 2716 Julii,
221 2692 283 2712 eum
301 2685 376 2719 prius
390 2685 481 2712 hocin
507 2685 603 2712 itinere
615 2690 735 2712 castrum
751 2685 779 2712 S.
796 2685 913 2713 Andrea:

131 2730 208 2763 (Nota
222 2730 336 2764 margini
352 2730 499 2764 ascriptum
516 2739 613 2758 nomen
627 2730 821 2761 Sendcrovuel,
840 2732 911 2765 quod

131 2781 190 2803 crat
214 2775 323 2810 Georgii
344 2776 475 2811 despnta‘,
505 2785 649 2812 aggressus
674 2778 810 2804 incassum
842 2778 910 2803 luis-

131 2827 181 2849 sct.
213 2822 306 2848 Soluta
336 2821 490 2853 obsidione.
523 2829 645 2850 moztuus
661 2823 778 2850 Juanucs
807 2823 906 2850 λΙςΗιιι

970 2229 1105 2253 narratur.
1118 2232 1199 2258 quam
1213 2231 1228 2250 a
1251 2229 1340 2251 tnorte
1357 2224 1444 2251 soceri
1466 2230 1655 2259 occupaverat.
1686 2226 1750 2252 Erat

973 2275 1063 2296 autem
1083 2278 1151 2296 uxor
1167 2270 1229 2296 huic
1262 2269 1357 2296 Lazari
1382 2269 1538 2297 Bulcovitzii
1556 2270 1619 2303 ﬁlia,
1640 2271 1747 2306 Georgii

966 2317 1084 2350 despotaa
1099 2317 1198 2350 neptis,
1217 2315 1446 2350 quemadmodum
1462 2316 1488 2342 in
1505 2317 1664 2351 genealogia
1682 2316 1747 2343 Bul-

966 2362 1142 2388 corittiorutn
1158 2362 1246 2396 capite
1258 2360 1292 2387 51-
1318 2359 1508 2388 indicavimus.
1521 2360 1672 2395 Etapparct
1686 2362 1747 2388 hinc

967 2408 1097 2435 Lazarum
1111 2408 1211 2435 Set-viae
1225 2407 1364 2442 dcspotatn
1394 2406 1510 2441 Georgio
1527 2408 1607 2442 patri,
1624 2410 1670 2442 qui
1688 2407 1748 2435 diu-

965 2455 1069 2482 tissime
1084 2455 1214 2488 regnavit,
1233 2461 1285 2479 non
1302 2453 1347 2480 diu
1360 2453 1531 2488 superstitem
1548 2453 1642 2481 fuisse.

967 2511 1030 2539 136.
1044 2510 1220 2538 Tarabosanis
1240 2511 1411 2542 ivnperatara
1444 2510 1604 2538 Mucltemete
1634 2512 1746 2539 secundo

1311 2545 1405 2573 dictus.

1000 2590 1036 2617 De
1052 2591 1216 2619 Castamone
1229 2592 1333 2619 dictum
1351 2592 1439 2627 capite
1454 2592 1499 2620 66.
1527 2593 1642 2628 Sinopes
1664 2594 1746 2620 etiam

963 2637 1090 2672 frequens
1105 2638 1235 2665 hactenus
1268 2637 1338 2664 facta
1360 2639 1473 2665 mentio.
1504 2638 1615 2667 Novella
1647 2639 1747 2667 Leonis

964 2683 1145 2716 imperatoris,
1175 2683 1337 2717 cognomine
1372 2683 1517 2717 Sapientis.
1558 2684 1745 2719 episcopatum

965 2732 1140 2765 Sinopensem
1160 2730 1312 2757 Amasiante
1330 2730 1470 2764 metropoli
1502 2730 1612 2766 subjicit
1628 2731 1654 2757 in
1668 2730 1746 2758 Hele-

965 2782 1095 2811 noponto.
1109 2776 1258 2810 Portlapani
1280 2776 1332 2802 dici
1349 2776 1430 2802 tradit
1451 2775 1594 2810 Laonicus,
1613 2784 1683 2803 noro
1697 2784 1746 2802 vo-

965 2823 1070 2851 cabulo.
1084 2823 1146 2849 licet
1161 2822 1203 2850 hic
1215 2822 1241 2848 in
1255 2821 1405 2850 Annalibus
1418 2830 1511 2854 parum
1526 2828 1630 2850 mutato
1649 2824 1743 2853 veteri,
