1963 3067
210 123 261 154 823

811 125 973 155 JOANNIS
994 126 1225 158 LEUNCLAVII

1774 123 1827 156 824

209 183 292 214 Sinap
308 181 452 207 scribatur.
469 179 626 208 Tarabosan
643 181 740 209 Turcis
766 187 808 208 est
839 181 988 216 Trapezus,
1005 190 1026 214 Α
1042 185 1128 217 capite
1141 189 1266 212 notarum
1284 185 1329 212 52.
1348 184 1419 212 Idem
1445 182 1679 218 Chalcorondyles
1694 182 1826 210 Domtnici

208 232 270 254 nota
307 227 384 254 sedes
409 227 610 254 Comncnorum
633 228 795 262 principum,
822 228 867 262 qui
900 228 993 255 audire

207 273 334 299 volebant
348 273 535 307 imperatores.
555 273 671 300 Ultimus
680 273 738 308 ejus
748 273 845 309 gentis.
859 282 873 300 a
884 273 993 300 Muchc-

207 323 279 346 mete
293 319 392 350 victus,
408 318 457 345 fuit
469 319 585 346 Davides
611 319 779 346 Cnmnenus.

207 376 268 403 157.
295 375 394 402 Draco!
409 374 515 407 Weida,
532 375 642 417 qudus,
680 375 775 406 i'ladu,
795 375 919 402 Matt/tius
937 373 991 401 L'n-

523 419 605 446 gerite
621 419 675 438 rex.

244 457 291 484 llic
310 457 446 485 Valachite
464 457 595 488 Vaivoda.
612 459 658 492 qui
673 457 769 483 Turcis
797 456 890 483 Dracol
906 455 992 482 nomi-

207 507 299 536 natur,
316 503 434 530 Laouico
451 503 550 531 Bladus
570 504 680 534 dicitur,
706 502 830 529 Dracula:
859 501 939 533 Illius,
957 507 990 527 ex

206 549 376 577 immanitate
391 549 519 582 celebris,
532 550 565 577 de
579 557 633 584 quo
642 550 759 584 plurima
775 555 991 575 commemorau-

206 601 259 628 tur,
275 595 328 623 huc
345 604 399 624 non
415 596 591 631 pertinentia.
609 596 682 623 Bladi
702 603 800 622 nomen
825 603 859 622 ex
886 594 992 621 ratione

204 644 398 676 pronuntiandi
413 643 513 670 Graecis
526 643 654 670 familiari
669 642 781 669 Vladum
797 642 918 669 scribere
945 641 990 667 de-

205 689 300 715 buerat
314 688 459 722 interpres.
474 688 586 716 Vladam
601 689 741 716 Bonl‘tuins
753 689 880 722 appellat.
893 691 990 721 etpost

203 734 285 761 etiam
303 734 445 762 Draculam
463 741 577 770 paterno
598 735 718 762 nomine.
748 734 934 762 Callimachus
949 733 990 758 in—

163 780 165 782 ’
204 787 278 817 tcgrc
298 781 466 809 Vladislaum
494 783 639 810 Draculam
673 782 794 815 scripsit.
828 780 907 807 Iluuc
940 779 986 813 qui

203 828 496 864 eonjecissediciturin
511 837 647 856 carcerem
662 837 706 856 rex
717 825 989 862 Ungarnleallhins

1045 228 1155 256 fratrem
1174 230 1238 257 facit
1253 230 1377 262 Lucium,
1395 237 1475 264 quem
1505 230 1606 256 rectius
1630 236 1646 255 a
1674 228 1828 255 Sansmino

1044 275 1168 303 Turcicis
1181 276 1207 303 in
1223 276 1375 303 Annalibus
1386 276 1520 302 Dotninici
1543 275 1624 310 huius
1640 274 1824 310 propiuquutn

1043 322 1083 348 vel
1102 328 1229 357 agitatum
1245 323 1377 349 nominari
1400 322 1526 349 arbitror.

1043 380 1105 407 159.
1123 379 1292 406 Murhemelis
1306 380 1415 413 adi/irin
1436 377 1830 412 Constantinopolitana,Ceni-

1237 416 1322 446 sarai,
1341 414 1477 441 Eskisarai
1491 414 1624 441 .Iedicnla.

1076 460 1134 486 Non
1150 460 1304 494 exprimunt
1317 459 1434 486 Annales
1457 467 1582 493 quaenam
1618 458 1731 486 aedilicia
1757 458 1829 485 Con-

1041 505 1216 538 stantinopoli
1237 505 1420 532 Muc‘mnetes
1449 504 1627 532 exstruxerit.
1659 504 1723 531 Ideo
1752 504 1828 531 lubet

1042 550 1099 576 lucc
1115 550 1148 577 de
1168 549 1286 577 Laonico
1301 556 1327 577 et
1343 551 1403 577 aliis
1419 557 1554 584 promere.
1574 550 1672 577 Statim
1684 549 1755 577 enim
1765 556 1828 584 pro-

1041 598 1114 624 xima
1130 603 1188 632 post
1198 598 1314 625 Lesbum
1327 604 1432 632 captant
1448 599 1548 630 hieme,
1563 602 1658 625 narrat
1671 606 1733 625 eum
1750 599 1828 632 quie-

1041 645 1111 671 tisse
1124 644 1267 675 Laouicus,
1282 645 1418 671 intentum
1436 644 1558 671 anliliciis
1570 643 1694 674 urbanis.
1705 643 1827 678 templis,

1041 691 1141 722 navali,
1159 691 1213 717 arci
1230 690 1394 726 Byzantium,
1415 697 1498 724 quam
1520 690 1640 717 condidit
1667 690 1744 724 juxta
1762 697 1826 724 por-

1041 742 1096 764 tam
1110 745 1124 764 a
1137 737 1238 765 Graecis
1252 738 1370 765 Auream
1389 741 1525 769 vocatam,
1547 737 1593 764 ubi
1610 741 1636 763 et
1663 741 1752 763 turres
1766 744 1826 762 tua-

1041 786 1127 811 ximas
1142 785 1280 816 excitavit,
1293 788 1471 819 spectatuque
1483 784 1578 818 dignas
1586 788 1611 809 et
1624 783 1709 817 ipsam
1724 783 1826 816 regiam

1043 831 1157 858 interius
1174 832 1311 865 eleganter
1327 830 1445 857 ornavit.
1467 829 1604 856 Hactenus
1620 829 1826 864 Chalcocouzly-

203 874 342 902 lluniadcs
353 875 412 906 fuit,
424 875 536 902 Joannis
550 875 631 907 filius,
641 875 774 902 Austriaci
787 873 913 905 Ladislai,
925 873 988 898 Pra-
1006 865 1026 892 Β
1043 879 1080 905 [es
1098 877 1179 913 pauto
1193 877 1365 905 ευιηιηηάῖυς
1377 876 1509 909 redditus,
1535 877 1561 903 in
1571 876 1648 910 cujus
1673 875 1763 902 verbis
1777 883 1826 901 ιιο-

201 929 241 954 ετξ
253 921 340 948 subito
355 922 494 955 exstincti,
521 922 653 956 ngarico
666 922 691 948 in
724 929 806 955 regno
835 925 985 946 successer.

205 967 398 1002 Mucltcmetes,
415 969 465 995 hoc
479 968 640 1003 abUngaris
656 967 909 1002 capm.\"alacbiaur
921 966 986 991 sub-

199 1015 299 1048 jecisse
331 1021 468 1042 narratur.
489 1015 516 1042 Id
545 1023 610 1042 vero
639 1015 740 1042 factum
772 1014 863 1049 potius
891 1013 985 1039 existi—

203 1062 331 1089 mandum
346 1070 359 1088 a
375 1061 619 1095 Draculajuniore,
648 1061 777 1088 Vladislai
810 1060 894 1086 fratre
913 1067 921 1086 :
938 1059 984 1093 qui

202 1113 292 1135 tamen
309 1114 400 1142 postea
419 1116 458 1141 se,
483 1116 545 1135 cum
568 1108 624 1142 ipsa
656 1107 777 1141 regione,
806 1105 984 1133 Muchemetis

201 1153 314 1188 imperio
326 1154 463 1184 submisit.
490 1157 599 1187 accepta
631 1153 753 1180 solvendi
779 1152 860 1178 annui
890 1151 983 1178 tributi

200 1200 373 1228 conditione:
390 1201 531 1236 nihiloque
545 1200 634 1227 minus
656 1206 670 1226 a
704 1199 815 1225 Matthia
842 1205 904 1232 rege
916 1205 984 1223 cott-

199 1247 324 1275 tirmatus
334 1248 360 1274 in
371 1248 532 1283 principatu,
545 1252 613 1274 teste
627 1245 763 1277 Bonlinio,
775 1245 840 1276 fuit;
854 1251 983 1278 tauquam

200 1295 234 1321 ab
246 1293 373 1329 Ungaria:
385 1302 456 1329 rege,
466 1293 570 1321 directo
577 1293 730 1320 Valachicm
742 1293 852 1319 ditionis
861 1292 983 1318 dotniuo.

201 1341 246 1369 Sic
263 1341 391 1368 nimirum
407 1340 483 1375 prius
494 1340 575 1367 etiam
588 1344 752 1366 convenerat
768 1339 837 1365 inter
851 1337 982 1364 Muratem

199 1387 446 1414 ll-etVladislaum
463 1394 553 1421 regem
571 1393 641 1412 anno
653 1385 811 1412 Christiano
829 1384 907 1416 lli/tl,
923 1388 984 1418 post

201 1433 288 1459 victos
303 1433 335 1459 ad
349 1431 482 1459 lsladiuas
495 1432 587 1458 fauces
612 1430 726 1463 Turcos,
743 1435 772 1457 ut
787 1429 895 1456 Valachi
915 1428 984 1455 Tur-

199 1485 294 1505 corum
308 1477 417 1512 quidem
438 1481 529 1504 essent
545 1477 694 1506 tributarii.
724 1476 771 1503 sed
802 1476 984 1502 nihilominus

197 1525 231 1551 ad
247 1523 373 1558 Ungari.c
390 1531 514 1558 regnum,
529 1523 602 1550 velut
617 1527 706 1555 antea,
722 1523 898 1557 pertinerent.

1043 923 1165 955 tandum,
1177 923 1290 958 intelligi
1303 923 1464 956 templorum
1477 926 1652 952 structuram.
1664 922 1696 948 de
1704 929 1828 949 comunt-

1037 970 1205 998 tatoChristi
1230 970 1274 997 Dei
1297 970 1443 1004 Sapientia:
1470 969 1569 1003 templo
1597 967 1767 995 Justinianeo
1796 968 1823 994 in

1038 1017 1176 1044 messitam
1192 1016 1423 1049 Mahumetanam,
1435 1016 1522 1050 deque
1532 1015 1622 1042 diruto
1634 1014 1827 1048 antiquissimo

1036 1063 1256 1092 Christianorum
1274 1063 1385 1096 templo,
1400 1062 1471 1096 quod
1489 1061 1652 1089 aediﬁcatum
1666 1061 1825 1088 aConstan-

1037 1109 1094 1136 tino
1109 1109 1204 1144 Magno
1216 1109 1378 1136 Sanctortnn
1389 1107 1579 1142 Apostolorum
1589 1115 1684 1133 nomen
1697 1105 1825 1138 habebat,

1036 1156 1114 1189 cujus
1129 1156 1187 1190 ipse
1200 1155 1260 1182 loco
1271 1162 1347 1181 suam
1361 1154 1460 1181 strttin
1470 1162 1531 1181 cum
1543 1153 1658 1180 imareto
1673 1152 1824 1184 messitatn,

1037 1202 1215 1229 Turcicarum
1232 1200 1356 1227 omniurn
1383 1200 1410 1226 in
1435 1200 1502 1226 urbe
1527 1199 1654 1233 primam.
1685 1202 1712 1224 et.
1733 1197 1826 1232 operis

1036 1248 1186 1282 magniﬁci,
1217 1247 1448 1282 quemadmodum
1479 1246 1615 1280 hodieque
1643 1245 1824 1280 conspicitur.

1036 1293 1138 1320 Navale
1151 1293 1315 1320 Christianis
1330 1293 1363 1319 ab
1378 1292 1591 1327 imperatoribus
1606 1292 1756 1325 neglectum
1779 1291 1825 1318 in-

1036 1340 1178 1372 stauraVil,
1195 1344 1321 1366 ornatum
1334 1343 1361 1366 ct
1374 1346 1518 1365 extensum
1535 1339 1678 1372 aposleris
1703 1345 1733 1364 ea
1758 1345 1825 1365 cura

1036 1394 1108 1413 nunc
1126 1392 1155 1412 ut
1174 1386 1376 1420 amplissimum
1396 1385 1441 1412 sit.
1474 1384 1560 1419 Supra
1585 1385 1709 1412 Galatatu
1740 1384 1823 1412 situm

1036 1438 1077 1460 est
1094 1433 1119 1460 in
1135 1433 1196 1459 sinu
1215 1433 1347 1464 Cornuto,
1365 1440 1459 1459 versus
1475 1432 1675 1466 aquasdulces,
1690 1432 1734 1458 ubi
1745 1427 1826 1458 nitui-

1036 1487 1097 1506 rum
1114 1479 1242 1506 celebrati
1259 1487 1273 1505 a
1295 1479 1393 1513 priscis
1408 1478 1522 1510 ﬂuviali,
1546 1478 1668 1513 Cyllarus
1683 1485 1755 1504 nunc
1767 1476 1825 1504 Ma-

1036 1526 1141 1558 ehleva,
1152 1531 1177 1552 ct
1191 1526 1336 1561 Barbyses.
1349 1534 1421 1553 nunc
1437 1525 1627 1556 Chartaricon,
1642 1530 1667 1551 et
1683 1533 1695 1550 a
1711 1525 1771 1551 vico
1785 1524 1826 1551 vi-

211 1584 292 1620 450
310 1583 369 1610 153.
392 1582 508 1623 Amyli".
524 1582 672 1623 cam/"5,12
682 1582 722 1608 υει
736 1581 875 1613 (ςηιειιιδίίν
891 1581 966 1608 Lesb;
996 1573 1017 1602 Β
1035 1573 1096 1599 cino
1113 1571 1336 1600 Pectiuachorion
1349 1573 1448 1603 dictus,
1468 1573 1494 1598 iu
1511 1572 1601 1598 situtm
1616 1570 1824 1597 ltuncinﬂuunt.

381 1618 524 1652 principes,
538 1619 638 1652 origine
652 1617 811 1645 Genuenscs.

234 1665 351 1700 Milyliu,
384 1664 608 1700 pronuntiatione
640 1664 745 1696 Grteca,
773 1673 834 1698 qua:
860 1665 986 1700 Mitylene

198 1711 300 1740 nostris
312 1717 363 1741 est.
380 1717 493 1739 \‘ot‘alnl'
509 1721 522 1737 a
545 1711 642 1738 Turcis
672 1711 759 1738 insula
784 1711 901 1743 Lesbos,
919 1712 985 1746 ipsis

197 1758 279 1785 etiam
294 1757 396 1785 Gnecis
409 1759 478 1784 hanc
493 1756 753 1783 itauominantibns.
763 1755 897 1782 Ccdriuus
912 1759 985 1782 certe

197 1803 314 1831 Lesbum
331 1803 430 1829 alicubi
461 1802 606 1837 Mitylenen
638 1801 717 1831 dixit,
746 1801 780 1827 ab
808 1801 874 1827 urbe
903 1801 986 1826 totius

198 1849 294 1876 insula:
309 1849 448 1884 primaria.
465 1847 565 1882 Vulgus
594 1848 748 1875 Italicorum
769 1852 914 1873 nautarum
931 1847 987 1874 Me-

197 1896 291 1924 tellino
307 1903 379 1923 nunc
396 1895 520 1930 appellat.
543 1895 665 1922 Habebat
687 1894 784 1926 insula,
810 1902 871 1920 cum
898 1900 984 1927 oppu-

198 1946 327 1977 gnaretur
344 1950 359 1969 a
380 1941 559 1971 Muchcmrte.
578 1941 728 1976 principem
743 1940 917 1966 Dominicutu
931 1940 984 1966 Ca-

199 1989 325 2016 talusiuut
343 1987 383 2015 vel
410 1988 588 2018 Calclusium,
618 1995 698 2020 quem
731 1987 817 2013 Graeci
848 1986 984 2022 Kyriacou

198 2035 344 2062 uocabant.
365 2034 502 2069 lnterpres
517 2034 625 2060 Laonici
643 2033 783 2060 Nicolaum
814 2033 984 2060 Catelusium

198 2090 247 2117 pro
263 2081 412 2115 Dominico,
423 2082 494 2108 haud
512 2081 569 2108 scio
585 2081 837 2120 cujusauctoritatc
853 2080 939 2106 fretus
951 2087 984 2106 ex

200 2127 340 2155 historicis
363 2127 576 2162 antiquioribus,
602 2127 715 2161 margini
746 2126 885 2160 aSrripsit.
916 2125 982 2151 Nam

197 2173 351 2205 tieulraeus,
366 2174 413 2208 qui
433 2180 532 2200 nomen
558 2173 629 2199 idem
659 2172 753 2203 habet,
778 2173 915 2198 recentior
931 2177 982 2204 est,

198 2225 224 2246 οιι
240 2220 310 2246 alios
325 2227 442 2253 sequens
452 2219 505 2245 falli
521 2220 620 2253 potuit.
634 2219 693 2252 Ipsa
703 2218 904 2245 Catelusiorum
918 2227 983 2252 gens

198 2267 304 2302 origine
314 2265 466 2293 Genuensis
480 2271 547 2292 erat.
564 2265 700 2292 Oriuudus
718 2273 750 2291 ex
767 2273 798 2291 ea
820 2263 984 2291 Franciscus

197 2313 365 2344 Catelusius,
384 2320 445 2340 cum
463 2311 595 2339 Joannem
621 2311 801 2347 Palmologum
837 2312 983 2346 imperato-

199 2369 268 2393 rem,
287 2368 299 2386 a
315 2359 636 2395 bonitateCalojoannem
647 2359 728 2394 vulgo
742 2359 859 2390 dictum,
877 2359 985 2386 Audro~

198 2407 252 2435 uici
273 2407 295 2435 11
311 2407 408 2438 lilium,
434 2406 573 2434 Michaelis
599 2406 620 2432 11
640 2411 776 2440 nepotem,
806 2406 952 2433 Andronici
974 2406 985 2433 1

198 2458 385 2488 pronepotem,
397 2452 536 2481 Michaelis
555 2453 645 2487 primi,
658 2454 702 2487 qui
716 2452 840 2479 Flandris
852 2453 986 2479 Constan-

199 2501 340 2536 tinopolim
351 2501 460 2535 eripuit,
474 2501 647 2535 abnepotem.
663 2499 734 2527 bello
745 2505 838 2527 contra
853 2499 983 2527 ianuncm

198 2547 429 2578 Cantacuzenum,
446 2551 563 2574 tutorem
574 2552 601 2574 et
609 2554 746 2579 soecrum,
756 2552 783 2574 et
792 2552 983 2581 usurpatum-lu

155 2620 165 2629 ,
199 2593 318 2628 imperii,
334 2593 477 2627 juvissct:
506 2594 594 2621 insula
628 2593 716 2621 Lesbo
746 2594 874 2624 donatus,
901 2593 983 2619 etiam

198 2638 374 2672 Calojoaunis
391 2646 513 2665 sororem
532 2638 559 2665 in
573 2638 775 2665 matrimonium
789 2639 911 2672 accipere
922 2646 986 2671 pro-

197 2685 308 2712 meruit.
331 2685 494 2712 Acciderunt
510 2685 566 2710 ιιςιεο
578 2693 649 2710 anno
665 2685 743 2711 l5’i5.
759 2685 794 2710 De
827 2693 881 2719 quo
909 2684 986 2710 colli-

197 2732 280 2765 gitur,
299 2738 352 2757 nou
371 2735 440 2758 totos
469 2729 519 2758 100
550 2738 636 2756 annos
667 2731 693 2756 in
723 2737 818 2757 eorum
854 2734 984 2763 potestate

198 2775 317 2802 Lesbum
338 2774 430 2802 fuisse.
448 2775 523 2802 Lucii
545 2774 688 2804 Cau-lusii.
708 2776 754 2810 qui
773 2774 838 2802 Aiui
855 2776 982 2809 princeps

198 2823 225 2849 in
247 2822 361 2849 Thracia
383 2823 472 2854 luerit,
487 2822 557 2856 apud
579 2822 726 2848 Laouicum
745 2821 774 2847 lit
788 2822 890 2847 mentio
909 2830 915 2847 ε
931 2823 985 2846 sic-

199 2874 228 2896 ut
246 2869 334 2896 obiter
350 2869 432 2897 etiam
457 2870 593 2900 principes
610 2868 672 2895 .‘Eni
696 2875 779 2900 supra
796 2872 984 2896 memorantur

1038 1618 1164 1644 Coutiuet
1180 1618 1235 1652 jam
1253 1619 1348 1644 navale
1363 1619 1420 1644 loca
1434 1621 1626 1644 concamerata
1644 1616 1705 1649 t87,
1725 1623 1825 1650 expor-

1038 1668 1110 1690 recta
1126 1664 1204 1698 longa
1218 1665 1299 1695 serie,
1317 1664 1461 1697 magnique
1473 1663 1626 1690 triremium
1651 1661 1758 1688 numeri
1777 1668 1826 1688 ωσι

1037 1717 1088 1744 pax
1105 1715 1147 1737 est
1164 1719 1170 1736 ε
1188 1711 1252 1738 licet
1266 1710 1338 1736 aliud
1360 1710 1531 1737 Sausovinus
1546 1717 1577 1735 ex
1609 1709 1722 1743 antiqua
1751 1708 1825 1734 reia-

1039 1756 1111 1782 lione
1122 1756 1237 1789 quadam
1252 1755 1353 1782 Veneta
1376 1763 1471 1790 parum
1484 1755 1611 1790 praesenti
1627 1762 1717 1781 rerum
1729 1753 1826 1781 formae

1037 1807 1252 1829 consentaneum
1269 1803 1366 1828 tradat.
1389 1801 1451 1828 Fuit
1480 1806 1508 1827 et
1540 1801 1586 1827 illo
1608 1801 1743 1834 quondam
1765 1799 1827 1826 loco

1037 1849 1121 1885 regia,
1137 1857 1191 1882 quo
1207 1848 1341 1876 loco-dicit
1357 1847 1494 1875 Laonicus
1505 1847 1710 1874 cumstrnxisse
1721 1845 1826 1882 Byzan-

1038 1897 1233 1927 tinamarcem,
1254 1901 1362 1930 propter
1396 1896 1513 1922 Auream
1546 1900 1666 1930 portam,
1693 1902 1754 1929 quae
1786 1894 1822 1921 ab

1038 1950 1089 1969 tma
1103 1947 1179 1976 parte
1191 1943 1331 1969 meridicttt
1350 1950 1382 1970 ac
1403 1942 1609 1976 Propontidem,
1626 1941 1660 1969 ab
1680 1942 1764 1968 altera
1777 1948 1826 1968 so-

1037 1989 1090 2014 lem
1101 1989 1271 2015 oecidentem
1288 1989 1408 2023 respicit.
1424 1988 1488 2016 Hmc
1501 1989 1613 2016 ardilicia
1627 1988 1826 2015 Mucltcmclem

1037 2035 1205 2067 condidisse,
1224 2035 1358 2063 Laonicus
1382 2035 1503 2069 scripsit.
1533 2035 1692 2062 Menavinus
1720 2040 1825 2067 autem,

1036 2081 1109 2108 sicut
1119 2085 1146 2107 et
1159 2082 1216 2112 alii,
1234 2085 1290 2109 tres
1301 2082 1338 2108 ait
1352 2090 1430 2109 arces
1440 2090 1454 2109 a
1473 2082 1672 2108 Mucltctemete
1688 2081 1827 2108 Constan-

1036 2128 1148 2162 tinopoli
1167 2134 1307 2156 structas:
1334 2128 1536 2161 chisaraium,
1567 2128 1766 2160 Eskisaraium,
1799 2133 1827 2155 et

1035 2172 1198 2201 Jadieulam.
1219 2174 1258 2201 Ad
1275 2174 1408 2201 orientem
1420 2175 1505 2201 solem
1525 2183 1539 2201 e
1560 2176 1672 2209 regione
1705 2174 1826 2202 Scutarii

1037 2222 1095 2248 sive
1128 2220 1258 2248 Damalici
1274 2220 1454 2256 promunturii
1471 2221 1552 2247 situm
1570 2226 1612 2248 est
1633 2220 1826 2248 Geuisaraium

1038 2268 1089 2301 (sic
1103 2268 1205 2295 dictum
1222 2267 1294 2302 quod
1315 2275 1414 2293 novum
1431 2267 1476 2306 sit;
1495 2268 1520 2293 iu
1551 2272 1676 2293 extremo
1686 2267 1762 2294 urbis
1777 2275 1827 2293 an-

1038 2314 1100 2349 gulo
1115 2314 1161 2348 qui
1176 2322 1190 2341 a
1208 2314 1308 2348 templo
1324 2312 1519 2347 vicino.Sancti
1542 2313 1673 2340 Demetrii
1690 2318 1804 2339 vocatur
1818 2320 1825 2338 :

1039 2361 1083 2388 .tbi
1099 2360 1237 2395 Bosporus
1269 2360 1370 2395 impetu
1388 2360 1508 2386 maximo
1539 2361 1573 2386 ad
1590 2359 1676 2393 ipsam
1705 2359 1828 2393 crepidio

1038 2414 1099 2434 neut
1120 2406 1198 2434 collis
1216 2407 1242 2433 in
1259 2414 1313 2441 quo
1331 2406 1450 2434 saraium
1467 2406 1507 2432 vel
1525 2413 1573 2432 arx
1601 2405 1689 2440 posita
1723 2410 1776 2436 est,
1799 2405 1827 2432 in

1037 2454 1230 2488 Propontidem
1245 2453 1336 2480 irruit.
1356 2453 1425 2480 Olim
1441 2453 1575 2480 Palatium
1606 2453 1786 2488 Byzantinutn
1801 2457 1830 2480 et

1037 2501 1179 2535 Acropolis
1203 2500 1352 2536 Byzantina
1367 2500 1519 2532 dicebatur,
1544 2499 1617 2526 velut
1643 2507 1692 2526 arx
1717 2506 1745 2526 III
1771 2507 1828 2526 ttno

1037 2549 1070 2574 de
1087 2548 1174 2574 tribus
1193 2548 1325 2574 extremis
1339 2546 1446 2582 angulis
1457 2546 1533 2573 urbis
1551 2546 1614 2577 sita,
1631 2553 1687 2580 quo
1703 2546 1763 2573 loco
1779 2545 1829 2581 By-

1038 2601 1084 2619 zas
1097 2593 1174 2619 initio
1190 2592 1348 2628 Byzantium
1363 2593 1480 2619 condere
1495 2592 1620 2626 cmperit.
1653 2592 1715 2619 Haec
1740 2591 1829 2619 sulta-

1037 2647 1135 2666 nornm
1156 2639 1365 2666 Osmauidarum
1377 2639 1466 2670 sedes.
1478 2638 1528 2666 hoc
1541 2639 1708 2666 domicilium
1722 2644 1748 2666 et
1763 2639 1826 2666 aula

1037 2691 1091 2718 est,
1105 2694 1187 2721 quam
1203 2685 1267 2720 Capi
1286 2686 1342 2712 sive
1375 2685 1484 2712 Ponant
1509 2685 1682 2712 Osmauicam
1714 2690 1826 2712 vocant.

1041 2732 1165 2766 Undique
1179 2733 1263 2758 muris
1279 2732 1323 2765 (de
1343 2732 1444 2767 quibus
1462 2731 1543 2764 intra,
1555 2739 1617 2765 cap.
1649 2732 1710 2766 H9)
1726 2739 1757 2758 ac
1773 2737 1829 2758 tur-

1039 2778 1115 2805 ribus
1128 2778 1243 2810 int-lusa,
1257 2778 1342 2805 tribus
1356 2778 1382 2804 in
1395 2777 1539 2804 circuitum
1551 2777 1712 2804 tnilliarilms
1725 2777 1828 2805 Cra-eis

1038 2829 1121 2859 patet.
1137 2824 1224 2851 Voluit
1237 2824 1318 2858 hujus
1341 2824 1422 2850 saraii
1436 2823 1498 2851 novi
1513 2825 1623 2851 nomine
1639 2824 1827 2852 Mucltemetcs

1039 2877 1162 2904 posteros
1178 2874 1204 2897 et
1224 2878 1397 2898 successores
1413 2870 1440 2897 in
1462 2871 1576 2905 imperio
1609 2878 1673 2898 suos
1689 2870 1825 2906 obligatos
