1963 3067
121 139 175 170 8225

695 140 893 170 PANDECTE
911 140 1012 172 lllST.
1034 142 1186 172 TURCIC.

1688 139 1740 169 8‘26

120 206 179 224 esse
196 197 331 224 solvendis
346 198 461 224 messihe
473 206 529 225 sua:
550 207 636 231 nova',
653 199 776 234 singulos
789 201 814 226 in
829 200 897 231 dies.
914 201 936 228 Α
950 206 1013 232 que,
1028 205 1057 226 ut
1079 205 1165 227 nostri
1185 208 1314 228 numeros
1334 207 1467 227 annorum
1484 199 1517 225 ad
1550 198 1626 224 initia
1655 198 1740 224 bello-

118 245 207 278 aspris
224 243 295 270 mille
311 252 318 270 :
334 253 392 278 quae
403 253 520 277 summa,
535 247 697 278 computatis
712 253 761 280 pro
792 254 846 272 uno
860 250 899 272 la-

118 291 175 317 Ιιιι·ο
191 290 353 317 Germanico
365 292 506 324 aspris“),
534 290 654 326 quotidie
683 293 715 318 ad
739 292 772 318 25
799 293 898 318 taleros

118 337 249 364 uwruscit
265 346 271 364 :
287 337 312 362 iu
330 345 416 364 annos
444 346 508 364 vero
533 338 664 373 singulos,
696 347 777 372 supra
806 338 900 366 novies

119 384 201 415 inille,
214 389 323 410 centum
340 385 441 411 taleros
459 385 540 410 allicit
557 385 677 418 :quibus
699 384 767 411 alios
793 392 900 410 annuos

119 430 220 456 ieditus
250 430 282 456 ad
301 437 435 456 summam
462 430 578 462 150,000
602 432 762 458 duraturum
792 430 899 465 adjecit.

118 476 300 503 Eskisaraium
311 484 377 503 voce
386 477 556 511 significante
566 478 685 504 saraium
695 482 780 507 vetus,
790 477 815 503 in
826 477 902 511 urbis

118 523 266 550 meditullio
276 523 356 550 silum
367 528 424 551 est:
437 525 505 550 sicut
514 525 609 551 etoliin
618 525 714 551 ibidem
725 525 751 550 in
763 524 836 551 urbis
844 532 902 549 om-

117 569 242 601 plialwel
253 569 379 596 umbilico
387 571 535 604 priscorum
547 576 603 597 erat
615 572 806 605 imperatorum
816 571 902 602 regia.

118 614 216 642 Vas-ilia
228 621 255 641 ta
267 616 368 650 ungula
379 616 463 643 Graeci
478 617 613 650 quondam
627 617 813 645 nominabant.
824 615 902 643 Nunc

119 661 161 687 illa
186 661 374 695 gyna-conilidi
396 661 538 688 sultaninac
557 662 691 695 praecipue
712 662 804 693 servit,
815 663 903 695 spatio

117 707 209 738 saraii,
220 708 323 734 ratione
331 707 472 739 circuitus,
483 709 513 734 ad
525 707 579 733 duo
595 715 721 742 passuum
747 708 830 734 millia
855 716 901 734 cx-

117 758 251 786 porrecto.
263 752 382 780 Jadicula
395 753 512 787 denique
521 753 691 786 Propontidis
702 753 727 780 in
739 753 828 779 littore
837 761 903 779 cou-

117 800 173 826 dita
182 803 233 831 est,
243 799 275 825 ad
287 798 490 826 meridionalem
500 803 526 825 et
537 799 732 826 occidentalem
746 799 843 833 partim
855 807 902 824 ur-

117 845 158 871 his
166 844 308 879 angulum.
322 852 416 872 versus
426 845 542 872 Auream
556 850 671 878 portam,
705 852 777 872 nunc
791 845 898 878 quidem

117 892 299 926 superstitem,
316 892 362 918 sed
375 892 541 919 obstructam
556 898 656 924 tamen,
669 899 700 918 ac
718 899 812 918 versus
825 892 899 918 urbis

117 943 260 964 terrestres
269 937 347 972 451
362 945 454 965 muros
474 946 481 964 :
499 945 551 972 qua
567 938 593 964 in
607 938 763 970 Thraciam,
776 937 900 964 Maccdo—

117 983 204 1015 niam,
220 983 374 1009 universam
390 983 508 1017 denique
522 982 654 1010 Greciam
670 983 732 1010 itur.
749 983 794 1010 Sic
810 989 898 1010 autem

115 1029 249 1063 appellata
267 1029 362 1055 Turcis
376 1034 416 1055 est
430 1037 443 1055 a
461 1029 512 1056 ledi
526 1035 551 1056 et
579 1029 658 1062 Gula,
686 1038 801 1063 quorum
833 1030 897 1056 illud

114 1081 156 1103 cst
165 1080 277 1109 septem,
294 1076 345 1102 hoc
353 1076 467 1102 turriiiui
477 1076 700 1111 significationem
711 1076 800 1102 habet.
814 1075 898 1102 ϐπερί

115 1130 189 1149 nunc
206 1122 405 1157 Heptapyrgion
425 1121 529 1154 (licunt,
544 1128 590 1148 aut
611 1121 814 1158 llcptapyrgon,
831 1130 899 1156 pum

115 1172 180 1203 puto
193 1169 324 1196 vorahulo
340 1167 434 1195 Grch
447 1176 453 1199 ;
467 1169 653 1197 seiniturcieo.
668 1169 709 1195 vel
721 1168 834 1204 liybride
851 1176 898 1201 po-

115 1215 181 1246 litis,
198 1214 281 1248 l'lepta
296 1214 407 1248 gulades
423 1223 429 1241 :
448 1221 480 1240 ex
497 1221 550 1247 quo
564 1215 645 1241 etiam
659 1216 752 1242 obiter
783 1215 897 1248 intelligi

115 1265 212 1293 potest,
226 1260 296 1294 quod
306 1260 440 1288 Africana:
455 1261 599 1288 Gulctzesit
614 1266 722 1295 etymon
739 1254 795 1288 sive
811 1261 896 1287 notio.

114 1306 175 1341 ipsa
190 1306 297 1340 quidem
315 1315 364 1333 arx
393 1307 523 1334 custodite
549 1307 684 1336 regiorum
700 1308 894 1334 thesaurorum

114 1360 155 1380 cst
169 1354 320 1388 adsignata,
339 1360 536 1388 pcrpetuasquc
560 1354 675 1380 militum
689 1354 818 1381 excubias
844 1354 895 1380 lia-

116 1401 171 1432 ιιι-ι,
189 1401 234 1434 qui
252 1398 374 1427 feruntur
389 1407 447 1428 esse
459 1408 571 1427 numero
584 1400 736 1435 quingenti.
749 1401 782 1428 de
797 1400 896 1435 quibus

113 1446 167 1472 alio
195 1446 263 1473 loco.

132 1515 193 1541 MU.
212 1514 346 1541 illac/nunt
361 1514 450 1547 basta,
462 1515 536 1541 varia
554 1515 681 1549 scriptura
698 1515 765 1541 vocis
789 1517 878 1542 unius.

148 1570 185 1596 Du
204 1571 255 1597 hoc
285 1569 456 1597 Machumete
472 1569 608 1596 Laonicns
639 1570 713 1598 hac:
740 1570 895 1597 Mechume-

115 1621 165 1644 tes.
185 1616 282 1650 inquit,
301 1615 366 1650 regii
392 1615 484 1649 palatii
500 1616 553 1642 dux
573 1618 675 1650 (postea
692 1617 786 1643 ducem
801 1616 895 1650 janua-

114 1670 172 1689 i-um
183 1662 269 1691 vocati
277 1668 302 1689 et
313 1662 425 1695 Europa),
433 1662 587 1696 praefectus.
598 1663 668 1690 [ilius
678 1662 898 1694 Mieliaclis,Grie-

113 1716 174 1735 cus.
190 1709 221 1734 Et
232 1708 307 1734 addit
325 1708 433 1734 Graecos
444 1715 541 1741 pueros
551 1708 718 1742 (Ci-meorum
730 1709 797 1735 tilios
808 1709 897 1736 dicere

113 1755 208 1781 debuit
223 1753 367 1788 interpres.
384 1753 409 1780 id
421 1754 598 1787 est,Gra:cos)
609 1755 654 1788 qui
668 1755 777 1781 abducti
792 1754 896 1790 Byzan-

114 1800 164 1829 tio.
181 1806 243 1826 cum
259 1806 323 1833 rege
338 1799 589 1830 commorabantur,
607 1808 732 1835 magnam
746 1801 896 1835 potentiam

111 1845 164 1871 sibi
184 1845 334 1880 peperisse.
369 1844 494 1872 Nominis
524 1847 698 1880 scripturam.
717 1851 771 1874 tam
797 1848 822 1874 in
835 1848 896 1880 line,

113 1899 194 1926 quam
204 1891 264 1919 aliis
275 1891 352 1922 locis,
362 1891 396 1918 ab
411 1891 557 1926 interprete
567 1892 680 1919 Caesaris
688 1898 824 1927 acceptam
835 1893 897 1919 Gal-

110 1939 200 1971 derio,
211 1937 467 1971 retinuLTripliceui
480 1946 544 1965 sane
555 1938 652 1972 reperi,
664 1939 764 1966 nostris
773 1939 798 1965 in
808 1938 898 1965 Anna—

112 1985 199 2012 libus:
215 1985 358 2014 Muclimet.
376 1984 524 2011 Mecheniet
533 1984 677 2011 Machnint.
689 1985 812 2011 llistori:e
823 1985 898 2011 Grie-

111 2039 206 2057 t‘Ol'lllll
224 2035 251 2057 el
267 2036 420 2056 nostrorum
441 2030 582 2056 hominum
601 2035 730 2064 praeterea
755 2031 897 2057 diversita-

111 2082 152 2103 tcs
168 2076 236 2103 alias
253 2077 363 2106 habent.
381 2081 409 2102 ut
426 2075 591 2105 Muchumet.
607 2075 754 2107 Maliumei,
784 2075 895 2103 Maelio-

112 2123 339 2156 iiict,blaliomct,
355 2123 511 2163 .‘lloliamed.
539 2123 612 2157 quod
645 2123 767 2149 llloained
794 2123 896 2150 Grazcis

109 2175 163 2201 est,
182 2170 285 2203 absque
298 2169 475 2203 aspiratione.
495 2168 651 2203 Stephanus
677 2168 811 2203 Ungarus.
831 2178 896 2197 sane

109 2216 216 2251 peritus
245 2216 382 2250 interpres
413 2215 567 2250 linguarum
599 2215 730 2249 plurium.
762 2215 894 2248 Turcicai,
913 2220 933 2247 ῐ)

109 2263 244 2293 Arabica.
260 2262 390 2294 Persicae,
410 2269 491 2297 quem
507 2261 586 2302 nobis
610 2261 774 2296 impetrante
790 2262 896 2296 magni-

110 2311 162 2335 tico
178 2309 289 2335 domino
306 2307 472 2342 Hieronymo
489 2307 558 2334 Beck
574 2315 588 2334 a
601 2307 801 2342 Leopoldstorf,
830 2315 896 2334 con-

109 2355 200 2381 sulere
219 2353 253 2380 de
267 2353 360 2380 multis
387 2353 473 2384 licuit,
502 2357 575 2380 recte
607 2353 720 2386 putabat
753 2353 779 2379 iii
797 2359 895 2387 genere

108 2405 166 2426 tum
181 2399 275 2430 scribi.
294 2405 350 2426 tum
363 2399 511 2429 enuntiari.
536 2398 712 2425 Mohaiuiuet.

108 2468 172 2495 1H.
191 2467 266 2493 Finis
281 2467 353 2500 regni
370 2466 541 2492 Bozineusis:
561 2464 721 2492 observanda
737 2464 896 2493 dii'ersilalis

145 2511 274 2530 amiarum
287 2503 355 2528 ratio
364 2510 373 2528 :
387 2502 511 2532 Stephani
523 2502 588 2535 regis
600 2500 728 2527 πίοι-ἰηιὶ
739 2501 896 2528 calamitas:

144 2537 273 2565 Matt/ita;
291 2537 415 2572 ngariw
432 2545 476 2563 rex:
488 2537 615 2572 Boziiiani
629 2535 717 2569 recipit
729 2543 738 2561 :
752 2540 776 2562 et
788 2537 895 2563 iitum:-

144 2579 236 2601 mctem
251 2574 322 2608 [antu
333 2571 391 2600 sola
409 2572 492 2606 fugat.
509 2571 643 2599 Couadza.

142 2641 247 2669 Bellum
262 2641 326 2672 hoc,
344 2640 415 2675 quod
440 2639 583 2666 Bozincnsi
615 2643 669 2665 tam
698 2646 793 2672 regno,
810 2647 892 2675 quam

105 2685 311 2714 ducatuifinem
339 2684 440 2716 attulit,
464 2683 606 2711 Bonliiiius
620 2684 703 2711 refert
730 2685 763 2711 ad
791 2694 892 2713 annum

104 2732 295 2760 Christianum
311 2730 391 2758 “65.
406 2730 486 2756 'l'urci
504 2737 566 2756 vero
587 2731 706 2762 tradunt,
727 2730 779 2758 hoc
812 2732 892 2760 annis

105 2783 209 2813 xipost
223 2783 332 2812 captam
360 2775 627 2810 Constantinopolim
661 2777 746 2805 fuisse
772 2784 890 2812 gestum.

106 2825 143 2851 De
179 2832 233 2858 quo
263 2824 387 2859 sequitur
415 2823 448 2849 ad
471 2829 572 2849 annum
600 2823 784 2851 Christianum
820 2824 890 2853 ttat

105 2870 277 2898 t‘rlct‘cudum
303 2878 374 2898 esse.
404 2869 479 2896 Solet
499 2868 581 2895 etiam
599 2870 745 2898 usuvenire
767 2871 886 2903 plerum-

951 251 1010 270 runi
1028 244 1157 272 referant.
1181 245 1299 272 Annales
1312 253 1376 272 vero
1406 245 1514 271 'l‘urcici
1542 244 1621 270 linem
1649 251 1738 270 rerum

953 294 1091 324 gestarum
1106 291 1265 325 respiciunt,
1283 291 1399 325 ideoque
1429 291 1484 317 fere
1507 290 1563 323 jam
1578 290 1660 316 rebus
1676 288 1741 324 ipsis

951 337 1083 370 expositis
1112 345 1244 364 annorum
1274 345 1404 364 numeros
1433 337 1577 369 adiiciunt.
1603 335 1659 363 Hoc
1679 336 1740 363 dili-

954 386 1048 416 genter
1079 384 1226 410 observare
1261 384 1387 411 lectorem
1423 384 1514 415 velim,
1542 391 1576 409 ne
1604 390 1645 409 me
1665 386 1741 416 putet

953 428 1052 455 alicubi
1068 433 1168 456 temere
1184 435 1304 456 mutasse
1331 438 1460 457 numeros
1478 430 1511 456 ab
1541 429 1601 456 aliis
1625 430 1739 462 positos.

956 474 1157 510 llertzegovina!
1175 477 1226 503 sub
1256 477 1348 511 jugi-iu
1380 477 1472 503 inissa:
1489 477 1600 503 nomine
1623 476 1739 502 ducatus

955 521 1113 548 Doziiicnsis
1124 523 1294 557 intelligitur,
1311 523 1381 550 alius
1397 530 1410 548 a
1428 530 1529 557 regno:
1549 523 1627 556 cujus
1647 521 1741 548 inieri-

955 573 1011 594 tum
1037 568 1164 602 deinceps
1188 577 1302 595 numero
1326 573 1448 595 notarum
1480 569 1528 596 162
1559 575 1737 602 exponemus.

956 613 1032 646 Quod
1045 620 1134 641 autem
1160 615 1271 647 dicitur,
1292 615 1487 642 Mucliemetcm
1516 616 1622 642 Boziiue
1648 622 1736 649 regem

954 668 1062 694 captum
1084 661 1229 693 occidisse,
1262 663 1343 696 paulo
1371 661 1562 695 explicandum
1588 662 1679 692 latius,
1711 666 1740 687 ut

954 708 1062 740 plcnuni
1086 712 1138 734 tant
1156 708 1278 734 barbara:
1299 708 1416 742 perfidia
1443 708 1630 740 Miiclieiiictis,
1655 715 1735 741 quam

954 753 1132 779 immanitatis
1150 753 1292 780 horrenda:
1323 753 1429 781 facinus
1457 759 1648 788 cognoscatur.
1676 754 1738 780 Ste-

954 799 1060 831 phanus
1076 807 1141 833 ergo
1159 807 1206 826 rex
1224 799 1391 829 Bozinensis.
1419 803 1445 826 et
1469 799 1563 826 uxorio
1590 799 1651 833 jure
1676 799 1737 833 (ceu

952 844 1055 872 dictum
1071 846 1151 879 paulo
1165 845 1239 878 ante)
1259 845 1360 873 Serviat
1375 845 1514 872 Rascimve
1527 846 1652 879 despnta,
1667 845 1738 872 bello

953 892 1052 925 petitus
1069 899 1083 918 a
1099 892 1208 918 sultaiio
1222 891 1393 919 Mucliemcte
1415 892 1446 922 ll.
1460 897 1488 919 et
1513 892 1643 919 obsessus
1669 891 1739 918 Jait-

952 945 1001 968 zte,
1021 937 1161 964 blanditiis
1180 939 1287 973 tyranni
1307 946 1354 972 per
1381 939 1512 973 quosdam
1542 939 1576 965 de
1602 938 1737 966 industria

951 983 1116 1010 subornatos
1130 991 1144 1010 e
1158 984 1271 1010 castello
1287 984 1413 1011 Jaitzaiio
1432 989 1572 1015 evocatur,
1586 990 1612 1011 et
1631 985 1664 1011 ad
1681 984 1739 1011 cul-

952 1028 1074 1062 loquiuiii
1100 1030 1260 1056 arcessitur.
1289 1030 1358 1056 Cum
1390 1031 1509 1057 barbaro
1527 1036 1627 1057 temere
1658 1031 1738 1057 fidem

951 1074 1098 1105 habuisset.
1117 1083 1253 1109 manuque
1264 1076 1352 1108 capita
1367 1077 1441 1110 pacis
1458 1076 1530 1103 inter
1540 1085 1568 1103 se
1581 1085 1612 1103 ac
1629 1076 1740 1104 Mucbe-

951 1125 1048 1146 metem
1067 1120 1140 1147 inita:
1155 1126 1276 1155 gestans.
1294 1122 1319 1148 in
1352 1128 1442 1149 casna
1462 1123 1593 1152 venisset.
1612 1123 1737 1156 capitur:

949 1173 1021 1198 cute.
1038 1168 1115 1199 jussu
1129 1167 1316 1200 lllucliemetis,
1334 1169 1413 1195 vivus
1430 1169 1560 1195 exuitur:
1575 1169 1649 1202 justo
1663 1169 1739 1196 deni-

949 1219 1001 1246 que
1017 1211 1062 1239 Doi
1078 1211 1182 1246 judicio
1198 1219 1259 1238 cum
1279 1212 1333 1239 vita
1358 1220 1482 1247 regnum,
1500 1220 1555 1246 quo
1573 1211 1667 1239 fraude
1690 1220 1738 1246 pa-

949 1263 1016 1285 trem
1029 1258 1100 1284 lilius
1116 1258 1266 1285 sceleratus
1277 1263 1447 1290 excusserat.
1467 1259 1579 1286 amittit.
1606 1258 1663 1285 lloc
1678 1266 1738 1285 mo-

948 1304 983 1331 do
998 1309 1053 1331 tum
1070 1304 1169 1332 Bozina
1184 1304 1293 1336 Rascia,
1307 1305 1408 1332 Servize
1425 1313 1521 1339 magna
1541 1313 1613 1339 pars.
1631 1305 1737 1331 Turco-

948 1358 1006 1377 runi
1038 1351 1065 1377 in
1093 1355 1255 1385 potestatem
1281 1351 1365 1378 venit.
1398 1351 1526 1378 Matthias
1557 1356 1648 1378 tamen
1689 1358 1735 1378 rex

948 1396 1076 1431 Uiigariis
1099 1396 1212 1424 Jaitzam
1229 1405 1291 1424 cum
1307 1398 1341 1424 2'1
1366 1398 1473 1425 Boainai
1485 1399 1592 1432 oppidis
1619 1397 1736 1431 recepit:

947 1453 1029 1478 quam
1042 1445 1157 1471 militum
1177 1452 1277 1472 corona
1293 1445 1393 1472 deinde
1410 1453 1519 1472 rursum
1550 1445 1737 1471 Mncliciiietes

946 1491 1140 1524 circumdedit,
1160 1496 1187 1518 et
1200 1492 1386 1526 oppugnavit:
1400 1492 1650 1526 irritoqueconatii.
1666 1490 1738 1517 fama

910 1551 933 1581 ε
950 1538 1081 1563 duntaxat
1094 1537 1267 1564 adventantis
1282 1537 1402 1564 Matthiae
1418 1538 1529 1564 territus
1555 1537 1590 1563 ab
1617 1535 1736 1563 obsidio-

951 1592 992 1611 ne.
1009 1583 1171 1617 ltozinmque
1187 1583 1298 1615 ﬁnibus,
1314 1584 1454 1611 discessit.
1482 1583 1520 1610 De
1537 1583 1637 1618 oppido
1661 1581 1738 1610 llert-

949 1629 1076 1662 Zt'gOVlllﬂ
1107 1629 1365 1663 dictumsuperins,
1397 1630 1484 1664 capite
1513 1630 1557 1657 95.
1583 1629 1736 1657 Covadzam

949 1675 1029 1702 Tui-ri
1053 1683 1114 1701 cum
1145 1675 1287 1702 Bozinaeis
1319 1680 1347 1702 et
1375 1675 1483 1702 Creatis
1509 1676 1651 1710 appellant
1677 1684 1738 1710 quae

948 1723 1033 1749 Jaitza
1051 1721 1195 1751 Bonilinio,
1230 1721 1441 1756 Chalcocondyli
1469 1721 1570 1752 Gaitia.
1601 1722 1738 1757 pauloque

949 1769 1050 1795 rectius
1062 1768 1156 1795 Gaitza
1174 1768 1342 1795 nominatur.

949 1824 1010 1851 ΗΞ.
1021 1824 1115 1852 Plura:
1124 1824 1151 1851 in
1158 1824 1270 1851 Albania
1278 1825 1424 1857 principum
1434 1824 1545 1851 ditiones
1554 1832 1564 1851 :
1576 1823 1735 1857 Ciolc/iisar,

1283 1859 1404 1893 Egri’pos.

984 1906 1068 1933 Erant
1086 1906 1112 1933 iu
1129 1905 1245 1932 Albania
1260 1906 1352 1940 plures
1364 1905 1461 1940 reguli,
1476 1905 1521 1939 qui
1556 1913 1620 1933 snas
1638 1905 1736 1941 singuli

949 1950 1067 1979 diliones
1100 1952 1248 1978 habebant.
1273 1951 1345 1978 Inter
1377 1951 1424 1978 bas
1454 1956 1512 1978 erat
1540 1950 1644 1983 lbanis,
1679 1952 1738 1978 sive

948 1996 1061 2024 Joannis
1073 2006 1081 2029 ;
1093 1998 1236 2025 Casu-ioue
1252 1998 1337 2032 regio.
1354 1998 1387 2024 de
1411 2006 1464 2032 qua
1480 1998 1607 2032 superius
1632 1998 1735 2025 dictum

948 2045 1036 2079 capite
1047 2045 1108 2072 121.
1126 2045 1200 2071 llanc
1217 2045 1301 2071 armis
1316 2053 1388 2071 nunc
1413 2045 1529 2079 imperio
1558 2044 1737 2073 Mocheiuctis

948 2092 1064 2119 cessisse
1077 2091 1199 2118 referunt
1216 2090 1346 2122 Annales,
1361 2091 1433 2125 quod
1458 2091 1503 2117 alii
1526 2090 1628 2117 factum
1659 2091 1738 2118 dedi-

949 2138 1022 2165 tione
1040 2142 1163 2164 narrant.
1181 2136 1314 2163 Laonicus
1331 2137 1382 2163 hac
1399 2137 1469 2163 serie
1492 2137 1612 2163 ditioiies
1626 2145 1737 2164 enunie-

948 2189 999 2211 rat.
1029 2182 1150 2209 Primum
1184 2183 1221 2208 ait
1245 2182 1371 2208 Saiidalis
1396 2182 1422 2208 iii
1438 2182 1511 2216 Epiri
1528 2183 1626 2209 vicinia
1657 2183 1735 2210 sitam

947 2229 1169 2262 essercgionem,
1199 2228 1242 2255 cui
1278 2229 1399 2255 finitima:
1430 2229 1485 2255 sint
1499 2228 1660 2256 Venetorum
1685 2230 1737 2256 ali.

949 2281 1015 2311 quot.
1034 2276 1126 2307 urbes,
1141 2275 1262 2302 Albania:
1279 2276 1419 2309 proximae.
1446 2274 1560 2302 Joannis
1578 2275 1640 2302 inde
1667 2275 1736 2304 Cas-

949 2323 1040 2349 trioﬁs
1054 2329 1149 2356 agrum
1167 2321 1324 2353 succedere,
1341 2322 1384 2348 cui
1397 2321 1547 2348 sitadnexa
1564 2322 1637 2356 regio
1653 2322 1737 2349 Com-

949 2366 1142 2392 neuiadarum.
1162 2365 1231 2391 Ilinc
1251 2365 1330 2391 sitam
1355 2365 1471 2392 ulterius
1489 2366 1628 2397 Ariauitai,
1655 2367 1737 2394 Com-

951 2412 1012 2438 neni
1029 2412 1087 2443 lilii,
1105 2411 1235 2438 ditionem
1248 2418 1372 2444 asperam
1396 2415 1423 2437 et
1455 2417 1640 2439 inontiiosain.
1670 2412 1737 2447 Ejus

950 2458 1051 2492 regiam
1065 2457 1198 2484 vocabulo
1216 2464 1287 2483 nunc
1310 2456 1391 2483 etiam
1409 2461 1484 2487 noto.
1511 2456 1634 2484 Cannina
1660 2457 1736 2485 dice-

950 2503 1026 2534 bant,
1043 2510 1156 2529 numero
1173 2502 1370 2530 multitudinis:
1398 2510 1459 2536 qua:
1491 2510 1574 2537 supra
1603 2503 1734 2532 Valonain

949 2549 991 2576 vel
1011 2549 1157 2575 Auloniam
1189 2549 1215 2575 in
1233 2549 1342 2576 sublimi
1368 2548 1456 2583 posita
1484 2549 1663 2584 conspicitur.
1681 2551 1734 2577 Arx

948 2596 1116 2623 Carainania:
1132 2595 1296 2626 Giolehisar,
1310 2595 1390 2630 cujus
1407 2596 1487 2630 paulo
1501 2602 1564 2631 post
1577 2597 1680 2625 ruentia
1692 2598 1732 2628 lit,

948 2641 974 2668 in
986 2641 1115 2668 Anatoliae
1125 2640 1214 2666 tabula
1228 2641 1461 2675 chronograpliica
1479 2641 1610 2668 scribitur
1627 2641 1736 2668 Culchi-

946 2695 1001 2714 sar.
1018 2686 1131 2720 Egripos
1145 2687 1232 2713 insula
1248 2685 1344 2713 Turcis
1356 2687 1465 2719 dicitur,
1482 2695 1564 2722 quam
1581 2688 1662 2722 vulgo
1674 2687 1730 2722 jam

945 2731 1147 2768 Negroponluin
1164 2733 1312 2767 appellant,
1329 2735 1399 2760 sicut
1412 2740 1438 2761 et
1452 2734 1609 2768 primariam
1636 2734 1732 2760 insula:

944 2778 1102 2806 civitatein:
1128 2786 1188 2812 quia
1216 2783 1309 2812 ponte,
1331 2780 1374 2805 cui
1402 2779 1545 2805 castellum
1573 2778 1730 2812 adiunctum

944 2829 995 2856 est,
1013 2831 1075 2851 cum
1092 2824 1200 2851 Achaia:
1213 2824 1363 2851 continenti
1389 2825 1517 2851 coluerct.
1535 2822 1600 2850 Urbi
1630 2831 1729 2850 nomen

944 2871 1014 2902 apud
1032 2871 1136 2904 priscos
1158 2875 1217 2899 crat
1240 2870 1361 2904 Chalcis,
1389 2871 1486 2898 insulae
1502 2878 1577 2903 vero,
1606 2870 1727 2898 Eulura.
