1963 3067
227 130 281 163 8'27

228 196 310 218 atram
322 189 413 224 Euripi
430 190 517 218 ﬂuxus
533 193 696 226 nobilitavit,
727 200 754 221 ut
782 195 910 229 Euripum
933 196 1006 230 prin:
1021 197 1043 224 Α

228 243 292 270 ceps
305 237 350 264 ille
363 237 584 272 philosophorum
600 241 770 270 Aristotcles.
803 243 868 270 Nam
894 246 916 272 si
945 253 1007 272 vera

228 287 301 312 sunt,
318 290 377 316 qu'e
397 284 429 310 de
446 284 512 318 ipso,
523 293 625 314 causas
651 294 738 314 motus
763 289 853 324 Euripi
880 293 1010 325 pervesti-

228 334 316 360 gante,
335 329 509 358 referuntur:
533 331 613 367 452
639 341 698 360 cum
717 337 823 362 laudent
849 337 1009 366 Aristoteles

228 371 359 406 Euripum
373 382 529 407 caperenon
549 384 650 412 posset,
668 381 738 414 repit
750 381 1010 416 EuripnsAristote-

228 421 289 464 lem.
303 419 367 446 Erat
379 420 561 455 Eubwa,cum
572 432 587 451 a
603 425 768 454 Mucben'tele
778 428 848 455 bello
863 435 1007 464 peteretur,

228 463 430 493 Vunetorumin
445 474 587 502 potestate.
613 472 799 500 Defendebant
823 463 882 502 eam
915 481 1008 504 contra

227 510 331 539 Turcos
346 514 447 541 acriter
457 516 567 543 nomine
590 517 749 552 reipublicae
777 520 932 549 Ludovicus
948 523 1010 550 Cal-

227 558 288 590 hus,
304 563 330 586 et
345 559 443 588 Paulus
459 561 584 596 Erizzus,
598 565 640 590 vel
656 565 788 598 Ericcius,
803 572 902 601 praetor
929 569 1010 597 Chal-

227 604 308 637 cidis,
327 613 406 639 quem
422 612 585 640 potestatum
599 609 692 638 Veneti
707 613 859 641 nominant.
872 614 924 642 Sed
941 616 1010 643 clas-

227 659 256 676 sc
268 651 366 678 Veneta
385 654 442 682 suis
453 662 614 684 succurrere
631 666 683 685 non
702 667 781 690 ausa.
797 663 906 689 tandem
937 665 1012 698 oppi-

228 697 262 723 do
273 706 322 731 per
332 699 384 725 vim
394 700 472 733 potiti
486 701 562 730 fuere
576 704 668 732 Turci.
687 705 755 733 Filia
766 706 842 734 Pauli
874 697 1017 743 praetoris,-

228 743 296 769 urbe
313 751 401 778 capta,
424 753 534 781 propter
565 750 698 786 insignem
725 752 820 780 formae
839 760 1009 783 venustatem

228 789 260 814 ad
289 790 430 819 sultanum
463 793 661 824 Muchemetem
688 798 814 832 deducta,
841 803 1009 830 memorabili

228 837 352 870 exemplo
366 839 503 872 pudicitiae
515 842 585 869 mori
602 843 707 876 maluit,
722 853 803 880 quam
826 847 886 880 ejus
899 856 928 876 se
949 849 1010 877 libi-

228 880 284 907 dini
302 884 473 915 prostituere.

230 937 292 965 “5.
309 939 514 988 Usunfrlmlmn,
526 945 641 988 ilum/“ae
658 949 713 988 Iug,
731 950 902 988 Mustqpham
924 954 1008 988 [ilium

384 977 559 1008 dluchemeles
574 977 713 1018 sti-angulo
718 987 739 1012 ri
753 977 843 1018 inscii.

266 1019 301 1047 De
313 1021 391 1057 hujus
407 1024 540 1054 Chasanis
560 1029 663 1064 origine
687 1031 849 1061 Reinecclus
878 1036 1009 1070 exquisite

229 1065 348 1094 disserit.
365 1069 441 1097 Usun
455 1079 469 1098 a
491 1072 586 1101 Turcis
601 1076 635 1102 ob
652 1081 784 1104 staturam
801 1065 927 1114 corporis
950 1082 1009 1108 exi-

230 1119 310 1162 miam
327 1114 478 1144 dicebatur.
492 1118 558 1146 Nam
585 1121 657 1148 Usun
672 1124 711 1149 eis
737 1124 872 1159 signiﬁcat
899 1128 1008 1163 longum

228 1165 448 1194 sivcproccrtmt,
464 1165 508 1198 qui
527 1164 635 1194 Persica
656 1168 745 1202 lingua
769 1170 846 1199 Diras
861 1172 1008 1201 diceretur.

228 1202 363 1252 llannicus
379 1215 487 1243 quoque
499 1210 649 1240 Cbasanem
665 1214 786 1248 Longum
804 1218 930 1252 appellat.
947 1219 1011 1246 Joa-

228 1250 335 1279 rhimus
369 1252 484 1287 Cureus,
512 1256 668 1286 Silesiorum
701 1250 858 1294 historicus,
885 1265 1010 1293 nominat

228 1295 447 1331 ltnssancanum,
460 1301 500 1328 vel
508 1309 635 1338 corrupta
647 1314 721 1338 voce,
731 1308 771 1334 vel
783 1308 809 1335 in
821 1308 924 1337 Hassan
933 1311 1008 1338 Chan

229 1343 454 1379 mutauda,quod
475 1349 704 1384 essetllispanico
726 1361 812 1386 more,
839 1355 895 1382 Dan
918 1356 1008 1384 Hasan

229 1387 271 1413 vel
282 1387 401 1416 Chasan.
415 1391 466 1419 Sed
494 1394 565 1427 ipsos
592 1395 717 1426 Persicos
746 1407 823 1434 reges
847 1409 880 1428 co
901 1404 1011 1430 nomine

231 1440 295 1460 usos
307 1442 360 1461 non
373 1437 483 1465 memini
493 1440 535 1466 vel
546 1441 643 1475 legere,
656 1444 697 1470 vel
711 1445 820 1472 audire:
835 1448 906 1480 quod
921 1453 1009 1475 tamen

230 1480 388 1513 proceribus
404 1483 489 1512 eidem
505 1486 561 1520 regi
575 1487 692 1517 subditis
708 1490 791 1518 tribui
804 1492 873 1524 scio,
889 1499 915 1520 et
929 1499 1008 1521 antea

230 1529 338 1574 notasse
356 1529 499 1557 recordor.
517 1530 633 1560 .lusufze
647 1534 688 1561 vel
712 1534 825 1571 Jusufge
842 1546 940 1566 nomen
967 1540 1010 1566 iti-
1022 1544 1046 1574 ο

229 1572 289 1597 dent
308 1572 408 1621 factum
421 1581 464 1602 est
478 1583 493 1602 a
509 1581 624 1610 statura,
639 1580 724 1608 forma
738 1582 888 1611 deminuta.
906 1585 1015 1621 Signiﬁ-

230 1621 272 1642 cat
288 1618 358 1665 enim
371 1617 560 1665 Joscplmlum.
581 1622 675 1652 Jovius
695 1626 855 1661 simpliciter
864 1617 1012 1665 lose-phum

231 1662 364 1712 nominat.
384 1664 420 1692 De
438 1666 536 1695 Tocata
555 1671 681 1704 superius
698 1673 820 1706 quaedam
840 1662 1013 1712 babes-capi-

233 1713 258 1757 ιο
274 1709 318 1736 75.
338 1710 406 1738 Cum
424 1712 524 1741 dicitur
538 1722 554 1742 a
571 1721 649 1750 patre
661 1717 817 1753 Musmpbas
848 1721 932 1749 fuisse
948 1709 1014 1757 prae-

232 1753 318 1803 fectus
333 1757 366 1803 iis
382 1759 459 1790 locis.
477 1761 636 1797 intelligitur
648 1765 758 1793 Amasia
770 1776 777 1794 :
788 1767 822 1795 de
846 1776 899 1803 qua
913 1753 1012 1797 dicmm

231 1800 309 1850 initio
324 1802 526 1840 declarationis,
554 1810 643 1843 capite
671 1816 796 1839 notarum
814 1813 839 1840 6.
856 1800 1014 1850 Mustaphas

232 1847 276 1874 hic
287 1853 349 1876 ante
364 1857 466 1884 patrem
477 1855 630 1883 exstinctus
647 1856 710 1891 fuit,
725 1858 786 1886 aliis
801 1861 936 1888 venationi
949 1847 1014 1890 cau-

231 1902 290 1921 sam
308 1897 403 1925 mortis
424 1900 699 1934 ascribentibus.aliis
723 1904 814 1932 nimia:
826 1905 934 1935 Veneri.
961 1907 1014 1935 No-

232 1940 274 1967 bis
286 1948 318 1968 ea
335 1941 408 1970 lubet
422 1944 623 1980 interpretando
636 1948 766 1983 adjicere,
789 1959 849 1986 qua:
859 1953 938 1988 digna
956 1962 1014 1981 me-

232 1991 337 2032 moratu
352 1988 384 2015 de
397 1989 483 2023 ipsius
499 1991 606 2019 interitu
621 1995 739 2028 prodidit
750 1995 954 2032 Spanduginus.
969 2002 1014 2028 Ait

231 2031 316 2063 etiim.
345 2033 501 2062 Achmetem
529 2036 649 2070 bassam.
675 2047 855 2074 cognomento
884 2043 1011 2078 Bidlcem,

232 2079 264 2104 de
282 2087 336 2114 quo
353 2082 444 2108 statim
455 2082 532 2116 plura
545 2083 646 2112 dicturi
659 2093 765 2119 smnus,
782 2088 909 2117 habuisse
936 2091 1014 2119 femi-

230 2133 293 2169 nam
311 2125 397 2153 forma
414 2132 599 2161 praestantem,
618 2131 697 2165 cujus
710 2140 803 2160 amore
826 2140 921 2169 captus
933 2136 1013 2165 fuerit

231 2168 390 2216 Mustapbas
405 2171 459 2203 bic,
471 2171 650 2202 Muchemetis
662 2176 751 2204 filius:
777 2186 837 2205 cum
862 2168 1012 2216 aliquando

831 139 990 169 JUANNIS
1008 140 1052 167 ΗΞ

1058 139 1177 168 UNCLA
1186 140 1238 169 VII
1786 139 1835 169 ιρις

1058 201 1108 222 ret.
1129 196 1162 222 Et
1181 196 1243 230 quia
1255 196 1348 223 deesse
1366 205 1418 224 non
1438 197 1536 224 soleret
1553 196 1649 226 officio,
1664 197 1689 221 in
1710 195 1836 221 obsona-

1061 241 1209 276 tionejuris
1224 246 1251 268 et
1266 242 1346 275 (equi,
1364 243 1387 270 si
1403 243 1510 277 quidem
1529 243 1677 270 italibitum
1689 242 1712 268 ei
1732 241 1835 272 fuissﬂ,

1060 286 1165 313 misisse
1184 291 1244 320 post
1257 287 1373 314 triduum
1383 287 1526 321 quemdatu
1542 294 1557 313 e
1582 287 1649 317 suis,
1666 286 1711 320 qui
1737 285 1836 311 Masta-

1060 333 1118 367 phae
1135 340 1218 359 nervo
1235 332 1333 366 injecto
1349 332 1441 360 fauces
1455 332 1532 367 jussu
1549 333 1631 367 patris
1648 332 1760 359 eliserit.
1775 331 1836 358 llaec

1061 378 1263 413 Spanduginus.
1274 378 1339 411 Qua:
1352 386 1417 406 sane
1431 378 1452 405 si
1465 386 1527 406 vera
1544 382 1618 410 sunt,
1635 378 1792 412 utpluribus
1802 385 1834 404 ex

1061 425 1149 452 causis
1162 433 1221 452 esse
1235 426 1358 453 videntur
1368 448 1375 459 ,
1402 425 1576 453 memorabile
1590 425 1668 451 nobis
1685 424 1833 456 exelnplnm

1059 472 1166 506 paterni
1191 472 1286 506 rigoris
1307 479 1369 506 erga
1385 471 1479 503 filium,
1495 470 1635 505 catteroqui
1662 473 1834 504 praestantem

1060 519 1161 547 virum.
1175 518 1201 544 in
1214 525 1245 545 ea
1262 521 1339 552 gente
1355 517 1475 552 praebent
1488 526 1495 543 :
1510 517 1588 551 cujus
1603 516 1702 543 sultani
1718 523 1782 542 suos
1808 516 1835 541 in

1060 563 1193 590 vilissima
1208 563 1355 597 mancipia,
1384 571 1417 590 ne
1445 564 1560 590 maxima
1580 562 1686 597 quidem
1705 562 1836 594 dignitate

1060 608 1126 634 viris
1149 609 1297 635 secundutn
1327 609 1400 643 ipsos
1439 609 1575 643 principes
1611 608 1835 642 repugnantibus,

1060 655 1167 688 quidvis
1182 655 1233 682 sibi
1249 655 1329 682 licere
1341 659 1446 688 putant.
1504 683 1507 686 ,

1211 701 1270 729 ML.
1289 700 1459 734 Carachisar,
1489 700 1556 727 Char
1582 700 1683 728 Μαι-αι.

1096 747 1243 775 Clauserus
1272 747 1297 773 in
1323 747 1549 782 Cbalcocondylis
1576 747 1753 774 conuersione
1789 754 1837 774 sua

1061 802 1158 821 nomen
1176 794 1262 826 urbis,
1279 802 1360 828 quam
1372 793 1555 822 Muchcmeles
1569 794 1594 820 in
1607 794 1739 822 Cbasanis
1749 794 1838 828 regio-

1061 847 1122 866 nem
1136 846 1248 874 pergens
1261 839 1410 873 occuparit.
1426 847 1479 866 non
1499 844 1635 873 repertum
1649 840 1691 873 (ut
1706 839 1835 873 arbitror}

1063 886 1089 912 in
1102 894 1150 912 suo
1163 885 1267 918 codice,
1283 885 1384 912 omisit.
1401 886 1553 920 Ascriptum
1567 889 1656 913 tamen
1673 890 1716 913 est
1739 885 1838 920 niargi-

1063 931 1088 957 ni
1106 931 1138 957 de
1163 931 1231 957 libro
1257 930 1426 958 Gundcliano
1450 930 1547 966 Coryci
1572 939 1683 963 nomen,
1709 939 1742 958 ac
1767 937 1839 959 recte

1063 977 1182 1010 quidem.
1195 976 1262 1003 Nam
1277 976 1410 1011 Corycum
1423 977 1505 1010 cepit,
1517 984 1597 1011 quant
1615 976 1695 1004 Turci
1711 985 1788 1005 suam
1805 978 1838 1004 ad

1063 1022 1181 1056 linguam
1199 1022 1321 1048 nonnihil
1335 1023 1586 1055 accommodatum,
1606 1027 1634 1050 et
1660 1023 1840 1050 Cltaracltisar

1064 1066 1363 1093 dixerunt.Monuimus
1378 1066 1448 1093 enim
1475 1075 1567 1101 supra,
1587 1075 1647 1102 cap.
1676 1067 1718 1098 i5,
1745 1067 1841 1095 Turcis

1063 1121 1123 1139 csse
1137 1113 1162 1139 in
1175 1121 1260 1146 more,
1272 1114 1312 1141 sic
1327 1115 1437 1149 antiqua
1449 1120 1553 1141 mutare
1566 1115 1677 1142 nomina
1688 1115 1839 1147 civitatum,

1063 1165 1407 1195 Castrorum,stagnorum,
1439 1161 1590 1194 ﬂuminum,
1621 1163 1779 1196 regionum:
1811 1167 1841 1188 ut

1065 1205 1215 1239 priscorum
1227 1206 1381 1233 allinitatem
1394 1207 1548 1240 retinentia,
1562 1207 1738 1234 nihilominus
1751 1209 1777 1234 in
1791 1215 1839 1235 sua

1065 1251 1153 1285 lingua
1170 1252 1297 1286 quiddam
1321 1252 1483 1287 signiﬁcent.
1511 1252 1550 1279 ita
1567 1253 1599 1279 de
1614 1252 1716 1288 Coryco
1737 1252 1838 1280 iactum

1062 1298 1235 1330 Caracltisar,
1257 1299 1327 1333 quod
1362 1298 1474 1325 Turcice
1500 1302 1581 1326 sntiat
1610 1306 1698 1325 arcum
1723 1299 1838 1334 nigram.

1063 1345 1140 1378 Apud
1160 1344 1290 1373 Ortelium
1305 1345 1331 1372 iu
1357 1345 1521 1379 Syuonyrnia
1550 1345 1727 1380 geographica
1751 1344 1840 1371 Curcu

1063 1389 1148 1424 Nigri,
1160 1394 1187 1416 et
1201 1390 1303 1416 Curcos
1318 1398 1350 1416 ex
1364 1390 1502 1416 itinerario
1514 1389 1690 1423 Bcnjaminis,
1702 1389 1838 1417 'admilto.

1064 1435 1222 1463 Mercatoris
1233 1444 1296 1464 vero
1306 1435 1431 1468 Chutam,
1447 1444 1508 1463 cum
1532 1436 1634 1463 Cbntco
1649 1434 1756 1469 Joscphi
1774 1435 1839 1460 Bar-

1064 1483 1133 1514 bari,
1155 1483 1222 1510 nihil
1247 1482 1281 1510 ad
1297 1483 1431 1518 Corycum
1460 1483 1597 1517 pertinere
1625 1486 1700 1517 puto.
1724 1481 1841 1508 Murates

1063 1529 1117 1558 ille.
1127 1528 1264 1555 Romanis:
1278 1529 1317 1556 vel
1329 1529 1442 1563 Europae
1453 1528 1639 1563 beglerbegus,
1648 1527 1726 1562 cujus
1737 1534 1835 1554 nomen

1066 1575 1110 1602 hic
1140 1575 1295 1609 subjicitur,
1315 1579 1524 1610 cognominatus
1542 1574 1593 1602 fuit
1615 1573 1698 1606 Chas,
1715 1574 1766 1601 hoc
1788 1577 1840 1606 est,

1064 1621 1173 1655 elegans
1184 1625 1232 1648 aut
1242 1626 1382 1648 venustus.

1079 1675 1141 1702 MS.
1162 1674 1369 1703 Usumrhasanis
1381 1675 1451 1709 ﬁlius
1464 1673 1564 1701 Zeineli
1594 1681 1677 1701 ca'sur
1692 1672 1719 1700 in
1736 1672 1829 1708 prelio

1306 1716 1398 1737 contra
1414 1710 1612 1737 Mue/temetum

1098 1757 1149 1790 Qui
1169 1758 1220 1785 hoc
1237 1757 1332 1791 prmlio
1350 1756 1401 1783 fuit
1415 1756 1573 1783 interfectus
1597 1755 1731 1783 Chasanis
1755 1754 1841 1789 Longi

1065 1805 1147 1837 titius,
1161 1805 1263 1831 nullum
1282 1804 1326 1830 hic
1349 1804 1375 1830 in
1392 1803 1542 1830 Annalibus
1572 1810 1672 1830 nomen
1693 1803 1781 1829 habet.
1795 1801 1843 1829 Se-

1064 1850 1197 1878 cretarius
1208 1855 1296 1876 autem
1313 1848 1479 1883 Sigismuttdi
1497 1847 1653 1878 Malatestze.
1667 1846 1752 1881 reguli
1778 1846 1843 1872 Ari-

1065 1897 1205 1927 minensis,
1219 1896 1265 1929 qui
1283 1901 1346 1922 tunc
1357 1895 1432 1927 vixit,
1453 1899 1481 1922 ct
1493 1894 1627 1928 plerisque
1641 1893 1721 1920 rebus
1733 1893 1760 1919 id
1774 1897 1843 1919 tem-

1064 1941 1173 1976 porisin
1187 1940 1291 1968 Gracia
1305 1946 1332 1968 et
1354 1940 1480 1967 Anatolia
1501 1940 1582 1975 gestis
1606 1947 1667 1966 cum
1690 1939 1757 1966 hero
1778 1946 1842 1970 suo,

1064 1995 1168 2021 magnae
1182 1987 1299 2020 virtutis,
1316 1991 1343 2014 et.
1363 1987 1481 2014 nominis
1502 1986 1568 2014 clari
1593 1987 1672 2018 duce,
1698 1984 1840 2016 interfuit;

1065 2034 1199 2060 Zeuialem
1213 2039 1300 2065 vocat,
1316 2034 1363 2069 qui
1382 2034 1458 2061 Jovio
1482 2033 1580 2069 Zeynal
1604 2033 1712 2060 dicitur.
1737 2031 1761 2058 Is
1778 2040 1843 2058 vero

1064 2081 1161 2108 Turcis
1175 2086 1216 2108 est
1227 2080 1339 2113 Zeineli,
1352 2080 1484 2108 vocabulo
1502 2079 1674 2116 signiﬁcante
1692 2079 1842 2109 hominem,

1065 2127 1107 2154 cui
1131 2127 1226 2155 dentes
1246 2132 1292 2154 ant
1323 2127 1438 2154 maxilla:
1463 2126 1636 2161 praegrandes
1666 2130 1740 2152 sunt.
1764 2124 1843 2150 Illum

1065 2174 1151 2201 Latini
1166 2174 1306 2201 Dentatum
1316 2176 1459 2204 vocarunt,
1470 2173 1544 2199 hunc
1561 2171 1647 2199 Graeci
1658 2171 1842 2200 Gnathonem,

230 2215 259 2241 in
272 2215 372 2248 aulam.
385 2216 464 2244 oﬂicii
478 2225 689 2250 causa.mannm
704 2215 1011 2261 ρῃιινὶεεχοεειιιέιυτυε,
1031 2220 1052 2247 D
1066 2220 1176 2254 opinor:
1190 2219 1233 2254 qui
1248 2226 1281 2246 an
1298 2219 1393 2247 Latine
1413 2219 1564 2247 Maxillatus
1585 2218 1638 2245 dici
1665 2218 1765 2252 possit.
1795 2218 1842 2244 alii

230 2261 360 2289 vertisset.
373 2261 437 2291 Inde
452 2263 565 2297 factum,
582 2271 610 2292 ut
627 2267 670 2294 illa
683 2269 800 2302 quodam
810 2275 931 2306 tempore
955 2273 1013 2301 bal-

231 2315 312 2336 neum
329 2309 388 2344 (pro
402 2318 478 2339 more
494 2311 609 2340 Turcico
623 2313 758 2350 ingressa,
786 2316 940 2352 Mustaphas
964 2327 1013 2347 eo~

230 2353 292 2381 dem
306 2362 337 2382 se
351 2355 501 2390 conferret,
515 2362 543 2384 et
558 2359 657 2386 nudam
673 2361 714 2394 (ut
730 2361 799 2395 erat)
814 2362 885 2388 milia
903 2364 1012 2398 pudoris

231 2399 324 2427 habita
340 2401 456 2434 ratione.
471 2403 597 2432 violaret.
614 2405 755 2441 indignum
770 2407 820 2435 hoc
835 2408 940 2437 facinus
950 2417 1013 2437 cum

230 2447 375 2476 Aclnnetes
395 2450 428 2476 ad
443 2450 581 2478 sultanum
603 2450 798 2480 Mucltemetetn
815 2454 942 2487 deferret,
973 2456 1013 2483 di-

231 2492 410 2529 laceratisqna
451 2496 572 2524 vestibus
627 2504 662 2524 ac
704 2498 850 2533 tulipanto,
893 2501 927 2527 de
959 2506 1013 2528 tam

233 2539 306 2574 gravi
332 2547 492 2575 quereretur
502 2543 612 2577 injuria.
631 2545 776 2572 vindictam
806 2546 918 2573 sceleris
934 2554 1016 2580 expo-

233 2594 318 2614 cens:
331 2589 504 2622 respondisse
533 2589 744 2623 Muchemetem,
759 2598 808 2618 cur
837 2592 870 2619 iis
896 2593 1016 2626 querelis

235 2634 373 2660 uteretur?
386 2642 420 2661 an
435 2636 566 2669 nesciret,
584 2637 684 2664 sultani
698 2645 727 2664 se
744 2637 910 2672 mancipium
933 2639 1015 2665 esse?

235 2682 262 2708 Si
284 2681 400 2708 maxime
412 2682 493 2715 lilius,
508 2683 607 2718 inquit.
621 2692 697 2711 meus
708 2684 865 2718 Mustapbas
879 2686 906 2711 in
924 2685 1016 2711 uxoris

236 2733 286 2755 tute
301 2728 458 2761 complexus
472 2729 555 2762 venit,
587 2737 620 2756 an
647 2737 701 2757 non
723 2738 782 2757 meo
797 2737 858 2757 cum
883 2731 1016 2764 mancipio

236 2783 293 2802 rem
318 2775 430 2802 habuit?
459 2775 550 2802 Nihilo
567 2779 656 2802 tamen
680 2776 771 2803 minus
796 2780 900 2810 patrem
916 2776 949 2802 de
971 2775 1016 2801 tuli

236 2827 342 2854 patrato
355 2822 474 2849 facinore
488 2820 572 2848 tilium
584 2826 690 2848 secreto
696 2830 777 2856 quam
787 2822 919 2849 acerrime
928 2822 1018 2849 incre-

237 2876 326 2903 passe,
342 2868 524 2903 jussisseque,
543 2873 572 2895 ut
582 2875 632 2894 suo
647 2868 877 2902 conspectuillico
893 2867 1015 2896 discede-

1066 2266 1189 2292 viderlut.
1441 2298 1444 2302 _

1065 2322 1145 2358 453
1162 2323 1222 2350 HG.
1238 2322 1376 2349 Μοίιιαυὶω
1398 2320 1513 2358 Vaivoda
1531 2321 1629 2349 Turres
1649 2321 1748 2356 ingenti
1768 2319 1844 2346 clade

1409 2357 1499 2391 afﬁcit.
1623 2366 1628 2372 '
1886 2360 1888 2362 ⁷

1104 2405 1244 2432 Moldavia:
1259 2403 1405 2431 Vaivodain
1418 2411 1480 2430 cum
1496 2403 1624 2436 dicimus,
1638 2409 1746 2437 supper
1766 2402 1846 2429 illum

1067 2451 1257 2485 intelligimus.
1271 2458 1352 2484 quem
1368 2459 1382 2476 a
1395 2450 1492 2477 Turcis
1508 2450 1656 2484 principem
1673 2448 1848 2482 Carabogda—

1068 2499 1118 2525 nim
1133 2497 1279 2529 nominari,
1297 2497 1453 2523 monuimus
1473 2503 1567 2530 supra,
1581 2503 1641 2529 cap.
1661 2495 1705 2522 Ti.
1719 2494 1770 2526 Qui
1783 2502 1850 2521 vero

1068 2545 1167 2574 caedem
1189 2545 1261 2571 hanc
1272 2543 1423 2570 Turcorum
1436 2542 1571 2576 insignem
1588 2542 1681 2572 edidit,
1694 2541 1850 2575 appellatur

1068 2599 1082 2617 a
1094 2590 1217 2617 Bonﬁnio
1238 2594 1264 2617 et
1288 2589 1374 2616 Cureo
1391 2588 1556 2622 Stephanus,
1584 2594 1699 2621 magnus
1712 2594 1777 2613 sane
1792 2586 1848 2617 vir,

1069 2641 1095 2662 et
1107 2636 1176 2662 bello
1188 2635 1252 2662 felix
1265 2643 1273 2662 :
1286 2635 1330 2669 qui
1346 2642 1402 2661 non
1417 2633 1520 2660 'l‘urcos
1538 2634 1618 2661 modo
1632 2633 1738 2664 cecidit,
1752 2639 1849 2659 verum

1069 2682 1149 2708 etiam
1167 2681 1265 2709 illustri
1289 2680 1323 2707 de
1338 2679 1445 2707 Tauris
1461 2681 1562 2714 potitus
1574 2684 1621 2706 est
1638 2678 1762 2706 victoria.
1781 2678 1853 2710 Quae

1070 2727 1166 2755 Turcis
1179 2727 1307 2754 lscodara
1323 2727 1377 2758 sit,
1395 2726 1559 2760 explicatum
1573 2729 1645 2757 ante,
1659 2731 1774 2751 numero
1784 2723 1850 2750 121.

1073 2786 1133 2812 H7.
1150 2785 1247 2817 Geduc,
1270 2783 1400 2810 lic/unctis
1424 2784 1508 2809 bassis
1527 2789 1684 2817 cognomen,
1700 2781 1770 2808 varie
1788 2789 1855 2807 car-

1126 2825 1241 2854 ruptum.
1259 2819 1387 2846 Adtutetis
1405 2819 1521 2852 fortuna,
1538 2825 1590 2844 non
1605 2817 1690 2842 minus
1709 2817 1794 2842 varia.

1109 2867 1194 2899 falzigni
1209 2866 1327 2894 nominis
1340 2866 1379 2892 vir
1389 2866 1441 2892 fuit
1459 2865 1598 2892 Acbmctcs
1613 2864 1654 2890 hic
1670 2863 1749 2889 bassa
1763 2881 1769 2892 .
1797 2868 1854 2889 tam
