1963 3067
121 135 172 165 829

695 141 895 171 PANDECTE
915 140 1016 171 IlIS’l‘.
1031 140 1185 170 TURClC.

1684 136 1740 167 830

121 194 190 226 "011d
218 194 355 221 sullﬁnum
380 194 580 225 Mucltemetem
607 198 762 226 Secundum
789 203 904 234 patrem,
921 204 942 228 Α
958 206 1018 233 qua:
1035 198 1157 232 profecto
1175 196 1374 231 limpidissima:
1388 201 1468 226 sunt.
1486 195 1532 222 sed
1549 203 1564 222 a
1578 194 1677 221 subitis
1692 194 1742 220 foe-

120 248 200 274 quam
231 241 300 275 apud
330 241 476 276 Bajasilem
506 245 612 272 tilium:
639 245 672 272 de
694 245 773 280 cujus
797 245 902 280 origine

121 285 259 313 Geul'raaus
277 292 360 318 crrat.
376 296 438 315 cum
455 290 547 321 tradit,
568 298 629 317 eum
645 290 728 318 fuisse
745 291 827 318 filiu'm
843 291 903 317 Ste-

121 333 213 366 phani,
243 341 296 359 non
328 334 407 367 regis,
432 336 478 361 sed
497 336 616 370 despon
638 336 809 364 Bozineusis.
834 337 901 363 Nam

121 378 228 405 Bozinaa
257 379 336 406 ducis
366 380 439 407 [ilius
466 381 518 408 fuit
546 382 616 409 alius
629 383 663 409 ab
678 383 730 410 hoc
744 383 904 410 Achemctes

123 425 216 457 Iris-2,
227 426 271 452 cui
289 433 440 459 cognomen
467 433 527 454 erat
557 435 611 455 non
637 428 741 461 Gednc,
762 430 808 456 sed
824 428 904 456 Cher-

121 473 236 503 s-oglcs,
254 476 282 498 ut
305 479 367 498 eum
397 474 482 500 nostri
514 480 621 507 vocant,
644 475 677 502 de
693 483 746 509 quo
762 475 904 505 infra,suo

123 517 185 543 loco
224 518 341 544 dicetur.
381 518 430 545 ilic
460 523 549 547 autem
575 520 719 548 Achmetcs
744 521 904 548 Albnuensis

121 567 181 589 erat
192 563 306 597 origine,
325 564 366 590 Vel
386 564 507 598 Epirota.
525 564 851 601 SigismuudiMalatesta
862 573 906 593 se-

122 609 257 637 cretarius
280 610 400 645 scripsit.
422 619 483 638 eum
503 612 588 640 fuisse
603 613 704 640 virtute
731 613 840 640 militari
859 620 905 648 pa—

123 663 179 682 rem
208 656 331 691 antiquis
357 657 498 687 ducibus:
515 659 583 686 adeo
595 660 715 693 quidem,
737 665 766 686 ut
786 659 842 686 sola
857 667 906 686 no-

124 702 206 730 minis
227 703 270 729 sui
293 703 373 736 fama,
391 712 555 739 quocunque
572 713 601 732 se
618 706 765 739 conferret,
779 706 905 734 omnibus

122 747 296 775 Iorrnidinem
310 757 342 776 ac
357 750 563 785 trepidationem
584 751 721 785 injiceret.
743 751 837 782 All-lit.
860 759 906 778 co—

123 794 309 829 gnominatum
326 797 407 833 vulgn
421 796 541 823 Gemlich
555 802 709 831 propterea.
719 798 789 831 quod
802 798 826 825 ei
840 798 905 824 tlcns

954 245 1049 279 dISque
1077 244 1283 278 tempestatibus
1296 263 1303 276 ,
1330 251 1390 277 quae
1407 243 1482 276 prius
1497 242 1631 276 placidum
1650 249 1680 267 ac
1701 249 1745 267 sc-

954 299 1063 323 reuum,
1077 291 1158 325 paulo
1172 294 1309 317 momento
1326 290 1410 323 nigris
1427 289 1544 315 tenebris
1557 287 1706 315 involvunt.
1723 286 1743 312 Ε

954 339 1062 365 diverso
1091 338 1320 364 mediterraneum
1359 344 1444 368 mare,
1473 343 1526 362 non
1556 335 1640 361 tantis
1655 334 1743 360 obno-

954 385 1027 411 xium
1045 384 1254 415 mutationibus,
1269 383 1315 410 scd
1336 383 1415 416 longe
1433 382 1569 413 screnius,
1588 381 1640 408 illis
1656 381 1744 407 Acde-

955 430 1008 457 nizi
1026 430 1146 460 dicitur,
1173 430 1215 455 his
1235 430 1327 462 ‘Aspra
1358 428 1492 459 Ibalassa,
1520 427 1545 454 id
1574 431 1616 453 est
1648 425 1744 452 Album

955 484 1039 504 mare.
1076 476 1133 502 Itali
1161 475 1328 502 dissentiunt
1358 475 1392 500 ab
1422 474 1555 507 utrisque.
1582 480 1613 499 ac
1637 472 1746 498 anobis

956 523 1039 550 etiam
1053 521 1197 550 Germanis
1207 542 1214 552 ,
1228 522 1274 556 qui
1294 522 1344 548 bos
1360 524 1505 554 sequentes
1519 524 1546 545 ct
1561 519 1612 550 ipsi
1630 518 1745 552 Nigrum

936 590 938 592 τ
956 577 1031 596 mare
1060 569 1246 595 nominamus.
1266 568 1372 594 Etenim
1392 567 1528 600 appellare
1552 566 1642 592 solent
1674 571 1747 590 mare

956 613 1133 647 maius,qnod
1148 613 1216 639 idem
1231 618 1272 640 est
1286 620 1347 638 cum
1363 612 1429 638 mari
1442 619 1551 644 magno.
1565 611 1590 636 ld
1603 611 1627 637 ei
1645 618 1745 636 nomen

957 661 1002 686 dat
1018 658 1177 685 Vincentius
1195 658 1367 684 Bclvaccnsis
1378 677 1385 688 .
1402 658 1441 684 uti
1457 665 1537 691 supra
1559 661 1681 683 notatum
1697 664 1744 682 ca-

956 706 1012 740 pite
1028 706 1088 732 128.
1105 705 1172 732 Cofe
1187 705 1285 732 Turcis
1298 705 1440 734 scribitur.
1461 710 1521 738 quae
1538 702 1627 737 Caplla
1641 702 1744 729 nostris

957 756 1010 780 est.
1029 752 1055 778 in
1076 751 1191 778 Taurica
1219 751 1392 778 Chersoneso
1419 755 1493 777 trans
1525 757 1600 776 mare
1634 749 1745 783 Nigrum

957 798 1019 828 sita,
1047 796 1232 823 (ienuensium
1256 796 1395 830 quondam
1423 795 1542 822 colonia.
1568 794 1668 821 Notum
1693 799 1747 821 est:

124 848 193 867 unus
206 840 323 869 deesset.
338 842 423 874 Quam
437 850 499 869 vero
515 850 529 869 a
543 844 617 870 tenui
635 843 742 870 fortuna
761 844 903 870 niaximum
922 851 941 878 ﬂ
956 843 1019 869 olim
1037 843 1135 868 dictam
1155 841 1237 869 fuisse
1265 841 1456 868 Theodosiam.
1485 841 1523 867 De
1548 840 1677 871 Kerimis,
1689 839 1748 866 Cri-

124 885 156 912 ad
172 886 331 920 dignitatem
359 887 450 914 subito
471 889 637 922 pervenerit,
654 889 845 924 Spandugiuus
862 889 903 915 his

124 932 317 966 propemodum
329 934 417 961 verbis
433 935 576 967 exposuit:
591 935 665 966 Erat.
683 936 781 969 inquit,
796 935 904 962 sultuno

124 977 281 1006 liluchemeti
293 979 403 1006 satelles
418 979 537 1014 (solacos
551 980 632 1007 Turci
645 982 754 1015 vorant)
769 981 814 1015 qui
830 981 905 1008 Bidic

123 1025 219 1051 Acmat
238 1033 270 1051 Cl
292 1033 325 1052 co
352 1026 544 1053 nominabatur
561 1048 567 1059 ,
595 1028 667 1061 quod
684 1027 709 1053 in
736 1028 791 1054 oris
816 1027 904 1054 antica

124 1071 243 1098 dentium
271 1073 341 1100 serie
371 1073 479 1100 dentem
506 1081 590 1100 unum
611 1074 761 1101 amisisset.
779 1073 828 1100 llic
840 1081 901 1100 cum

124 1117 269 1152 aliquando
283 1126 344 1146 cum
360 1119 484 1154 principe
500 1128 551 1147 suo
567 1121 784 1154 colloqueretur,
801 1125 829 1146 ut
846 1120 904 1146 ﬁeri

125 1171 320 1198 nonnunquam
332 1164 412 1198 solet,
426 1166 566 1193 asserebat
581 1167 652 1193 inter
665 1167 716 1193 alia
729 1175 736 1196 ;
754 1175 806 1193 non
823 1174 905 1199 posse

124 1211 272 1245 principem
287 1219 382 1238 revera
397 1219 426 1239 se
442 1220 571 1247 maguum
589 1214 747 1247 praedicare,
765 1213 787 1240 si
802 1221 856 1240 non
871 1222 904 1240 ex

123 1263 207 1291 parvo
218 1264 343 1290 magnum
359 1261 386 1285 et
399 1259 519 1286 vicissim
531 1267 563 1286 ex
574 1266 671 1292 magno
687 1267 801 1292 parvum
817 1260 906 1286 facere

123 1308 225 1337 posset.
237 1303 298 1331 Ηλευ
311 1303 370 1338 ejus
382 1304 463 1332 verba
471 1309 573 1331 tantum
587 1303 612 1331 in
625 1305 716 1331 ani-mo
729 1304 906 1331 Muchcmetis

125 1350 279 1377 habuerunt
301 1350 437 1380 ellicaciae.
451 1355 480 1377 ut
491 1350 637 1378 Achmetes
649 1352 778 1378 hactenus
791 1351 900 1389 Satelles

124 1395 157 1421 ab
169 1396 228 1430 ipso
241 1403 401 1430 supremum
412 1396 444 1423 ad
454 1397 577 1431 primarii
591 1397 675 1424 hassze
687 1397 800 1431 gradum
813 1404 908 1431 prove-

125 1441 245 1468 lieretur.
270 1441 338 1473 Quid
364 1441 388 1468 ci
414 1445 475 1476 post
503 1442 559 1468 haec
586 1442 718 1474 evenerit,
740 1449 803 1468 cum
819 1442 905 1476 ipsius

125 1487 204 1513 uxori
227 1494 241 1513 a
262 1486 415 1521 Mustapha,
441 1487 618 1515 Mucbemelis
634 1488 700 1518 lilio,
723 1493 846 1521 stuprum
865 1490 906 1514 iu-

960 889 1032 920 miis,
1051 887 1158 915 Kcraiis
1172 888 1224 917 (sic
1238 888 1356 915 diversis
1372 888 1468 914 iisdem
1485 886 1643 913 nominibus
1658 886 1749 920 appel-

957 934 1059 967 lantur)
1082 935 1309 968 Uestensibusque
1331 933 1448 966 Tataris,
1477 931 1579 960 dictum
1611 932 1749 966 superius,

959 987 1075 1006 numero
1092 985 1218 1007 notarum
1234 980 1279 1006 45.

994 1023 1054 1051 M9.
1069 1023 1096 1049 Μ
1100 1024 1242 1050 uchemeles
1257 1023 1368 1050 obtusa:
1377 1024 1540 1051 Semendria:
1554 1024 1696 1050 succurrit.

989 1070 1203 1098 Obscuriuscule
1217 1072 1341 1105 quaedam
1362 1072 1406 1098 hic
1425 1071 1563 1102 dicuntur,
1580 1079 1639 1104 qnze
1653 1072 1693 1098 sic
1708 1071 1751 1097 in-

959 1116 1111 1150 lelligeuda.
1137 1115 1322 1143 Mucbcmetes
1339 1116 1371 1142 ad
1388 1115 1525 1142 Moravam
1551 1116 1659 1143 fluvium
1689 1123 1752 1150 pro’

956 1150 1042 1190 l‘ectus
1063 1167 1114 1194 est,
1138 1163 1189 1189 hoc
1203 1168 1256 1193 est.
1284 1162 1309 1189 in
1338 1162 1462 1190 Serriam
1477 1164 1534 1190 sive
1547 1163 1691 1193 liascium.
1717 1162 1749 1189 ad

958 1209 1127 1242 metropolim
1145 1208 1205 1242 ejus
1223 1209 1341 1242 regionis
1361 1208 1549 1236 Scmendriam
1562 1229 1570 1241 ,
1588 1209 1628 1236 vel
1645 1208 1750 1235 Sentic-

958 1261 1072 1284 rovram.
1101 1254 1243 1282 obsidione
1276 1254 1459 1282 liberandam.
1481 1255 1588 1290 Quippe
1624 1254 1750 1282 Mallhias

957 1299 1081 1334 Ungariaa
1094 1308 1152 1332 rex,
1166 1301 1203 1327 uti
1220 1300 1363 1329 Bonlinius
1374 1301 1467 1333 refert,
1485 1301 1575 1328 hieme
1590 1302 1653 1340 anni
1670 1302 1749 1331 H76.

957 1347 989 1373 ad
1010 1346 1209 1378 Semendriam,
1223 1348 1342 1382 undique
1356 1348 1487 1375 militibus
1496 1348 1634 1379 cinctam‘,
1648 1348 1749 1374 exstrui

958 1393 1067 1420 castella
1093 1393 1142 1419 tria
1172 1399 1314 1420 curaverat
1330 1402 1336 1420 :
1355 1398 1385 1420 ut
1410 1395 1566 1421 arctissime
1589 1395 1709 1421 cla-usam
1726 1395 1752 1420 in

960 1443 1123 1473 potestatem
1138 1440 1279 1475 redigeret.
1294 1440 1376 1476 454
1390 1440 1424 1467 lis
1440 1448 1505 1467 vero
1519 1441 1640 1467 castellis
1653 1441 1752 1474 potitus

958 1484 1156 1517 Iluchemelcs,
1173 1485 1346 1512 obsidionem
1373 1485 1472 1512 solvit.
1496 1485 1589 1512 Obiter
1610 1485 1653 1512 hic
1669 1485 1753 1511 lector

124 1532 254 1565 ferretur,
285 1533 366 1567 paulo
380 1538 443 1560 ante
458 1538 608 1566 narratum,
622 1534 711 1568 capite
728 1533 789 1560 M5.
807 1533 901 1560 Mortis
914 1536 937 1568 (ζ
953 1531 1078 1558 observet
1091 1549 1100 1562 .
1116 1539 1130 1558 a
1152 1531 1249 1558 Turcis
1266 1533 1346 1558 ctiam
1362 1531 1476 1558 llrloravic
1508 1539 1606 1559 nomen
1631 1526 1751 1558 retineri:

125 1588 221 1613 genus,
238 1585 451 1606 consentaneum
474 1579 591 1606 fortuna:
612 1580 718 1611 subitae,
732 1579 902 1613 nimiumque

125 1625 285 1658 blandienti,
311 1633 361 1653 suo
391 1625 451 1652 loco
479 1626 608 1660 deinceps
627 1626 900 1658 commemorabitur,

125 1680 239 1698 numero
266 1676 390 1698 notarum
414 1672 475 1699 156.
502 1672 580 1699 Nunc
603 1672 745 1700 diversitas
760 1671 902 1699 iudicanda

123 1717 306 1752 ccgnomiuis,
330 1723 357 1745 ct
381 1727 476 1745 verum
509 1727 661 1753 cognomen
696 1719 902 1745 ostendendum.

124 1764 247 1791 Diximus
262 1773 322 1791 eum
345 1772 360 1791 a
385 1764 560 1800 Spandugino
587 1766 677 1792 vocari
697 1765 783 1798 Bidic,
797 1771 823 1792 et
840 1766 904 1793 alibi

123 1809 230 1843 Vidicb,
247 1818 261 1837 a
279 1812 427 1838 Secretario
454 1811 600 1838 Malatestae
628 1812 789 1839 Ghendich:
820 1821 903 1847 quam

123 1856 287 1889 scripturam
314 1855 457 1883 Geul‘raaus
491 1857 599 1884 retinet.
624 1856 747 1884 Nominis
765 1857 905 1884 notionem

124 1902 229 1935 priores
242 1901 296 1935 duo
309 1909 375 1935 pene
391 1907 492 1929 rectam
508 1903 655 1938 attingunt,
669 1911 731 1930 cum
753 1903 790 1930 ita
814 1903 901 1930 fuisse

125 1951 249 1974 \‘ocatum
268 1947 303 1974 ab
326 1948 429 1975 amisso
449 1948 529 1975 dcnte
553 1948 695 1976 referunt:
721 1948 865 1976 Geul‘ra-us
882 1949 907 1975 iu

123 1991 295 2026 expositione
307 1993 379 2019 vocis
387 1993 505 2025 fallitur,
530 2000 592 2020 cum
606 1994 645 2020 sic
658 1994 696 2020 ait
724 1993 810 2028 ipsum
823 2002 836 2020 a
851 2003 908 2020 ma-

123 2046 179 2071 puo
194 2039 275 2065 dente
299 2039 481 2065 nominatum.
507 2038 647 2073 Scriptura
672 2039 725 2066 hoc
748 2041 829 2067 modo
847 2048 909 2066 lllll-

124 2086 213 2118 tando,
243 2090 271 2112 ut
295 2085 365 2120 apud
383 2085 586 2120 Spauduginum
602 2094 650 2120 pro
665 2086 738 2114 Bidic
754 2091 781 2113 et
813 2086 910 2113 νημαι.

121 2129 228 2165 legatur
253 2129 329 2157 Gidic
361 2139 367 2158 :
398 2131 467 2165 apud
493 2132 612 2165 reliquos
644 2132 712 2159 duos
749 2140 797 2166 pro
823 2131 912 2158 (itu-n—

121 2177 185 2203 dicb
217 2176 320 2204 Gedic:
348 2178 419 2211 quod
453 2177 522 2204 idem
549 2183 591 2204 est
610 2186 671 2205 cum
698 2178 808 2205 Geduc.
838 2177 912 2204 Feri-

953 1584 1006 1603 non
1022 1576 1190 1604 Schitnizam
1209 1585 1270 1604 cum
1296 1578 1404 1605 Morava
1424 1577 1568 1609 confundi,
1581 1578 1613 1604 de
1637 1585 1691 1612 quo
1708 1585 1753 1604 stl-

954 1622 1045 1656 perius
1062 1627 1163 1653 actum,
1180 1623 1268 1656 capite
1286 1622 1348 1650 124.
1361 1623 1428 1650 Cum
1447 1622 1544 1649 deinde
1558 1629 1638 1649 muro
1654 1629 1751 1649 novant

954 1675 1043 1695 arcem
1058 1667 1176 1695 cinxisse
1202 1667 1302 1695 dicitur
1317 1688 1325 1701 ,
1348 1668 1555 1702 intelligendum
1583 1668 1646 1695 illud
1671 1667 1753 1695 Geni-

955 1715 1085 1747 saraium,
1104 1715 1129 1742 in
1151 1715 1225 1742 urbis
1240 1715 1362 1742 orientali
1378 1715 1478 1750 angulo
1489 1715 1639 1746 conditum,
1649 1715 1682 1742 de
1699 1718 1753 1749 quo

956 1761 1036 1796 paulo
1050 1765 1122 1790 ante.
1145 1768 1259 1788 tuunero
1285 1760 1345 1788 159.
1373 1760 1508 1788 Praeterea
1539 1768 1637 1788 nomen
1665 1761 1753 1788 Solei-

957 1807 1044 1834 manis
1061 1805 1199 1833 Romanis:
1216 1806 1379 1840 beglcrbegi,
1395 1807 1468 1841 quod
1482 1807 1574 1833 statim
1591 1807 1750 1840 subjicitur-

958 1852 1099 1879 Bonlinius
1118 1852 1264 1886 ignoravit,
1280 1851 1408 1878 Basseum
1429 1852 1509 1878 modo
1527 1859 1640 1878 vocans.

1014 1899 1076 1926 150.
1097 1898 1213 1933 Insignis
1233 1898 1378 1925 Turcorum
1400 1898 1488 1924 clade:
1504 1899 1532 1925 in
1549 1897 1680 1933 Ungariu.

996 1945 1136 1973 Bonﬁnius
1163 1953 1246 1971 umim
1273 1945 1324 1972 hac
1348 1945 1520 1979 expeditione
1535 1944 1749 1971 'l‘urcoiumdu-

961 2000 1018 2019 cem
1037 1990 1185 2027 nominavit
1201 1990 1378 2016 llalibcchum
1394 2010 1401 2020 ,
1416 1989 1462 2023 qui
1480 1989 1626 2015 annalibus
1643 1994 1683 2016 cst
1709 1989 1750 2016 Ali

962 2039 1012 2072 beg
1031 2037 1183 2070 Michalogli
1197 2045 1204 2063 :
1221 2037 1254 2063 de
1269 2036 1380 2070 reliquis
1394 2036 1503 2066 duobus
1515 2055 1522 2067 ,
1538 2034 1578 2061 lsa
1595 2035 1662 2069 bego
1678 2035 1750 2061 Cbu-

963 2082 1077 2117 seinogli
1090 2104 1096 2114 ,
1112 2087 1138 2109 et
1153 2081 1210 2108 Bali
1227 2082 1294 2116 bcgo
1309 2081 1477 2116 Malcozogli,
1495 2081 1563 2108 nihil
1580 2086 1748 2114 comperth

965 2130 1068 2157 habuit.
1084 2129 1236 2156 Turcorum
1252 2129 1401 2155 exercitum
1423 2128 1564 2162 sexaginta
1581 2127 1664 2154 millia
1678 2127 1752 2153 acsti-

965 2180 1031 2203 mat.
1051 2176 1219 2210 Ungarorum
1236 2175 1319 2201 duces
1341 2176 1417 2202 luerc
1442 2174 1598 2209 Stephanus
1614 2175 1750 2209 Batorius,

121 2224 207 2250 tiores
240 2222 364 2249 Arabica:
395 2223 491 2256 lingua:
517 2221 607 2250 Guluc
641 2224 786 2250 emmtiuut
816 2232 862 2257 per
881 2223 898 2248 ν
919 2221 940 2247 D
955 2223 1073 2249 Vaivoda
1091 2221 1367 2252 Transsilvauieusis,
1388 2226 1414 2248 et
1439 2221 1540 2248 Paulus
1554 2221 1687 2252 Kinisius,
1705 2228 1752 2246 (ευ-

121 2268 268 2301 Gallicum,
283 2269 353 2303 quod
368 2277 464 2304 parum
482 2269 557 2296 abest
578 2277 592 2295 τι
608 2269 686 2297 Gidic
699 2271 755 2296 sive
769 2270 846 2297 (illic.
863 2269 906 2295 Si-

120 2315 232 2349 gniﬁcat
248 2319 336 2341 autem
364 2314 524 2342 vocabulum
555 2315 607 2342 hoc
640 2320 765 2342 truncum
792 2315 907 2349 alicujus

118 2361 159 2388 rei
178 2361 279 2394 fracta),
306 2360 338 2388 de
357 2368 413 2396 quo
437 2361 673 2391 auimmlvcrtitur.
690 2361 741 2388 hoc
764 2361 787 2388 ci
815 2361 906 2388 datum

121 2407 206 2434 fuisse
220 2415 368 2442 cognomen
386 2415 399 2433 a
419 2412 516 2434 trunco
535 2408 636 2440 dentis,
650 2409 695 2443 qui
713 2409 806 2435 adhuc
821 2409 846 2434 in
863 2416 909 2435 oro

120 2453 227 2480 scilicet
246 2452 369 2486 reliquus
384 2452 508 2479 hau-cret.

205 2498 265 2526 MS.
289 2498 364 2526 Mure
381 2499 504 2534 Nigrum,
521 2505 545 2526 et
560 2500 635 2526 Mare
651 2500 738 2534 majus
757 2499 830 2534 Core.

155 2543 258 2572 Pontus
274 2544 336 2570 olim
355 2544 457 2571 dictum
479 2545 603 2571 Euxinus
621 2545 661 2572 vel
688 2546 847 2580 hospitalis,
864 2554 911 2580 per

117 2589 288 2617 contrarium
318 2597 438 2621 sensum,
463 2591 537 2617 velut
552 2590 661 2618 Axenus
677 2596 704 2618 ct
723 2592 910 2625 inhospitalis,

117 2642 218 2662 nunca
230 2635 328 2662 Turcis
349 2635 509 2663 Caradenizi
528 2642 652 2669 vocatur,
671 2645 685 2663 a
703 2637 804 2664 Grmcis
820 2638 910 2665 lilaura

117 2681 249 2712 thalassa.
269 2681 339 2708 idem
353 2686 468 2715 utroque
485 2684 594 2710 nomine
612 2683 798 2718 signiﬁcante.
817 2684 912 2710 videli-

119 2731 164 2752 cet
180 2733 253 2752 mare
282 2725 404 2760 Nigrum.
420 2725 492 2754 Usus
524 2733 566 2753 est
597 2727 647 2754 hac
664 2729 846 2761 appellationis
860 2728 910 2755 Da-

120 2777 269 2797 masrenus
290 2769 412 2798 Studites
425 2772 451 2798 in
467 2773 597 2799 thesauro
612 2774 775 2800 contionum
789 2782 911 2810 suarum,

119 2815 223 2849 scripto
245 2816 336 2851 lingua
362 2817 454 2844 Grzcca
475 2819 590 2852 vulgari.
612 2818 717 2846 Nomen
742 2820 794 2847 hoc
809 2821 834 2847 ei
863 2821 911 2848 da-

119 2868 179 2894 ‘nm
200 2861 353 2896 perhibent,
382 2870 434 2889 non
453 2863 523 2898 quod
557 2871 642 2899 aquas
675 2865 773 2893 habeat
804 2867 908 2900 nigras,

961 2278 1018 2297 mes
1033 2268 1273 2296 Temesvarensis.
1289 2268 1440 2295 Numerum
1459 2275 1591 2295 caesorum
1609 2267 1749 2294 Bonl'inius

961 2316 1030 2342 idem
1050 2316 1075 2341 in
1095 2316 1197 2342 litteras
1213 2315 1304 2341 retulit
1320 2333 1327 2345 ,
1355 2313 1509 2341 Turcorum
1541 2313 1650 2348 triginta
1669 2313 1751 2340 millia

961 2361 1103 2387 duntaxat.
1120 2361 1228 2387 Aunuui
1247 2367 1354 2394 quoque
1369 2359 1460 2393 posuit
1478 2358 1554 2386 “80.
1572 2358 1649 2386 Unde
1667 2359 1752 2385 corri'

962 2405 1040 2441 geruli
1065 2409 1151 2439 capta:
1167 2405 1302 2438 superiori
1323 2412 1395 2430 antro
1433 2403 1542 2431 Scodra:
1559 2404 1663 2431 numeri
1679 2405 1750 2441 apud

962 2439 1138 2479 secretarium
1169 2451 1326 2483 Iilalalcstae,
1356 2458 1458 2485 proque
1487 2450 1568 2480 M77.
1600 2439 1751 2485 reponentii

964 2498 1039 2524 1479.

977 2555 1036 2581 151.
1053 2553 1159 2581 Rhodus
1179 2564 1194 2580 η
1210 2555 1299 2582 Turcis
1317 2555 1428 2589 primum
1448 2555 1591 2581 obsidetur.
1602 2555 1734 2583 Antadeus

1081 2595 1249 2624 cognomento
1275 2590 1369 2617 Viridis
1380 2609 1387 2622 ,
1403 2599 1486 2617 comes
1499 2590 1653 2618 Sabandiw.

1002 2634 1193 2669 Srpcnuulcro
1209 2635 1318 2669 quidem
1338 2640 1439 2662 tentata
1455 2635 1544 2662 fuerat
1561 2635 1702 2666 hactenus,
1722 2639 1750 2661 ct

965 2682 1076 2708 obsessa
1091 2680 1204 2707 Rhodus
1217 2689 1232 2707 a
1247 2681 1405 2712 Saracenis.
1419 2681 1499 2707 etiam
1517 2680 1551 2708 ab
1567 2680 1612 2707 illo
1629 2685 1751 2713 tempore

966 2736 1020 2763 quo
1036 2729 1070 2755 ab
1094 2727 1233 2761 equitibus
1263 2727 1516 2762 llicrosolymitanis
1531 2727 1622 2754 Sancti
1635 2725 1751 2753 Joannis

967 2775 1095 2809 Baptista:
1119 2773 1239 2805 (Fr-crios
1260 2773 1351 2800 vocari
1377 2773 1473 2800 scribit
1497 2772 1617 2803 Nicetas,
1647 2772 1751 2800 Gallica

967 2822 1095 2849 niinirum
1111 2828 1179 2848 voce
1210 2820 1379 2855 signiﬁcante
1398 2820 1495 2846 fratres
1510 2819 1519 2855 )
1537 2819 1726 2854 possidebatur
1740 2827 1749 2845 :

967 2873 993 2896 ct
1026 2873 1088 2895 autc
1115 2868 1185 2895 hanc
1212 2867 1354 2895 obsidione
1369 2867 1491 2899 proxima
1508 2865 1667 2893 liberaverat
1687 2873 1751 2892 cana
