1963 3067
216 145 267 177 831

815 152 986 189 JOANNIS,
998 153 1237 184 LEUNCLAVII

1789 149 1841 180 83?.

214 210 308 230 comes
334 203 476 232 Sabaudus
502 205 651 238 Amadeus,
681 213 862 240 cognomento
891 209 1001 242 Viridis,
1019 212 1039 239 Α
1054 209 1117 236 dico
1132 209 1276 237 cbaritatis
1292 208 1469 241 Christianae,
1485 214 1544 242 qua:
1559 205 1662 233 frustra
1674 205 1701 232 lu
1717 205 1757 232 eis
1771 211 1844 238 qua?

216 250 363 277 immortali
395 260 456 278 cum
485 252 564 280 laude
592 253 632 280 sui
664 254 792 282 nominis.
806 255 921 289 Ideoque
937 265 998 283 cum

217 297 278 324 alba
304 305 383 324 cruce
398 319 405 329 ,
423 299 448 324 in
463 306 558 332 campo
570 301 654 326 rubro
669 301 767 333 defixa,
781 310 841 337 quae
853 303 939 338 ipsius
953 312 1000 331 or-

216 343 287 370 diuis
302 344 421 377 equitum
435 345 602 372 Rhodiorqu
623 347 737 379 insignia
755 355 828 380 sttnt,
840 355 998 384 perpetuum

216 397 246 414 ea
262 389 362 416 familia
387 391 540 424 symbolum
567 390 656 419 FHRT
673 394 753 427 huius
771 395 881 423 Amadei
900 397 1001 423 virtute

216 435 379 465 promeruit.
395 435 460 462 Nam
474 445 512 463 ezc
528 437 626 464 liuor:
642 439 902 474 plcniusexpliratm
918 441 1002 476 signi-

216 481 306 511 licaut.
331 480 471 509 Fortitudo
496 484 556 518 ejus
575 484 694 511 Rhodum
723 485 825 514 Tenuit.
851 487 903 514 Sed
920 488 1001 514 Turci

217 528 282 553 nihil
300 529 332 554 ad
353 529 405 555 hec
427 538 514 564 nsque
533 537 640 563 tempus
663 532 690 558 iu
708 540 767 559 eam
786 533 876 560 moliri
895 532 1004 561 fuerant

215 573 286 604 ausi,
303 574 366 601 licet
380 576 451 602 Asiae
465 576 583 610 quietam
600 585 684 611 prope
700 579 902 611 possessionem
920 580 1004 606 inter-

215 619 320 647 turbari
342 621 377 648 ab
399 622 539 656 equitibus
559 623 613 651 illis
638 623 753 652 Rhodiis
784 625 928 659 argerrime
948 626 1003 652 fer-

214 670 292 691 rent.
321 665 400 694 Nunc
426 668 535 695 tandem
568 668 692 696 Rhodum
723 670 799 705 jussu
825 670 1004 698 Muchemetis

214 719 359 746 aggressus
376 718 417 741 est
433 714 543 742 Mesitos
560 716 633 743 vesir
655 717 746 750 bassa,
760 723 841 752 gente
854 718 1004 753 Palaeologa

215 763 306 786 natus.
334 758 399 786 Erat
425 764 491 788 tunc
519 763 647 796 princeps
671 763 787 795 ordinis,
817 772 896 799 quem
919 764 1006 791 Grrnci

212 802 336 836 Megalon
355 805 474 834 Mastora
491 809 635 840 vocabant,
652 809 737 836 nostri
755 817 882 844 magnum
905 811 1007 846 magis-

213 856 295 881 trum.
325 852 423 880 Petrus
451 853 646 886 Albussonius,
679 856 789 884 natione
819 858 934 891 Gallus,
960 857 1007 894 qui

212 902 305 930 postea
322 898 470 927 cardinalis
487 899 617 929 Ecclesia;
634 903 765 931 Romana:
790 911 900 933 creatus
920 905 1003 933 fuisse

213 944 344 971 traditur.
361 945 385 972 Is
398 952 452 972 tam
466 946 576 974 fortiter
595 948 646 976 hac
661 950 806 978 obsidione
822 959 883 978 cum
902 952 959 979 suis
974 959 1004 979 se

212 991 307 1025 gessit,
323 996 351 1019 ut
369 999 422 1019 non
439 993 527 1020 solutn
543 994 640 1022 iul‘crta
655 1003 695 1027 re,
712 1004 807 1024 verum
824 999 906 1024 etiam
924 999 1003 1025 dam-

212 1038 256 1064 nis
285 1039 405 1072 acceptis
433 1040 615 1073 gravissimis,
646 1041 708 1068 inde
734 1043 877 1070 discedere
895 1043 1003 1073 Mesites

213 1088 366 1118 cogeretur.
391 1084 496 1119 Quippe
521 1095 573 1112 uuu
600 1089 733 1115 revocatis
752 1089 784 1116 ad
801 1090 937 1117 calculum
956 1092 1003 1118 Ile-

214 1129 350 1158 Irimrntis
367 1132 474 1159 caeteris
485 1153 491 1164 ,
509 1140 577 1159 caesa
592 1134 696 1167 periere
713 1134 865 1162 Tur-corum
893 1137 1002 1172 triginta

211 1176 307 1207 millia.
336 1182 364 1204 ut
394 1179 506 1214 quidam
520 1180 607 1213 aiunt,
631 1181 757 1208 Geufrmo
776 1181 854 1218 longe
870 1184 1002 1211 tuiuorcut

211 1227 329 1254 ponente
345 1230 501 1250 numerum.

211 1278 273 1305 152.
294 1278 437 1307 Olrantum
454 1291 469 1308 α
486 1281 576 1309 Turris
591 1290 707 1317 rapiunt,
722 1290 746 1311 et
761 1294 776 1312 α
789 1285 948 1316 Christianis
964 1297 1004 1315 re-

536 1324 647 1352 replum.

246 1360 392 1388 Otrantum
409 1363 507 1391 Turcis
523 1370 549 1391 et
567 1365 640 1393 Italis
655 1366 757 1394 dicitur
773 1375 896 1396 extremo
912 1370 938 1397 in
956 1379 1004 1397 an-

212 1407 274 1439 gulo
298 1408 403 1440 Apuliae
429 1409 481 1435 sita
506 1411 613 1440 civitas.
644 1420 658 1438 e
690 1413 800 1447 regione
824 1414 948 1443 Albaniaa
963 1417 1003 1444 vel

213 1450 304 1483 Epiri:
318 1452 397 1487 cujus
417 1455 451 1481 ab
465 1456 565 1489 oppido
582 1455 682 1484 Vclona
701 1459 759 1486 sive
787 1457 899 1494 Valoua,
914 1470 1001 1495 quon-

213 1498 273 1524 dam
289 1498 422 1533 Aulonia,
441 1502 578 1535 sexaginta
611 1503 743 1532 duntaxat
774 1505 917 1542 iuterjecto
936 1508 1002 1536 mari

214 1544 378 1572 tuiIIiaribus
406 1546 508 1574 Graecis
537 1548 631 1576 distat.
658 1549 809 1585 Imperator
827 1553 882 1580 Leo
899 1561 1002 1581 metro-

212 1590 297 1623 polim’
308 1590 384 1623 facit,
401 1596 427 1618 et
452 1591 620 1628 Hydruutcm
636 1600 733 1629 vocat,
746 1597 818 1624 unde
844 1605 1002 1634 corruptum

213 1643 311 1664 nornen
352 1638 470 1667 Olrauti.
502 1638 592 1668 Li-oue
619 1642 729 1676 quidem
755 1651 886 1679 regnante
901 1653 964 1680 pars
979 1655 1007 1678 υι

214 1683 309 1710 isthaac
335 1683 427 1717 Italia),
451 1693 514 1713 cum
540 1687 676 1721 Calabria,
710 1680 866 1724 liyzautiuo‘
894 1693 1006 1726 parebat

213 1729 390 1763 imperatori:
406 1732 446 1758 sic
463 1736 489 1759 et
503 1734 667 1768 metropoles
683 1735 774 1762 Roma:
789 1737 872 1764 Nova:
889 1738 1005 1772 patriar-

213 1777 303 1810 rltam,
329 1786 382 1805 non
405 1779 508 1807 veteris
537 1788 633 1815 papam
647 1784 844 1816 agnoscebant.
865 1783 939 1812 Inter
952 1785 1004 1813 alia

214 1826 274 1855 post
294 1828 402 1857 captam
428 1823 597 1859 llydruutem
614 1835 627 1853 a
644 1827 773 1855 Barbaris
792 1830 863 1856 edita
883 1832 1003 1858 crudeli-

216 1869 280 1896 tatis
299 1871 436 1905 exempla,
459 1872 578 1900 refertur
591 1878 617 1900 et
630 1873 707 1908 illud,
730 1877 802 1909 quod
825 1877 899 1904 urbis
914 1878 1004 1904 art-bi-

212 1917 371 1951 episcopum
388 1919 420 1944 ad
439 1925 514 1946 aram
535 1927 612 1947 serra
629 1921 821 1949 dissecueriut.
835 1922 890 1950 Nos
904 1932 919 1951 e
936 1924 1004 1952 Cor-

213 1971 276 1998 cyra
303 1963 459 1998 solventes,
481 1965 672 1994 deficientibus
694 1967 799 1995 idoneis
821 1971 928 2003 ventis,
957 1970 1002 1998 bic

213 2010 362 2037 subsistere
392 2011 480 2038 coacti
512 2012 626 2044 fuimus,
647 2014 674 2040 in
699 2021 752 2040 non
766 2014 874 2049 exiguo,
890 2022 1003 2051 propter

212 2057 346 2085 immanes
376 2058 479 2093 piratas
493 2058 635 2092 Turcicos,
662 2060 818 2088 discriminc
834 2063 975 2089 constituti
992 2074 999 2095 ,'

214 2104 259 2137 qui
278 2104 313 2131 ob
343 2104 515 2132 interfectam
543 2114 605 2132 cum
638 2106 740 2133 familia
772 2115 824 2134 non
843 2108 879 2135 ita
898 2110 1000 2136 dudum

213 2151 382 2178 Iiamadauis
398 2152 484 2179 hassa‘.
499 2152 661 2186 Tripolitani
678 2154 832 2188 cOnjngeut,
850 2160 879 2182 ιιι
894 2156 919 2181 in
936 2164 1001 2189 sup-

213 2197 350 2232 plemento
365 2198 510 2225 Annalium
528 2199 710 2231 narravimus,
722 2199 879 2227 ittchtictos
895 2202 1001 2229 rabioae

1019 895 1040 922 Β

1018 1573 1040 1602 C

1055 255 1136 287 ritur,
1164 255 1210 283 sed
1239 254 1418 281 humanitatis
1445 260 1556 280 sensum
1579 251 1724 283 videmus.
1742 251 1776 278 de
1794 251 1846 278 hac

1054 302 1108 328 vita
1125 309 1205 335 quam
1223 301 1380 327 diutissime
1397 299 1588 327 conservanda
1616 298 1762 330 sollicitos,
1781 305 1846 324 cunt

1054 352 1182 374 aeternam
1210 352 1236 374 et
1258 347 1394 374 caelestem
1411 345 1512 373 nttllam
1527 348 1697 379 exspectent.
1719 343 1846 379 Hydrun-

1055 397 1109 419 tem
1127 400 1141 418 a
1161 397 1248 420 morte
1269 392 1447 419 Mucltemetis
1462 412 1469 423 ,
1489 399 1573 426 quum
1596 391 1731 424 Bajasites
1758 389 1845 423 patris

1057 438 1083 465 in
1098 439 1371 473 imperiosucccssor,
1398 437 1467 465 bello
1491 441 1585 464 contra
1610 436 1719 463 Zemem
1731 435 1844 462 fratrem

1057 484 1222 519 implicatus,
1249 485 1406 512 Acluuetetn
1437 484 1575 512 Geducem
1606 483 1716 510 bassam
1748 482 1783 513 ad,
1815 489 1846 509 se

1057 531 1264 565 anuoptoxiiuo
1279 531 1362 566 (sicut
1389 531 1416 558 in
1441 529 1592 557 Annalibus
1613 529 1695 564 paulo
1722 532 1783 563 post
1801 535 1845 554 se-

1058 577 1162 611 quitur)
1190 581 1346 604 revoeassct
1368 585 1375 609 ;
1401 576 1574 611 Neapolitani
1601 583 1677 610 reges
1701 574 1845 601 obsessam

1058 627 1085 650 et
1114 628 1296 658 expugnatam
1336 627 1543 657 recuperarunt,
1573 623 1608 649 ab
1638 622 1748 657 Ungaro
1782 631 1846 657 rege

1058 669 1170 696 Mattliia
1189 670 1275 705 copiis
1299 669 1480 697 auxiliaribus
1497 669 1758 706 impetratiszﬁss
1783 678 1846 705 quae

1060 717 1157 752 pugnis
1167 717 1298 745 adversus
1309 717 1412 744 vicinos
1422 716 1528 744 Turcos
1543 717 1662 744 adsuele
1676 717 1842 751 prtccipuaut

1061 763 1112 789 hoc
1129 763 1216 793 bello.
1233 762 1396 797 superandis
1420 762 1549 790 Barbaris
1567 783 1574 796 ,
1591 770 1702 797 operam
1728 769 1844 790 navasse

1062 809 1253 844 pratdicautur.

1063 869 1123 897 I55.
1137 870 1210 897 Mors
1222 871 1320 898 sullani
1333 871 1500 898 Mur/temeti:
1510 871 1549 898 II.
1560 870 1740 906 TeggiurZair
1750 869 1846 905 Clyzo—

1301 915 1374 933 mene
1384 927 1391 938 ,
1415 906 1599 941 Nympharum.

1090 950 1240 978 Commode
1256 960 1329 980 mors
1355 952 1470 979 consilia
1491 951 1842 984 Mucltemctisinterrupit.

1056 996 1143 1024 futura
1180 997 1333 1031 reipublicae
1364 997 1527 1025 Christiana:
1565 997 1732 1032 perniciosa.
1772 995 1842 1023 Nam

1054 1043 1168 1070 Otranto
1182 1048 1269 1078 capta,
1289 1051 1483 1079 progressurus
1498 1049 1557 1071 erat
1574 1043 1646 1070 haud
1664 1043 1745 1070 dubie
1758 1052 1765 1069 :
1776 1051 1844 1077 przv-

1055 1089 1148 1116 sertim
1175 1097 1235 1117 cum
1263 1089 1348 1117 Roma
1375 1089 1449 1118 Nora
1467 1090 1580 1124 potitus,
1605 1090 1687 1117 etiam
1709 1090 1742 1116 de
1758 1089 1844 1115 Roma

1055 1135 1140 1162 veleri
1156 1135 1326 1171 subjicienda
1344 1141 1475 1171 perpcttto
1490 1137 1582 1164 nescio
1599 1136 1663 1171 qttid
1681 1136 1843 1163 soumiarel.

1055 1181 1082 1208 In
1097 1182 1190 1210 Asiam
1213 1182 1398 1210 transmisisse
1414 1191 1474 1210 cum
1490 1183 1610 1210 exercitu
1631 1183 1748 1213 dicitur,
1770 1183 1845 1208 iuva-

1055 1237 1135 1256 surus
1149 1229 1257 1265 {Egypti
1275 1229 1426 1261 sultanum,
1443 1234 1498 1256 tum
1512 1229 1585 1264 quod
1600 1229 1702 1263 legatos
1718 1236 1793 1259 suos,
1809 1228 1844 1254 ab

1055 1274 1260 1303 Usumcbasane
1272 1275 1414 1303 Persarum
1429 1284 1491 1311 rege
1503 1284 1564 1304 cmn
1579 1276 1737 1302 muneribus
1750 1282 1841 1301 rever-

1055 1327 1153 1352 tentes.
1171 1323 1308 1349 violasset:
1327 1328 1381 1349 lum
1402 1323 1485 1349 etiam
1497 1343 1504 1355 ,
1522 1323 1593 1358 quod
1613 1323 1763 1357 pedanrum
1782 1330 1845 1349 vec-

1055 1368 1119 1402 tigal
1144 1376 1159 1394 a
1183 1367 1292 1400 Turcis,
1319 1368 1453 1401 Mccltien,
1480 1376 1527 1403 por
1553 1369 1659 1402 imperii
1688 1371 1730 1395 sui
1756 1369 1846 1401 fines,

1054 1414 1194 1448 religionis
1210 1423 1274 1448 ergo
1300 1415 1548 1449 proficiscentibus,
1575 1415 1706 1450 exigeret.
1736 1414 1846 1441 Evstin-

1055 1467 1127 1487 etum
1145 1461 1226 1487 tradit
1243 1461 1381 1488 lioufinius
1394 1469 1465 1487 anno
1482 1461 1639 1488 Christiano
1656 1460 1734 1492 1481,
1765 1461 1847 1494 quin-

1056 1506 1188 1533 toNouas
1215 1506 1308 1534 Maias.
1333 1507 1443 1533 Addunt
1470 1507 1600 1538 Annales.
1627 1507 1654 1533 iu
1682 1505 1846 1541 Tcggiurum

1056 1558 1133 1583 prato
1160 1558 1307 1580 mortuum.
1334 1552 1389 1580 I'Ioc
1406 1553 1458 1581 loci
1483 1561 1582 1580 nomen
1608 1552 1706 1580 Turcis
1729 1552 1848 1587 Teggiur

1062 1599 1124 1626 Zair
1138 1599 1258 1627 effertur.
1274 1599 1306 1627 Et
1321 1601 1442 1635 exposita
1460 1600 1584 1635 superius
1610 1604 1651 1626 est
1665 1607 1748 1626 eausa
1759 1619 1767 1632 ,
1795 1606 1847 1626 nu-

1061 1654 1136 1674 mcro
1159 1653 1283 1674 notarum
1312 1647 1356 1680 56,
1377 1647 1554 1681 quamobrem
1580 1646 1661 1675 Turci
1688 1646 1845 1673 Grrecorum

1061 1693 1238 1726 imperatores
1265 1693 1466 1721 nominaverint
1491 1694 1648 1728 Teggiures.
1676 1692 1847 1720 Secretariul

1059 1738 1205 1766 Malateslaa
1223 1738 1315 1771 refert,
1332 1739 1528 1767 Mucltemetem
1542 1747 1602 1766 cum
1617 1739 1738 1767 exercitu
1754 1744 1848 1766 trans-

1056 1786 1155 1820 jrcisse
1183 1786 1351 1816 Scutarium,
1369 1785 1484 1821 indeque
1499 1785 1651 1820 profectum
1676 1786 1709 1812 ad
1728 1786 1848 1812 Chisiri-

1058 1832 1137 1862 cltcn,
1152 1830 1230 1864 cujus
1253 1831 1378 1865 planities
1395 1831 1429 1858 ab
1446 1839 1498 1858 una
1514 1836 1591 1866 parte
1611 1831 1644 1859 ad
1665 1838 1740 1858 mare
1761 1831 1849 1865 perti-

1058 1881 1136 1907 neat,
1153 1877 1179 1903 in
1200 1876 1324 1903 morbum
1338 1876 1478 1903 incidisse.
1504 1875 1610 1908 Quibus
1636 1876 1664 1902 in
1682 1873 1773 1901 verbis
1797 1881 1848 1908 pro

1056 1923 1212 1950 Cltisiriclte
1227 1923 1344 1957 putarim
1359 1922 1485 1956 equidem
1501 1921 1575 1948 aliud
1594 1929 1695 1948 nomen
1712 1928 1830 1954 reponcn
1841 1933 1849 1940 -

1056 1971 1131 2002 dum,
1146 1970 1267 2004 adeoque
1283 1969 1409 1996 Gciviseu
1424 1968 1508 1999 illam,
1522 1968 1556 1995 de
1576 1975 1629 2002 qua
1645 1967 1746 1995 dictum
1758 1967 1849 2002 capite

1056 2022 1181 2044 notarum
1197 2017 1242 2044 74.
1263 2015 1369 2050 Quippe
1386 2015 1507 2042 fatentur
1524 2022 1621 2042 omnes
1636 2014 1769 2043 historici.
1787 2013 1849 2040 Mu-

1055 2064 1208 2090 cliemelem
1243 2063 1294 2090 iter
1317 2063 1368 2090 hoc
1386 2061 1574 2089 Nicomediam
1590 2069 1685 2088 versus
1700 2061 1848 2088 ‘tcnuissn:

1055 2118 1138 2144 aqua
1165 2118 1219 2137 non
1248 2110 1328 2145 longe
1356 2118 1418 2137 cum
1450 2110 1569 2141 abesset.
1599 2114 1725 2136 tuortuus
1753 2109 1845 2135 fuerit.

1054 2155 1180 2183 Notatutn
1200 2164 1264 2183 vero
1289 2164 1384 2191 supra,
1409 2155 1537 2183 Geivisen
1566 2155 1646 2182 unius
1672 2155 1769 2182 itinere
1791 2155 1847 2182 dici

1055 2212 1108 2231 non
1126 2211 1222 2238 magno
1238 2203 1362 2231 dissitaut
1384 2211 1398 2230 a
1412 2202 1582 2230 Nicomedia.
1598 2203 1703 2230 Dictum
1723 2203 1822 2230 ibidem
1838 2224 1847 2235 ,

212 2244 422 2279 grassabantur.
441 2243 496 2271 Nec
525 2244 663 2280 Hispanus
689 2247 856 2280 gubernator
874 2246 1000 2282 Ilydruu-
1016 2257 1039 2287 ε)
1054 2248 1136 2276 maris
1160 2250 1222 2276 istic
1248 2257 1308 2276 esse
1324 2248 1415 2276 sinum
1427 2270 1434 2281 ,
1454 2257 1534 2284 quem
1552 2253 1657 2276 veteres
1681 2249 1848 2276 Astaceuum

213 2292 288 2318 tinus
305 2289 405 2317 minori
428 2297 495 2317 usus
512 2294 553 2317 est
575 2298 637 2325 erga
662 2299 712 2318 nos
737 2291 871 2323 barbarie.
892 2293 936 2326 qui
953 2300 1002 2327 per

213 2336 372 2363 naut-lcrum
388 2343 449 2363 cum
465 2336 587 2371 periculo
605 2336 760 2371 ablegatum
775 2338 933 2370 rogantibus
947 2359 954 2371 ,
972 2344 1002 2366 ut

211 2382 352 2417 aliquanto
372 2383 484 2418 propius
499 2382 532 2410 ad
549 2389 657 2417 portum
673 2383 822 2410 accedendi
839 2389 1001 2418 potestatem

212 2429 334 2457 faceret:
348 2437 402 2464 quo
421 2434 515 2464 portus
529 2434 557 2456 et
571 2430 647 2456 urbis
663 2429 750 2456 vicina
767 2430 884 2457 tutiores
899 2439 912 2457 a
931 2432 1003 2465 pira-

211 2481 301 2503 tarum
334 2475 442 2510 injuriis
469 2483 606 2507 cssemus,
635 2483 691 2502 non
717 2476 807 2502 solum
825 2476 850 2503 id
870 2483 1002 2512 ucgavrt:

210 2529 305 2548 verum
321 2522 403 2548 etiam
423 2521 580 2548 dettuutiari
593 2521 686 2554 jussit,
703 2529 733 2549 se
749 2530 799 2549 nos
814 2522 888 2549 omni
905 2530 1003 2557 gelu-re

212 2573 412 2595 tormentorum
431 2568 589 2595 bellicoruut
604 2576 638 2595 ex
653 2575 726 2599 arce,
741 2569 763 2596 si
788 2570 901 2604 propius
926 2578 1006 2598 acce—

214 2615 352 2645 deremus,
379 2618 569 2654 excepturum.
594 2613 622 2641 Id
651 2614 731 2641 ﬁebat
758 2619 917 2650 propterea,
933 2620 1005 2651 quod

213 2660 449 2694 Constantinopoli
477 2660 645 2694 veniremus,
681 2662 724 2688 ubi
748 2662 884 2697 superiori
899 2668 1005 2701 testate,

214 2707 297 2734 \‘Cluli
316 2707 397 2741 paulo
410 2711 473 2734 ante
489 2707 602 2739 dictum,
616 2707 778 2742 gravissime
790 2709 902 2736 morbus
920 2710 1006 2744 pesti-

213 2753 273 2779 lens
287 2751 431 2779 saevierat.
449 2751 574 2786 Amplius
596 2757 686 2779 tatucn
714 2754 836 2787 quinque
853 2755 1005 2782 mensibus.

213 2804 276 2826 ante
300 2803 424 2826 nostrutu
442 2798 610 2832 discessum,
628 2807 660 2826 ea
677 2800 796 2833 grassari
815 2800 953 2832 desierat;
975 2808 1008 2828 ac

213 2853 263 2872 nos
280 2850 378 2879 quarto
389 2845 444 2878 jam
459 2853 552 2873 mcnsc
567 2852 581 2871 a
595 2845 834 2880 Constantinopoli
847 2846 1006 2873 abcramus.

214 2890 252 2918 Ita
273 2890 402 2919 nimirum
427 2897 528 2919 exuere
551 2889 683 2925 quas-Iam
709 2889 811 2918 belluas
828 2897 936 2918 omnem
954 2897 1008 2917 non

1052 2296 1184 2323 vocarim.
1199 2295 1266 2322 Eum
1288 2295 1454 2322 secretarius
1471 2295 1553 2322 ctiatn
1572 2295 1768 2322 Malatestauus
1790 2295 1850 2329 ipse

1052 2342 1136 2375 digito
1152 2342 1236 2374 fquasi
1260 2346 1467 2369 commonstrat.
1498 2340 1600 2368 Prattor
1621 2341 1733 2368 Gra‘cite
1756 2347 1850 2368 noster

1053 2387 1196 2422 cujusdam
1217 2387 1284 2418 regii
1300 2387 1342 2414 vel
1359 2387 1525 2422 imperatorii
1542 2387 1633 2421 palatii
1650 2386 1786 2418 meminit,
1802 2381 1849 2413 cui

1055 2440 1152 2459 nomen
1173 2434 1219 2459 dat
1233 2431 1421 2468 Nymphaeum.
1439 2433 1480 2459 Ab
1493 2440 1526 2459 eo
1542 2440 1596 2459 non
1610 2432 1705 2467 procul
1721 2431 1848 2459 dissitum

1054 2477 1186 2505 describit
1210 2477 1300 2504 locum
1314 2496 1322 2507 .
1347 2477 1393 2504 tali
1409 2477 1572 2511 Teggiurum
1591 2476 1632 2503 vel
1653 2475 1848 2510 imperatorum

1056 2529 1133 2558 prato
1149 2523 1231 2550 rebus
1244 2523 1374 2550 omnibus
1393 2522 1576 2550 simillimum.
1596 2522 1703 2554 Alicubi
1720 2522 1752 2549 de
1767 2521 1850 2556 Nym-

1056 2568 1132 2602 piimo
1148 2576 1154 2594 :
1171 2567 1304 2599 Michael,
1330 2567 1385 2597 ait,
1411 2566 1582 2601 Palmologns
1605 2566 1753 2600 imperator
1767 2565 1851 2601 Nym-

1056 2615 1161 2648 plneutn
1180 2618 1350 2648 pervenerat,
1379 2621 1433 2647 quo
1459 2613 1520 2639 loco
1537 2620 1661 2639 recreare
1678 2621 1708 2639 se
1724 2613 1852 2638 solebant

1058 2657 1246 2694 imperatores.
1262 2664 1406 2694 pestquam
1425 2658 1641 2693 Constatiuopoli
1658 2658 1683 2691 (a
1712 2657 1849 2691 Flandris)

1060 2707 1087 2733 in
1103 2706 1229 2733 exsilium
1247 2705 1326 2735 eiecti
1344 2706 1463 2732 fuerant.
1475 2704 1545 2731 Alibi
1561 2712 1625 2731 vero
1645 2704 1785 2734 planitiem
1806 2703 1852 2731 vel

1059 2756 1166 2786 pratum
1181 2754 1269 2786 ipsum
1286 2751 1416 2778 describit
1434 2751 1475 2778 bis
1497 2751 1603 2778 verbis:
1631 2749 1698 2777 Cum
1726 2750 1784 2777 dics
1801 2750 1852 2776 ali-

1059 2803 1125 2832 quot
1141 2798 1150 2834 (
1168 2798 1315 2833 imperator
1331 2797 1453 2826 Joannes
1473 2797 1576 2825 scilicet
1594 2797 1680 2824 Ducas
1697 2796 1823 2824 Valatzes
1837 2797 1848 2831 )

1062 2844 1182 2871 Pilleblis
1205 2844 1351 2878 exegisset,
1367 2844 1549 2880 Clylomcueu
1566 2842 1705 2878 profectus
1729 2843 1789 2877 (hoc
1808 2843 1849 2868 Io-

1061 2899 1093 2919 co
1108 2899 1204 2919 nomen
1218 2890 1280 2925 cst),
1300 2889 1397 2918 ibidctu
1411 2889 1526 2917 tentoria
1543 2888 1584 2924 (th
1599 2888 1690 2923 jussit.
1702 2888 1767 2915 Nam
1787 2887 1852 2916 istic
