1963 3067
143 130 195 162 833

712 126 909 156 PANDECTE
929 127 953 155 I-I
961 125 1030 155 IST.
1044 123 1201 153 TURCIC.

1700 122 1752 152 834

144 189 352 222 impcratorcsc
378 183 527 218 Nymphaeo
548 183 851 216 digressi,commorari
878 182 1061 213 so—Aaittnt.
1079 181 1161 222 quasi
1188 181 1242 207 voti
1273 188 1346 212 reus,
1368 179 1472 207 Mekien
1498 187 1528 207 se
1557 178 1683 207 contulit.
1714 180 1751 207 Ea

142 232 214 263 Ient,
240 230 421 265 majoremquc
444 230 514 254 veris
530 232 632 262 partem
648 227 805 262 transigere.
822 227 925 261 Quippe

143 281 216 305 totus
230 276 274 303 ille
297 275 373 301 Iocus
391 281 464 301 mera
489 274 614 308 planities
637 278 689 304 est,
712 281 772 307 qua:
797 273 926 307 graminis

142 323 260 358 copiam,
276 320 463 355 compluribus
475 320 553 354 equis
570 319 746 347 suﬂicientcm
759 340 767 352 ,
791 319 925 354 producit.

143 369 229 403 Aquis
244 367 324 394 etiam
343 366 483 400 irrigatur,
500 373 530 391 ac
543 365 569 392 iu
588 365 739 400 propinquo
756 364 856 402 multos
878 372 927 399 pa-

143 421 193 449 gos
209 417 236 440 et
259 412 384 440 civitates
407 410 504 443 habet,
522 418 535 437 a
552 411 651 445 quibus
668 411 700 437 ad
715 410 815 436 victutn
834 416 927 436 neces—

143 460 221 486 saria:
233 465 276 485 res
287 458 395 491 copiose
407 457 659 484 subministrantur.
672 455 807 482 Hactenus
818 461 927 490 praetor,

143 505 189 539 qni
205 504 294 531 Nicaea
309 502 461 538 proiectum
491 502 524 529 ad
539 503 608 529 hanc
628 502 806 537 Clyzonicnen
832 502 928 528 scribit

144 551 348 584 imperatorem.
373 548 410 575 Ea
427 555 490 575 vero
505 548 526 574 si
544 555 597 574 non
622 553 663 574 est
680 548 744 574 illud
762 547 925 581 Teggiurunt

145 597 185 622 vel
200 596 392 629 imperatorum
414 599 535 628 pratum,
553 593 579 620 itt
601 600 654 627 quo
668 597 791 619 m0rtuus
803 612 810 624 ,
826 593 858 619 de
875 594 928 619 Att-

144 642 247 668 natium
261 640 408 670 sententia.
425 638 477 665 fuit
490 639 679 666 Muchemetes:
692 639 814 672 equidem
832 639 926 671 alium,

143 695 225 723 quem
237 687 362 714 'indicem
374 707 380 719 ,
396 685 437 713 sic
453 685 617 720 appellatum
634 685 742 719 locum,
768 685 869 712 nullum
887 685 927 711 in-

145 741 234 760 VBIIIO.

146 800 208 826 154.
220 799 324 827 Sultani
333 800 430 835 Zemis,
440 803 548 829 alterius
559 802 610 836 [iiii
620 801 797 833 Muchemetis,
807 801 925 829 historia.

181 859 317 893 Principio
345 859 495 888 monendus
520 860 615 894 lector,
640 860 702 888 huic
728 859 799 895 apud
824 859 928 886 Turcos
946 853 967 882 Β

146 913 245 932 nomen
263 913 321 934 esse
354 907 442 934 sultan
459 907 545 939 Zemi,
560 908 599 934 vel
612 908 698 939 Getni,
711 907 930 942 pronuntiatione

147 949 250 978 Italica.
264 951 414 984 Geufraws,
430 958 457 980 et
470 953 532 986 alii,
548 961 600 980 non
614 958 685 980 recte
699 953 829 980 Zizimuin
844 958 870 980 et
887 952 929 978 Zi-

148 996 236 1023 zimen
253 997 397 1031 appellant:
415 998 492 1033 pejus
507 1000 587 1025 etiatn
602 998 742 1026 Bonlinius
760 999 928 1031 Czaliabunt,

149 1042 221 1077 quod
232 1051 262 1069 ex
280 1042 368 1070 Zelebi
385 1050 542 1079 corrttplum
560 1045 688 1077 arbitror,
699 1044 733 1071 de
746 1052 800 1079 quo
812 1045 928 1071 vocabu-

150 1089 176 1115 lo
191 1088 292 1116 dictum
310 1089 389 1117 initio
404 1090 595 1118 declarationis
610 1091 701 1125 hujus.
718 1090 864 1125 Utriusque
882 1099 930 1120 pu-

150 1141 210 1168 gnte
225 1135 418 1170 narratio,qua
434 1137 474 1164 bis
488 1136 626 1164 Achmetis
639 1136 754 1164 Geducis
766 1137 853 1163 basste
865 1136 930 1163 duc—

151 1183 179 1205 tu
196 1184 338 1213 superattts
351 1187 366 1207 a
384 1179 464 1207 fratre
488 1180 549 1212 fuit,
564 1180 607 1208 hic
621 1180 647 1207 in
662 1180 812 1209 Annalibus
830 1185 928 1207 exstat.

152 1222 271 1258 Reliqua:
284 1230 342 1259 post
357 1225 446 1259 fugam
462 1225 522 1252 vitae
540 1225 647 1252 fortuna
666 1225 784 1252 breviter
797 1232 812 1251 e
829 1225 930 1251 ucstris

152 1270 303 1304 exponitor,
318 1271 426 1305 quando
438 1270 518 1298 Turci
534 1278 604 1302 eam,
618 1274 647 1297 ut
661 1278 755 1304 parutn
771 1270 820 1296 sibi
838 1270 931 1303 cogiti-

154 1321 221 1349 tam,
238 1317 264 1344 in
276 1317 378 1344 litteras
390 1317 491 1344 referre
502 1325 555 1344 tton
572 1321 727 1351 potuerunt.
746 1316 830 1351 Igitur
847 1316 931 1342 aIlL'I'O

154 1363 247 1398 praelia
261 1362 357 1395 victus,
381 1362 528 1398 desperatis
549 1363 629 1389 rebus
653 1362 719 1394 suis,
751 1362 776 1388 in
806 1360 930 1387 Rhodum

155 1409 283 1444 profugit;
295 1416 379 1443 seque
392 1416 488 1443 magno
497 1408 616 1443 eqttitatu
629 1407 792 1435 Rhodiorum
807 1407 932 1441 Magistro

155 1456 200 1489 qui
218 1459 282 1482 tunc
294 1460 352 1481 erat
373 1454 466 1481 Petrus
489 1454 668 1481 Albnssonius
691 1452 792 1484 Gallus,
810 1451 932 1479 tradidit.

156 1500 256 1534 Agebat
274 1505 338 1526 tttttc
372 1501 458 1526 artatis
478 1507 577 1526 annttm
612 1498 769 1526 vicesimum
793 1503 931 1525 octavuttt.

157 1546 185 1573 Id
199 1547 244 1573 ubi
267 1545 398 1579 Bajasites
424 1546 583 1580 accepisset,
610 1544 784 1579 amplissimis
808 1551 931 1577 magnum

156 1591 323 1626 Magistrum,
348 1591 462 1626 ejusque
495 1591 675 1621 consiliarios,
709 1589 866 1616 muneribus
889 1588 935 1615 de-

158 1638 291 1668 mulcens.
309 1637 346 1664 ttti
370 1637 514 1671 diligenter
527 1640 722 1666 asservaretur,
740 1635 827 1669 petiit;
853 1634 934 1661 simul

158 1683 191 1710 ad
209 1684 268 1717 ejus
279 1683 406 1710 alimenta
423 1689 452 1709 se
463 1682 641 1717 quadraginta
661 1681 744 1708 millia
773 1681 933 1708 ducatorum

156 1728 273 1762 singulis
301 1728 391 1760 annis,
419 1735 498 1762 quam
514 1728 622 1762 quidem
638 1727 683 1754 diu
699 1726 782 1753 frater
795 1730 934 1760 superstes

158 1775 267 1803 futurus
281 1781 363 1808 esset,
378 1780 581 1802 numeraturum
601 1774 740 1809 promisit:
753 1781 846 1809 pacem
859 1773 935 1800 deni<

158 1829 212 1856 que
222 1829 282 1849 cuin
298 1820 459 1849 Christianis
491 1825 647 1856 perpetuam
664 1821 799 1849 cultorum
815 1827 934 1854 spopon‘

158 1867 208 1894 dit.
223 1867 334 1902 Accepit
367 1875 413 1894 eas
448 1867 618 1894 conditiones
653 1873 767 1901 magnus
797 1865 934 1899 Magister,

158 1920 228 1948 quas
255 1913 362 1948 quidem
379 1914 449 1940 bona
466 1913 517 1939 lide
531 1912 663 1946 Bajasites
680 1912 810 1947 implevit.
839 1911 935 1938 Zemes

157 1967 234 1992 vero,
247 1964 302 1986 tum
319 1959 446 1994 plenioris
463 1959 615 1986 securitatis
627 1966 718 1990 causa,
738 1963 794 1985 tum
808 1959 845 1986 uti
860 1958 936 1992 Baja-

159 2005 225 2033 sites
239 2009 313 2032 tanto
330 2005 414 2039 magis
429 2005 455 2031 in
485 2008 557 2031 metu
583 2010 715 2039 perpetuo
739 2005 936 2034 contineretur.

159 2052 186 2078 ῗιι
202 2050 314 2078 Galliam
337 2051 386 2077 fuit
412 2051 545 2078 abductus
566 2059 573 2078 :
598 2050 643 2077 ubi
657 2051 702 2077 diu
721 2050 787 2077 vixit
819 2050 845 2076 in
872 2058 939 2084 qua-

159 2098 221 2124 dam
240 2097 406 2125 Rhodiorum
427 2098 546 2132 equitum
569 2086 642 2128 arce,
662 2096 704 2123 cui
721 2105 819 2124 nomen
837 2097 937 2131 Burgo-

159 2152 240 2170 novo.
255 2143 392 2171 Deductus
406 2144 468 2170 inde
484 2143 596 2170 Romam
622 2142 673 2169 fuit
694 2143 727 2170 ad
752 2143 938 2170 Innocentium

977 228 1077 254 nostris
1102 227 1193 254 Mecha
1223 232 1284 258 est,
1321 227 1445 254 Achmeti
1469 227 1626 254 onirocritaz
1650 226 1752 259 Mecca,

976 265 1118 302 Saracenis
1132 273 1236 300 Medius
1254 273 1361 305 Alnabi,
1380 273 1432 300 hoc
1448 277 1498 305 est,
1523 274 1618 300 civitas
1635 273 1752 307 prophe-

977 323 1019 346 tae.
1037 320 1142 353 Reapse
1154 327 1217 345 vero
1232 319 1266 346 ad
1291 319 1477 346 Alcairensem
1495 320 1632 347 suItanntn
1654 319 1752 346 confu-

976 365 1024 399 git.
1040 373 1052 390 ιι
1063 372 1116 398 qtto
1133 364 1274 391 Genii-atus
1286 372 1347 391 eum
1372 366 1458 399 copiis
1473 371 1499 392 et
1524 366 1647 400 pecuniis
1677 365 1755 398 adju-

978 415 1033 437 tutu
1051 410 1143 437 scribit
1161 419 1168 437 :
1187 412 1233 436 sed
1253 416 1334 445 negat
1351 411 1401 438 hoc
1417 411 1565 438 Malatestaa
1580 411 1754 440 secretarius,

979 456 1169 482 tantummodo
1196 456 1317 483 referens
1346 456 1443 483 Zemen
1470 457 1570 484 sullani
1591 455 1755 483 Alcairensis

977 502 1038 528 fidei
1067 509 1177 528 uxorem
1206 510 1266 528 cum
1292 503 1349 529 tilio
1374 504 1594 530 commendasse.
1633 502 1669 529 De
1704 503 1755 529 hoc

978 547 1037 582 ejus
1053 548 1107 574 lilio
1120 548 1184 582 quid
1201 549 1301 575 factum
1327 548 1418 580 fuerit,
1445 550 1538 583 paucis
1564 548 1756 583 Spanduginus

977 595 1110 628 exposuit.
1136 594 1240 628 Quippe
1264 599 1357 621 narrat
1383 603 1456 625 eum.
1487 603 1549 622 cum
1572 596 1598 622 in
1628 595 1753 622 Rhodum

979 641 1092 666 insulam
1109 640 1286 674 pervenisset,
1318 643 1472 675 amplexutn
1505 641 1661 674 religionem
1678 640 1755 667 Chri-

979 687 1104 716 stianam.
1119 687 1334 720 ctbaptizatum.
1362 686 1475 718 Ibidem,
1493 687 1627 721 susceptis
1645 695 1675 713 cx
1691 695 1757 713 con-

976 733 1039 767 juge
1053 733 1169 767 q‘uatuor
1188 733 1290 765 liberis,
1311 733 1417 760 duobus
1437 734 1576 763 masculis.
1589 733 1755 767 totidemque

979 778 1103 810 fetnellis,
1125 779 1195 805 velut
1209 779 1249 805 .in
1269 779 1379 806 latebris
1407 779 1531 806 vixisse:
1555 780 1639 806 donec
1660 779 1756 805 Rhodo

982 829 1070 858 capta,
1084 825 1272 859 percunctanti
1291 824 1323 851 de
1344 833 1376 851 eo
1397 825 1512 851 sollicite
1526 824 1671 852 SOIt'IlltalII
1693 832 1756 857 pro-

981 871 1062 902 ditus,
1080 878 1142 898 etim
1162 870 1316 905 religionem
1333 870 1514 897 Cltristianatn
1531 871 1700 897 deserturum
1726 878 1756 896 se

980 923 1135 945 constanter
1148 921 1282 951 negasset,
1296 917 1402 943 duobus
1412 924 1473 943 cum
1491 916 1552 943 filiis
1565 917 1734 943 occideretur
1747 924 1753 942 :

977 964 1089 998 jubente
1101 963 1267 995 Soleimane,
1285 967 1314 989 ut
1340 963 1399 990 lilia!
1412 962 1675 998 Constantinopolim
1694 971 1756 990 ave-

981 1010 1121 1036 herenlur.

1105 1055 1163 1081 1'36.
1177 1053 1248 1080 Mors
1261 1053 1370 1081 Geducis
1387 1053 1516 1080 Acltmett':
1532 1054 1625 1080 bassw.

1017 1099 1097 1133 Quia
1125 1100 1282 1126 conditione
1316 1099 1466 1126 humillima
1487 1099 1576 1125 sttbito
1601 1106 1754 1133 supremam

983 1145 1015 1171 ad
1034 1145 1191 1178 dignitatem
1207 1149 1233 1171 et
1258 1151 1322 1178 opr-s
1353 1149 1510 1174 emerserat,
1533 1149 1559 1170 ct
1576 1145 1757 1177 imperatoriis

983 1195 1071 1217 tamett
1088 1190 1190 1216 artibus
1212 1195 1351 1223 praestans,
1372 1197 1483 1223 magnas
1500 1197 1546 1224 pro
1562 1189 1676 1217 sultanis
1688 1190 1756 1222 suis,

983 1238 1151 1264 Muchemcte
1166 1237 1348 1272 Bajasiteque,
1362 1245 1405 1264 res
1429 1243 1560 1272 gesserat,
1585 1238 1685 1272 insigni
1706 1245 1756 1265 sua

983 1291 1042 1310 cum
1061 1283 1144 1317 gloria
1166 1292 1172 1308 :
1195 1291 1274 1317 quant
1301 1282 1409 1317 indigna
1433 1283 1539 1309 tandem
1559 1289 1644 1309 morte
1672 1283 1755 1309 vitam

983 1328 1053 1354 hanc
1063 1327 1204 1358 clauserit,
1219 1328 1336 1355 Annales
1346 1328 1398 1355 hoc
1414 1327 1473 1354 Ioco
1485 1329 1575 1362 paucis
1591 1335 1758 1355 commemo-

984 1377 1053 1399 rant.
1070 1373 1174 1399 Causas
1186 1377 1276 1399 tamen
1294 1374 1379 1400 nullas
1395 1373 1535 1407 adjiciunt,
1552 1381 1601 1401 cur
1616 1375 1652 1400 ita
1668 1375 1758 1401 subito

982 1425 1136 1453 peremptus
1162 1419 1252 1450 fuerit.
1282 1419 1359 1453 jussu
1388 1419 1523 1453 Bajasitis,
1553 1425 1581 1446 ut.
1605 1421 1758 1453 Genii-acus;

985 1465 1070 1498 ipsius
1099 1473 1178 1491 manu
1203 1465 1337 1499 Bajasitis,
1371 1472 1399 1492 ut
1421 1465 1567 1492 Malatestaa
1594 1466 1758 1493 secretaritts

985 1510 1102 1544 scripsit.
1116 1509 1255 1537 Geufraaus
1271 1511 1318 1542 ait,
1347 1516 1471 1538 testatum
1495 1510 1580 1538 fuisse
1598 1510 1755 1544 Bajasitem,

986 1556 1097 1582 nimiam
1114 1556 1182 1582 servi
1207 1557 1419 1589 magnitudinem
1448 1563 1479 1583 ac
1504 1556 1628 1583 virtutem
1649 1557 1761 1584 domitto

986 1602 1158 1639 formidinem
1181 1602 1313 1629 incutere.
1340 1602 1487 1629 Malatesttc
1512 1609 1575 1628 vero
1596 1602 1760 1628 secretaritts

989 1648 1143 1683 hujusmodi
1179 1648 1302 1682 quaedam
1334 1650 1414 1681 paulo
1441 1648 1558 1682 prodidit
1587 1648 1760 1682 explicatius,

985 1702 1046 1728 qua:
1060 1693 1233 1720 commutatis
1248 1693 1336 1720 verbis
1351 1694 1433 1727 ipsius
1451 1693 1549 1720 Italicis
1565 1701 1626 1720 cttm
1657 1693 1760 1720 Latinis

986 1739 1031 1767 hic
1047 1739 1207 1767 inseremus.
1231 1735 1436 1773 Erant,‘inquit,
1456 1739 1607 1773 pertinaces
1619 1739 1700 1766 animi
1713 1747 1761 1773 ge-

986 1787 1152 1817 nizarorum,
1168 1793 1236 1820 qttos
1252 1793 1316 1812 sane
1338 1791 1533 1822 norimunquam
1550 1785 1638 1811 dicere
1653 1792 1705 1811 non
1721 1790 1762 1812 est

986 1832 1113 1863 veritum,
1146 1830 1254 1865 quando
1286 1829 1402 1864 Bajasite
1424 1829 1534 1856 domino
1561 1836 1657 1862 parum
1672 1829 1762 1862 propi-

987 1879 1024 1906 tio
1041 1883 1190 1909 uterentur,
1218 1877 1399 1904 arcessituros
1432 1884 1462 1904 se
1478 1877 1612 1904 snltannm
1641 1876 1759 1908 Zemem,

987 1926 1033 1959 qtti
1049 1925 1088 1951 eis
1113 1925 1268 1958 imperaret.
1292 1923 1359 1956 Quin
1374 1923 1455 1950 etiam
1485 1923 1580 1949 armati
1605 1922 1761 1956 aliquando,

988 1977 1086 2005 magna
1104 1977 1166 1996 cum
1196 1969 1267 1996 tahie
1280 1969 1313 1996 ad
1327 1969 1398 2003 ipsas
1418 1969 1548 1995 sultattini
1565 1968 1656 2002 palatii
1672 1973 1763 2002 portas

987 2021 1175 2044 accurrerunt.
1190 2015 1258 2043 Tum
1273 2023 1336 2043 vero
1348 2015 1478 2050 Bajasites
1493 2015 1598 2042 lenibus
1612 2021 1660 2041 eos
1675 2014 1764 2041 verbis

989 2063 1122 2096 mitigare,
1142 2061 1299 2096 cunctisque
1309 2061 1587 2096 postulatislpsorum
1599 2068 1665 2087 sane
1684 2067 1763 2094 quam

989 2111 1157 2144 indulgenter
1172 2117 1302 2137 annuere.
1323 2109 1423 2143 Sopitis
1435 2114 1525 2136 autem
1541 2108 1688 2135 furentium
1707 2107 1764 2138 iris.

989 2161 1115 2184 auctores
1132 2155 1275 2183 seditionis
1289 2163 1304 2182 e
1331 2155 1421 2182 medio
1433 2154 1557 2182 sustulit.
1581 2153 1613 2181 Et
1628 2154 1690 2188 quia
1714 2161 1766 2180 ste—

158 2190 217 2238 ejus
240 2191 359 2238 nominis
376 2196 514 2238 octavum,
545 2190 711 2224 pontificem.
737 2188 936 2238 Ibiluquandiu
955 2199 978 2226 ι)
993 2210 1143 2238 penttmero
1159 2201 1276 2236 genizari
1291 2201 1326 2228 ad
1350 2201 1488 2228 Achmetis
1511 2199 1657 2227 Chendicis
1671 2199 1769 2226 veziris

159 2236 228 2262 vixit
254 2236 458 2269 lnnnocentius,
486 2243 517 2262 ac
545 2240 606 2270 post
631 2240 744 2262 mortem
775 2235 858 2267 illius,
887 2236 938 2262 sub

159 2280 302 2307 Alexandri
319 2280 348 2306 VI
366 2281 534 2314 pontificatu,
551 2280 653 2306 mansit
669 2287 676 2307 :
692 2281 779 2307 donec
791 2285 938 2315 ocrupatu-

161 2334 208 2353 rus
221 2334 333 2360 regnum
350 2326 557 2360 Neapolitanum
573 2326 691 2353 Karulus
705 2324 759 2352 VIII
773 2326 866 2353 Gallia‘
891 2333 938 2352 rex

162 2372 275 2399 ltomam
302 2373 430 2399 venisset.
457 2373 522 2399 Nam
551 2373 574 2399 is
597 2371 694 2407 Zcmep
721 2373 755 2399 ab
785 2373 939 2399 Alexande

162 2419 328 2453 impetravit.
363 2427 463 2446 usurus
501 2427 545 2450 eo,
574 2419 800 2453 quemadmodum
830 2420 938 2454 quidem

161 2465 262 2497 aiebat,
278 2465 312 2492 ad
337 2465 553 2499 rccuperattdnm
584 2465 727 2499 imperium
745 2464 939 2492 Constantino-

161 2511 322 2546 politattum.
339 2503 460 2538 Pontifex
474 2516 563 2538 autem
597 2509 671 2538 Zenti
699 2518 830 2538 venenum
849 2510 940 2545 propi-

163 2564 242 2583 nasse
256 2556 358 2583 letttuttt
375 2558 500 2589 traditur,
519 2565 573 2592 quo
606 2563 709 2584 certum
741 2555 773 2583 ad
793 2556 939 2583 terminum

163 2602 292 2637 pattlatitn
304 2602 445 2630 confectus
460 2604 619 2638 exspiraret.
643 2602 736 2637 Itaque
761 2607 821 2637 post
835 2603 941 2637 aliquot

163 2649 221 2676 dies
233 2648 408 2675 Terracinam
432 2649 588 2684 perductus,
611 2649 710 2676 ibidem
741 2650 821 2676 rebus
843 2650 940 2675 huma-

163 2695 207 2722 nis
225 2696 353 2722 excessit.

164 2752 245 2788 456
262 2753 322 2780 I55.
343 2752 562 2788 )l'cltietﬁledina
582 2752 687 2784 Alnabi,
706 2752 756 2786 ﬁlii
772 2759 942 2787 nepotumth

437 2787 522 2814 Zemis
538 2789 658 2815 historia.

203 2845 295 2874 Victus
315 2846 397 2881 priori
424 2846 514 2881 pra-lin
532 2845 639 2878 Zcmes,
660 2845 726 2874 dicis
753 2853 845 2879 causa,
871 2846 942 2880 quod

990 2250 1077 2276 lassae
1109 2249 1220 2275 dontnm
1250 2248 1370 2279 itabant,
1401 2246 1536 2280 Bajasites
1573 2245 1766 2280 Iladrianopoli

991 2296 1110 2326 tandem,
1136 2303 1189 2329 qua
1208 2295 1234 2321 iit
1252 2295 1319 2322 urbe
1343 2299 1407 2321 tunc
1433 2295 1541 2328 agebat,
1557 2293 1589 2319 ad
1613 2292 1768 2319 convivium

990 2342 1094 2368 vczircs
1111 2349 1178 2368 suos
1204 2349 1299 2368 omnes
1328 2340 1462 2370 invitavit.
1488 2340 1579 2373 ibique
1610 2339 1767 2365 Acltmeten‘.

990 2388 1098 2415 brissam
1121 2395 1200 2414 manu
1227 2387 1334 2422 propria
1360 2386 1489 2413 confecit.
1521 2384 1583 2412 Ila-.c
1598 2385 1654 2417 ille,
1671 2385 1769 2418 quibus

991 2435 1120 2460 Arateum
1137 2434 1187 2460 hoc
1203 2433 1384 2467 epiphonema
1413 2432 1566 2459 rectissime
1587 2434 1649 2465 quis
1664 2431 1770 2464 adjece-

991 2480 1044 2506 rit:
1061 2479 1193 2513 ejusmodi
1209 2479 1316 2506 scilicot
1329 2478 1430 2505 amoris
1458 2485 1490 2505 ac
1517 2478 1712 2505 benevolentia:
1727 2482 1769 2512 ty-

991 2532 1141 2551 rannorum
1158 2531 1219 2551 esse
1232 2523 1352 2558 pra‘mia.

992 2581 1055 2609 157.
1072 2580 1189 2607 Familia
1199 2580 1364 2607 Caramam‘w
1380 2579 1525 2613 principum
1536 2580 1676 2607 exstincta.
1691 2579 1770 2607 Pira-

1026 2622 1119 2647 mems,
1139 2623 1186 2650 pro
1205 2615 1348 2643 lbra/time.
1369 2615 1531 2642 Caramania
1547 2624 1573 2642 tn
1590 2616 1703 2650 formam
1725 2615 1770 2642 be-

1025 2651 1185 2686 glerbegums
1202 2651 1318 2681 reducta.

1028 2708 1147 2736 Ultimus
1170 2713 1211 2736 est
1224 2708 1353 2740 Casanes,
1369 2708 1447 2744 cujus
1463 2708 1507 2736 hic
1533 2716 1631 2736 nomen
1647 2708 1772 2743 prodide-

993 2758 1057 2781 runt
1070 2754 1198 2787 Annales,
1215 2754 1260 2788 qui
1272 2754 1305 2780 de
1324 2754 1535 2781 Caramanomm
1559 2754 1658 2781 faittilia
1672 2754 1773 2789 princi-

994 2808 1058 2836 pum
1079 2800 1105 2826 itt
1123 2800 1243 2827 historiis
1258 2801 1404 2834 reperitur.
1429 2800 1494 2826 Nam
1513 2799 1665 2827 Geulrzenin
1682 2807 1773 2827 errare

995 2846 1130 2880 videmus,
1145 2846 1190 2881 qtti
1204 2846 1285 2874 tradit
1297 2847 1458 2874 exstinctam
1470 2845 1565 2873 barum
1577 2844 1703 2873 fatniliam
1718 2847 1770 2873 sub
