1963 3067
220 135 273 166 8ῑό

808 125 970 156 JOANNIS
987 123 1219 154 LEUNCLAV‘II

1786 127 1841 158 836

220 189 397 219 Mucbemetis
421 186 543 222 imperio,
563 184 708 212 duodecim
727 183 768 210 vel
791 183 923 210 tredecim
936 187 999 210 ante
1013 183 1038 213 Α
1051 189 1113 208 cum
1132 181 1238 216 magnis
1254 182 1433 208 terrestribus
1447 182 1542 216 fcopiis
1559 181 1686 210 instruxit
1706 191 1713 209 :
1730 188 1758 210 ιιι
1771 184 1840 211 be’l-i

220 238 274 264 hoc
297 239 403 270 tempus
428 232 569 260 annis:et
592 229 664 256 aliud
698 224 865 255 ultimo'dat
889 235 1000 260 nomen,

221 282 405 311 Abrahamum
420 285 535 307 vocans.
556 276 601 303 Ait
615 276 699 306 enim,
720 273 920 302 Muchemetem
936 271 1000 301 libe-

221 334 320 356 ratum.
333 325 540 354 Usumehasane
555 321 763 358 (Assambegum
789 320 846 355 ipse
868 319 1000 354 nominat)

222 374 392 403 adversario.
407 376 467 406 post
481 370 584 396 obitum
605 367 733 394 Pirauieti
748 366 891 394 Caramani
912 372 1003 392 rever-

221 428 281 448 sum
309 420 335 446 in
352 417 553 448 Caramaniam,
580 415 736 442 Abrahamo
763 414 816 440 filio
832 413 890 445 ejus
915 413 1002 447 impo-

221 468 310 494 suisse
326 465 515 492 necessitatem
535 461 696 495 implorandi
712 460 813 487 auxilia
829 459 1001 486 Christiano-

222 521 294 544 rum,
325 512 442 538 maxime
459 509 498 536 Pii
518 507 632 536 secundi
648 506 806 540 pontificis:
831 505 876 540 qui
895 504 1002 540 profec-

220 559 294 585 tione
323 558 350 583 in
373 555 563 583 Caramaniam
594 554 755 581 constituta.
771 553 922 583 Anconam,
956 550 1001 577 ubi

221 603 334 630 classem
359 601 485 628 adornari
514 604 673 629 curaverat,
702 598 856 632 profectus;
899 596 999 623 ibidem

224 653 350 674 mortuus
361 647 406 678 sit,
421 645 484 672 dum
513 645 659 671 adventum
684 643 847 670 Venetorum
863 641 999 668 sociorum

223 697 403 727 exspectaret.
431 692 501 719 Hinc
524 692 660 720 evenisse.
677 694 705 716 ut
733 689 820 715 classe
853 687 949 716 divisa.
976 691 1002 713 et

224 738 365 772 occupatis
399 737 534 771 Ungarico
561 736 631 762 bello
657 734 809 764 Germanis.
834 732 1002 760 Caiaumnus

223 785 337 812 minime
360 785 393 811 ad
423 782 604 810 resistendum
626 781 724 807 Turcis
744 780 894 811 sufficiens,
919 779 1002 805 intrr-

225 830 314 857 fectus
336 830 436 856 fuerit:
470 834 551 863 atque
575 828 611 854 ita
636 826 766 852 familiam
798 825 1001 852 Caramanieam

225 875 370 908 defecisse,
397 874 476 907 cujus
503 873 571 900 (lilio
602 872 715 899 cesserit
748 869 915 896 Osuianidis.
945 867 1003 894 Non

225 919 395 953 temporibus
413 919 468 944 haec
478 918 620 948 duntaxat,
637 916 683 943 sed
703 915 785 941 rebus
794 914 875 941 etiam
888 913 1002 940 confusa

226 969 300 993 sunt.
316 965 361 990 Ait
382 964 501 991 occisum
520 963 717 993 Abrahamum,
753 959 879 987 Pirameti
908 959 1001 989 filium,

226 1010 253 1037 in
274 1017 305 1036 ea
329 1009 429 1036 familia
458 1010 711 1041 postremum.post
738 1004 1001 1032 Usumchasanicum

226 1055 418 1088 bellum,quod
433 1052 548 1088 pertinet
566 1051 598 1078 ad
623 1059 723 1078 annum
738 1050 905 1077 Chistianum
921 1050 1001 1078 M74.

225 1100 350 1128 Voluisse
363 1107 427 1126 vero
449 1098 525 1126 Pium
545 1097 568 1124 ll
583 1097 737 1131 pontificem
758 1096 821 1123 huic
833 1103 909 1130 opem
934 1097 1003 1123 ferre

224 1148 305 1182 paulo
328 1151 401 1178 ante,
414 1153 495 1180 quam
521 1145 579 1179 ipse
599 1145 681 1171 vitam
703 1152 764 1171 cum
779 1148 865 1170 marte
881 1150 1003 1171 commu-

226 1199 305 1226 taret.
331 1199 358 1221 et
392 1194 460 1221 alter
494 1200 510 1220 a
554 1192 651 1219 Turcis
689 1190 898 1225 opprimeretur.
923 1191 1002 1225 Atqui

225 1241 319 1268 decem
349 1240 409 1275 plus
425 1239 515 1266 minus
529 1243 592 1265 ante
613 1238 663 1264 hoc
689 1244 794 1270 tempus
808 1238 897 1270 annis,
924 1236 1002 1262 Pium

225 1295 321 1322 papam
342 1290 478 1313 mortuum
496 1283 583 1312 fuisse
600 1287 717 1310 constat.
734 1283 865 1310 Pra‘tcrea
894 1282 1004 1309 tradunt

224 1333 354 1363 Annales,
372 1340 387 1358 ιι
408 1330 574 1357 Mucbemete
584 1329 606 1356 ll
625 1333 744 1362 ereptam
759 1328 910 1355 Caramano
926 1327 1002 1355 Giol-

225 1378 372 1409 cliisarem,
390 1384 460 1403 anno
474 1375 616 1402 Chistiano
632 1374 710 1402 1469.
728 1373 781 1401 Nec
808 1378 897 1400 tamen
914 1373 1002 1407 ipsum

226 1424 387 1458 principem.
402 1422 447 1456 qui
463 1425 527 1448 tunc
551 1420 702 1447 lbrahimes
730 1424 800 1451 erat.
828 1419 1000 1447 interfectum

225 1469 320 1496 fuisse.
337 1468 422 1500 Quem
444 1467 524 1494 etiam
552 1467 618 1493 dicit
646 1466 847 1498 Abrahatnum,
876 1466 1002 1493 Pirameti

227 1514 323 1546 filium,
340 1513 409 1541 bella
439 1520 499 1539 cum
517 1511 686 1538 Muchemete
706 1511 843 1546 gessisse;
861 1511 1001 1540 Bonfiuius

227 1561 390 1588 Pirametum
414 1558 540 1593 appellat.
564 1556 644 1584 Turci
666 1557 808 1583 nominant
828 1555 1001 1589 lhrahiiuem,

226 1606 272 1641 qui
283 1604 465 1633 scilicetidem
480 1608 521 1631 est
532 1610 593 1630 cum
616 1602 782 1629 Abrahamo.
799 1602 836 1629 De
851 1610 904 1636 quo
924 1604 1001 1637 equi-

226 1656 287 1682 dem
302 1653 408 1688 colligo,
436 1652 571 1687 quodnam
587 1651 623 1678 sit
644 1650 709 1678 illud
728 1650 854 1677 Pirameti
889 1659 998 1680 nomen.

225 1700 349 1729 Arbitror
386 1699 457 1727 enim
487 1698 637 1725 litterarqu
670 1697 811 1724 metathesi
834 1696 1000 1724 Pirametum

226 1746 351 1774 eumdem
366 1752 426 1772 esse
440 1751 501 1771 cum
526 1743 662 1770 Praimeto
673 1742 714 1770 vel
731 1743 849 1776 Praime,
864 1742 920 1770 sive
933 1743 1002 1770 Tur-

225 1792 284 1818 cico
301 1790 428 1818 lbraime.
453 1789 497 1816 Sic
516 1791 543 1815 et
562 1794 644 1822 supra
672 1787 835 1820 notavimus,
851 1795 883 1814 ex
907 1788 1000 1815 eadem

228 1845 296 1865 voce
324 1835 431 1863 Praime
447 1835 547 1861 factum
563 1834 634 1868 apud
661 1832 902 1868 Chalcocondylem
927 1833 1003 1861 Pria-

226 1892 313 1914 mum,
341 1881 515 1916 transpositis
542 1881 634 1908 itidem
661 1879 770 1906 litteris.
797 1879 921 1907 lbraiuiis
937 1887 1001 1907 vero

226 1929 435 1959 liliusCasaucs.
457 1935 519 1954 cum
536 1926 562 1954 in
583 1925 711 1960 Bajazitis
733 1924 814 1951 Porta
827 1925 1000 1957 educaretur.

224 1982 298 2002 anno
311 1976 416 2002 tandem
442 1973 599 2000 Christiano
618 1971 658 1998 vel
691 1971 767 2003 1485,
801 1970 843 1997 vel
875 1972 1000 2005 sequenti

224 2025 359 2052 mortuus,
374 2018 614 2046 Caramanidarum
638 2016 747 2043 familiae
761 2015 841 2043 ﬂncm
860 2016 1000 2050 imposuit:

223 2074 257 2094 ex
270 2056 326 2101 quo
342 2071 461 2099 tempore
473 2062 636 2091 Caramania
650 2061 856 2096 beglerbegatus
871 2060 999 2089 Osmani-

223 2112 319 2139 darum
336 2118 397 2138 esse
410 2109 503 2143 erepit.

222 2168 303 2204 457
322 2167 384 2195 158.
402 2163 702 2204 Ινησγειιιπιβιιὶιξῇιῐε,
719 2164 753 2189 ad
770 2163 866 2198 ﬂumen
879 2163 1000 2191 Hadria-

472 2200 560 2235 nopoli
576 2199 719 2226 conditum.

257 2250 327 2278 Sunt
336 2246 526 2281 Hadrianopoli
540 2246 618 2273 trium
630 2244 799 2272 conﬂuentes
807 2245 939 2278 amnium,
950 2245 1000 2272 llcw

222 2296 264 2323 bri
280 2297 337 2323 sive
352 2293 470 2324 Marine,
486 2292 584 2320 Tunsaa
599 2291 655 2318 sive
672 2290 788 2322 Tamat'i,
804 2297 830 2318 et
843 2291 950 2323 llarilze,
967 2292 1000 2319 de

222 2342 322 2376 quibus
335 2345 397 2367 ante
409 2340 510 2367 dictum
519 2338 605 2373 capite
620 2338 664 2365 50.
688 2337 835 2372 Postquam
872 2338 897 2365 hi
925 2337 1001 2366 ﬂuvii

222 2389 320 2420 coiere,
339 2387 444 2414 Marine
460 2393 556 2412 nomen
574 2389 693 2418 superat,
714 2384 740 2410 in
755 2384 831 2418 cujus
847 2384 903 2418 ripa
925 2385 1000 2411 seili-

223 2440 262 2462 cet
279 2435 422 2462 imaretum
438 2440 517 2460 suum
534 2430 664 2466 Bajasitcs
676 2435 815 2457 exstruere
826 2429 941 2464 coepisse
961 2430 1002 2457 di—

223 2482 304 2508 citur.

223 2528 288 2556 Kili.
305 2527 412 2556 Citium,
427 2525 537 2556 Celium,
554 2523 651 2554 Clteliu,
679 2521 808 2553 Achillea,
829 2520 1004 2557 Nestoralba,

255 2562 422 2593 Bessarabia,
436 2559 558 2589 Kermen,
573 2558 713 2587 Alter-quit,
730 2557 916 2588 illoucastrum,
940 2557 1000 2584 διε-

255 2598 355 2632 phanus
381 2595 494 2621 Vaivodn
510 2593 727 2626 Carabogdaniie.

255 2643 320 2674 Qua:
335 2641 378 2667 hic
394 2640 428 2666 de
441 2647 502 2666 arce
513 2638 564 2664 Kili
582 2643 658 2672 capta
683 2638 818 2672 leguntur,
843 2637 998 2672 hujusmodi

175 2676 179 2686 ’
221 2688 276 2714 fere
292 2687 406 2713 verbisa
424 2684 571 2712 secretario
598 2684 744 2710 Malatestw
772 2688 835 2710 sunt
864 2683 998 2717 exposita,

221 2742 281 2768 quae
331 2731 463 2758 vertendo
494 2729 630 2757 ascribere
661 2729 751 2756 libuit.
779 2728 920 2764 Bajasites,
951 2728 999 2759 ait,

221 2781 247 2806 in
274 2778 330 2804 otio
358 2777 494 2804 triennum
523 2775 621 2809 exegit,
647 2780 707 2809 post
739 2779 894 2809 superatura
926 2775 999 2801 vide-

221 2826 292 2855 licet,
311 2825 507 2859 expulsumque
519 2822 627 2848 fratrem
641 2821 749 2847 Zcmcm
770 2829 776 2847 :
796 2827 826 2846 ac
837 2820 933 2846 deinde
950 2820 1000 2846 Ta~

222 2871 286 2899 taris
298 2871 324 2898 in
340 2871 496 2898 societatem
525 2868 628 2900 ascitis,
653 2867 767 2894 classem
801 2865 853 2894 550
878 2867 996 2898 narimn,

1054 226 1270 261 Carabogdaniie
1288 226 1437 254 Vaivotlam
1457 228 1607 261 invaderet,
1627 229 1742 264 ejusque
1768 230 1840 258 vires

1054 277 1198 300 everteret.
1215 272 1361 307 Hegionem
1380 273 1461 307 hujus
1480 274 1629 309 ingressus,
1645 276 1738 302 omnia
1764 275 1840 303 ﬂam-

1056 319 1107 346 mis
1123 324 1149 346 et
1164 319 1236 346 ferro
1251 320 1376 350 vastavit.
1408 321 1601 356 civitatemque
1612 321 1729 348 Chilium
1757 323 1840 358 cepit.

1054 365 1136 392 etiam
1150 373 1240 406 arcem
1256 366 1372 392 dedente
1386 365 1552 394 Mamalacco
1568 367 1733 398 Castellano.
1748 370 1842 403 patria:

1054 410 1201 444 prodit0re.
1217 409 1334 437 Profecti
1363 416 1425 438 sunt
1451 411 1547 438 deinde
1582 412 1664 439 Turci
1694 412 1842 447 Tatarique

1055 457 1175 483 maximo
1190 464 1252 482 cum
1267 457 1390 483 exercitu
1420 457 1452 483 ad
1487 457 1616 491 oppidum
1643 457 1840 486 Moncastrum.

1054 501 1178 536 Cumque
1206 502 1257 529 sibi
1273 511 1332 529 eam
1358 510 1470 537 quoque
1498 503 1638 544 civitatem
1662 505 1724 531 dedi
1748 510 1842 539 postu-

1055 548 1167 581 lassent,
1184 555 1216 574 ac
1246 548 1444 575 interveniente
1471 553 1552 583 pacto
1580 550 1750 584 relinquendi
1777 559 1840 577 cum

1056 596 1108 620 vita
1136 594 1278 621 facultates
1298 595 1395 621 incolis
1425 595 1526 626 salus.
1546 596 1602 623 voti
1630 601 1771 630 compotes
1801 596 1841 623 fa-

1055 641 1090 668 cti
1106 641 1220 668 fuissent
1237 650 1243 667 :
1258 641 1326 667 nihil
1357 648 1453 668 eorum
1474 649 1534 675 qua:
1559 643 1754 676 promiserant,
1773 650 1841 677 pras-

1055 688 1194 715 stiterunt.
1220 687 1352 719 Bajasites
1380 688 1462 713 etiam
1489 687 1608 714 familias
1636 689 1696 721 plus
1714 689 1840 716 minusve

1055 734 1219 766 quingentas
1231 740 1324 759 eorum
1340 733 1441 759 civium
1453 732 1720 767 Constantinopolim
1741 734 1839 760 abduci

1054 777 1297 810 jussit.Bonliuius
1309 779 1535 813 eodemtempore
1560 784 1650 813 gestas
1673 779 1772 805 ibidem
1797 787 1839 805 res

1056 831 1282 854 commemorans.
1301 825 1450 851 Achilleam
1483 825 1531 856 ait,
1549 833 1622 852 nunc
1647 826 1781 858 Cheliam,
1810 832 1839 853 et

1019 862 1041 891 Β
1055 871 1252 904 Nestoralbam,
1269 873 1301 899 ad
1317 872 1377 899 lstri
1395 874 1465 900 ostia
1477 873 1554 906 sitas,
1571 882 1585 901 a
1603 873 1700 901 Turcis
1712 879 1775 901 tunc
1786 875 1838 902 ob-

1054 923 1143 943 sessas
1167 916 1267 949 fuisse;
1295 916 1461 952 Stephanum
1490 926 1556 945 vero
1578 918 1666 953 Mysiae
1701 920 1837 947 inferioris

1055 962 1225 996 (Moldaviam
1238 963 1330 990 dicere
1357 965 1424 999 vult)
1439 965 1587 999 principem
1603 965 1636 992 ab
1652 964 1760 1000 Ungaro
1774 974 1837 1000 rege

1054 1010 1165 1037 Matthia
1194 1010 1303 1044 petiisse
1327 1019 1405 1045 opem
1439 1019 1471 1039 ex
1502 1012 1613 1039 hederis
1643 1014 1836 1049 societatisque

1057 1055 1125 1088 lege,
1141 1055 1187 1082 sed
1215 1060 1277 1082 ante
1302 1056 1383 1082 inissa
1410 1056 1544 1087 subsidia.
1569 1057 1694 1084 civitates
1723 1059 1783 1086 illas
1808 1061 1835 1086 in

1054 1101 1172 1131 hostium
1187 1106 1346 1135 potestatem
1360 1102 1476 1129 venisse.
1493 1103 1674 1130 Conferamus
1690 1104 1746 1132 hate
1763 1105 1836 1132 inter

1054 1154 1093 1179 se,
1112 1146 1291 1182 Turcicisque
1306 1155 1368 1174 cum
1389 1148 1545 1175 annalibus.
1557 1149 1661 1176 Primus
1675 1151 1724 1183 ait,
1738 1151 1836 1186 aBaja-

1053 1193 1104 1220 site
1118 1197 1196 1226 capta
1207 1192 1294 1220 fuisse
1309 1200 1371 1219 cum
1388 1192 1498 1220 arcibus
1525 1195 1634 1228 oppida,
1661 1195 1778 1222 Chilium
1809 1202 1836 1223 et

1055 1237 1234 1265 Moucastrum
1253 1247 1260 1265 :
1280 1238 1359 1270 alter,
1374 1238 1493 1266 Cheliant
1508 1245 1533 1266 et
1558 1239 1744 1268 Nestoralbam
1763 1251 1769 1268 :
1786 1250 1837 1268 an-

1053 1285 1128 1311 nales
1140 1285 1267 1319 denique,
1290 1285 1369 1312 Kilim
1385 1291 1411 1313 et
1425 1286 1573 1314 Cliermen.
1592 1288 1771 1316 Consentium
1784 1290 1835 1324 igi-

1055 1335 1099 1358 tur
1115 1339 1209 1358 omnes
1226 1332 1259 1358 de
1272 1338 1350 1367 capto
1365 1333 1446 1367 priori
1477 1334 1586 1368 oppido,
1613 1335 1666 1362 nisi
1694 1337 1765 1370 quod
1793 1343 1836 1365 est

1053 1378 1176 1412 quaedam
1197 1378 1222 1404 in
1237 1378 1347 1405 nomine
1359 1379 1610 1408 diversitas:sicut
1635 1380 1706 1408 idem
1727 1391 1741 1409 a
1766 1382 1836 1409 Lao-

1052 1425 1115 1450 nico
1139 1424 1240 1451 Cclium
1257 1432 1366 1459 quoque
1394 1425 1504 1459 dicitur,
1522 1433 1536 1452 a
1554 1426 1643 1454 Cureo
1667 1427 1773 1455 Ciliuma.
1791 1429 1836 1455 Jo-

1055 1471 1126 1504 vius,
1157 1478 1204 1504 per
1234 1478 1355 1497 errorem
1385 1476 1467 1506 puto,
1506 1472 1704 1500 Litbostomum
1745 1476 1836 1509 appel-

1015 1528 1037 1559 ο
1055 1518 1102 1550 lat,
1132 1517 1159 1544 in
1189 1518 1246 1551 ripa
1259 1518 1384 1550 Danubii,
1403 1520 1442 1545 vel
1456 1519 1487 1546 ad
1514 1525 1614 1546 osttum
1652 1521 1766 1548 Danubii
1785 1530 1833 1557 po-

1056 1564 1119 1591 tius.
1134 1563 1164 1590 ln
1181 1564 1293 1591 alterius
1321 1568 1408 1591 autem
1430 1565 1546 1592 civitatis
1567 1567 1699 1594 vocabulo
1729 1568 1835 1595 dissen-

1055 1610 1104 1636 tire
1122 1610 1259 1643 videntur,
1276 1611 1364 1645 primo
1375 1611 1532 1638 nominaute
1542 1612 1735 1645 Moncastrum,
1751 1616 1836 1642 altero

1053 1656 1350 1689 Nestoralbam,tcrtiis
1368 1657 1485 1692 denique
1515 1657 1659 1686 Chermen.
1688 1659 1834 1689 Secretarii

1053 1702 1248 1734 Morir-astrum,
1273 1708 1300 1730 et
1329 1703 1461 1730 Chcrmen
1485 1703 1647 1738 Turcorum,
1674 1706 1743 1733 idem
1775 1716 1836 1735 esse

1054 1752 1136 1782 puto:
1156 1747 1292 1774 diversam
1310 1748 1344 1774 ab
1360 1753 1474 1783 utraque
1502 1749 1701 1778 Nestoralham.
1731 1753 1836 1787 Quippe

1052 1794 1168 1820 Ki-rmen
1188 1802 1235 1821 seu
1251 1794 1383 1821 Chermen
1400 1795 1482 1821 situm
1499 1801 1540 1822 est
1556 1796 1582 1823 in
1595 1796 1732 1825 Molilavia:
1756 1799 1837 1826 Tata-

1053 1841 1151 1875 ria:que
1164 1841 1273 1874 finibus,
1289 1849 1384 1869 versus
1411 1841 1527 1869 Pontum
1550 1843 1697 1878 Euxinum,
1715 1846 1760 1873 ubi
1778 1848 1835 1873 sci-

1052 1887 1112 1914 licet
1135 1887 1161 1914 in
1185 1887 1256 1914 hunc
1272 1895 1300 1914 se
1316 1888 1586 1916 Danubiosetfundit.
1609 1889 1641 1917 Et
1658 1889 1835 1926 Sangiacatus

1051 1938 1092 1960 est
1105 1933 1236 1968 hodieque
1256 1933 1389 1960 Chcruien
1424 1935 1465 1961 vel
1495 1935 1643 1967 Aherman,
1672 1936 1835 1973 beglerbego

1053 1978 1191 2006 Romaniae
1201 1980 1258 2005 sive
1268 1978 1378 2006 Graeciaa
1391 1979 1544 2014 subjectus.
1560 1981 1675 2009 Bonliuii
1686 1990 1748 2010 vero
1764 1983 1835 2011 Nes-

1053 2027 1165 2058 toralha,
1183 2033 1237 2052 non
1252 2025 1446 2059 Moucastrum,
1463 2026 1665 2060 autCheimen,
1698 2030 1744 2056 sed
1769 2031 1835 2058 urbs

1051 2074 1179 2102 esthodie
1195 2072 1339 2107 Bialogrod
1357 2074 1438 2104 dicta,
1454 2073 1525 2107 quod
1539 2081 1630 2101 arcem
1647 2075 1736 2103 albam
1749 2078 1835 2111 signi-

1052 2121 1124 2153 ficat,
1141 2120 1174 2146 ad
1193 2120 1351 2154 proﬂuentis
1369 2120 1395 2146 in
1415 2121 1560 2153 Euxinum,
1575 2129 1628 2148 non
1658 2121 1730 2153 lstri,
1764 2124 1836 2151 sicut

1054 2167 1194 2194 Bontinius
1208 2166 1328 2200 scripsit,
1348 2167 1394 2193 sed
1409 2166 1527 2194 Nestoris
1552 2168 1642 2196 amnis
1668 2169 1768 2196 ostium
1799 2171 1836 2198 si-

1055 2218 1091 2241 ta.
1106 2212 1513 2248 QuapropternonNcstoralba,
1524 2214 1570 2241 sed
1581 2214 1738 2248 Nestcralba
1750 2218 1834 2244 scribi

1054 2260 1156 2288 debuit.
1175 2259 1206 2286 Et
1216 2259 1312 2287 Nester
1320 2260 1418 2294 priscis
1429 2265 1542 2287 vocatus
1559 2261 1609 2287 fuit
1623 2261 1710 2296 Tyras
1723 2262 1834 2290 ﬂuvius.

1053 2306 1182 2333 llistorici
1193 2305 1280 2332 (ἓνκρὶ
1297 2306 1462 2332 recentiores
1479 2307 1511 2332 ab
1528 2307 1605 2333 annis
1620 2309 1775 2342 quingentis
1785 2309 1836 2336 Da-

1053 2351 1156 2378 nastrin
1175 2351 1357 2386 appellarunt,
1375 2351 1412 2377 uti
1427 2351 1558 2385 Nepercm
1589 2353 1719 2386 vicinum,
1746 2354 1834 2382 Dam-

1053 2399 1112 2433 prin
1131 2398 1194 2432 :qui
1214 2388 1278 2424 mihi
1293 2398 1398 2432 quidem
1417 2402 1524 2424 nonest
1554 2398 1734 2432 Borysthenes
1761 2407 1832 2430 ante.

1052 2454 1132 2480 quam
1149 2445 1286 2472 Berisnam
1304 2452 1318 2471 a
1335 2443 1437 2472 ﬂossiti:
1457 2445 1497 2471 vel
1529 2445 1637 2473 Russiae
1664 2447 1763 2473 finibus
1786 2455 1832 2474 ve-

1052 2494 1168 2518 nientem
1189 2491 1311 2524 recipiat,
1328 2492 1360 2516 ad
1375 2498 1457 2523 quarti
1470 2489 1646 2524 liorysthcnis
1656 2494 1738 2518 etiam
1756 2497 1835 2519 vrtus

1051 2545 1148 2564 nmuen
1165 2536 1274 2570 propius
1287 2536 1401 2562 accedit.
1419 2535 1524 2562 Curetis
1544 2536 1665 2570 scripsit,
1696 2537 1748 2564 hoc
1774 2539 1833 2572 ipso

1052 2592 1121 2611 anno
1132 2583 1288 2611 CitriSIianu
1310 2582 1388 2614 MSS,
1416 2582 1583 2616 Stephanum
1610 2583 1774 2616 Valachuin,
1802 2587 1835 2611 ile

1052 2639 1106 2666 quo
1121 2631 1307 2665 disceptabant
1323 2630 1393 2656 inter
1408 2637 1437 2656 se
1450 2637 1536 2664 reges,
1554 2629 1679 2664 Ungarus
1696 2631 1833 2663 Matthias.

1051 2676 1238 2704 etCasimirus
1255 2674 1387 2706 Polonus,
1410 2674 1498 2701 utrius
1516 2681 1588 2701 esset
1611 2675 1707 2707 cliens,
1725 2677 1834 2703 tantum

1052 2723 1077 2749 in
1095 2722 1174 2749 verba
1188 2721 1315 2748 Casimiri
1330 2721 1400 2752 regis
1411 2721 1437 2746 in
1449 2720 1656 2754 castrisjurasse
1672 2731 1678 2748 τ
1694 2723 1834 2757 nihiloque

1051 2770 1142 2796 minus
1161 2768 1303 2795 desertum.
1315 2775 1329 2794 a
1358 2767 1479 2797 Polouis,
1497 2768 1620 2794 amisisse
1634 2768 1832 2795 Bessarabiam.

1051 2817 1112 2842 ll2rc
1132 2815 1259 2842 nimirum
1273 2813 1365 2841 cstilla
1383 2814 1456 2848 regio
1479 2819 1596 2840 extrema
1628 2814 1654 2840 in
1674 2822 1722 2841 ora
1755 2813 1834 2841 Vala—

1051 2865 1126 2895 chize,
1142 2861 1252 2895 Nigrum
1271 2859 1303 2886 ad
1319 2867 1391 2886 mare
1404 2860 1464 2890 sita,
1478 2866 1537 2893 qua:
1548 2859 1629 2886 Kilim
1649 2865 1676 2886 ct
1687 2860 1831 2890 Chermcn.
