1963 3067
137 163 187 195 337

710 163 909 193 PANDECTE
929 163 1027 194 IIIST.
1046 163 1198 193 TURCIC.

1693 163 1746 193 838

138 223 193 248 sive
207 220 388 247 Muttcastrum
412 221 508 254 oppida
523 221 652 252 continet,
663 228 677 247 a
688 221 726 247 sic
737 220 824 248 Bessis
836 220 921 247 'I'Itra_
935 226 954 251 Α
971 221 1036 247 tioni
1047 219 1239 247 verosccunda-
1247 218 1386 253 praefectos
1395 217 1478 245 fuisse
1488 217 1748 245 memoranti/luctto-

136 268 213 294 cibus
229 267 372 301 appellata.
385 267 451 293 Novi
465 267 610 300 aliquando
624 267 721 292 inania
735 265 910 292 Maxitniliani

137 322 154 340 tt
168 313 292 346 Augusti,
314 312 400 346 Spirae
424 313 534 339 comitia
562 312 733 344 ceh-‘urantis,
758 312 911 341 Nicolaum,

137 364 210 393 patre
239 358 404 385 Bessarabia:
436 358 558 392 principe
587 362 700 390 natttnt,
730 357 767 384 uti
802 357 910 390 quidem

136 403 311 431 credebatur:
325 403 492 430 documentis
503 403 673 438 quibusdam,
691 411 721 430 ac
738 402 910 433 teStimoniis,

136 451 284 485 praesertim
299 449 462 476 Venetorum
481 449 613 484 plumbeis
641 449 734 480 bullis,
758 449 827 476 hanc
854 449 912 484 «jus

135 496 266 530 originem
285 495 505 530 approbantibus.

136 551 197 577 159,
209 550 310 576 Bellum
322 551 389 576 inter
397 549 526 579 xultanos,
540 549 688 576 Cairensem
699 555 722 576 et
731 549 911 581 Oamanidum,

381 584 453 611 Uouit
467 584 560 619 Usbeg,
573 584 668 611 Tcrst's.

170 630 254 665 IIttjus
270 630 331 656 belli
349 637 439 657 causa:
457 631 604 657 referendae
627 630 735 657 veniunt
769 631 801 657 atl
833 638 912 665 supe-

135 676 235 703 riorum
253 681 404 710 temporum
420 675 546 703 oIiensas.
562 675 682 702 Diximus
694 677 778 707 ettint,
805 676 912 703 Μυειιρ-

135 727 232 748 tttetem
259 720 426 753 Secundum,
450 721 578 755 Bajasitis
605 726 720 756 patrem,
749 722 829 756 paulo
853 729 913 748 ante

134 772 249 793 mortem
264 767 291 793 iu
306 766 398 794 Asiam
415 767 609 798 transmisisse,
637 767 734 794 bellum
759 772 788 794 ut
815 767 914 794 faceret

134 812 282 839 Alcaireusi
295 813 413 845 sultano,
428 813 473 846 qui
485 815 576 840 hostes
590 813 776 847 ejusjuverat,
803 821 914 848 praeser-

135 857 182 882 tim
195 857 374 884 Caratnanum
387 865 395 885 :
407 861 434 884 et
455 855 555 892 alioqui
570 865 599 885 se
612 858 721 893 gerebat
737 865 799 892 erga
814 858 914 885 Turcos

963 272 1059 293 nictent
1088 266 1283 300 Cltescroglim.
1309 269 1336 291 ct
1364 264 1521 291 Aclttnctem
1548 264 1624 291 ducis
1651 264 1747 294 lilium,

967 312 1108 339 Romanis:
1130 312 1332 346 beglerbrgttm.
1361 310 1480 337 Nescivit
1503 317 1567 344 ergo
1595 309 1746 339 Geufneus.

963 366 1061 386 ctesum
1077 357 1158 392 priori
1187 357 1278 391 praelia
1292 356 1443 387 Ferhatetn,
1462 355 1586 389 Bajasitis
1600 363 1726 390 generum
1740 363 1746 379 τ

964 404 1079 431 nescivit
1093 403 1178 430 altero
1203 404 1295 437 praelia
1314 403 1381 429 duos
1392 403 1477 429 fuisse
1496 403 1590 435 duces,
1615 402 1748 429 Chesero-

963 450 1026 484 glim
1039 455 1066 476 et
1081 449 1275 483 llerzeeoglim.
1293 448 1385 483 Itaque
1405 456 1458 475 non
1474 455 1578 482 pugnas
1587 448 1667 474 modo
1678 448 1746 475 duas

965 495 992 522 in
1013 503 1092 522 unam
1110 495 1262 525 confundit,
1281 503 1371 521 verum
1388 495 1467 521 etiam
1481 502 1495 521 e
1511 495 1609 526 tribus,
1632 494 1747 521 Ferhate

964 543 1092 577 Bajasitis
1107 550 1217 576 genero,
1232 542 1398 575 Clit-sorngli,
1415 549 1447 568 ac
1462 542 1628 576 llerzccogli,
1651 542 1697 576 qtti
1719 546 1746 568 et

964 590 1022 622 ipse
1035 589 1162 623 Bajasitis
1176 597 1257 624 gener
1269 589 1330 620 fuit,
1347 596 1431 615 unum
1446 589 1522 622 quasi
1537 589 1638 615 conllat
1658 588 1744 615 Cher-

964 635 1066 662 seolttm
1081 643 1172 662 suum.
1205 636 1269 669 Ejus
1282 643 1346 662 vero
1369 643 1468 662 nomen
1491 636 1541 662 hoc
1567 636 1637 662 haud
1664 634 1745 662 dubie

965 686 1119 715 corruptum
1134 686 1216 707 estex
1228 680 1395 715 Clteserogli,
1413 681 1458 714 qui
1469 681 1595 708 Cltescris
1607 686 1647 708 est
1660 682 1743 713 Illius,

965 727 997 753 de
1012 735 1065 761 quo
1076 727 1191 754 Chescre
1206 727 1283 762 brgn,
1296 726 1370 760 Elpia
1385 727 1486 754 familia
1499 733 1573 758 nato,
1598 731 1742 754 tractatum

966 773 1092 807 superius
1120 774 1207 807 capite
1236 773 1297 800 H7.
1324 772 1383 800 Non
1405 778 1493 800 tamen
1525 773 1568 800 hic
1589 774 1743 808 Cheserogli

964 819 1088 854 Bajasitis
1103 827 1195 853 gener,
1217 823 1265 846 aut
1293 825 1389 854 raptus
1416 820 1534 847 secundo
1562 820 1654 853 prtelio
1679 820 1742 850 fuit.

966 865 1011 890 sed
1027 863 1182 898 Ilerzecogli
1195 865 1251 891 sive
1267 865 1344 892 ducis
1358 865 1439 896 Iilitts.
1469 865 1614 892 Aclttnetes
1639 867 1716 894 Itassa
1734 875 1742 894 :

135 903 290 940 insolenter,
305 903 344 930 uti
361 903 461 930 dictttttt
476 904 564 938 capite
580 904 643 931 155.
660 903 837 938 Prosequitur
850 912 914 938 ergo
930 904 951 934 Β
966 917 1044 942 quem
1057 914 1134 936 attica
1145 917 1252 944 quoque
1263 909 1531 937 Geufrtnnscnntudit
1542 919 1602 937 cum
1615 911 1743 939 Acltutete

134 950 234 976 bellum
249 958 262 976 a
282 955 356 983 patre
368 949 522 976 inchoatum
536 949 678 984 Bajasites,
697 950 776 976 novis
802 950 912 984 insuper

135 996 255 1023 irritatus
271 995 389 1030 injuriis,
417 995 489 1030 quod
518 994 609 1023 Zemis
639 995 760 1029 partibus
788 996 911 1024 sultanus

133 1042 297 1069 Alcairensis
310 1041 432 1069 favisset.
448 1042 473 1069 Is
487 1049 501 1068 a
516 1041 605 1074 Jovio,
636 1041 771 1075 Geufraeo,
796 1043 910 1075 caeteris,

133 1088 263 1115 Caitlteus
293 1096 346 1114 non
374 1093 446 1115 recte
477 1087 632 1115 nominatur
650 1096 657 1121 ;
675 1088 771 1115 melius
797 1096 811 1114 a
832 1088 912 1114 Petro

135 1138 250 1168 martyre
264 1130 461 1160 ltlediolanensi
482 1132 622 1164 Caitbeus,
651 1132 729 1167 quasi
754 1132 909 1168 Caitbegus,

134 1180 233 1206 sultatti
246 1179 406 1206 Mahumetis
417 1184 502 1213 pater,
517 1179 628 1206 dicitur.
642 1178 709 1206 Vide
738 1183 820 1214 caput
847 1179 909 1206 257.

134 1225 175 1252 Ab
193 1226 285 1252 eodem
301 1225 389 1251 Zemis
402 1232 512 1252 uxorem
532 1229 558 1252 et
569 1224 654 1252 tilium
671 1224 740 1251 tradi
758 1225 808 1251 sibi
834 1224 911 1258 Baja-

135 1272 200 1297 sites
215 1270 376 1304 pnsmlabat.
390 1269 455 1302 Quis
470 1274 558 1297 autem
592 1269 673 1297 fuerit
703 1270 773 1297 inter
798 1274 910 1297 exteros

136 1317 187 1344 hoc
199 1316 267 1343 bello
274 1316 364 1343 socius
379 1316 476 1343 sultani
485 1315 650 1343 Alcairensis
660 1315 736 1349 Usun
746 1314 842 1350 Usbeg,
857 1324 910 1342 nun

135 1362 305 1396 exptimitur.
325 1361 407 1398 458
417 1361 520 1389 Nomen
539 1362 613 1390 Usun
640 1362 747 1397 longum
760 1362 909 1396 significat:

136 1406 183 1438 Us,
199 1407 324 1434 callidum
342 1412 369 1434 et
389 1412 519 1434 astutum.
543 1406 653 1434 Amictts
681 1415 757 1434 ttteus
785 1408 912 1434 Nicotaus

136 1453 287 1480 llatmoltus
312 1455 348 1479 ait
374 1452 463 1486 Usbeg
478 1451 535 1479 Han
557 1453 646 1479 vocari
663 1460 751 1488 regem
769 1454 911 1488 quemdam

136 1498 276 1529 Tatarum,
289 1498 395 1533 longius
410 1497 491 1524 etiam
507 1497 633 1524 dissitutn
650 1506 729 1533 quam
756 1498 791 1526 sit
810 1499 910 1526 Cltitai-

133 1553 194 1572 nus.
211 1544 365 1570 Adanorum
380 1541 475 1570 civitas
490 1542 517 1570 in
532 1542 624 1569 Cilicia
639 1543 705 1570 satis
720 1549 761 1570 est
786 1548 857 1575 nota,
881 1544 912 1569 de

943 990 946 994 .
966 954 1081 987 Geduce,
1099 955 1169 983 sicut
1183 956 1335 988 expositum
1359 963 1463 988 supra,~
1476 964 1589 984 numero
1618 961 1741 984 notarum

967 1001 1028 1029 147.
1051 1002 1153 1028 Nomen
1179 1002 1273 1028 Itabttit
1297 1002 1454 1037 Herzecogli
1479 1002 1741 1038 Turcogcrntannm.

966 1047 1030 1074 Nam
1046 1055 1126 1081 supra
1141 1052 1261 1074 notatum
1275 1049 1362 1082 capite
1372 1049 1416 1079 95,
1440 1049 1531 1082 plures
1551 1051 1666 1084 populos
1692 1051 1743 1077 du-

965 1101 1022 1120 cem
1040 1094 1178 1121 nominare
1194 1095 1325 1122 vocabulo
1338 1103 1351 1121 a
1369 1094 1510 1122 Germanis
1529 1102 1650 1130 accepto,
1676 1096 1742 1123 ΠΗ·-

967 1143 1038 1173 tzog.
1053 1139 1171 1166 Indident
1188 1140 1272 1167 lector
1301 1141 1435 1176 intelligit,
1453 1141 1580 1168 Bozinam
1606 1143 1740 1176 duplicem

965 1185 1034 1212 duos
1057 1186 1183 1213 habuisse
1209 1187 1344 1221 principes
1362 1195 1369 1212 :
1387 1195 1500 1220 quorum
1526 1194 1596 1214 unus
1624 1189 1738 1222 regium,

966 1231 1033 1258 alter
1045 1230 1123 1258 ducis
1139 1231 1246 1258 titulum
1266 1232 1400 1259 habuerit.
1418 1233 1455 1260 Ex
1477 1233 1570 1259 ultimo
1595 1233 1740 1261 Bozinettsi

965 1275 1032 1302 duce
1048 1280 1129 1302 natus
1140 1276 1190 1303 fuit
1204 1276 1246 1303 hic
1260 1277 1336 1304 ducis
1347 1277 1426 1308 ﬁlius.
1443 1277 1483 1303 vel
1499 1277 1665 1310 Herzecogli,
1689 1284 1740 1303 cu~

964 1321 1008 1355 jus
1020 1329 1116 1348 nomen
1135 1322 1185 1348 ltoc
1194 1322 1269 1349 varie
1277 1323 1407 1356 scriptum
1419 1322 1516 1356 legitur
1527 1324 1598 1356 apud
1611 1323 1738 1351 historia-

965 1373 1024 1392 rum
1037 1371 1168 1393 auctores.
1187 1366 1376 1402 Spanduginue
1394 1367 1473 1395 habet
1487 1368 1644 1394 vocabulum
1654 1367 1738 1395 Cher-

966 1413 1076 1446 zecogli,
1092 1412 1163 1446 quod
1178 1413 1246 1440 idem
1262 1418 1302 1440 est
1314 1421 1373 1440 cum
1386 1421 1456 1440 'voce
1475 1418 1545 1440 recte
1559 1414 1659 1451 scripta
1671 1412 1738 1439 Her-

965 1459 1075 1493 zecogli.
1087 1459 1138 1485 Sed
1148 1464 1221 1486 errat
1234 1459 1315 1492 idettt,
1326 1467 1387 1486 cum
1402 1459 1532 1486 Anatoliae
1549 1458 1738 1494 begIc-rbegum

965 1503 1039 1536 facit,
1057 1505 1102 1539 qui
1120 1504 1215 1532 Turcis
1229 1505 1385 1532 auctoribus
1402 1505 1539 1532 Romanis:
1565 1505 1739 1539 beglrrltcgtts

967 1550 1059 1578 fuerit.
1074 1551 1150 1584 Apud
1166 1550 1312 1580 Malatestze
1325 1552 1500 1579 secretarium
1519 1551 1665 1586 Ilerceogle
1694 1560 1738 1578 rc-

132 1589 287 1617 Grtecorum
306 1587 387 1614 etiam
404 1605 412 1619 ,
436 1586 558 1620 Zonaras,
583 1587 745 1622 Cedrinique
776 1587 910 1614 historiis.

964 1597 1073 1630 pet-itur,
1088 1594 1157 1631 apud
1169 1596 1274 1625 Jovium
1296 1597 1467 1633 Cherseogle.
1485 1597 1536 1625 Sed
1564 1598 1619 1626 haec
1647 1598 1739 1625 omnia

133 1635 223 1662 Tersis
235 1639 274 1662 est.
283 1634 327 1662 illa
335 1633 388 1661 divi
397 1632 471 1660 Pauli
481 1634 566 1668 patria
576 1632 689 1666 Tarsus,
705 1641 783 1667 quam
798 1633 910 1669 Stepha-

134 1690 196 1714 nus,
214 1681 319 1708 urbium
335 1680 552 1709 Nomettclatoris
568 1685 674 1712 auctor,
703 1679 803 1707 Graecis
828 1681 909 1706 etiam

134 1729 191 1756 vult
206 1729 367 1762 appellatum
384 1727 468 1755 fuisse
479 1727 594 1754 Tersum
611 1731 637 1754 et
645 1725 782 1761 Tersiam._
790 1725 910 1752 Bellonio

135 1781 206 1800 ttttuc
221 1773 305 1801 Ilama
320 1778 442 1808 putatur,
458 1778 484 1800 et
500 1772 600 1799 llamsa
616 1772 679 1804 diri,
694 1779 741 1806 per
763 1778 882 1798 errorem
903 1780 910 1796 :

134 1826 197 1846 cum
215 1827 245 1846 ea
260 1820 295 1846 sit
309 1818 414 1846 Emissa
432 1819 602 1847 Phoenicum.
617 1818 681 1844 Tam
696 1818 798 1849 Adana,
829 1824 910 1850 quam

135 1865 250 1892 Tarsum
266 1864 365 1891 fluvius
386 1863 474 1894 alluit,
486 1864 532 1898 qtti
546 1863 641 1897 priscis
658 1863 766 1897 Cydnus
782 1861 910 1896 erat.jatn

134 1913 235 1939 Carasu
249 1910 357 1944 dicitur,
374 1910 407 1937 ab
422 1918 497 1945 aqua:
515 1909 652 1944 profundm
664 1909 740 1942 nigro
767 1907 911 1934 admodum

132 1958 234 1987 colore.

134 2015 195 2042 160.
210 2014 270 2041 Non
279 2014 366 2046 semel,
381 2013 427 2039 sed
445 2013 483 2040 bis
495 2017 638 2047 pugnatum
651 2012 719 2038 inter
731 2011 879 2047 sultaﬁninos
887 2015 911 2037 et

170 2050 335 2076 Usmatticos.
352 2049 459 2075 Diversa
475 2046 592 2077 nomina,
609 2046 767 2080 Clteserogt'i,
788 2046 911 2073 Cherseo-

168 2084 215 2120 gli,
232 2083 376 2118 [let-ceoglt',
391 2082 553 2117 llerzecogli,
565 2081 738 2116 C/terzecogli.

169 2142 316 2175 (Imperant
331 2141 460 2168 hactenus
475 2147 489 2166 a
501 2139 614 2167 Muralis
626 2147 711 2174 usque
726 2139 835 2166 secundi
846 2143 912 2166 tem-

135 2190 277 2225 poribusa
300 2187 396 2215 Turcis
409 2186 547 2214 memoriae
578 2186 685 2220 prodita
717 2186 839 2213 nonnihil
866 2186 913 2212 Ita-

136 2238 199 2264 bere
213 2234 336 2270 pluribus
348 2233 375 2261 in
388 2233 554 2267 explicandis
588 2232 669 2259 rebus
687 2232 768 2266 gestis
795 2231 910 2266 plenius,

134 2289 216 2316 quam
231 2280 332 2308 nostris
351 2280 378 2307 in
392 2279 513 2306 historiis
525 2278 638 2313 reperiri
662 2278 811 2305 videamus.
839 2277 910 2303 ludi-

133 2329 178 2354 cio
193 2331 235 2354 est
266 2327 457 2361 plerarumque
470 2329 625 2352 nostrorum
638 2331 715 2350 error
741 2323 774 2350 de
808 2322 908 2358 pratia,

135 2376 206 2408 quod
223 2381 304 2400 unum
322 2373 430 2399 tradunt
446 2372 516 2398 inter
530 2371 681 2398 sultattittos
704 2375 730 2397 et
753 2368 910 2396 Osmattieos

134 2421 214 2454 longe
227 2418 418 2454 gravissimum
436 2418 519 2444 fuisse
532 2417 728 2451 ;cotuntissutn,
752 2420 824 2443 tanta
850 2423 910 2442 cum

134 2466 286 2494 Turcorum
297 2470 398 2499 strage,
407 2470 535 2498 quatttattt
547 2464 581 2491 ab
593 2464 645 2490 alia
659 2463 767 2490 natione
777 2463 849 2490 orbis
861 2471 910 2489 ttu—

132 2520 213 2547 quam
225 2511 342 2545 perpessi
356 2510 466 2537 fuerint.
478 2509 505 2535 ltt
519 2509 559 2536 his
575 2513 615 2536 est
628 2508 777 2541 Geufraeus,
790 2508 835 2542 qui
855 2514 910 2534 tutu

133 2560 243 2585 nomina
262 2558 371 2588 ducum,
386 2561 441 2584 tum
451 2557 586 2590 geminam
600 2563 716 2590 pugnam
733 2555 909 2586 confundens,

133 2605 256 2633 exercitu
272 2603 387 2630 Turctco
403 2604 429 2630 in
446 2603 535 2636 fugam
561 2609 705 2633 converso,
734 2601 909 2628 Cherseolutn

132 2660 262 2688 generum
277 2650 403 2684 Bajasitis
415 2655 534 2684 captum,
550 2648 687 2675 Alcairttm
715 2648 749 2675 ad
774 2648 910 2675 sultanum

132 2698 275 2726 Caitlteutn
289 2697 374 2724 fuisse
389 2696 533 2723 deductum
550 2695 597 2722 ait.
614 2694 731 2721 Annales
745 2699 833 2720 autent
844 2693 911 2720 Tur-

133 2744 185 2772 cici
200 2746 284 2771 duces
312 2741 492 2776 expeditionis
521 2741 614 2775 prima:
644 2740 745 2766 faciunt
767 2739 909 2766 Fct‘hutctu

134 2792 240 2826 begunt,
257 2789 382 2824 Bajasitis
398 2795 525 2823 generum
543 2795 550 2814 :
569 2787 795 2820 Caragosatnque,
808 2786 910 2820 begler—

134 2837 429 2873 begumCaramaniw:
445 2835 571 2869 quibuse
596 2834 703 2860 duobus
733 2833 799 2860 alter
830 2833 910 2858 fuerit

134 2893 229 2916 caesus.
246 2885 372 2912 nimirum
394 2882 522 2910 Ferit-atus
537 2880 659 2916 Bajasitis
679 2888 771 2914 gener.
796 2879 910 2914 Expedi-

960 1643 1104 1677 depravata
1118 1648 1182 1671 sunt
1195 1651 1225 1671 cx
1242 1644 1288 1671 illo
1309 1644 1540 1679 Turcogertuano,
1564 1645 1636 1679 quod
1668 1644 1738 1672 dixi-

961 1697 1031 1716 IIIUS.

961 1746 1022 1782 itii.
1045 1745 1123 1774 Finis
1132 1747 1243 1774 ducalus
1258 1746 1421 1778 Bozittemis,
1435 1748 1473 1774 vel
1487 1747 1681 1782 Herzegovina'.
1698 1749 1736 1775 vel

997 1781 1302 1818 Herzegw,ue10rzegw.
1313 1783 1350 1809 vel
1359 1782 1388 1809 S.
1399 1782 1486 1814 Salue,
1494 1783 1533 1809 vel
1545 1781 1642 1810 Montis
1651 1784 1736 1818 Nigri.

995 1817 1125 1844 Acltmett's
1139 1818 1306 1851 Herzecuglt's
1321 1818 1403 1844 bassw
1429 1818 1551 1844 historia.

997 1873 1190 1902 Recensuitntts
1205 1881 1295 1908 supra,
1309 1874 1398 1908 capite
1425 1879 1548 1902 notarum
1573 1875 1631 1907 141,
1663 1876 1736 1909 regni

961 1917 1116 1948 Bozinensis
1130 1921 1278 1953 interitum,
1291 1929 1363 1948 nunc
1374 1921 1420 1956 qui
1442 1922 1556 1949 ducatus
1583 1921 1737 1949 Bozinensis

960 1965 1049 1993 exitus
1065 1965 1154 1997 fuerit,
1166 1965 1258 1993 itidem
1268 1973 1511 1994 comntemoremus
1525 1965 1584 1998 ;‘ita
1606 1965 1737 2000 promisso

962 2017 1063 2044 nostro,
1083 2017 1110 2039 et
1123 2011 1204 2046 hujus
1215 2011 1292 2039 ducis
1303 2012 1360 2044 lilii,
1377 2012 1417 2038 vel
1430 2011 1602 2045 Herzecoglis
1624 2011 1737 2039 historia

962 2061 1098 2092 poscente.
1114 2056 1180 2085 Nam
1194 2057 1313 2085 Annales
1339 2058 1425 2089 aiunt,
1444 2056 1600 2084 Achtnetem
1629 2055 1736 2084 bassatn

962 2103 1158 2139 Herzecoglim,
1182 2103 1274 2138 pra-lio
1306 2109 1400 2131 contra
1429 2103 1580 2131 sultauinos
1604 2103 1736 2133 secundo.

962 2157 1024 2178 cum
1041 2156 1111 2184 equo
1126 2148 1291 2183 prolapsutn,
1307 2149 1333 2176 itt
1349 2148 1547 2176 sultaninorutu
1571 2155 1667 2176 manus
1695 2156 1738 2174 ve-

962 2196 1047 2227 uisse,
1058 2195 1257 2229 deductumque
1271 2195 1355 2223 fuisse
1368 2194 1402 2221 ad
1421 2193 1563 2229 Vibegum.
1589 2198 1617 2222 et
1645 2199 1736 2221 custo-

963 2242 1014 2269 οἰκ
1051 2241 1188 2268 traditum.
1217 2241 1384 2269 Secretarius
1408 2245 1498 2268 autent
1527 2239 1737 2272 Malatestanus,

962 2289 1054 2314 eadem
1092 2295 1205 2314 narrans
1223 2294 1230 2313 :
1247 2286 1389 2320 Bajasites,
1415 2286 1512 2320 inquit,
1542 2286 1638 2313 nuntio
1653 2285 1737 2313 cladis~

960 2342 1072 2361 suorum
1110 2339 1221 2369 accepto
1239 2352 1247 2365 .
1275 2334 1460 2368 indignatione
1486 2333 1598 2361 nimium
1636 2337 1738 2366 quanta

957 2388 1119 2412 succensus,
1132 2381 1220 2408 denuo
1234 2385 1426 2415 praepotentem
1450 2379 1578 2407 instruxit
1588 2379 1737 2406 exercitum

960 2427 1039 2460 eique
1063 2433 1189 2460 sttpremo
1205 2418 1265 2452 eum
1282 2425 1392 2459 imperio
1418 2424 1538 2458 praefecit
1556 2423 1736 2458 Herceoglint,

962 2471 1090 2505 Stephani
1120 2471 1257 2505 quondam
1273 2470 1301 2497 S.
1318 2471 1396 2498 Save:
1406 2469 1484 2498 ducis
1501 2469 1584 2496 tilium
1598 2477 1606 2496 :
1623 2469 1671 2503 qui
1693 2469 1740 2495 ad-

962 2524 1038 2543 versa
1065 2516 1180 2550 quadam
1207 2516 1315 2542 fortuna
1339 2519 1480 2548 superatus
1499 2533 1507 2547 ,
1544 2519 1571 2541 et
1606 2515 1739 2541 universis

961 2564 1022 2588 cuttt
1051 2561 1136 2596 copiis
1161 2568 1246 2588 caesus
1265 2561 1324 2591 fuit,
1335 2560 1415 2587 etiam
1431 2559 1517 2587 tribus
1529 2559 1553 2586 ei
1566 2559 1666 2586 dextrae
1682 2567 1739 2585 nta-

962 2615 1014 2633 ntts
1052 2606 1143 2641 digitis
1185 2606 1339 2640 amputatis.
1384 2604 1529 2632 Videamus
1566 2612 1641 2640 ergo,
1680 2611 1740 2636 ante

961 2652 1043 2679 fuerit
1055 2652 1134 2686 hujus
1149 2651 1296 2686 tantorigo,
1316 2659 1396 2685 quatit
1407 2651 1507 2677 familia
1531 2659 1538 2683 ;
1554 2658 1613 2685 qua:
1627 2650 1661 2678 ad
1673 2649 1740 2677 Tut~

962 2706 1008 2725 eos
1025 2697 1164 2734 dcticiendi
1180 2697 1286 2724 occasio
1302 2705 1310 2729 ;
1329 2697 1374 2732 qui
1390 2696 1506 2730 denique
1523 2698 1605 2723 totius
1619 2697 1714 2731 gentis,
1727 2705 1739 2721 υ

962 2752 1014 2779 qua
1038 2748 1117 2771 natus
1139 2749 1206 2775 erat,
1230 2743 1365 2771 interitus.
1384 2743 1495 2770 Diversa
1504 2750 1567 2770 vero
1587 2742 1740 2769 referuntur

962 2798 977 2817 a
1005 2790 1110 2817 dttobtts
1123 2789 1288 2829 auctoribus.
1319 2789 1495 2824 Spandugino
1518 2793 1544 2816 et
1562 2787 1640 2815 Jovio
1654 2795 1739 2821 :qttos

962 2836 1070 2871 quidem
1082 2836 1187 2868 ambos,
1218 2840 1245 2863 et
1268 2836 1356 2869 primu
1382 2835 1505 2863 Grtecum
1532 2834 1619 2865 illum,
1643 2834 1739 2861 audia-

962 2891 1032 2910 mus.
1058 2881 1198 2915 Narratis,
1216 2886 1276 2910 ante
1291 2881 1346 2908 haec
1372 2887 1493 2915 trttlput‘a
1520 2881 1656 2906 suttanum
1683 2878 1739 2904 illu-
