1963 3067
240 161 273 191 39

814 156 977 187 IOANNIS
995 157 1229 187 LEUNCLAVII

1779 157 1832 190 ει)

215 222 367 248 cbemelem
387 216 644 244 llderrevissecum
663 215 754 242 animo
763 222 824 248 suo,
845 216 1000 250 subjugum
1015 219 1042 247 Α
1056 221 1118 243 tuus
1144 216 1204 242 fuit.
1235 215 1262 242 ω
1278 214 1436 249 oppidulum
1467 220 1508 242 est
1531 216 1628 243 insulae
1650 217 1834 250 cognominis,

216 265 454 293 inittereducatuni
467 263 653 293 Buziuensem,
661 261 741 295 cujus
752 261 875 296 princeps
886 261 1003 294 Stepha-

215 321 267 340 nus
282 311 395 338 S.Sabas
406 310 470 341 dux,
483 314 509 336 et
523 307 678 334 Herzet-bus
695 307 896 342 (animadvertit
921 308 1004 334 lector

215 358 403 386 Germanicam
415 362 508 382 vocem
529 352 658 388 Hertzog)
677 353 758 387 vulgo
782 352 865 380 fuerit
887 352 1004 386 appella-

217 408 272 430 tus.
310 401 397 435 Ipsam
436 399 573 434 regionem
603 397 740 433 Ragusaeis
763 405 823 425 esse
848 398 1002 430 ﬁnitimam,

217 450 290 475 inter
310 454 379 480 quos
405 451 431 473 et
465 446 614 480 principem
652 445 819 479 Stephanum
849 445 1004 471 simultates

196 492 432 525 ‘inlercesserint,
446 501 479 519 ex
497 500 582 519 causa
614 493 728 526 quadam
751 488 917 525 hujusmodi.
940 491 1004 518 Erat

217 542 279 568 duei
291 541 408 574 legitima
422 538 536 573 conjux,
548 546 562 565 e
577 546 630 572 qua
645 543 699 564 tres
715 537 816 564 liberos
840 545 928 565 mares
942 545 1004 564 sus-

218 592 346 622 ceperat:
365 586 518 613 Ladislaum
529 590 591 611 natu
603 585 760 616 maximum,
772 584 815 610 cui
827 585 917 618 nupsit
927 584 1003 610 Attila

217 634 299 670 459
309 633 498 660 Cantacuzeua
515 640 522 658 :
535 631 712 664 Stephanum,
727 629 973 663 secundogeuitum
996 638 1003 656 :

218 680 391 709 ttultimum,
409 677 542 704 Vatieum.
560 676 666 703 Accidit
677 680 780 707 autem,
798 680 826 702 ut
845 675 1002 702 Florentina

220 725 347 759 qumdam
378 725 489 755 mulier,
504 724 664 750 excellentis
688 723 792 755 formas,
813 723 859 749 sed
888 722 1003 748 nimium

221 772 344 806 corporis
360 771 401 798 sui
422 770 546 805 prodiga,
577 778 637 797 sese
653 770 679 796 iu
696 771 766 797 hanc
782 769 899 796 ducatus
927 767 1004 794 Bozi-

223 818 316 845 ncnsis
340 817 491 851 regionem.
519 817 613 844 relicta
641 818 738 851 patria.
766 816 914 843 conferret.
947 817 1002 842 Dux

224 865 389 898 Stephanus,
408 864 455 896 qui
472 865 572 898 saepius
588 864 740 898 accepisset
758 871 790 890 ex
812 863 928 890 aliorqu
946 871 1003 889 ser-

1054 262 1082 288 in
1099 261 1253 288 lIadrialii-o
1282 262 1342 288 sinit
1368 265 1476 296 propter
1495 262 1677 289 Dalmatinum
1697 263 1772 290 littus
1787 271 1836 290 se-

1055 307 1150 334 cunda:
1171 312 1232 341 post
1255 307 1395 341 Vegltiam,
1429 315 1510 342 quam
1532 307 1650 335 Orlelius
1688 316 1740 334 non
1763 313 1836 334 recte

1055 352 1184 380 Vecltiam
1206 354 1326 388 scripsit,
1340 359 1366 381 et
1394 355 1472 388 pejus
1492 355 1687 389 interpretatus
1715 360 1757 382 est
1787 354 1835 381 Ve-

1056 400 1152 431 tulam,
1165 407 1226 426 cunt
1245 399 1324 435 Vegla
1344 408 1391 427 seu
1407 400 1484 436 Vigla
1509 401 1622 428 dicenda
1636 403 1681 430 sil.
1693 407 1718 428 et
1733 411 1747 428 a
1761 402 1834 428 Bun-

1056 446 1119 472 ﬁuio
1132 446 1243 481 Corycia
1257 447 1391 473 veteribus
1404 453 1497 473 vocata
1511 452 1630 482 putetur.
1644 447 1705 475 Ilaec
1721 448 1754 474 dt:
1781 448 1835 474 ﬁne

1055 493 1172 518 duratus
1205 486 1372 523 Boziueusis,
1397 498 1424 519 et
1448 493 1567 527 ipsorum
1593 494 1691 520 ducum
1715 494 1835 524 fauiilim,

1056 538 1248 572 Spanduginus
1263 539 1401 564 memorim
1420 539 1547 572 proiicit.
1570 537 1665 566 Jorius
1684 545 1772 566 autem
1791 547 1837 565 re-

1057 583 1108 609 fert
1133 591 1165 610 cx
1189 582 1250 609 Jaui
1274 583 1397 610 Lascaris
1423 584 1597 611 sermonibus
1618 585 1736 611 hominis
1765 586 1836 619 apud

1055 628 1166 655 Grmcos
1179 629 1276 655 illustri
1289 629 1391 656 familia
1405 630 1473 661 nati,
1488 631 1530 656 cui
1549 631 1705 657 notissimus
1721 632 1837 657 Achore-

1057 681 1097 702 tes
1117 675 1196 702 bassa
1211 675 1302 707 fuerit,
1322 675 1504 711 Clterseogliui
1523 681 1626 703 matura
1641 677 1695 711 jam
1723 685 1749 702 et
1766 678 1835 704 virili

1060 727 1138 748 aetate
1165 722 1326 756 rrligionem
1347 721 1516 748 Cllistianam
1543 723 1719 750 deseruisse:
1740 724 1778 750 sic
1795 730 1834 750 ta-

1057 777 1130 799 men,
1143 773 1172 795 ut
1193 768 1219 795 in
1241 769 1358 803 pectoris
1373 768 1433 794 sinu
1446 776 1515 794 vera:
1534 770 1594 796 ﬁdei
1621 778 1674 795 non
1689 770 1837 797 oblivisce-

1056 820 1142 842 retur.
1157 814 1256 842 Fuisse
1284 823 1348 842 vero
1363 815 1445 842 lilium
1461 815 1648 847 Cherseccbii,
1669 816 1742 850 Nigri
1760 824 1837 842 mon-

1057 862 1092 887 tis
1113 862 1139 888 iu
1165 862 1293 888 Slavonia
1311 862 1396 895 reguli
1411 869 1418 887 :
1434 862 1478 888 cui
1496 868 1558 888 cum
1570 862 1631 888 datu
1648 868 1719 889 esset
1734 863 1759 888 in
1779 871 1838 889 ma-

225 909 362 940 umuibus,
377 909 507 935 mulieres
528 907 701 935 Florentiuas
717 908 751 935 ob
765 908 860 935 format
878 899 1003 934 venusta-
1021 904 1040 934 Β
1056 907 1212 934 trimonium
1224 927 1231 939 ,
1250 907 1363 941 jamque
1379 908 1488 933 domum
1519 909 1552 934 ad
1573 907 1748 935 celebrandas
1767 917 1839 943 nup-

225 959 289 984 tcm.
308 954 445 989 animique
469 954 599 986 indolem,
629 959 656 981 et
690 962 795 981 morum
827 953 1001 988 elegantium,

224 1001 304 1028 facile
333 1001 436 1035 primas
460 1001 532 1027 inter
563 1001 630 1027 alias
660 1008 755 1027 oniues
782 1000 865 1027 Italia:
889 1000 1004 1027 feminas

224 1046 297 1073 ferre
314 1054 322 1071 :
339 1053 401 1073 cum
423 1045 541 1080 primum
562 1045 595 1072 de
615 1045 694 1079 hujus
713 1050 830 1072 adventu
854 1045 1004 1071 intellexis-

225 1098 277 1123 set,
293 1092 352 1126 ejus
367 1092 490 1118 videnda:
502 1091 629 1125 cupidus,
658 1091 734 1118 illisit
750 1092 796 1125 qui
810 1090 844 1117 ad
866 1098 895 1118 se
909 1091 1006 1118 mulie-

227 1146 283 1165 rem
299 1143 479 1166 arcesserent.
492 1137 671 1172 Conspectam
686 1145 746 1164 mox
771 1137 898 1164 adamare
912 1138 1005 1171 coepit,

226 1185 295 1211 adeo
313 1185 434 1218 quidem,
449 1184 526 1211 nihili
544 1191 620 1211 suam
637 1184 675 1210 uti
696 1183 844 1218 legitimam
863 1183 1005 1217 eonjugem

226 1231 340 1262 faceret,
373 1233 452 1265 cujus
465 1239 527 1258 euut
555 1236 663 1264 ceperat
687 1230 812 1257 satietas.
838 1229 916 1256 Uxor
942 1236 1007 1256 vero

227 1276 369 1311 principis,
383 1283 442 1303 eam
454 1283 515 1302 cum
531 1275 603 1302 ferre
619 1275 723 1301 diutius
745 1282 797 1301 non
824 1281 915 1308 posset
938 1274 1007 1308 inju-

228 1323 308 1355 riam,
339 1322 476 1356 Ragusatn
505 1328 568 1348 cum
588 1321 642 1347 ﬁlio
656 1325 722 1347 natu
738 1321 858 1346 maximo
884 1321 947 1353 fuga
963 1328 1008 1346 sc-

228 1374 302 1396 creta
314 1376 343 1396 se
359 1368 487 1395 contulit.
506 1367 621 1395 Maritus
644 1367 738 1393 missis
751 1368 783 1393 ad
798 1374 857 1393 eam
873 1366 954 1393 certis
969 1367 1008 1392 in-

230 1414 393 1444 ternuntiis,
408 1415 447 1440 uti
463 1415 573 1439 deruunt
594 1412 705 1444 rediret,
733 1412 829 1439 orabat
849 1420 857 1440 z
873 1419 940 1438 neve
954 1411 1010 1437 dis-

230 1467 309 1487 cessu
328 1465 354 1486 et
369 1459 490 1486 absentia
508 1467 558 1486 sua
571 1466 683 1486 causam
700 1460 841 1493 prabcret,
870 1459 942 1485 unde
959 1466 1008 1485 sua

230 1505 417 1538 divulgaretur
429 1504 550 1531 infamia.
566 1504 691 1531 Vicissim
710 1505 754 1531 illa
771 1505 964 1538 respondebat,
980 1512 1010 1531 se

231 1551 389 1582 redituram,
412 1551 435 1577 si
463 1550 646 1577 Florentiuam
670 1551 704 1577 ab
717 1558 747 1577 se
763 1550 924 1578 dimisisset.
948 1551 1007 1578 Dux

232 1599 388 1634 Stephanus
414 1597 440 1624 id
466 1600 505 1625 uti
528 1598 641 1629 faceret,
674 1598 807 1633 imperare
826 1606 880 1626 non
903 1603 1008 1633 poterat

232 1645 323 1672 animo
339 1652 400 1671 suo.
419 1643 601 1671 Nihilominus
632 1644 689 1671 suis
703 1644 736 1670 ad
751 1643 898 1679 Ragusaaos
916 1645 1008 1671 homi-

233 1691 314 1717 nibus
327 1689 476 1725 ablegatis,
492 1697 602 1716 uxorem
622 1697 684 1716 cum
705 1689 763 1716 ﬁlio
784 1690 933 1724 repetebat.
952 1690 1009 1717 [llis

233 1736 367 1763 voluntati
389 1735 520 1770 principis
542 1743 594 1762 non
618 1736 883 1771 obtemperantibus,
909 1737 1008 1763 bellum

235 1781 361 1809 infertur.
377 1780 500 1816 Ragustei
515 1780 634 1808 vicissim
647 1789 675 1808 se
690 1781 841 1813 defensuri,
857 1781 942 1815 copiis
951 1782 1009 1808 suis

234 1827 366 1862 Stephani
383 1827 465 1854 liliqu
484 1826 639 1854 Ladislaum
651 1835 712 1854 cum
725 1828 839 1862 imperio
849 1828 1008 1862 praeﬁciunt,

235 1881 352 1908 eumque
365 1874 444 1900 rebus
457 1874 584 1900 omnibus
598 1873 737 1907 adjuvant.
749 1873 835 1901 Filius
846 1874 938 1908 prndio
947 1882 1009 1900 cuiu

234 1926 310 1955 patre
330 1927 505 1955 congressus,
531 1919 646 1947 victoria
670 1920 771 1954 potitus
784 1925 836 1952 est,
853 1927 885 1946 ac
905 1924 1007 1953 patrem

231 1967 295 2002 luga
305 1967 356 1995 sibi
374 1967 518 1994 consulere
531 1966 621 2000 coegit
635 1975 642 1993 ε
659 1974 757 2001 magno
768 1971 943 2000 paternorum
959 1965 1010 1991 mi-

232 2013 309 2041 litum
336 2021 451 2041 numero
467 2012 620 2040 interfecto.
645 2011 714 2039 Tum
730 2019 795 2039 vero
809 2011 939 2046 fugitivus
955 2012 1010 2037 dux

233 2059 390 2093 Stephanus
408 2059 441 2086 ad
459 2059 595 2086 sultauum
624 2058 821 2085 Muchemetem
844 2058 942 2089 mittit,
964 2057 1010 2090 qui

233 2105 293 2139 ejus
307 2113 384 2139 opem
397 2110 426 2131 et
436 2105 584 2131 auxiliares
596 2104 689 2138 copias
699 2104 830 2131 adversus
847 2103 932 2130 ﬁlium
947 2111 1011 2136 sup-

233 2153 340 2188 pliciter
370 2152 558 2186 implorarent.
586 2150 674 2178 Simul
697 2150 820 2178 obsidem
845 2149 1009 2177 Muehemeti

235 2199 319 2226 lilium
336 2198 578 2232 secundogenitum
602 2197 691 2224 oﬁ'ert.
710 2197 736 2224 ls
764 2201 822 2224 erat
844 2197 1009 2230 Stephanus,

1022 1574 1042 1600 C

1057 955 1110 981 tias
1124 954 1319 984 deduceretur,
1344 952 1432 987 puella
1459 958 1521 980 nata
1541 953 1574 980 de
1591 955 1675 988 stirpe
1698 955 1836 988 despotica

1057 1000 1199 1031 Serviana,
1227 1000 1388 1026 sceleratum
1409 1003 1510 1033 patrem
1524 1020 1532 1033 ,
1557 1005 1661 1026 motum
1684 1000 1836 1026 admirabili

1056 1053 1141 1073 nurus
1164 1046 1309 1080 elegantia,
1333 1046 1462 1077 conjectis
1484 1045 1511 1071 in
1536 1054 1594 1072 eam
1625 1046 1721 1077 oculis,
1745 1054 1838 1073 amare

1057 1096 1211 1125 correptum
1233 1091 1317 1118 fuisse
1336 1099 1472 1125 :cumque
1494 1091 1602 1118 luxuria
1629 1093 1757 1126 pudorem
1780 1100 1838 1119 om-

1058 1146 1118 1164 nem
1135 1139 1265 1169 vinceret,
1283 1138 1332 1164 sibi
1354 1146 1413 1164 eam
1426 1137 1563 1172 accepisse
1592 1146 1717 1169 uxorem,
1741 1143 1837 1165 contra

1058 1184 1226 1210 voluntatem
1242 1175 1431 1218 cognatorum,
1461 1184 1505 1218 qui
1527 1185 1753 1218 reprehcmlerent
1771 1185 1839 1211 faci-

1059 1241 1120 1264 nus,
1139 1234 1192 1267 lilio
1219 1232 1459 1263 contumeliosum,
1478 1231 1580 1258 infame
1608 1232 1692 1266 patri.
1710 1232 1838 1259 Commo-

1059 1285 1116 1306 tqu
1134 1280 1265 1306 dedecore
1280 1282 1360 1305 tant-.2
1379 1278 1504 1312 juvenem
1520 1278 1636 1311 injuriae,
1653 1277 1839 1312 praecipitique

1060 1327 1140 1353 nimis
1157 1326 1302 1360 impulsum
1316 1324 1516 1359 desperatione,
1531 1323 1795 1357 Constantinopolim
1810 1331 1841 1349 se

1060 1372 1207 1398 contulisse
1225 1380 1231 1398 :
1245 1378 1361 1405 cumque
1378 1370 1487 1397 sultano
1502 1370 1614 1405 Bajaziti
1642 1370 1741 1396 foedum
1755 1370 1841 1404 patris

1061 1417 1167 1445 facinus
1182 1417 1306 1443 dolenter
1320 1417 1502 1450 exposuisset,
1519 1417 1577 1451 ejus
1603 1423 1632 1442 se
1653 1416 1712 1442 liilei
1741 1422 1840 1446 totum.

1060 1468 1087 1490 cI.
1101 1463 1232 1489 clientelae
1245 1462 1403 1489 tradidisse.
1420 1461 1580 1494 Bajazitem,
1599 1462 1698 1488 auditis
1711 1461 1840 1495 Stephani

1062 1508 1192 1544 querelis,
1207 1508 1279 1535 hunc
1299 1513 1327 1534 ut
1343 1512 1415 1534 esset
1432 1508 1535 1540 animo,
1556 1507 1671 1542 jussisse
1685 1516 1692 1539 ;
1713 1507 1841 1534 virtutem

1062 1556 1148 1590 ipsius
1166 1555 1269 1588 majora
1297 1554 1414 1581 fortunis
1432 1554 1552 1588 paternis
1576 1553 1743 1588 promereri;
1766 1553 1842 1580 habi-

1064 1607 1152 1628 turum
1169 1603 1228 1627 loco
1248 1604 1347 1633 erepta:
1363 1606 1480 1633 sponsae,
1497 1605 1557 1632 quae.
1573 1603 1688 1632 cognata
1709 1597 1744 1624 sit
1760 1604 1844 1624 exsu—

1064 1647 1096 1674 lis
1113 1646 1209 1680 reguli,
1229 1645 1309 1672 ﬁliam
1336 1643 1448 1670 maximi
1469 1643 1580 1673 sultani.
1596 1650 1657 1669 rara
1683 1642 1777 1668 formae
1799 1649 1844 1668 re-

1063 1698 1171 1720 nustatc
1187 1691 1337 1726 prmditam.
1361 1688 1517 1716 Secundum
1554 1690 1610 1717 lucc
1637 1697 1709 1719 cum,
1737 1689 1843 1715 deserta

1065 1739 1194 1773 religione
1207 1737 1374 1769 Christiana,
1392 1735 1578 1770 Stephanique
1609 1735 1719 1761 nomine
1741 1736 1842 1768 posito,

1063 1789 1189 1811 vocatum
1218 1783 1302 1810 fuisse
1321 1782 1479 1809 Acbmetem
1503 1786 1529 1808 ct
1551 1780 1747 1815 Clierseoglim,
1774 1787 1844 1815 nup-

1065 1831 1171 1864 tiasque
1194 1829 1254 1856 lilia:
1281 1828 1410 1861 Bajazitis
1433 1828 1615 1862 impetrasse:
1634 1826 1755 1853 cuiﬁdus
1781 1833 1844 1858 per-

1064 1882 1144 1911 petuo
1164 1875 1303 1907 manserit,
1328 1875 1395 1901 adeo
1422 1874 1530 1908 quidem
1551 1878 1580 1900 ut
1602 1873 1740 1900 insidianti
1765 1874 1845 1900 dein-

1064 1921 1254 1957 cepsimperio
1284 1926 1397 1954 paterno
1421 1919 1514 1946 Selimi
1546 1926 1720 1953 summopere
1736 1918 1772 1945 sit
1797 1921 1842 1944 ad-

1064 1974 1199 1996 versatus.
1214 1967 1275 1993 llmc
1288 1965 1402 1993 Joviana
1419 1965 1451 1991 de
1465 1964 1629 1999 Cherseogle
1644 1965 1765 1991 narratio
1779 1972 1843 1990 num

1064 2016 1230 2051 praeferenda
1245 2013 1442 2049 Spanduginea)
1457 2012 1564 2045 veniat,
1575 2012 1700 2046 equidem
1726 2012 1788 2038 aliis
1803 2013 1846 2038 di-

1062 2061 1238 2096 judicandum
1259 2060 1392 2094 relinquo.
1417 2058 1508 2085 Snluiu
1525 2059 1588 2090 hoc,
1611 2058 1682 2092 quod
1703 2059 1736 2084 de
1754 2063 1843 2084 morte

1066 2108 1196 2143 Stephani
1219 2108 1305 2141 patris
1321 2105 1512 2140 Spanduginus
1524 2104 1616 2136 tradit,
1630 2105 1681 2131 sub
1697 2105 1843 2130 adventum

1065 2154 1241 2182 Muehemetis
1255 2153 1296 2188 (ut
1322 2151 1371 2184 ait)
1398 2151 1537 2183 exstincti,
1564 2151 1723 2185 scrupulum
1749 2158 1846 2184 quem-

1065 2202 1126 2228 dam
1148 2200 1226 2227 nobis
1244 2199 1341 2233 injicit.
1360 2197 1493 2224 Referuut
1512 2197 1624 2224 annales
1642 2196 1762 2229 Turcici,
1788 2196 1847 2223 Blu-

231 2246 279 2280 qui
303 2245 433 2279 deinceps
455 2244 717 2272 musulmanissavit.
748 2243 931 2270 Muchemetes
956 2251 1007 2270 non

1066 2249 1216 2274 cliemetem
1246 2245 1470 2279 Herzegoviuam.
1486 2244 1543 2270 sive
1559 2241 1735 2270 Bozinensem
1760 2242 1846 2268 duca-

232 2290 375 2326 postulatis
389 2291 522 2317 duntaxat
547 2290 654 2321 annuit,
671 2295 763 2315 verum
791 2288 872 2315 etiam
895 2289 1012 2323 propriis

232 2337 363 2372 auspiciis
380 2337 405 2364 id
432 2336 531 2363 bellutn
546 2343 576 2363 se
588 2340 727 2370 gesturum
746 2335 882 2370 promisit.
903 2335 1013 2361 Adven-

233 2389 307 2411 tante
325 2392 392 2411 vero
416 2392 478 2410 cum
495 2383 616 2410 exercitu
633 2382 814 2412 Mucbemete,
839 2382 955 2408 moritur
965 2388 1012 2416 pa-

234 2436 275 2457 ter
295 2439 303 2458 :
324 2430 466 2458 Ladislaus
483 2450 489 2462 ,
516 2429 588 2457 ﬁlius
613 2429 774 2464 primigenii,
800 2428 925 2455 Venetias
949 2436 1012 2456 cum

235 2483 319 2503 uxore
345 2485 376 2503 ac
399 2476 492 2503 liberis
506 2484 535 2503 se
550 2476 681 2502 confert:
708 2475 828 2508 indeque
851 2474 1012 2509 profugiens

237 2523 262 2548 iu
279 2521 439 2555 Ungariam,
458 2522 541 2549 rebus
557 2521 656 2548 ibidem
675 2518 782 2547 excedit
803 2521 939 2547 humanis.
955 2519 1014 2546 Mu-

236 2569 372 2595 ehcmctes
394 2574 524 2603 occupata
553 2568 674 2602 regione,
698 2567 833 2601 quoddam
859 2567 939 2593 tertio
959 2567 1013 2593 lilio

236 2616 314 2643 ducis
328 2616 460 2650 Stephani
480 2615 573 2644 Vatico
599 2616 708 2650 reliquit
733 2615 874 2650 oppidum,
894 2615 939 2642 cui
965 2622 1013 2641 ιιο-

237 2671 297 2690 men
329 2662 453 2695 Valaeca,
479 2670 540 2690 cum
574 2663 687 2690 castello
707 2662 846 2689 Dalmatiae
873 2661 959 2693 Novo,
987 2665 1014 2688 et

235 2710 296 2738 aliis
316 2709 394 2742 locis,
420 2709 492 2736 unde
513 2710 650 2737 victitaret
671 2719 678 2736 :
700 2710 876 2743 vicissimque
904 2709 1013 2735 Vaticus

233 2765 283 2793 pro
294 2757 406 2785 domino
427 2758 483 2784 sive
506 2761 635 2790 patrono,
665 2755 865 2782 Muchemctem
884 2761 1014 2789 agnosce-

232 2805 287 2831 bat.
301 2803 407 2830 Mortuo
425 2810 489 2830 vero
501 2802 681 2834 Mucliemcte,
709 2801 843 2835 Bajazites
865 2800 946 2834 hujus
961 2799 1014 2826 Va-

233 2851 288 2884 tici,
302 2849 430 2885 Stephani
446 2850 475 2877 S.
497 2850 575 2877 Saliae
601 2848 678 2876 ducis
698 2847 757 2880 ﬁlii,
771 2847 909 2880 regionem
926 2847 953 2872 in
967 2853 1015 2879 po-

232 2903 356 2926 testatem
374 2899 476 2933 redegit
496 2896 564 2932 :qui
577 2903 631 2923 non
658 2894 745 2923 multo
769 2898 830 2930 post
842 2893 921 2920 Arbae
937 2900 1012 2920 tuor-

1066 2299 1132 2324 tumI
1146 2300 1294 2327 occupasse
1316 2299 1387 2318 anno
1399 2291 1556 2317 Christiano
1580 2289 1658 2322 1464,
1677 2297 1691 2316 a
1704 2296 1758 2322 quo
1776 2295 1846 2315 teni~

1065 2347 1129 2374 pore
1140 2339 1208 2365 vixit
1231 2339 1287 2373 ipse
1303 2337 1507 2372 quatuordecim
1532 2336 1621 2363 adhuc
1633 2335 1722 2367 annis,
1739 2339 1766 2361 et
1790 2335 1846 2374 τοῖς

1064 2372 1138 2411 tasse
1154 2372 1293 2417 Stiperstes
1310 2382 1390 2409 etiam
1405 2384 1459 2407 dux
1481 2381 1635 2415 Stephanus
1655 2380 1765 2406 mansit.
1784 2372 1844 2406 Non

1064 2430 1136 2457 enim
1162 2429 1259 2463 legitur
1283 2428 1312 2455 in
1333 2427 1495 2458 Annalibus,
1523 2426 1596 2453 hunc
1619 2426 1644 2452 id
1669 2425 1799 2459 temporis
1826 2433 1841 2451 a

1064 2475 1232 2502 Muchemcte
1248 2481 1310 2501 cum
1336 2473 1399 2499 ﬁliis
1414 2479 1429 2498 e
1445 2472 1532 2498 medio
1546 2470 1694 2502 sublatum,
1721 2471 1762 2495 vel
1786 2478 1846 2495 om-

1065 2522 1130 2548 niuo
1150 2521 1251 2546 ditione
1263 2527 1311 2546 sua
1325 2518 1484 2553 spoliatum,
1496 2517 1724 2551 quemadmodum
1744 2517 1776 2542 de
1796 2516 1847 2541 Bu-

1065 2566 1167 2593 xincnsi
1183 2566 1329 2599 rcgcilicto
1340 2565 1399 2591 loco
1413 2563 1548 2598 proditum
1566 2562 1689 2589 videmus
1702 2568 1844 2596 expresse,

1065 2613 1111 2639 sed
1122 2617 1226 2639 tantum
1240 2618 1254 2637 a
1268 2610 1437 2637 Muchemele
1450 2610 1501 2636 sub
1511 2610 1606 2644 jugum
1631 2609 1714 2635 fuisse
1730 2608 1845 2634 missaut

1062 2658 1289 2691 llerlegovinam,
1312 2664 1373 2690 quae
1399 2656 1500 2682 Bozina
1528 2654 1651 2688 superior
1681 2657 1734 2684 est,
1767 2658 1793 2679 et
1814 2652 1845 2678 S.

1065 2704 1142 2731 Sara:
1168 2703 1259 2738 (sicuti
1285 2702 1480 2729 Llalatestanus
1513 2700 1655 2727 actuarius
1684 2700 1730 2726 ille
1753 2698 1846 2726 Graeca

1065 2750 1288 2785 pronuntiatione
1311 2747 1431 2782 scripsit)
1454 2747 1494 2773 vel
1521 2747 1599 2773 Saba!
1631 2746 1759 2773 ducatus.
1790 2745 1849 2772 Hoc

1066 2797 1147 2823 modo
1173 2795 1195 2822 si
1219 2795 1323 2822 diutius
1344 2799 1486 2828 superstes
1502 2794 1556 2819 dux
1578 2793 1734 2826 Stephanus
1759 2798 1846 2825 pater,

1065 2847 1092 2870 et
1104 2842 1200 2869 Turcis
1213 2842 1350 2873 subditus,
1366 2840 1447 2876 [‘60
1458 2841 1551 2873 eisque
1569 2840 1699 2865 tributum
1714 2840 1845 2872 pendens,

1066 2897 1120 2918 non
1132 2889 1211 2917 modo
1228 2884 1527 2916 Florentium'mulicris
1548 2886 1680 2913 adulterio
1695 2893 1724 2913 se
1739 2885 1846 2918 polluit,
