1963 3067
137 135 179 168 Sil

687 124 884 157 PANDECTE
904 122 1003 153 lllS'l‘.
1025 120 1176 152 TURClC.

1691 117 1746 148 842

138 201 220 223 verum
234 193 316 220 etiarn
336 191 465 225 deinceps
479 189 530 217 sub
546 187 673 221 BajaLitis
687 186 803 221 imperio
823 193 904 220 spnrr-
923 183 942 210 Α
958 181 1071 208 minime
1090 178 1319 207 dissimuluralum
1343 177 1484 204 «lusimus.
1511 176 1651 212 Nusquam
1678 185 1744 204 sane

139 247 187 268 sam
203 238 342 273 Stephano
357 237 413 264 lilio
435 234 649 269 secundogenito
672 241 721 268 per
747 232 837 259 scelus
860 232 914 257 eri-

141 286 189 323 puit
206 295 213 312 :
229 292 284 312 non
298 284 397 311 mirum
412 287 465 314 est,
488 281 605 308 adaucto
620 280 728 315 plenam
746 279 779 306 ad
802 286 914 305 mensu-

141 341 189 360 ram
212 331 375 366 ﬂagitiorum
392 328 513 360 cumulo,
536 328 616 354 linem
641 326 786 352 Buzinensi
802 325 914 351 ducatui

143 387 234 407 numen
256 378 372 404 liratum
401 375 576 410 imposuisse.
608 373 703 400 Solent
728 371 801 398 enim
829 371 870 397 Vel
887 371 913 397 in

142 425 228 461 primis
244 423 380 457 ejusmodi
394 421 549 456 principum
571 426 645 453 vagae
666 417 794 445 libidines
807 416 912 443 excidia

142 471 223 505 regnis
238 476 332 496 eorum
343 475 493 495 arcessere.

143 517 228 545 liii—5.
246 513 561 554 Dulgadiretdladeule,
594 511 672 538 Daud
699 510 794 542 bassa,
817 509 918 543 Turgut

484 556 565 575 reato.

484 557 565 583 regio.

175 598 328 628 Provincia,
341 597 398 624 sive
413 595 488 629 regio
504 594 645 628 Drrlgarlir,
669 598 717 620 aut
748 590 887 622 Dulcadir,
903 598 917 617 a

97 677 99 679 1
143 645 238 673 ηοηιτὶε
250 644 348 678 partim
364 641 517 672 Anadoule,
535 645 561 667 et
578 639 702 671 Alalnlie,
721 646 774 666 uorr
790 643 863 666 recte
876 637 921 663 di-

145 694 216 720 (itur.
237 691 334 726 partim
353 688 495 716 Aladoule.
513 687 622 713 Turcici
640 693 704 712 vero
731 683 841 710 annales
857 683 921 708 Dril-

144 738 248 772 gdtlul'ls
262 743 360 763 nomen
378 733 482 768 regioni
504 733 637 762 tribuunt,
655 731 733 765 cujus
744 730 870 764 princeps
888 727 921 754 ab

145 786 180 810 eis
208 783 306 808 dicitur
334 779 474 811 Aladeulc,
505 778 639 804 vocabulo
664 774 850 809 tetrasyllabo.
878 773 924 799 Li-

146 832 220 857 rrrites
255 827 378 857 ditionis.
409 825 585 860 Cappadociae
614 822 754 850 montibus
798 820 921 851 inclusas,

963 234 1059 254 nomen
1076 227 1137 257 hoc.
1156 233 1206 252 nec
1234 225 1321 259 ipsurrr
1346 225 1407 251 licet
1421 224 1599 251 memorabile
1627 223 1744 257 facinus,

963 273 1034 308 apud
1053 271 1223 306 Ungarorum
1241 272 1399 298 historicum
1419 271 1572 297 Bonfinium
1596 272 1742 305 reperitur,

965 328 1017 348 nec
1032 319 1175 354 legationis
1190 320 1270 353 hujus
1284 327 1297 345 a
1315 318 1426 345 Malthia
1443 327 1516 353 rege.
1545 321 1591 353 qui
1612 325 1677 346 tunc
1694 319 1750 346 Un-

965 366 1036 402 garis
1050 366 1109 393 suis
1125 366 1284 400 imperabat,
1302 367 1334 393 ad
1351 368 1488 393 sultarrum
1507 367 1650 399 Bajazitem
1679 367 1747 393 rnis‘

967 421 1004 440 ste
1031 413 1060 440 fit
1088 412 1205 439 mentio.
1223 411 1366 446 Significat
1381 418 1470 439 autem
1492 413 1638 447 laclrsogli,
1664 413 1748 439 lilium

967 458 1067 494 jacltsi,
1081 458 1122 485 vel
1140 457 1299 484 laclrsitlem.
1319 458 1350 484 Et
1367 457 1442 484 latzhs
1454 457 1573 485 Turcica
1602 458 1692 492 lingua
1708 458 1747 485 si-

967 504 1077 538 gniﬁcat
1095 503 1233 530 hominem
1249 503 1332 529 rebus
1351 502 1479 528 omnibus
1494 502 1644 536 elegantem
1660 506 1687 528 et
1701 509 1751 527 au-
1771 508 1775 511 '

968 551 1065 581 licunt,
1081 549 1154 584 quod
1170 557 1185 576 a
1207 548 1304 576 Turcis
1317 549 1341 576 ei
1364 549 1479 575 fortasse
1499 555 1649 582 cognomen
1677 553 1752 577 tunc.

970 596 1043 623 obita
1053 603 1115 623 cum
1128 595 1208 622 lattde
1226 595 1370 629 legatione,
1391 594 1441 621 fuit
1463 595 1590 622 inditum.
1609 593 1682 621 Fieri
1712 596 1754 619 ta—

972 649 1034 669 men
1045 641 1126 668 etiam
1151 645 1250 675 potest,
1264 644 1293 667 trt
1312 641 1401 675 potius
1419 641 1470 668 ltoe
1496 641 1650 668 lachschitz
1671 639 1756 674 origi-

974 686 1016 714 nis
1028 686 1063 713 sit
1075 686 1227 721 llngaricae.

975 755 1036 782 l65.
1053 754 1131 787 Areb,
1148 755 1247 781 Arabia
1260 773 1267 784 .
1287 763 1334 789 pro
1361 756 1469 790 imperio
1491 755 1589 782 sutiani
1612 755 1757 788 Cairensis,

981 826 987 832 _
1010 790 1242 860 zzzt'zzgingani,
1258 790 1382 824 ngtmr',
1397 791 1518 817 :ultanur
1538 790 1694 824 Ait/tropum
1706 790 1760 817 Pa-

146 883 209 911 qrros
227 873 347 901 Munzari
363 879 429 899 voce
446 871 578 897 Cedrinus
598 869 626 896 in
642 867 859 902 Paralipomenis
877 873 924 893 tro-
937 856 961 885 Β
1012 856 1079 909 CIL“
1097 881 1183 908 Annal
1307 881 1312 886 .
1456 881 1462 887 .
1499 882 1504 888 .
1585 882 1592 888 ,
1703 883 1708 889 _

1184 888 1213 908 es
1225 886 1373 908 exercitum
1383 889 1397 908 a
1416 881 1537 911 anaztle
1557 889 1671 910 nussum
1684 889 1708 909 ar

1184 888 1213 908 es
1225 881 1373 908 exercitum
1383 889 1397 908 a
1416 881 1537 915 anazile
1557 882 1671 910 missum
1684 883 1762 910 aiunt

146 923 206 950 stris
223 920 424 955 complectitur,
437 922 501 944 tunc
513 915 644 951 temporis
660 920 737 942 erant
752 914 778 940 hi
795 921 803 941 :
827 918 921 939 versus

149 969 251 999 Syriam
268 966 375 993 sultano
392 963 514 991 Cnirensi
531 965 683 996 parentem,
696 959 837 990 Bcrrhma,
855 964 928 984 nune

147 1015 245 1049 Chalep
259 1013 300 1040 vel
319 1011 402 1046 llalep
413 1009 522 1042 Turcis,
539 1007 643 1036 nostris
669 1007 772 1041 llalepo
790 1015 798 1033 :
829 1011 929 1032 versus

148 1061 288 1095 inrperium
307 1058 408 1086 Persici
430 1056 472 1084 vel
496 1055 611 1090 Soplrini
627 1053 711 1088 regis,
728 1051 857 1079 Armenia
879 1051 929 1077 mi-

151 1116 225 1135 nor:
256 1113 354 1134 versus
394 1103 537 1137 imperium
578 1100 732 1129 Osmanidae
775 1098 929 1134 principis,

149 1154 254 1182 Amasis
273 1161 280 1179 :
308 1158 404 1178 versus
434 1149 637 1180 Caramaniam,
651 1146 745 1174 Adana
768 1149 795 1172 et
817 1144 928 1171 Tarsus.

149 1198 355 1232 Aladeulesipse
364 1191 554 1224 Turcomanus
567 1199 625 1222 erat
635 1193 771 1228 princeps,
783 1198 836 1218 non
853 1189 932 1217 Cirri-

150 1247 264 1278 stianus,
286 1250 316 1271 ut
346 1244 427 1271 etiam
456 1241 652 1269 Malatestanus
683 1238 822 1266 actuarius
848 1240 932 1264 testa-

151 1298 204 1318 tum
227 1290 346 1324 reliquit.
361 1288 461 1315 Daudis
474 1294 574 1314 nomen
587 1284 686 1312 Turcis
699 1283 770 1310 idem
787 1287 840 1314 est,
859 1280 931 1316 quod

151 1337 271 1364 Hebraeis
287 1335 382 1362 David.
404 1332 557 1360 Nicolaides
581 1331 727 1365 depravare
746 1328 843 1356 scribit
855 1327 931 1353 Daat.

151 1383 261 1417 Magnus
272 1385 298 1408 ct
312 1379 428 1407 celebris
444 1378 514 1413 apud
545 1384 610 1404 suos
644 1375 706 1407 fuit,
732 1375 777 1409 qui
795 1373 932 1401 Constan-

152 1429 262 1462 tinopoli
275 1426 426 1457 rnessitam,
439 1425 573 1458 hodieque
589 1428 691 1450 sariam
716 1426 824 1451 tectam,
836 1417 936 1446 struxit

151 1481 177 1503 et
197 1476 253 1502 lilio
273 1481 323 1502 suo
352 1472 451 1500 sultarri
481 1469 609 1504 Bajazitis
649 1469 711 1495 lilia:
734 1466 844 1501 nuptias
872 1472 937 1499 pro-

152 1522 260 1549 meruit.
301 1519 338 1546 De
373 1517 491 1545 V'arsaco
521 1515 691 1543 Caramania:
717 1513 818 1540 dictum
847 1511 937 1545 capite

153 1573 276 1596 notarum
288 1566 332 1594 7'1.
346 1565 411 1591 Erat
425 1562 470 1591 illa
479 1569 544 1590 tunc
555 1561 675 1595 quidem,
687 1564 747 1595 post
759 1559 861 1586 obitum
877 1557 935 1584 Ca—

153 1615 228 1643 sanis
246 1613 317 1648 begi,
331 1619 411 1647 quem
426 1618 507 1645 supra
525 1609 613 1643 capite
626 1606 688 1638 l59,
706 1606 825 1632 diximus
848 1612 862 1631 e
882 1603 935 1631 Ca-

154 1661 354 1689 ramanitlarurn
373 1657 474 1684 familia
490 1655 573 1682 luisse
587 1658 765 1688 postremum,
778 1651 804 1676 in
820 1649 935 1676 formam

151 1707 262 1734 redacta
284 1702 430 1738 provincias
450 1701 490 1727 vel
502 1699 717 1734 beglerbcgatus,
735 1701 764 1722 ut
786 1694 870 1721 Turci
888 1700 938 1720 vo-

153 1757 229 1784 cant,
246 1751 292 1786 qui
319 1750 434 1785 pritnurrt
451 1745 622 1774 Caratnaniu‘.
646 1743 835 1776 beglerbegum
855 1740 939 1767 Cara-

154 1807 248 1835 gosarn
274 1799 325 1825 hoc
356 1798 415 1831 ipso
445 1794 516 1821 bello
541 1791 683 1819 norninant
711 1797 718 1816 :
744 1787 792 1815 sed
822 1786 939 1813 habebat

154 1846 289 1882 quosdam
311 1844 399 1871 adhuc
415 1843 552 1869 minorum
573 1837 695 1873 gentium
719 1841 855 1870 proeeres,
878 1832 939 1866 qni-

157 1878 293 1921 liushaud
323 1889 404 1917 dubie
437 1886 554 1914 necdum
577 1882 787 1918 Osnranidarum
816 1878 941 1913 placebat

156 1937 314 1973 irrrperium,
333 1935 395 1962 licet.
408 1933 529 1967 ejusdem
551 1929 669 1958 nationis
683 1930 775 1954 essent
805 1923 941 1958 ejusdem-

156 1992 212 2019 que
225 1988 314 2010 sectz.
333 1981 532 2015 Turgutensem
554 1977 692 2012 regionem
713 1981 728 2000 a
739 1971 836 1999 Turcis
853 1969 942 1997 nomi-

157 2030 218 2057 nari
233 2027 377 2063 Phrygiam
398 2025 539 2060 majorem,
552 2029 604 2055 qua
617 2027 714 2048 versus
741 2017 863 2046 Ciliciam
883 2022 943 2049 per—

159 2079 238 2108 tinet,
254 2062 423 2102 eerannico
437 2075 533 2106 paret:
551 2069 596 2104 qui
610 2067 689 2101 primi
717 2063 846 2099 Bajazitis
860 2062 941 2088 \itam

157 2122 330 2151 describens,
345 2118 492 2152 Turgetum
507 2114 633 2149 Phrygiae
649 2113 746 2140 ducem
766 2109 899 2138 nominat,
918 2110 946 2132 ct

159 2174 255 2203 postea
272 2164 426 2199 Turgatnrii
446 2162 479 2189 de
496 2164 575 2196 gente
589 2159 749 2194 principem.
775 2156 880 2182 llursus
897 2160 946 2179 au-

979 935 1073 955 versus
1086 927 1224 957 Arabiam,
1241 927 1407 962 intelligendi
1422 932 1486 955 sunt
1510 928 1577 956 fines
1591 933 1640 956 aut
1660 928 1762 956 limites

979 973 1085 1008 imperii
1096 972 1235 1004 sultaniei,
1252 972 1326 1006 quod
1349 972 1454 1007 Syriam
1471 973 1640 1001 Cararnanite
1654 980 1762 1002 conter-

980 1019 1093 1050 minam,
1111 1026 1171 1053 quze
1187 1024 1250 1045 tunc
1266 1018 1292 1044 in
1312 1018 1523 1045 Osmanidarunt
1538 1024 1698 1054 potestatem
1715 1028 1761 1048 ve-

980 1071 1067 1096 nerat,
1088 1070 1115 1092 et
1127 1064 1273 1099 Egyptum
1288 1065 1471 1100 Arabiamque
1493 1066 1702 1100 complectatur.
1716 1067 1762 1095 Sic

981 1112 1006 1139 in
1022 1111 1055 1138 iis
1068 1118 1128 1146 quas
1142 1115 1305 1145 sequuntur,
1324 1111 1401 1138 initio
1417 1112 1492 1146 regni
1515 1111 1625 1139 Selimis
1635 1113 1762 1141 srrltanus

982 1157 1137 1187 Aclunetes,
1152 1156 1211 1189 ejus
1226 1155 1321 1186 frater.
1334 1157 1366 1182 ad
1380 1156 1447 1183 lines
1463 1157 1595 1185 Arabicos
1609 1159 1765 1193 profugisse

983 1208 1121 1233 narratur,
1149 1204 1199 1230 hoc
1224 1207 1275 1235 est,
1294 1203 1327 1230 ad
1351 1203 1453 1230 limites
1487 1203 1592 1237 imperii
1623 1205 1765 1238 sultaniui,

983 1250 1139 1285 Egyptiaci
1164 1249 1333 1285 Syriaeique.
1365 1249 1471 1278 llursus
1501 1250 1528 1277 in
1551 1252 1646 1278 eodem
1666 1249 1766 1279 Selirne

985 1296 1135 1323 traduntur
1158 1296 1273 1326 Arabes,
1303 1294 1390 1330 quiet
1417 1295 1562 1330 Ethiopes
1586 1296 1652 1328 sint,
1671 1296 1768 1324 itinera

986 1341 1098 1376 fugienti
1108 1341 1217 1369 sultano
1228 1340 1416 1368 Tornmambai
1431 1342 1612 1376 praeclusisse.
1629 1341 1688 1374 Quo
1703 1341 1770 1369 Ara-

986 1387 1050 1415 bum
1069 1386 1285 1421 Ethiopumque
1300 1387 1358 1413 sive
1371 1386 1540 1419 Maurorum=
1555 1387 1607 1415 hoc
1619 1391 1662 1414 est
1679 1388 1769 1422 nigro-

988 1441 1048 1461 rum
1066 1433 1174 1461 sultano
1200 1433 1324 1460 Cairensi
1349 1433 1503 1468 parentium
1535 1433 1655 1469 nomine,
1687 1435 1772 1462 lector

988 1480 1056 1508 alios
1072 1487 1127 1508 nort
1138 1479 1266 1514 accipiat.
1278 1487 1359 1514 quam
1372 1480 1446 1514 ipsos
1458 1479 1600 1514 [Egyptios
1609 1481 1655 1515 qui
1669 1484 1696 1507 et
1705 1481 1772 1508 Ara-

950 1531 972 1561 c
990 1529 1049 1560 bes,
1065 1532 1093 1556 et
1103 1535 1176 1555 nunc
1190 1527 1273 1554 etiam
1286 1526 1430 1561 Etlriopes
1450 1535 1464 1554 a
1477 1528 1569 1554 colore
1588 1533 1732 1560 vocantur,
1745 1533 1772 1555 et

991 1574 1087 1609 lssingi
1104 1573 1212 1604 Turcis,
1232 1573 1335 1600 nostris
1361 1572 1472 1607 Singani
1491 1573 1532 1600 vel
1552 1572 1676 1608 Zingani,
1691 1574 1774 1601 vdea-

991 1620 1054 1648 bulo
1066 1624 1119 1647 tarn
1135 1619 1284 1652 Arabibus,
1300 1626 1381 1653 quam
1398 1618 1532 1654 Egyptiis
1546 1620 1695 1647 communi.
1714 1619 1772 1647 Non

992 1667 1064 1694 enim
1085 1666 1112 1692 lrl
1136 1664 1250 1700 Zigeuni
1273 1665 1391 1696 dicendi.
1418 1671 1466 1692 nec
1490 1664 1643 1701 Cianiganii
1670 1665 1773 1697 Tatari,

992 1711 1065 1747 quod
1077 1710 1237 1738 Reiueccius
1268 1710 1382 1744 putavit.
1398 1710 1470 1737 ldetn
1490 1711 1698 1746 Paclrynrerium
1737 1717 1776 1738 te-

993 1765 1068 1785 mere
1086 1756 1301 1792 arguiterroris,
1326 1757 1398 1790 quod
1425 1757 1451 1783 in
1486 1757 1566 1784 tertio
1588 1757 1773 1784 Bendecarem

993 1803 1150 1830 Cairensem
1178 1802 1281 1829 vocarit
1315 1800 1474 1837 Ethiopum
1504 1803 1660 1830 soltlanum.
1691 1803 1774 1830 Addit

995 1849 1080 1882 enim,
1109 1848 1161 1875 hoc
1188 1847 1221 1874 ab
1241 1854 1273 1874 eo
1306 1847 1407 1874 factum
1433 1855 1585 1882 perperam.
1621 1847 1679 1875 lrrro
1704 1854 1778 1875 recte

996 1895 1102 1922 locutus
1124 1899 1166 1921 est
1180 1893 1395 1928 Pachymerius,
1427 1901 1488 1920 cum
1517 1893 1661 1929 Egyptios
1699 1899 1778 1922 vocat

996 1940 1152 1975 (Ethiopa‘s,
1175 1939 1220 1975 qui
1241 1946 1336 1966 revera
1353 1938 1422 1966 faeie
1447 1939 1570 1966 colorata
1602 1944 1676 1966 sunt.
1698 1939 1775 1974 Cepit

996 1988 1069 2015 enim
1080 1994 1180 2013 nomen
1206 1985 1366 2020 Ethiopum
1385 1985 1484 2012 veteris
1503 1984 1600 2018 lingure
1613 1984 1776 2012 Graeczelata

998 2033 1204 2068 signiﬁcatione,
1217 2032 1288 2059 sicut
1299 2032 1379 2058 hodie
1389 2030 1476 2058 Gnaei
1487 2030 1607 2063 Mauros,
1619 2032 1691 2058 unde
1708 2031 1774 2058 Mori

1000 2080 1097 2109 nostri,
1127 2079 1219 2114 nigros
1241 2079 1267 2105 in
1283 2085 1383 2112 genere
1403 2077 1496 2104 dicunt
1519 2077 1576 2104 sive
1593 2077 1648 2104 sint
1664 2077 1779 2109 Arabes,

1000 2125 1042 2153 vel
1063 2125 1192 2160 Egyptii.
1210 2125 1252 2151 vel
1276 2124 1348 2156 Afri,
1375 2123 1417 2151 vel
1433 2122 1577 2157 Ethiopes
1609 2122 1646 2149 illi
1673 2123 1782 2157 proprie

1002 2173 1040 2200 sie
1055 2172 1191 2206 appellati.
1203 2171 1282 2206 Αθι
1297 2170 1416 2205 Denique
1424 2169 1601 2197 doctissimus
1611 2169 1780 2200 Eustathius,

160 2220 216 2240 w'“
231 2221 257 2239 ¹¹¹
276 2211 381 2238 “unm
397 2209 524 2236 δεδωάο
542 2215 548 2234 ³
567 2205 748 2252 cumnam?
766 2205 866 2252 mquf
880 2206 945 2225 "ei-
963 2216 984 2244 Ι)
999 2223 1025 2245 et
1035 2219 1173 2252 antiqtrior
1190 2205 1420 2251 hueiSteplrarrus,
1437 2217 1544 2243 urbium
1573 2215 1783 2242 nomenclator-is

160 2268 215 2288 nus
237 2264 278 2286 est
295 2258 434 2292 Turgutas.
461 2254 598 2288 Turgutes
613 2255 703 2278 autem
721 2247 844 2283 Phrygia).
859 2246 942 2278 impe-

161 2312 216 2339 rat,
232 2312 257 2333 et
267 2302 464 2339 Cappadociam
475 2299 688 2332 Armeniarnque
698 2295 774 2330 regio
789 2294 848 2328 ejus
863 2291 947 2318 attin-

162 2338 213 2388 git.
229 2338 334 2384 Quibus
353 2349 379 2375 in
394 2347 496 2378 verbis,
519 2346 570 2372 nisi
586 2344 692 2378 Turgut
708 2349 724 2369 a
748 2339 887 2374 Dulgadir,
915 2338 948 2365 ab

163 2385 233 2433 ipsis
258 2398 340 2424 etiam
366 2393 464 2421 Turcis
484 2392 719 2426 distingueretur,
753 2385 948 2422 propemodum

163 2431 229 2478 quis
242 2443 371 2477 ejuraret,
392 2439 497 2466 nullum
517 2444 577 2465 esse
592 2435 740 2463 discrimen
765 2434 836 2460 inter
847 2431 952 2466 Turga-

164 2477 230 2517 trurii
250 2495 361 2520 nomen,
373 2491 399 2513 et
415 2485 552 2518 Dulgadir.
569 2482 621 2510 Sed
641 2479 830 2515 suspendenda
849 2477 952 2505 scilicet

165 2534 314 2566 sententia,
331 2533 417 2560 detrec
432 2530 583 2558 correctior
599 2536 628 2556 se
641 2527 719 2554 nobis
737 2525 849 2553 Laonici
866 2523 953 2550 codex

165 2580 276 2608 oﬂ‘erat.
292 2579 359 2606 Nota
373 2577 482 2612 quidem
508 2580 550 2602 est
568 2573 731 2609 permutatio
751 2573 902 2597 litterarum
918 2567 952 2595 Ρι.

165 2633 194 2654 et
209 2625 229 2652 L
244 2624 382 2660 frequens,
400 2622 438 2650 uti
456 2629 518 2650 cum
532 2619 672 2656 phulkizin
690 2618 776 2645 Graeci
799 2624 848 2652 pro
868 2616 954 2650 pitur-

166 2672 244 2700 kizin
262 2671 366 2702 dicunt,
387 2669 413 2696 id
429 2673 470 2696 est
485 2668 511 2695 in
524 2667 629 2694 furcam
651 2669 742 2700 agere.

341 2726 402 2754 161.
427 2724 632 2754 laenam/ticius,
654 2719 797 2755 Iacltsugli.

208 2775 295 2808 Quem
312 2780 372 2805 nos,
386 2772 562 2805 interpretem
578 2768 693 2796 Cwsaris
711 2763 878 2793 Ferdinandi
895 2762 956 2798 Spi-

171 2822 258 2857 glium
287 2819 384 2851 secuti,
414 2816 642 2845 laclrnschitzium
673 2814 801 2844 diximus,
836 2818 899 2837 eum
930 2809 957 2835 in

172 2870 235 2903 ipso
263 2865 407 2893 Annalium
434 2862 581 2896 archetypo
610 2859 773 2894 lachsoglim
809 2855 956 2892 nominari.

337 2915 473 2944 Pnnos.
498 2911 554 2940 Gtt.
579 2905 679 2938 CLlX.

1001 2270 1107 2295 auctor,
1123 2263 1270 2298 IEgyptum
1299 2263 1443 2297 perhibent
1464 2262 1631 2296 Ethiopiam
1648 2265 1783 2292 vocatam,

1002 2315 1111 2346 propter
1128 2311 1280 2337 habitantes
1311 2311 1337 2336 in
1352 2316 1384 2335 ea
1402 2309 1495 2342 nigros
1511 2307 1648 2334 homines.

1109 2377 1168 2405 166.
1183 2376 1276 2404 Generi
1289 2376 1421 2410 Bajazr'tr's
1444 2379 1495 2402 tres
1511 2373 1590 2401 simul
1603 2374 1677 2409 facti.

1041 2436 1162 2462 Diximus
1179 2434 1269 2470 capite
1285 2438 1411 2461 notarum
1431 2432 1479 2460 161
1501 2432 1535 2459 de
1549 2431 1658 2459 duobus
1673 2431 1784 2467 generis

1005 2482 1107 2510 sullani
1124 2481 1261 2516 Bajazitis,
1280 2480 1314 2507 de
1331 2479 1448 2506 Fcrhate
1460 2485 1475 2505 a
1490 2477 1648 2505 Mametucis
1662 2505 1666 2509 ,
1678 2477 1784 2509 occiso,

1005 2533 1032 2555 et
1050 2526 1209 2561 Herzecogli
1224 2527 1257 2552 ab
1273 2526 1367 2552 iisdem
1387 2528 1478 2558 capto.
1491 2522 1570 2550 Nunc
1585 2527 1640 2551 tres
1657 2522 1703 2550 alii
1714 2529 1788 2550 eom~

1006 2578 1214 2605 memorantur,
1231 2571 1333 2598 eisdem
1353 2571 1471 2598 ﬁliarum
1498 2570 1608 2605 nuptias
1634 2569 1788 2598 consecuti.

1005 2622 1114 2650 Primus
1127 2620 1224 2647 horum
1245 2618 1318 2646 ﬁlius
1341 2617 1556 2645 Usumcbasanis
1574 2616 1735 2651 appellatur,
1760 2620 1789 2642 et

1006 2667 1088 2703 paulo
1104 2671 1176 2701 post,
1200 2665 1316 2699 Jacupes
1345 2664 1430 2698 begus
1448 2673 1456 2691 :
1473 2663 1519 2698 qui
1531 2662 1704 2697 expeditione
1725 2661 1790 2687 anni

1008 2713 1124 2748 proximi
1141 2715 1236 2739 contra
1251 2711 1363 2738 eosdem
1388 2710 1556 2737 Mamulecos
1585 2708 1678 2743 periit.
1702 2706 1790 2736 Alter.

1010 2761 1133 2796 Usgurlis
1148 2768 1181 2788 ex
1199 2760 1252 2786 lilio
1270 2766 1366 2793 nepos.
1396 2757 1534 2785 Fortassis
1547 2761 1637 2784 autem
1664 2754 1793 2790 Usgurlei

1010 2808 1055 2835 hic
1073 2807 1143 2834 idem
1161 2810 1203 2833 cst
1221 2804 1399 2840 curnUsgure
1413 2805 1491 2838 bego,
1509 2803 1586 2837 cujus
1598 2809 1680 2836 supra
1693 2802 1793 2828 mentio

1012 2856 1052 2888 lit,
1070 2847 1131 2881 ante
1146 2852 1270 2887 prmlium
1304 2850 1476 2879 Cosovanurn
1495 2849 1657 2878 secundum,
1676 2847 1727 2874 sub
1744 2854 1794 2874 arr-

1599 2893 1634 2924 27
