1963 3067
181 119 235 151 813

781 117 945 148 JOANNIS
966 116 1201 147 LEUNCLAVll

1757 113 1810 144 8N

183 186 248 206 num
264 177 452 205 Christianum
472 177 548 204 HAS.
566 155 684 208 lenius,
697 176 799 203 Daudis
814 175 865 203 fuit
878 177 966 204 bassm
981 180 1002 208 Α
1017 177 1147 208 Wollius.
1177 175 1277 203 alicubi
1296 184 1345 209 pro
1368 175 1516 203 eversione
1546 173 1710 208 Seopiorutn
1743 173 1811 200 dixit

184 225 269 256 ﬁlius,
286 225 382 259 dequo
398 223 491 251 Daudo
506 223 586 258 paulo
601 223 789 255 antcdictnm,
802 223 893 256 capite
905 222 968 250 165.

187 271 321 297 Caeterum
339 269 427 297 obiter
443 269 494 295 hoc
506 275 616 303 quoque
635 267 796 299 notandum,
811 267 970 294 necessario

183 315 269 342 fuisse
281 316 351 343 duos
368 314 567 342 Usuniehasaui
581 314 654 341 lilios
681 313 803 348 Jacupcs
820 322 827 341 :
848 321 968 348 quorum

182 362 249 388 alter
268 362 395 396 Bajazilis
425 369 546 395 uenena
577 360 735 388 Mantehtcis
765 367 853 387 caesus
883 359 970 387 fuisse

183 413 331 439 narratur;
348 408 418 434 alter
432 407 457 434 in
475 415 557 441 regno
587 407 656 441 patri
672 406 819 439 successit,
837 411 866 433 ut
881 414 966 440 appa-

181 454 249 480 rubii
261 462 291 480 ex
314 454 346 480 iis
359 462 419 488 qum
439 454 528 488 capite
542 450 592 480 [88
605 459 768 489 sequentur.

251 509 312 536 167.
337 509 456 536 Laremle
473 509 653 542 Garamanta},
669 510 722 536 sire
744 509 879 536 Laranda.

215 568 280 600 Quae
294 572 371 601 capta
387 567 437 594 fuit
453 575 466 593 a
481 567 639 595 lllatnelucis
652 568 785 600 Larentle,
798 569 969 596 Cbalcocon-

180 614 234 649 dyli
251 613 373 640 Laranda
392 614 531 646 scribitur,
551 622 613 641 cum
642 615 690 644 ait.
712 614 843 641 Muralem
869 623 968 642 secun-

181 662 243 688 dum
264 661 334 688 bello
348 662 460 697 petiisse
488 662 672 688 Caralitanum
693 660 854 700 Aliderinnt,
881 661 969 688 Caria:

181 710 287 738 ducem,
304 708 385 742 cujus
405 708 466 735 dua:
483 712 548 734 sunt
562 708 656 739 urbes,
683 708 807 734 Laranda
832 712 860 735 et
881 708 968 734 Τορο-

180 755 282 783 neiutn.
303 762 351 789 pro
367 762 421 789 quo
441 754 565 781 lconium
593 754 781 787 reponendum
809 755 967 782 docuimus.

181 800 234 827 Leo
251 801 364 836 Sapiens
378 802 518 836 Augustus
533 802 560 828 in
572 800 682 829 Novella
704 802 738 829 de
751 802 883 834 Thronis,
916 802 968 829 Lar

181 845 482 880 randoruut(sicenim
515 852 594 873 vocat
626 854 741 874 numero
772 847 968 882 multitudinis)

179 892 368 927 episcopatum
383 901 436 920 non
459 893 485 920 iit
510 893 589 920 Caria
610 894 796 925 collocat,sed
813 894 838 920 itt
864 894 968 929 Lycao-

181 939 300 971 nia,sub
321 941 530 974 metropolitano
554 940 702 972 lconiensi,
736 941 808 974 quod
839 941 966 975 cqttidem

180 985 269 1019 magis
284 986 381 1020 probo.
398 986 473 1013 Nunc
502 994 610 1021 quoque
640 986 767 1015 Laranda
797 987 966 1019 nominatur,

179 1034 205 1056 et
219 1031 244 1057 in
255 1030 366 1058 Natolite
378 1031 468 1058 tabula
481 1040 534 1058 non
548 1032 641 1066 procul
657 1039 671 1058 a
683 1032 774 1067 Cogita
787 1033 966 1067 conspicitur,

180 1077 206 1103 in
216 1077 385 1104 Garamante
403 1078 463 1105 sive
492 1079 593 1106 (Iilici:e
611 1078 830 1106 mediterraneis.
843 1079 879 1106 De
911 1079 967 1106 Gtt-

180 1123 308 1155 tnulzina,
322 1131 381 1158 cap.
395 1124 440 1155 45,
460 1124 493 1150 de
509 1124 607 1159 Ypsala
623 1125 668 1159 51,
683 1125 797 1153 dictum.

179 1179 239 1208 168.
258 1180 316 1208 Pax
340 1181 410 1208 inter
434 1181 582 1208 sultaninor
614 1187 639 1209 et
658 1182 829 1216 Osmam‘das,
845 1183 967 1212 Moti/tia:

429 1218 496 1252 regis
517 1216 619 1253 Ungori
636 1226 717 1244 mors.

212 1273 289 1306 Quo'l
299 1273 601 1301 suitanusAlcaircnsis
616 1273 642 1300 in
658 1275 846 1303 transactione
859 1276 965 1310 Bajazi-

177 1320 197 1346 ti
220 1319 335 1346 Tarsum
352 1324 378 1347 et
394 1320 489 1347 Adaua
503 1319 658 1347 restituisse
672 1320 783 1354 dicitur,
794 1323 887 1351 verius
903 1330 966 1352 esse

179 1371 254 1399 puto,
276 1374 357 1400 qttatu
372 1366 445 1401 qttod
466 1365 616 1394 lilalatestre
646 1367 811 1397 secreuit-ius
821 1368 870 1401 ait,
886 1368 967 1402 Baja.

179 1413 259 1439 Iitcm
276 1412 388 1439 soldano
407 1412 501 1439 Adaua
516 1411 687 1447 Tarsumquo
719 1413 881 1443 reddidisse.
898 1415 965 1443 Nam

179 1459 235 1485 haec
248 1458 347 1492 oppida
364 1458 471 1486 Cilicia:
493 1462 569 1491 sttnt,
587 1458 644 1485 sive
671 1459 850 1492 Carautaniue,
884 1469 964 1497 quam

178 1504 424 1531 Caramanidarum
459 1506 595 1532 exstincta
629 1504 732 1532 familia
754 1506 901 1542 Bajazites,
938 1513 967 1536 ut

174 1555 258 1579 antea
272 1551 387 1584 dictum.
402 1551 452 1578 sibi
470 1551 674 1580 vindicaverat.
693 1552 854 1582 Postremus
880 1554 964 1583 etiam
978 1554 999 1583 C

178 1597 332 1625 sultaninos
345 1597 439 1624 Adana
455 1598 573 1633 cepisse,
587 1598 668 1633 paulo
685 1604 749 1627 ante
765 1600 891 1638 legimus.
907 1601 965 1630 Itav

177 1651 231 1679 quc
246 1643 352 1671 reddita
372 1644 465 1680 potius
484 1644 518 1671 ab
535 1645 577 1672 his
596 1645 694 1673 civitas
713 1645 825 1680 Bajaziti
840 1646 902 1680 fuit,
917 1647 965 1684 qui

176 1697 238 1718 eam
253 1698 313 1717 eum
339 1688 436 1723 Tarso,
461 1698 510 1718 ceu
524 1690 697 1721 Caratnauia:
715 1692 847 1724 membra.
864 1699 966 1729 repete-

176 1737 232 1765 bat.
245 1736 361 1766 Nomine
370 1738 466 1767 deinde
480 1739 578 1767 mortui
593 1739 663 1774 regis
681 1737 815 1775 Ungarire.
831 1739 965 1771 Matthiae

178 1785 352 1820 intelligitur,
365 1783 481 1812 Joattnis
513 1785 649 1813 Huniadis
665 1786 765 1815 titius:
795 1787 964 1818 successoris

177 1835 278 1864 autem,
299 1831 452 1859 Vladisiaus
465 1831 599 1865 Polonus,
630 1832 759 1862 Casituiri
787 1831 965 1876 Jagqllooida

176 1877 340 1905 Polonorum
362 1878 433 1913 regis
449 1877 531 1911 illius,
545 1883 621 1912 pater
638 1879 699 1915 ejus
718 1878 851 1908 Ludovici
880 1881 963 1916 regis,

176 1924 222 1958 qui
239 1924 273 1951 ad
286 1923 448 1952 Multatzium
464 1932 552 1954 caesus
568 1932 583 1954 a
597 1925 709 1955 sultano
734 1926 961 1963 Soleimane.ju-

177 1971 253 1998 venis
266 1971 414 2000 admodum
430 1973 524 2007 periit.

179 2026 238 2055 I69.
251 2027 385 2062 Bajaziter
398 2027 544 2066 (Iugarium
557 2038 609 2066 non
624 2030 704 2058 audet
712 2031 826 2066 ingredi,
839 2030 964 2066 Uuopia,

413 2063 559 2097 Mamult'r,
582 2065 716 2094 Morietur.

210 2120 274 2148 llaec
288 2120 322 2148 de
336 2128 405 2149 vano
414 2121 540 2156 Bajazitis
554 2127 653 2150 conatu
669 2122 828 2151 invadendae
842 2123 966 2159 Ungariae

167 2171 269 2210 ‘narrat
279 2167 363 2195 etiam
375 2167 528 2201 Bonftnius,
552 2173 579 2195 et
599 2169 733 2196 accidisse
749 2170 831 2198 refert
846 2179 860 2198 a
880 2177 966 2199 morte

1021 231 1132 251 eversas
1147 222 1285 258 speculas.
1307 222 1520 250 lteccutioribus
1538 220 1703 256 geographis
1730 219 1810 253 Scopi

1021 268 1163 295 scribitur.
1181 268 1325 295 Manastiri
1353 268 1466 295 nomine
1492 274 1546 295 non
1570 267 1616 293 hic
1647 266 1812 300 intelligitur

1022 316 1100 343 locus
1116 315 1172 346 ille.
1189 315 1223 341 de
1236 322 1291 350 quo
1310 322 1391 348 supra
1410 314 1518 341 dictum
1536 313 1626 348 capite
1634 312 1680 344 Η.
1696 312 1767 340 situs
1783 312 1811 338 in

1021 362 1150 389 conﬁniis
1178 361 1314 392 Thraciae.
1346 361 1558 395 Thessaliaeque,
1594 359 1642 387 sed
1674 362 1812 385 monaste~

1023 409 1093 435 rium
1121 409 1267 441 penitioris
1289 407 1468 440 Macedoniae,
1496 413 1594 434 versus
1625 405 1737 440 Epirum
1768 403 1811 430 vel

1022 455 1180 486 Albaniam,
1196 455 1269 489 quod
1291 454 1426 481 moncstir
1442 461 1456 481 a
1485 452 1615 480 Castaldo
1644 451 1808 486 appellatur.

1022 501 1110 534 Huius
1120 501 1147 527 in
1160 500 1302 527 Albaniaut
1313 499 1497 534 expeditionis
1520 498 1673 533 liajaliticae
1687 496 1812 524 meminit

1021 551 1049 573 et
1066 545 1219 578 Bonlinius,
1236 546 1282 580 qui
1295 545 1363 572 dicit
1375 553 1436 571 ctttn
1453 543 1605 579 profectum
1622 548 1719 570 contra
1735 551 1813 568 tuon-

1022 596 1101 619 tanos
1117 592 1381 625 Albanenses.quos
1415 590 1614 624 Spanduginus
1643 588 1812 615 Cimariotas

1020 638 1101 670 dixit,
1117 637 1154 664 'ab
1168 638 1269 672 oppido
1287 643 1432 672 menteque
1449 638 1590 669 Cltimara,
1609 638 1641 663 de
1658 643 1713 671 quo
1732 635 1812 662 dein~

1020 691 1085 718 eeps
1103 683 1186 711 latius
1202 684 1229 709 in
1243 684 1296 709 vita
1312 682 1415 710 sultani
1435 681 1615 709 Soleimanis.

1021 741 1082 768 170.
1100 742 1232 769 Italasne:
1242 750 1257 768 a
1273 742 1400 768 monacho
1425 739 1535 766 Ταιτὶεο
1549 748 1621 774 ptrue
1631 739 1683 774 fuit
1697 740 1809 766 occisus.

1055 799 1132 833 Quod
1153 801 1197 827 hic
1212 800 1245 827 de
1259 800 1381 834 periculo
1393 799 1522 833 Bajuzitis
1535 819 1542 831 ,
1570 799 1766 834 propemodum
1795 805 1811 824 a

1021 845 1142 873 dervisio
1161 846 1279 881 qttodam
1292 846 1349 873 sive
1374 846 1509 873 monacho
1525 845 1642 872 Turcico
1659 843 1808 880 interfecti,

1022 896 1160 924 narratur,
1179 893 1236 920 fere
1259 893 1372 920 totidem
1399 892 1490 921 verbis
1503 900 1518 919 a
1533 891 1711 927 Spandugino
1739 898 1807 926 quo-

1023 947 1075 974 qtte
1089 939 1229 967 mctnorize
1247 940 1382 974 proditum
1409 940 1519 975 legitur,
1546 946 1607 974 qua:
1632 939 1808 972 interpretari

1023 985 1108 1018 lubet,
1124 989 1154 1013 ιιι
1168 986 1350 1020 expositionis
1378 992 1533 1013 consensus
1551 988 1693 1019 appareat.
1710 983 1809 1011 Torla-

1022 1039 1079 1064 ces,
1096 1032 1143 1064 ait,
1159 1032 1268 1068 quidam
1284 1031 1467 1066 inlittjazilem
1481 1031 1571 1063 irruit,
1593 1030 1727 1060 simulans
1737 1029 1809 1057 clee-

1022 1085 1165 1114 Inosynam
1181 1079 1215 1106 ab
1234 1086 1267 1106 eo
1281 1086 1311 1106 se
1327 1085 1430 1113 petere.
1448 1076 1540 1106 Solent
1558 1081 1650 1104 atttcm
1676 1077 1747 1104 hanc
1761 1076 1807 1103 Dei

1022 1125 1132 1152 nomine
1146 1128 1280 1160 petentes,
1294 1123 1457 1151 Alluhitschi
1473 1123 1574 1152 dicere.
1587 1122 1653 1151 Cum
1670 1123 1808 1151 acinacem

1021 1171 1190 1202 strinxisset,
1216 1177 1297 1206 quem
1327 1169 1378 1197 sub
1413 1168 1485 1195 liltro
1513 1167 1647 1204 gestabat,
1677 1165 1812 1194 exterruit

1021 1224 1134 1251 equum,
1149 1216 1194 1244 cui
1211 1215 1344 1250 Bajazitcs
1372 1214 1522 1243 insidebat.
1551 1213 1670 1248 Ideoque
1697 1212 1811 1239 cedente

1021 1254 1093 1291 retro
1109 1262 1235 1297 Bajazitis
1258 1269 1339 1296 equo,
1369 1261 1494 1291 nonnihil
1526 1260 1644 1290 cvitatus
1663 1259 1714 1286 l’uit
1740 1258 1811 1285 ictus

1021 1309 1140 1337 hominis
1154 1309 1236 1345 462
1252 1317 1258 1336 :
1273 1316 1306 1336 ac
1332 1309 1419 1336 nihilo
1438 1314 1528 1336 tamen
1555 1308 1645 1335 minus
1675 1306 1810 1341 liajazites

1020 1356 1119 1383 vulnus
1134 1356 1247 1391 accepit.
1266 1355 1335 1383 Tum
1349 1363 1414 1384 vero
1442 1356 1521 1383 bassa
1542 1355 1666 1391 quidam,
1683 1355 1727 1382 etti
1762 1361 1811 1381 no—

1020 1410 1081 1429 men
1093 1406 1152 1431 erat
1167 1402 1316 1436 Schender,
1333 1410 1453 1431 massam
1477 1403 1605 1434 ferream,
1632 1410 1714 1437 quam
1745 1402 1811 1429 bus-

1019 1448 1156 1483 doganum
1176 1453 1284 1481 vocant,
1309 1457 1417 1477 cocum
1449 1449 1550 1484 impetu
1575 1449 1659 1483 capiti
1689 1449 1809 1478 hominis

1020 1494 1141 1529 impegit,
1156 1500 1185 1522 ut
1198 1495 1293 1523 cranio
1311 1495 1460 1530 perfracto,
1484 1496 1629 1523 cerebrttm
1657 1500 1808 1523 emanaret.

1018 1540 1176 1575 Indignatus
1188 1541 1268 1575 hujus
1282 1540 1412 1569 facinoris
1428 1549 1511 1570 causa
1546 1540 1681 1578 anazites
1695 1561 1702 1574 ,
1717 1541 1810 1570 edicto

1019 1587 1168 1621 proposito,
1183 1586 1313 1615 Tot-Iaces
1338 1587 1481 1616 universos
1498 1588 1671 1623 proscripsit,
1683 1592 1710 1616 et
1728 1593 1808 1617 extra

1017 1630 1321 1667 Coastautinopolimet
1334 1632 1442 1668 imperii
1457 1633 1576 1661 sniiines
1594 1634 1686 1669 ejeeit.
1711 1635 1806 1663 Anim-

1019 1677 1138 1704 advertit
1155 1677 1241 1704 lector
1254 1678 1350 1706 eadem
1363 1679 1481 1713 narrari,
1509 1680 1563 1708 nisi
1588 1681 1660 1716 quod
1686 1681 1809 1711 Annales

1017 1723 1105 1756 aiunt.
1120 1724 1268 1752 dervisium
1278 1726 1362 1758 hunc,
1374 1729 1401 1754 et
1412 1727 1593 1757 Calenderem
1607 1729 1704 1763 fuisse,
1719 1730 1809 1765 Span—

1017 1769 1148 1805 duginns,
1167 1771 1310 1800 Torlaeom
1320 1793 1327 1805 ,
1339 1772 1475 1808 dequibus
1486 1774 1543 1810 jam
1556 1775 1700 1805 vocabulis
1714 1777 1806 1805 homi—

1016 1824 1092 1849 num.
1110 1818 1315 1852 superstitiosos
1330 1820 1465 1854 quosdam
1479 1821 1591 1853 ordines
1613 1822 1655 1853 vel
1680 1823 1806 1853 instituta

1017 1865 1180 1895 sectantium
1204 1866 1276 1901 apud
1305 1865 1424 1902 Turcos,
1444 1876 1527 1904 quant
1563 1869 1622 1898 ﬁeri
1644 1869 1808 1900 brevissime

1018 1912 1126 1946 poterit,
1145 1912 1348 1947 explicandum.

1016 1967 1077 1996 HI.
1097 1967 1210 2010 ordines
1237 1971 1427 2010 ntongchorum
1454 1981 1501 2010 seu
1533 1975 1717 2009 religiosorum
1740 1985 1807 2010 quo-

1051 2004 1173 2046 qt'nndnm
1202 2007 1271 2046 apud
1291 2006 1397 2046 furcas
1413 2016 1423 2040 ,'
1447 2004 1601 2041 Dereislar',
1619 2004 1807 2046 Celenderlar,

1053 2037 1076 2065 Η
1081 2037 1255 2075 uggiemollar
1290 2037 1430 2070 Torlacla}
1440 2052 1449 2075 ,'
1470 2037 1731 2074 Mttrltemélesbassa
1739 2037 1743 2039 η
1752 2037 1809 2075 Ve:

1051 2075 1196 2118 airazemgr
1209 2085 1224 2103 a
1240 2077 1390 2105 Dervisluro
1415 2080 1519 2115 publice
1547 2081 1698 2115 confoditur
1712 2091 1721 2115 ,'
1741 2084 1806 2118 quid

1053 2108 1145 2138 Turcis
1162 2111 1303 2139 Divammt.

1052 2168 1156 2197 Nomen
1177 2170 1377 2205 Dervislorum,
1405 2181 1476 2208 quos
1504 2174 1556 2209 ipsi
1572 2183 1687 2204 numero
1713 2176 1806 2204 mulli-

176 2213 294 2242 Matthiaa
302 2213 384 2248 regis,
396 2213 549 2242 'l‘urcorum
558 2216 682 2248 terroris,
696 2217 748 2243 sub
758 2217 864 2244 initium
886 2217 961 2252 regni
981 2229 1005 2259 ι)
1020 2216 1122 2244 tudinis
1137 2217 1274 2246 Dcrvislar
1289 2220 1437 2254 appellant,
1452 2228 1485 2248 ex
1502 2221 1554 2248 hac
1572 2222 1630 2256 ipsa
1648 2224 1807 2251 narratione

179 2260 317 2293 Vladislai,
337 2269 410 2288 anno
438 2261 597 2290 Christiano
627 2263 707 2292 H92.
736 2265 772 2292 De
800 2264 963 2299 Scopiorum

176 2307 242 2334 urbe
257 2307 383 2335 nonnihil
408 2308 549 2343 attigimus
577 2316 673 2344 supra,
708 2315 835 2338 notarum
871 2311 962 2346 capite

178 2354 236 2381 104.
253 2353 331 2382 Videt
345 2359 434 2382 autem
453 2355 537 2383 lector
546 2363 578 2383 ex
596 2355 647 2384 hoc
661 2356 720 2391 ipso
733 2357 878 2385 Annalium
892 2357 962 2391 louo,

175 2406 248 2428 recte
264 2408 306 2428 me
321 2402 470 2434 monuisse,
485 2402 606 2430 diversas
621 2410 682 2430 esse
697 2411 775 2431 voces
788 2404 964 2439 oppidorum,

177 2446 306 2482 Sophiam
315 2451 341 2474 ct
353 2447 460 2483 Scopia.
473 2448 539 2475 Nam
550 2449 675 2484 priorhic
685 2449 784 2484 Sophia
794 2451 963 2484 nominatur,

176 2493 260 2520 altera
278 2500 354 2521 more
367 2493 518 2522 Turcorum
534 2494 664 2528 Uscopia.
694 2496 790 2523 Solent
806 2497 880 2524 enim
911 2505 961 2525 vo-

177 2536 282 2564 cabulis
298 2545 312 2563 a
323 2539 431 2572 gemina
451 2545 622 2568 consonante
645 2541 843 2576 incipientibus
859 2551 965 2579 priapo—

177 2590 243 2610 nere
263 2584 303 2611 vel
322 2583 331 2609 Ι
350 2585 389 2611 rei
408 2583 429 2611 Υ
446 2585 591 2619 Gallicum,
625 2593 655 2615 ιιι
672 2588 737 2616 alibi
749 2597 862 2625 quoque
886 2596 964 2618 nota-

176 2630 275 2657 vimus.
290 2630 425 2658 Laouicus
441 2632 538 2666 Sropia
554 2634 670 2661 collocat
686 2634 712 2661 in
730 2634 899 2668 Macedonia,
916 2637 959 2663 l'a-

177 2676 270 2712 citque
285 2677 478 2712 regiamprisei
490 2678 721 2714 regniBulgarici,
739 2682 814 2716 quod
831 2682 857 2708 in
874 2682 963 2717 ipsam

178 2723 330 2757 pertinebat
344 2723 398 2750 late
408 2723 594 2752 Macedoniam
613 2729 640 2752 et
673 2726 785 2762 Epirum
806 2736 814 2755 :
847 2728 965 2764 ideoque

176 2769 311 2797 Cedrinus
327 2770 407 2797 etiam
425 2770 524 2805 Scupia
556 2772 756 2806 (reponendum
776 2774 887 2809 Scopia)
905 2782 964 2802 me-

177 2817 304 2851 tropolint
321 2816 453 2851 Bulgaria:
470 2819 603 2846 nominat.
624 2820 746 2846 Disertus
762 2821 899 2855 interpres
916 2821 966 2847 ali-

176 2869 243 2899 quot
254 2864 447 2892 historicorum
462 2864 572 2892 Graeciae
597 2868 758 2899 recentium,
775 2867 960 2901 Hieronymus

1018 2267 1177 2290 nostrorum
1191 2265 1332 2292 annalium
1364 2266 1532 2302 perspicitur
1549 2275 1612 2296 esse
1631 2269 1708 2302 quasi
1721 2276 1806 2304 gene-

1019 2309 1096 2337 rale:
1117 2311 1190 2345 quod
1206 2311 1314 2339 scilicet
1337 2312 1450 2340 ordines
1464 2318 1491 2341 et
1508 2319 1591 2343 sectae
1610 2315 1804 2349 religiosorum

1018 2361 1125 2384 caetera
1137 2358 1418 2393 comprehendantur,
1435 2360 1506 2388 sicut
1524 2361 1594 2395 apud
1611 2369 1661 2389 nos
1681 2362 1707 2390 in
1720 2370 1806 2398 gene-

996 2438 1001 2439 r
1018 2409 1047 2429 re
1065 2403 1191 2431 monachi
1205 2403 1345 2436 dicuntur,
1364 2406 1409 2440 qui
1427 2411 1517 2433 tamen
1536 2407 1605 2434 inter
1620 2415 1650 2435 se
1683 2407 1803 2436 diversis

1017 2449 1141 2477 instincti
1157 2455 1222 2478 sunt
1246 2451 1401 2480 ordiuibtts.
1436 2453 1539 2480 Vocant
1567 2459 1658 2481 autent
1683 2454 1804 2482 Annales

1016 2496 1089 2523 hunc
1106 2497 1186 2524 initio
1201 2497 1368 2532 Dcrvisium,
1387 2498 1533 2535 statimque
1564 2500 1726 2534 subiiciunt,
1742 2508 1804 2528 cum

1017 2543 1102 2571 fuisse
1119 2548 1285 2571 sectatorem
1306 2545 1423 2572 instituti
1435 2546 1589 2574 velordittis
1607 2546 1805 2579 Calendet-utu,

1017 2594 1043 2616 et
1056 2589 1182 2622 auribus,
1201 2590 1283 2623 collo,
1297 2590 1417 2619 brachiis
1432 2599 1568 2626 appensos
1601 2597 1725 2626 gestasse
1751 2592 1806 2619 l'cr-

1018 2643 1079 2662 reos
1095 2636 1223 2663 annulus.
1238 2635 1267 2666 ld
1283 2636 1310 2663 itt
1334 2644 1409 2664 more
1426 2636 1607 2666 Calendarum
1624 2638 1715 2665 ordini
1742 2645 1805 2665 esse

1016 2689 1079 2708 mox
1094 2682 1246 2716 apparebit.
1260 2682 1311 2715 Qui
1328 2690 1392 2709 vero
1404 2684 1573 2718 cmteroquin
1605 2684 1676 2718 apud
1698 2683 1806 2713 Tureos

1016 2728 1156 2756 Dcrvislar
1168 2729 1352 2762 appellantur,
1372 2729 1463 2756 nullos
1486 2730 1514 2757 in
1531 2730 1623 2765 laplle
1637 2731 1719 2765 pilos,
1743 2732 1807 2758 nul-

1017 2775 1056 2802 las
1067 2783 1159 2803 comas
1176 2776 1287 2808 habent,
1306 2776 1408 2812 tibique
1431 2777 1513 2805 tonti.
1531 2778 1750 2812 Conspiriuutur
1779 2780 1805 2805 in

1014 2829 1108 2848 eorum
1141 2821 1279 2848 frontibus
1308 2826 1334 2849 et
1383 2828 1553 2858 tetnpor‘w
1584 2825 1731 2855 casteria,
1763 2825 1804 2850 vel

1015 2868 1100 2903 ignilo
1114 2867 1196 2900 ferro,
1214 2869 1257 2896 vel
1272 2876 1386 2897 accensa
1401 2869 1488 2906 spoug'
1502 2877 1524 2903 2-.
1540 2870 1583 2899 vel
1615 2872 1687 2898 linea
1714 2871 1801 2899 fascia
