1963 3067
139 127 185 158 8ιῦ

698 119 900 151 PANDECTE
919 119 1021 149 HIST.
1038 116 1194 149 TURCIC.

1710 107 1764 140 846

138 183 258 218 quadam,
274 182 374 210 inusta.
401 180 490 207 Aures
524 177 670 214 perforata!
706 181 784 209 sunt,
813 176 915 211 quibus
932 180 953 207 Α
968 179 1074 208 notant,
1091 181 1155 201 cum
1172 173 1207 200 iis
1224 178 1284 206 qua:
1303 170 1370 205 ipsis
1389 170 1415 197 iu
1429 168 1577 197 itineribus
1597 171 1761 196 occurrunt.

137 228 269 264 jaspiduni
287 230 395 262 gestant
419 224 559 257 enotidas,
577 228 604 253 et
621 223 740 252 annulos
771 229 839 250 sane
865 229 919 249 nun

139 281 242 309 parvos.
256 273 393 305 Amictus,
415 271 505 300 ovillae
522 271 563 298 vel
579 269 700 305 caprina
714 269 813 304 pelles,
824 267 868 295 his
883 268 921 294 ita

139 329 233 356 corpus
249 321 375 355 cingunt,
392 322 422 346 ut
437 318 514 353 pellis
530 325 583 344 una
598 320 702 351 partem
716 316 871 350 antiquam.
882 313 922 340 al-

140 372 191 394 tera
205 366 336 402 posticam
350 369 434 398 tegat,
446 368 545 391 caetera
555 363 621 391 nudi
641 368 716 395 sunt,
729 367 784 389 tam
812 361 921 393 mstivo,

140 420 214 448 quam
232 411 347 439 hiberno
363 416 496 445 tempore.
513 409 618 436 Passim
634 409 661 436 in
677 407 845 443 suburbanis
856 411 883 434 et
896 407 923 433 in

141 459 212 493 pagis
227 457 362 485 habitant.
377 455 477 483 Ventis
501 461 528 483 et
543 455 646 483 aestivis
671 454 813 482 mensibus
825 460 922 489 perva-

140 509 233 539 gantur
251 503 362 538 quasvis
398 502 536 537 regiones,
570 508 602 528 ac
629 504 762 536 praetequ
786 499 924 534 religiosas.

142 551 198 577 vitae
213 552 371 584 perpetrant
387 548 494 576 inﬁnita
508 547 622 582 ﬂagitia.
647 545 737 573 Fures
754 550 830 576 sunt,
847 543 924 571 adul-

143 596 370 631 teri,pra:ilones,
394 594 554 625 latrunculi,
582 600 631 621 nec
663 593 761 620 horum
789 591 922 618 scelerum

142 642 192 668 ulla
206 641 290 676 tangit
300 648 347 668 eos
357 639 537 668 conscientia.
551 638 626 672 Quas
642 638 753 673 quidem
772 637 806 664 ob
823 643 931 664 causas.

142 686 287 713 cavendum
304 686 338 712 ab
355 686 396 713 eis
415 685 567 719 praesertim
586 684 614 710 in
634 683 794 710 itineribus.
817 681 924 717 Quippe

142 730 241 758 nemini
262 734 390 765 parcunt,
405 729 646 764 cujuscujusmodi
657 729 765 756 tandem
781 728 817 755 sit
835 729 924 756 ustio-

143 777 181 803 nis
193 781 239 802 aut
257 775 406 810 religionis,
419 775 441 802 si
472 775 627 810 superiores
640 782 670 801 se
686 774 746 801 fore
772 773 923 801 conﬁdant.

143 823 273 850 Praeterea
292 826 357 849 sunt
372 821 487 848 infames
500 829 550 848 ceu
573 820 638 848 foedi
650 820 818 855 paedieoucs,
835 827 924 854 coque

143 867 241 902 ﬂagitio
261 874 290 894 se
302 870 397 894 mutuo
429 866 563 901 polluunt,
580 873 614 892 ne
626 854 736 900 quidem
750 873 766 893 a
789 865 924 900 iumentis
940 854 962 881 Β

143 915 318 941 abstinentes.
337 912 483 948 Nequitias
497 917 526 939 ut
539 919 606 940 suas
636 916 739 947 tegant,
754 919 787 939 ac
807 911 928 939 sanctio—

144 967 184 986 res
197 959 352 991 videantur,
366 959 488 986 maslaco
504 963 531 986 et
561 958 642 994 oppio
670 962 831 986 vescuntur.
857 956 928 984 Hine

143 1006 214 1032 enim
232 1004 312 1039 quasi
329 1003 483 1039 phrenetici
500 1003 662 1037 redduntur,
678 1003 757 1037 isque
771 1003 834 1030 dum
851 1005 930 1030 durat

95 1055 97 1057 ‘
143 1050 230 1082 luror,
250 1050 360 1086 ipsimet
375 1050 418 1077 vel
434 1050 539 1083 forﬁce,
558 1050 598 1077 vel
616 1049 729 1077 cultello
743 1057 773 1077 se
785 1049 931 1077 vulnerant

145 1098 171 1124 iu
187 1095 269 1133 collo,
287 1101 409 1131 pectore,
424 1095 708 1128 bracliiis.lateribus,
724 1095 811 1124 donec
839 1094 931 1122 vulne-

145 1143 219 1170 ribus
228 1147 358 1170 etcruore
372 1141 517 1169 deformati
534 1141 753 1176 conspiciantur.
769 1140 816 1169 His
833 1140 933 1168 deinde

146 1189 302 1217 vulneribus
317 1189 421 1216 tamdiu
448 1188 592 1224 spongiam
608 1195 752 1216 accensam
770 1188 934 1222 imponunt,

146 1235 231 1262 donec
241 1234 269 1262 in
279 1235 386 1262 cineres
399 1235 508 1262 redacta
518 1235 626 1262 tandem
640 1235 845 1269 exstinguatur.
866 1232 933 1261 Eum

146 1281 268 1308 dolorem
285 1276 426 1316 patienter~
437 1289 467 1309 se
487 1281 607 1308 tolerare
637 1280 779 1308 simulant.
799 1279 868 1307 llinc
881 1279 935 1307 illis

143 1332 173 1355 et
188 1329 298 1355 honosa
309 1328 467 1357 dementato
482 1329 574 1363 vulgo,
589 1332 617 1355 et
631 1327 771 1356 veneratio
797 1335 853 1355 nou
869 1326 938 1355 levis

146 1375 300 1409 exhibetur,
316 1375 390 1410 quod
409 1374 464 1402 Deo
488 1374 567 1402 chari
595 1374 788 1403 existimentur
804 1381 812 1401 :
836 1374 900 1402 hinc
911 1377 938 1401 et

148 1419 279 1455 largiores
296 1420 485 1454 cleemosynas
500 1421 659 1454 impetrant,
671 1427 686 1447 c
697 1419 798 1454 quibus
813 1419 939 1448 victitare

149 1466 249 1494 solent.
264 1465 372 1494 Habent
387 1467 417 1494 in
433 1466 561 1494 Anatolia
590 1465 740 1501 quemdam
764 1466 871 1494 ordinis
895 1465 939 1494 sui

147 1513 268 1547 priorem
281 1513 338 1541 sive
360 1512 515 1547 praesidem,
543 1519 625 1547 quem
651 1519 707 1539 non
733 1511 832 1539 Assam
857 1511 939 1543 baba.

149 1559 232 1586 sicuti
248 1558 403 1587 Nieolaides
419 1558 540 1592 scripsit,
552 1559 599 1586 sed
608 1558 690 1585 Azem
699 1557 769 1586 baba
779 1557 936 1585 nominant:

150 1612 217 1633 voce
229 1605 402 1640 nouproprie
414 1609 518 1640 patrem
531 1611 641 1639 patrum
668 1603 853 1639 signiﬁcante,
891 1603 938 1631 sed

149 1657 254 1688 patrem
279 1659 448 1687 supremum,
478 1652 519 1680 vel
543 1651 741 1687 Protopapain.
773 1655 803 1679 ut
829 1650 941 1679 Graecos

150 1700 317 1735 appellasse,
334 1699 368 1727 de
383 1698 502 1727 Cedrino
516 1703 614 1733 paret:
626 1698 697 1726 unde
712 1696 863 1725 Moscliovii
873 1704 940 1724 suos

150 1747 234 1780 etiam
254 1745 583 1781 Protopopposfeccrunt.
600 1740 769 1773 Et'imitatos
782 1751 844 1772 esse
871 1743 943 1771 Τυν-

151 1800 200 1821 cos
214 1792 372 1820 Grecorum
384 1791 496 1819 ordines
521 1790 739 1824 ccclesiasdcos,
757 1790 943 1825 ordinumque

152 1840 266 1876 gradus,
281 1838 349 1867 satis
363 1842 475 1875 apparet
486 1844 518 1866 ex
535 1838 568 1865 iis
583 1845 645 1872 qua:
661 1837 751 1873 capite
768 1836 804 1865 54
817 1836 944 1872 exposui-

189 1932 355 1961 Calenderes
379 1933 554 1961 continentiae
573 1932 739 1967 praecipuam
768 1931 822 1960 sibi
835 1931 943 1960 laudem

154 1981 306 2013 \indicant,
319 1980 454 2015 insignem
473 1987 529 2016 prie
543 1987 574 2008 se
588 1979 708 2007 terentes
718 1979 943 2007 sanctimoniam.

154 2027 262 2059 Suedio
275 2027 399 2063 quaedam
416 2027 571 2055 inhabitant
580 2026 728 2053 admodum
743 2025 854 2060 exigua.
887 2024 946 2052 Tu-

155 2075 236 2102 nicas
251 2079 357 2110 gestant
375 2079 485 2102 structas
497 2080 524 2101 et
552 2080 659 2105 curtas,
689 2073 794 2107 absque
817 2071 945 2104 manicis.

155 2121 245 2148 instar
258 2127 419 2152 saeeorutn,
434 2125 490 2147 tum
504 2127 520 2146 e
534 2120 608 2151 lana.
638 2124 696 2146 tum
720 2119 783 2154 pilis
811 2124 946 2152 equorum

155 2170 312 2193 contortas.
325 2165 421 2194 Crines
438 2165 549 2200 penitus
564 2164 711 2192 abradunt.
740 2163 808 2192 Pilei
831 2167 896 2191 sunt
913 2169 947 2190 ex

973 221 1107 253 Avnictus,
1115 219 1211 247 stricta
1221 217 1358 253 qua-dam,
1369 223 1456 251 usque
1467 215 1501 243 ad
1510 221 1600 251 genua
1611 213 1762 249 pertinens.

975 266 1107 294 tunicula.
1123 265 1197 292 Zona
1215 265 1268 292 lata
1287 264 1448 298 cinguntur,
1461 261 1543 295 cujus
1571 268 1634 288 oras
1655 267 1724 287 auro
1738 265 1765 286 et

975 313 1065 340 serico
1074 316 1218 339 exornant.
1229 311 1323 338 Eidem
1334 309 1450 337 cinibala
1459 307 1583 342 quaedam
1594 307 1764 341 appenduut,

975 358 1132 393 cuiusmodi
1151 361 1179 384 et
1194 356 1289 384 subter
1305 363 1394 391 genua
1410 359 1518 390 gestant
1534 354 1658 394 alligata.
1676 352 1764 387 Supra

976 404 1128 431 tuniculam
1155 403 1196 430 vel
1231 401 1319 430 leonis
1345 401 1387 428 vel
1423 400 1554 435 pardalist
1572 400 1670 435 pellem
1703 399 1765 433 inji-

977 451 1064 483 ciuut,
1080 449 1190 484 ungulis
1205 448 1238 474 ab
1258 448 1372 481 antiqua
1388 454 1464 481 pan-.c
1478 445 1633 480 colligatatn
1647 453 1655 472 :
1667 448 1766 472 caetera

978 496 1043 523 nudi
1062 499 1138 526 sunt,
1150 493 1204 520 nisi
1218 493 1290 528 quod
1306 493 1389 519 etiam
1402 492 1511 518 calceos
1538 490 1669 518 funiculis
1699 497 1767 518 con-

977 541 1090 569 strictos
1107 544 1230 576 gestant.
1247 539 1361 566 lnaurcs
1376 542 1513 572 argentea:
1528 541 1604 571 sunt,
1617 538 1658 565 vel
1677 545 1766 575 aereae,

977 588 1019 616 vel
1036 588 1089 615 alio
1103 587 1202 622 quovis
1218 594 1248 615 cx
1276 586 1398 614 metallo.
1430 585 1553 619 Capillos
1582 585 1608 612 in
1638 585 1768 612 humeros

978 642 1068 669 usque
1086 633 1264 668 promittunt,
1280 637 1306 659 et
1321 632 1390 659 oleis
1407 631 1585 666 quibusdam,
1603 635 1632 658 ut
1649 631 1769 659 terebin-

978 680 1069 711 tliino,
1082 685 1111 707 ut
1128 679 1300 714 juniperiuo,
1316 678 1399 714 563
1415 683 1571 713 perungunt
1589 684 1666 712 :quo
1684 678 1770 711 iiiagis

978 728 1084 755 scilicet
1099 731 1238 754 crescant.
1256 725 1337 753 Manu
1358 727 1458 754 librqu
1490 730 1598 754 tenent.
1612 727 1771 753 Amator-ias

978 775 1109 810 quasdam
1118 775 1305 809 odas,quibus
1314 775 1428 802 miriﬁce
1438 775 1533 808 Turci,
1555 774 1683 806 Arabica,
1706 773 1773 801 Per-

978 822 1033 849 sica
1041 829 1089 848 sua
1102 821 1194 855 lingua
1209 821 1366 856 compositis
1383 820 1562 853 delectantur,
1575 820 1728 848 cantillant.
1742 819 1773 852 Si

981 873 1114 896 venustus
1127 867 1229 901 aliquis
1245 874 1314 902 puer
1326 872 1467 904 occurrat,
1482 867 1601 894 medium
1627 875 1690 894 mox
1713 874 1773 894 am-

982 914 1150 948 plectuntur,
1166 913 1305 942 cantando
1320 913 1504 947 saltandoque
1515 913 1639 948 cymbala
1650 914 1771 948 pulsant.
1786 910 1790 912 ’

983 960 1053 988 Hine
1067 967 1223 988 concursus
1240 960 1408 988 hominum:
1423 960 1525 994 quibus
1549 960 1649 988 deinde
1674 967 1775 989 munu-

983 1006 1090 1033 sculqu
1112 1005 1225 1040 aliquod
1242 1008 1348 1039 petunt.
1370 1004 1403 1032 lli
1424 1012 1536 1039 quoque
1564 1006 1776 1039 praetextureli-

983 1053 1073 1087 gionis
1088 1060 1142 1079 non
1154 1051 1287 1080 femineos
1304 1051 1448 1085 duntaxat,
1466 1051 1512 1078 sed
1524 1050 1612 1086 magis
1625 1051 1708 1078 etiam
1720 1059 1776 1079 ma-

985 1098 1078 1127 sculos
1094 1104 1200 1125 amores
1215 1101 1412 1124 consectantur
1426 1104 1434 1123 :
1459 1097 1559 1131 quibus
1574 1103 1641 1124 sane
1674 1105 1776 1131 spurca

986 1153 1054 1180 gens
1068 1144 1183 1172 nimium
1200 1148 1332 1178 quantum
1348 1147 1390 1171 est
1406 1143 1510 1171 dedita.

998 1190 999 1193 ‘
1023 1189 1153 1218 Tot-taces
1167 1189 1260 1218 ovillis
1278 1189 1456 1224 caprinisque
1471 1190 1597 1224 pellibus,
1617 1192 1730 1227 perinde
1745 1200 1778 1220 ac

988 1235 1102 1264 dcrvisii
1118 1243 1148 1264 se
1161 1235 1291 1263 vestiunt.
1306 1235 1355 1263 liis
1382 1237 1516 1275 ursiuam,
1528 1238 1591 1272 pilis
1606 1239 1778 1268 extrinsecus

990 1281 1086 1313 versis.
1119 1280 1253 1316 unguibus
1281 1281 1316 1309 ad
1343 1286 1438 1316 pectus
1449 1283 1604 1318 colligatam
1634 1284 1778 1320 injiciuut:

990 1335 1077 1362 eaque
1093 1327 1168 1362 pallii
1185 1327 1247 1354 loco
1261 1332 1349 1355 semet
1364 1327 1518 1356 involvunt.
1535 1331 1697 1359 Acuminato
1709 1332 1780 1366 pileo

991 1374 1122 1409 praialto,
1155 1374 1249 1409 plures
1275 1373 1395 1402 habente
1425 1375 1524 1410 plicas,
1555 1385 1587 1404 ex
1618 1378 1681 1405 albo
1697 1379 1779 1411 liltro,

992 1425 1124 1453 utuntur;
1141 1425 1240 1448 cetera
1253 1420 1318 1448 nudi
1333 1428 1448 1455 prorsus
1472 1421 1613 1451 incedunt.
1640 1425 1780 1453 Adbibent

994 1470 1021 1494 et
1039 1466 1089 1501 ipsi
1107 1467 1274 1501 temporibus
1289 1467 1422 1495 cauteria.
1439 1467 1613 1497 Litterarum
1640 1471 1721 1506 pistre
1736 1480 1781 1500 ru-

994 1512 1042 1540 des
1059 1517 1133 1540 sunt.
1150 1512 1316 1547 Plerumque
1338 1513 1551 1548 conspiciuntur
1578 1515 1611 1543 ad
1644 1517 1782 1550 tabernas,

992 1557 1051 1585 {ora
1066 1558 1188 1593 publica,
1204 1559 1313 1587 balinea
1327 1567 1334 1584 :
1349 1559 1452 1594 quibus
1469 1561 1577 1589 scilicet
1604 1562 1672 1591 locis
1704 1565 1782 1592 multi

992 1604 1170 1635 conveniunt.
1184 1611 1199 1631 a
1216 1604 1318 1639 quibus
1337 1603 1443 1639 aliquid
1462 1610 1557 1640 petere
1585 1608 1701 1641 possint.
1729 1608 1784 1637 Ve-

993 1649 1104 1677 uiebant
1121 1649 1154 1678 ad
1166 1658 1218 1678 nos
1233 1650 1498 1687 Constantinopolim
1516 1660 1549 1681 ex
1577 1653 1706 1690 Egypto,
1731 1655 1783 1684 Se-

994 1696 1136 1725 bastianus
1166 1696 1200 1724 ab
1217 1696 1380 1733 Haunsperg
1406 1704 1435 1726 et
1453 1699 1601 1729 Joannes:
1629 1702 1784 1738 Salagsto,

995 1742 1047 1770 viri
1062 1742 1182 1771 nobiles.
1214 1741 1318 1771 Horum
1335 1743 1405 1772 alter
1432 1745 1602 1780 Salagastius
1623 1736 1708 1776 nobis
1722 1736 1785 1777 nar;

995 1789 1074 1816 rabat
1087 1789 1269 1821 Alexandriae.
1291 1797 1355 1818 cum
1372 1790 1433 1819 istic
1451 1791 1511 1827 ipso
1540 1794 1660 1828 degeret,
1684 1795 1783 1831 hujus-

996 1836 1068 1864 inodi
1082 1836 1227 1870 quemdam
1242 1842 1369 1865 sanctum
1382 1838 1472 1865 virum
1495 1840 1623 1875 opinione
1641 1841 1783 1870 Mahume-

996 1888 1133 1914 tauorum.
1147 1891 1209 1910 cum
1226 1891 1282 1918 prie
1293 1883 1399 1912 foribus
1424 1885 1516 1913 balnei
1550 1887 1693 1915 muliebris
1707 1894 1785 1917 stans

996 1933 1168 1957 cxeunteme
1193 1929 1300 1958 balineo
1325 1930 1455 1958 feminam
1479 1933 1626 1967 quiamdam
1655 1937 1786 1964 attentius

998 1977 1117 2006 intuitus
1130 1983 1202 2005 esset
1218 1988 1225 2006 :
1243 1978 1270 2005 in
1286 1986 1347 2007 eam
1364 1979 1456 2007 lurore
1473 1981 1553 2016 quasi
1578 1983 1696 2016 (prodam
1724 1992 1787 2012 cor-

998 2028 1105 2058 replum
1123 2024 1271 2061 involasse,
1300 2032 1333 2053 ac
1359 2026 1485 2060 protinus
1505 2027 1582 2054 humi
1610 2035 1658 2063 pro
1675 2033 1787 2065 tratum,

998 2077 1050 2097 nec
1066 2070 1213 2098 admodum
1231 2071 1348 2098 fortasse
1364 2079 1572 2108 repugnantem,
1587 2074 1613 2101 in
1628 2077 1719 2102 oculis
1729 2084 1789 2103 oni-

998 2119 1074 2145 nlum
1089 2118 1300 2152 compressisse.
1320 2117 1448 2146 Maritum
1483 2127 1516 2147 eo
1530 2120 1602 2147 facto
1621 2129 1652 2149 se
1679 2122 1786 2150 beatum

999 2164 1121 2196 duxisse,
1147 2165 1221 2200 quod
1239 2165 1278 2192 vir
1311 2169 1434 2198 sanctus,
1459 2165 1578 2200 impulsu
1601 2167 1703 2201 divino,
1733 2176 1789 2204 pne

155 2215 222 2241 albo
233 2213 314 2244 lituo,
330 2213 438 2240 similes
457 2212 492 2240 iis
507 2219 578 2247 quos
602 2211 758 2240 Graecorum
788 2209 946 2239 sacerdotes
961 2213 987 2244 ι)
1001 2210 1062 2238 aliis
1089 2218 1150 2238 cum
1164 2219 1248 2238 uxore
1259 2219 1307 2238 sua
1319 2212 1460 2239 coivisset.
1476 2211 1545 2240 Vide
1555 2214 1705 2242 caecitatem
1721 2222 1790 2250 gen-

156 2264 185 2285 ct
204 2258 327 2293 episcopi
345 2257 440 2292 nigros
454 2261 481 2284 et
499 2257 571 2284 latos
580 2255 731 2284 admodum
748 2258 859 2290 gestant
872 2262 879 2281 :
893 2254 946 2281 nisi

157 2304 233 2339 quod
245 2304 303 2331 oris
311 2302 384 2330 aﬁlxi
398 2302 553 2337 dependent
572 2301 692 2336 undique
715 2300 881 2336 longiusculi
893 2300 950 2327 cri-

158 2358 210 2378 nes
220 2350 324 2385 equini.
335 2348 452 2378 Ferrcos
464 2350 534 2377 satis
551 2356 664 2377 crassos
680 2349 801 2376 annulos
821 2347 947 2380 auribus,

158 2396 243 2429 collo,
261 2395 380 2423 brachiis
394 2399 514 2430 gestant.
526 2393 615 2422 Etiam
629 2395 689 2421 cuti
707 2393 785 2427 penis
803 2391 950 2428 perforata

160 2444 270 2472 ferreus
278 2443 320 2470 vel
334 2449 422 2471 aereus
436 2441 555 2470 annulus
573 2441 716 2474 inseritur,
735 2447 771 2467 ne
791 2439 878 2472 coire,
908 2438 952 2465 vel

160 2491 184 2519 si
196 2489 380 2524 maximopere
388 2488 507 2523 cupiant,
518 2489 635 2522 possint.
651 2487 742 2522 Atque
754 2486 808 2513 hoc
822 2484 950 2512 ultimum

160 2538 189 2566 in
207 2544 261 2564 uno
277 2541 385 2564 tantum
400 2536 550 2563 Calendore
561 2534 663 2562 vidisse
678 2540 729 2560 nos
750 2531 895 2563 recordor,
905 2530 951 2565 qui

160 2583 273 2618 Sophia
292 2587 403 2618 propter
415 2584 570 2613 imurotum,
588 2580 616 2608 in
632 2587 702 2614 quos
717 2586 769 2607 nos
781 2579 816 2607 ad
838 2577 952 2606 biduum

162 2631 348 2663 timebamus,
365 2637 447 2657 unam
477 2637 510 2657 ex
539 2628 663 2662 pluribus
688 2626 818 2655 cellulam
847 2624 953 2653 incole-

164 2681 223 2706 bat.

202 2723 396 2760 Huggieinaies
419 2723 542 2758 plerique
566 2722 693 2757 juvenes,
706 2721 824 2753 robusti,
838 2719 954 2751 divntcs,

163 2772 285 2799 Africam
291 2770 463 2809 ,Egyptum,
470 2770 488 2795 Δ
494 2769 608 2806 rabiam,
619 2768 752 2800 Persium,
758 2766 887 2794 Turcium
897 2773 956 2792 om-

165 2827 228 2846 nem
243 2819 332 2845 alicno
352 2820 474 2851 sumptu,
488 2815 540 2842 sub
554 2819 685 2850 praetextu
703 2812 845 2848 religionis
863 2819 958 2847 perva~

165 2871 267 2902 gantur
284 2873 292 2891 :
311 2864 453 2900 regionum
475 2867 502 2890 ct
523 2863 633 2890 urbium
657 2861 727 2889 situs
757 2864 784 2887 et
814 2859 957 2888 intervalla

1001 2257 1046 2290 tis,
1062 2264 1094 2284 ac
1109 2257 1262 2292 [itmsertim
1276 2258 1476 2292 Egyptiarum.
1493 2258 1561 2286 Nam
1577 2260 1641 2288 alibi
1663 2261 1706 2288 vix
1740 2262 1790 2289 ali-

1001 2302 1066 2337 quid
1095 2302 1233 2337 ejusmodi
1262 2302 1388 2335 factum.
1421 2305 1501 2332 nobis
1531 2305 1587 2333 illic
1616 2306 1790 2342 degentibus.

1004 2349 1139 2383 comperi.
1161 2349 1229 2376 Sunt
1247 2357 1326 2383 aeque
1336 2357 1450 2384 rapaces
1469 2351 1496 2378 in
1516 2352 1659 2380 itineribus
1686 2359 1713 2381 et
1739 2355 1791 2382 viis

1003 2396 1132 2430 publicis,
1144 2404 1177 2424 ac
1187 2397 1322 2424 dervisios
1334 2405 1395 2425 esse
1414 2397 1545 2426 diximus.
1556 2398 1711 2429 Plebecula:
1723 2409 1794 2437 prae-

1003 2443 1097 2470 sertim
1110 2443 1270 2475 rusticae,se
1282 2443 1494 2471 chiromantices
1510 2452 1610 2479 gnaros
1640 2454 1701 2474 esse
1729 2456 1792 2482 per-

1005 2489 1132 2516 suadent.
1162 2488 1232 2516 Hinc
1256 2489 1353 2524 ingens
1386 2489 1420 2516 ad
1458 2490 1625 2526 impostores
1649 2492 1792 2520 hominum

1006 2542 1166 2567 concursus.
1185 2535 1231 2570 qui
1246 2542 1297 2570 pro
1309 2535 1417 2563 vatibus
1437 2543 1484 2563 eos
1512 2536 1623 2568 habent.
1640 2538 1793 2573 praesertim

1008 2581 1185 2609 mulierculae.
1201 2581 1270 2609 Hinc
1285 2582 1318 2609 ad
1328 2588 1375 2609 eos
1390 2581 1480 2610 omnis
1508 2583 1617 2618 generis
1635 2584 1700 2615 cibi.
1731 2591 1794 2611 cum

1007 2627 1068 2655 aliis
1084 2627 1166 2654 rebus
1182 2628 1345 2657 necessariis
1360 2627 1523 2655 aﬁ'eruutur.
1540 2628 1677 2657 interdum
1701 2638 1794 2658 senem

1006 2682 1041 2701 cx
1062 2674 1120 2702 suis
1138 2674 1256 2708 aliquem
1271 2674 1486 2702 circumducunt
1501 2682 1581 2710 quem
1598 2684 1665 2710 pene
1696 2676 1797 2704 divinis

1009 2719 1158 2746 honoribus
1177 2719 1349 2746 adorabundi
1370 2718 1502 2747 alliciunt.
1528 2719 1596 2748 Cum
1615 2720 1667 2747 hoc
1693 2721 1735 2748 vel
1749 2729 1799 2757 op-

1009 2766 1115 2800 pidum,
1128 2765 1171 2793 vel
1187 2772 1284 2800 pagum
1315 2765 1433 2800 ingressi
1446 2767 1612 2801 praecipuum
1641 2766 1669 2793 in
1687 2766 1797 2801 aliquod

1009 2812 1170 2846 hospitium,
1197 2812 1239 2839 vel
1285 2813 1549 2843 caravansaraium,
1578 2811 1619 2839 vel
1653 2812 1795 2839 imareiuu.

1009 2859 1154 2887 divortunt
1171 2867 1179 2886 τ
1194 2857 1328 2893 illumque
1339 2865 1394 2885 non
1411 2862 1465 2885 tam
1482 2857 1573 2891 annis,
1591 2865 1672 2892 quam
1692 2857 1796 2885 malitia
