1963 3067
174 150 188 179 ε
195 149 226 179 47

771 145 932 175 JOANNIS
957 140 1192 176 LEUNCLAVII

1745 137 1798 169 8i8

173 207 302 238 vrtulum,
316 211 423 239 magna,
436 204 482 232 sed
499 204 625 232 simulata
654 204 806 232 httmilitate
831 205 948 232 rireun-
968 208 988 233 Λ
1005 205 1065 231 ne.
1083 203 1312 239 Sraranmngium,
1342 199 1554 239 Gianutrth-imz”
1568 199 1692 239 afﬁcit-(:6.
1717 198 1797 231 Sui/2.

174 256 279 280 stantes
293 251 374 287 565
389 251 543 278 observant.
559 250 581 277 Is
599 249 691 277 nescio
710 258 779 284 quos
805 251 958 278 enthusias-

176 305 235 325 mos
252 305 307 333 pm
322 305 350 324 se
373 296 434 329 [ωτι.
453 303 485 322 ac
500 296 616 323 subinde
631 295 753 330 qumdam
767 296 848 323 veluti
860 297 959 323 divini-

176 350 219 371 tus
239 343 290 370 sibi
303 342 432 374 revelata,
444 341 515 368 serio
531 341 650 368 maxime
663 341 736 368 vultu
750 341 872 376 profert:
889 349 960 369 nunc

177 391 263 417 instar
282 388 379 415 mortui
410 388 491 421 jacet,
519 395 592 414 nunc
607 387 700 415 oculos
726 388 846 415 Vicissim
873 388 960 422 aperit

177 441 204 463 et
218 435 250 462 ad
267 442 296 462 se
308 435 397 461 redire
414 434 536 461 simulat.
560 434 625 461 Inde
654 441 803 461 conversus
832 433 865 461 ad
893 433 960 461 ﬁcti-

183 481 272 508 tioset
290 480 453 507 subornatos
478 479 648 514 discipulos:
669 479 805 514 Corripite
832 487 886 512 me,
919 480 961 507 itt-

178 529 247 562 quit,
265 527 310 554 lilii
327 526 494 560 charissimi,
510 531 536 553 et
556 531 633 553 extra
663 526 753 554 locum
780 525 853 553 hunc
867 526 963 560 depor-

178 578 243 600 tate.
264 571 331 598 Nam
350 571 499 598 revelatum
517 570 583 597 mihi
595 571 725 598 divinitus
740 575 791 603 est,
807 579 866 606 qme
876 578 963 606 pmnm

177 619 220 646 bis
242 618 399 644 hominibus
417 617 588 644 immineant.
615 616 720 649 Quibus
751 617 851 644 auditis
881 616 967 644 obsc-'

178 669 258 693 erant
275 665 452 698 impostorem
481 663 640 696 nebulones,
669 663 753 690 Deum
783 663 858 690 velut
885 670 964 690 aver-

178 711 321 739 runcando
336 710 508 745 deprecetur,
527 717 562 736 no
583 716 678 743 poenas
707 709 767 736 illas
791 709 890 744 exigat.
918 709 964 736 Ille

178 765 208 784 se
227 755 334 785 simulat
349 755 486 786 assentiri,
501 762 594 789 preces
610 754 641 781 ad
660 754 741 782 Deum
770 755 887 789 concipit
899 774 906 786 ,
935 759 964 781 ιιι

179 803 247 830 iram
263 809 340 830 suam
350 801 562 836 expiari,seque
586 801 688 835 placari
709 800 843 836 propitius
876 800 962 835 patia-

181 856 235 881 tur,
250 855 320 877 orat.
336 848 390 875 Hac
413 848 460 875 irte
489 847 589 875 divina:
620 847 832 874 comminatione
858 847 962 875 misella

183 896 322 930 plebecula
338 894 435 922 tnirum
451 894 477 920 in
494 893 605 921 modum
621 893 807 928 exparefaeta,
835 893 961 928 trepidat.

182 943 280 970 l’ostea
294 949 357 969 vero
369 939 566 968 consolationis
595 940 696 974 aliquid
713 947 745 968 ex
772 939 852 974 hujus
879 940 965 967 inter-

181 989 304 1016 cessione
316 987 436 1015 vicissim
453 986 582 1013 hauriens
601 985 740 1013 turmatim
768 985 802 1012 ad
828 985 963 1020 imposto—

182 1043 238 1062 rem
261 1033 457 1068 ncquissinunn
473 1032 603 1059 accurrit.
619 1031 720 1060 Omnes
743 1039 802 1059 eam
823 1039 881 1059 rem
904 1038 965 1065 pro-

183 1081 248 1115 digii
264 1081 322 1108 loco
336 1080 449 1109 ducttnt.
469 1086 553 1112 seque
581 1078 711 1106 divinitus
730 1078 833 1105 moneri
859 1082 965 1112 putant.

184 1126 382 1155 Simulanitnis
410 1125 525 1155 devotis,
557 1129 585 1151 et
617 1124 719 1159 accepti
736 1124 861 1151 beneﬁcii
884 1130 967 1151 causa

183 1173 278 1208 gratis,
293 1176 331 1200 tot
346 1171 534 1206 eleemosynas
551 1170 583 1197 ad
602 1170 697 1205 planos
711 1169 795 1197 hosce
819 1169 945 1197 delerunt
959 1177 967 1196 :

184 1224 213 1246 ut
227 1219 266 1247 eis
280 1217 373 1246 onusti
403 1225 467 1244 sttas
485 1216 518 1243 ad
545 1216 689 1251 speluncas
719 1220 900 1246 revertantur.
917 1215 968 1242 ho-

187 1265 328 1298 minesque
343 1261 553 1298 superstitiosos
569 1269 601 1288 ac
615 1261 714 1301 stolide
740 1261 880 1295 simplices
908 1260 970 1287 irri-

187 1310 339 1344 tle:tnt,qui
371 1315 423 1337 tam
438 1308 511 1336 finde
537 1309 588 1336 sibi
618 1308 755 1344 patiantur
786 1308 898 1343 imponi.
921 1306 970 1334 Ve-

187 1362 302 1385 scuntur
324 1361 352 1384 et
368 1356 393 1383 hi
423 1356 553 1387 maslaco,
580 1355 622 1382 vel
642 1354 723 1389 oppio
740 1362 747 1387 ;
765 1358 792 1381 et
818 1355 892 1382 humi
925 1363 971 1383 cu-

187 1404 292 1434 bantes,
311 1401 468 1430 libidinibus
487 1400 676 1428 abominandis
686 1405 779 1427 mutuo
791 1407 820 1428 se
835 1400 971 1435 polluunt.

187 1449 251 1476 "ch
263 1448 296 1475 de
309 1447 432 1477 nefandis
447 1446 544 1474 horum
563 1445 635 1481 apud
651 1445 756 1473 Turcos
774 1445 868 1480 specie
890 1452 970 1474 tenus

189 1495 380 1529 religiosorum
399 1492 534 1520 institutis
563 1491 685 1519 breviter
714 1492 874 1527 exponenda
890 1492 972 1520 duxi-

189 1549 270 1574 mus,
285 1541 348 1568 licet
372 1540 406 1568 ab
430 1539 490 1567 aliis
517 1546 625 1574 quoque
653 1538 778 1573 prodita,
795 1543 850 1566 tum
880 1540 913 1567 ad
941 1539 1008 1585 il-C

189 1589 360 1617 lustrandum
384 1586 524 1614 annalium
555 1586 708 1618 historiam,
734 1591 789 1613 tum
812 1585 852 1613 uti
877 1594 970 1614 secum

189 1634 344 1669 lectoripse
358 1633 508 1668 perpendat
519 1635 622 1667 quanto
646 1639 720 1659 nunc
732 1632 793 1660 illos
810 1639 921 1661 necesse
937 1633 974 1660 sit

190 1688 253 1709 esse
269 1680 356 1710 factos
372 1679 534 1711 deteriores,
554 1686 616 1706 cum
629 1682 690 1706 ante
705 1683 814 1706 centum
840 1679 902 1713 plus
922 1679 973 1705 mi-

190 1734 245 1755 nus
258 1733 344 1753 annos
361 1732 432 1753 unus
447 1733 479 1752 ex
497 1725 538 1752 eis
552 1731 646 1752 necem
662 1725 772 1752 sultano
801 1732 860 1757 suo,
889 1725 975 1752 totius

191 1773 220 1800 in
236 1772 325 1800 oculis
335 1771 483 1802 exercitus,
502 1770 636 1798 intentare
664 1769 747 1797 fuerit
763 1777 859 1798 ausus.
876 1770 976 1798 Nostro

193 1818 302 1853 quidem
314 1821 447 1851 tempore,
464 1815 592 1843 nimirum
611 1822 683 1842 anno
712 1814 868 1842 Christiano
896 1814 975 1847 I579,

193 1863 336 1892 consimile
346 1862 482 1898 quoddam
499 1861 564 1888 huic
585 1860 695 1889 facinus
719 1860 829 1893 accidit,
857 1867 978 1895 saneque

193 1909 381 1939 memorabile.
397 1907 464 1936 Nam
479 1906 600 1934 dervisio
613 1906 723 1934 cuidam
742 1911 874 1940 concepta
890 1906 978 1933 caedes

195 1957 297 1989 animo,
314 1955 371 1990 pari
387 1961 456 1982 ausu
483 1956 597 1985 tentata,
617 1959 747 1980 successu
776 1951 898 1979 l'eliciore
915 1958 979 1986 per-

195 2006 299 2037 petrata
316 2001 378 2028 luit.
391 1999 474 2027 Multa
488 2003 554 2026 sunt
571 2005 585 2025 a
603 1997 684 2025 nobis
698 1997 723 2024 in
750 1996 890 2024 annalium
909 1996 980 2031 Sup-

195 2050 332 2086 plementa
345 2050 559 2076 commemorata
590 2046 623 2072 de
638 2044 804 2072 Mecbemete
827 2044 907 2071 bassa
936 2051 981 2069 ve-

198 2097 344 2128 zirazeme,
371 2093 480 2120 Sclimis
509 2091 531 2118 ll
549 2098 660 2126 genere,
689 2097 804 2117 summa!
832 2088 980 2116 secundum

197 2142 343 2169 Sullanum
368 2138 440 2173 apud
464 2137 572 2164 Turcos
600 2135 770 2164 auctoritatis
785 2135 853 2162 viro.
881 2133 906 2161 Is
921 2141 982 2161 cuin

198 2195 248 2222 pro
268 2193 343 2214 more
358 2184 430 2212 deuti
447 2182 557 2216 sutejus
574 2181 708 2212 dicturus,
733 2180 852 2208 adeundi
879 2187 910 2207 se
938 2186 984 2206 co-

1084 239 1195 266 Kilitsclt
1207 257 1214 269 ,
1231 233 1336 270 acinus,
1360 237 1440 269 copis.
1461 234 1564 268 Znnsij,
1583 233 1728 267 Pusdigan.

1049 294 1337 330 Quod.Spandugiuus
1355 294 1456 320 ﬁltrum
1481 292 1561 325 dixit,
1589 290 1735 318 annalibus
1758 297 1800 318 cst

1014 348 1192 375 gepenecum.
1207 340 1253 368 Sic
1269 345 1296 368 et
1318 339 1419 374 Ungari
1450 343 1553 366 vestem
1580 338 1724 365 militarem
1753 345 1799 372 ap-

1015 387 1129 422 pellant,
1141 394 1203 420 quae
1217 386 1331 419 tunicis,
1346 386 1470 421 paenulis,
1485 385 1601 419 a'iisque
1618 384 1738 411 vestibus
1755 391 1802 411 su-

1014 434 1150 470 perinjiei,
1173 433 1264 468 pluvio
1293 434 1443 468 praesertim
1476 432 1556 465 caelo,
1592 431 1669 458 solet.
1697 430 1800 465 Vulgus

1016 481 1085 508 hanc
1101 480 1294 515 gestateﬁltro
1314 479 1426 511 lactant,
1456 479 1573 513 ideoque
1601 478 1722 505 materias
1752 485 1799 505 no-

1015 535 1077 554 men
1089 527 1113 554 ei
1131 526 1323 562 Spanduginus
1338 526 1422 558 dedit,
1435 532 1516 560 quam
1528 525 1652 560 equidem
1679 532 1734 560 quo
1750 523 1800 551 La-

1015 573 1073 600 tino
1106 573 1238 600 vocabulo
1271 573 1382 600 debeam
1414 573 1579 606 exprimere,
1624 579 1678 598 non
1709 571 1798 598 video.

1016 619 1125 646 Slavina
1138 614 1191 646 dici
1209 622 1306 653 potest,
1326 618 1556 653 minus'gausapc,
1570 625 1630 646 cum
1642 617 1797 645 Reineccio:

1014 670 1124 699 propter
1139 664 1325 692 diversitatem
1357 669 1413 692 tum
1445 664 1576 696 materiae,
1610 668 1666 690 tttm
1694 664 1798 691 forma.

1016 710 1159 745 Reperilur
1186 711 1257 745 apud
1282 710 1443 743 Cedrinum,
1472 716 1497 738 ct
1533 710 1694 746 Symconem
1719 710 1801 745 magi-

1015 761 1100 784 strttm
1112 756 1272 789 oﬁiciorum,
1289 761 1315 784 et
1334 756 1492 783 Achmctem
1529 757 1708 789 ouirocriten,
1735 756 1802 784 Sca-

1015 803 1148 838 ramangii
1161 811 1230 830 vox:
1247 803 1280 830 de
1297 802 1379 838 cujus
1390 802 1544 836 signiﬁcato
1565 803 1709 830 consultus
1724 810 1738 829 a
1756 810 1801 831 me

1016 849 1186 877 Theodosius
1206 849 1367 885 Zygomalas
1377 848 1551 884 Nauplicnsis
1568 857 1582 876 e
1599 849 1800 884 Peloponneso,

1015 895 1206 930 patriarchalis
1219 895 1438 930 protonotarius,
1453 894 1544 922 aiebat
1559 895 1586 922 in
1617 903 1667 922 ttsu
1699 895 1801 923 Graecis

1015 949 1076 969 esse
1092 949 1164 968 nunc
1187 941 1364 976 Agarcnicam
1390 948 1484 968 vocem
1511 941 1723 974 Giamurlikion,
1749 949 1802 977 qua

1015 987 1101 1014 vestis
1110 994 1140 1014 ea
1159 986 1339 1022 signiﬁcetur,
1358 994 1438 1021 quain
1457 986 1506 1014 viri
1536 986 1667 1014 militares
1697 992 1804 1022 gestent

1017 1041 1098 1069 Supra
1113 1038 1202 1062 vestes
1218 1034 1285 1062 alias
1297 1033 1454 1065 interiores.
1471 1033 1504 1061 ad
1525 1033 1658 1061 arcendas
1685 1033 1803 1068 pluvias,

1024 1080 1114 1112 nives,
1147 1079 1222 1113 gelu,
1253 1083 1348 1106 caetera
1376 1079 1494 1113 denique
1525 1079 1597 1107 acris
1621 1079 1804 1107 incommoda.

1018 1125 1115 1153 Persas
1131 1130 1221 1153 autem
1232 1125 1400 1157 inventores,
1416 1125 1441 1152 ei
1456 1132 1554 1152 nomen
1582 1125 1689 1153 dedisse
1712 1133 1805 1153 scara-

1019 1171 1131 1207 mangii,
1147 1171 1220 1207 quod
1242 1171 1275 1198 ab
1301 1171 1341 1199 eis
1360 1171 1391 1197 ml
1417 1171 1632 1199 Grmeosdeinde
1660 1179 1721 1199 cum
1747 1172 1806 1207 ipso

1019 1218 1102 1246 vestis
1121 1225 1172 1245 usu
1201 1217 1362 1245 manaverit.
1383 1216 1440 1245 Hoc
1463 1217 1546 1251 igitur
1565 1221 1607 1244 est
1631 1217 1669 1248 id.
1694 1217 1726 1245 de
1751 1225 1807 1251 quo

1020 1263 1254 1298 nuncloquiutur,
1284 1269 1462 1297 gepenecum.
1482 1262 1518 1290 De
1542 1262 1738 1296 Scaramangio
1767 1263 1807 1290 lo-

1021 1318 1082 1338 cum
1097 1310 1176 1337 etiam
1202 1309 1297 1344 capitis
1321 1309 1372 1337 I99
1397 1308 1520 1341 consule,
1550 1309 1686 1336 Arabibus
1722 1308 1806 1336 Seit'e.

1021 1356 1135 1384 Kilitsch
1154 1355 1250 1383 Turcis
1264 1355 1366 1383 dicitur
1390 1355 1414 1382 is
1426 1354 1542 1390 gladius,
1557 1358 1636 1390 quem
1653 1362 1703 1383 nos
1714 1355 1807 1382 acina-

1023 1412 1080 1432 cem
1097 1403 1276 1431 reddidimus.
1292 1402 1402 1430 Leviter
1412 1406 1454 1430 est
1464 1401 1608 1434 incurvus,
1627 1406 1654 1429 et
1667 1401 1732 1436 quia
1753 1409 1807 1429 non

1025 1449 1130 1487 pungit,
1163 1449 1211 1477 sed
1247 1449 1340 1476 caesim
1372 1448 1445 1481 ferit,
1485 1448 1555 1483 apud
1589 1447 1809 1482 Xenophontem,

1025 1496 1188 1531 Gracosque
1227 1499 1352 1527 creteros,
1377 1493 1486 1521 Persica
1521 1497 1682 1526 tractantes,
1711 1501 1810 1521 nomen

1024 1541 1135 1576 Copidis
1153 1541 1268 1569 invenit.
1285 1541 1319 1568 Et
1334 1545 1442 1569 constat
1467 1548 1499 1568 ex
1517 1539 1612 1568 eodem
1629 1539 1812 1574 Xenophonte

1026 1592 1132 1620 nostro,
1151 1595 1238 1622 genus
1255 1587 1306 1614 hoc
1319 1586 1473 1622 gladiorum
1491 1593 1506 1613 a
1522 1585 1614 1614 Persis
1629 1585 1697 1613 alias
1717 1584 1811 1612 itidem

1027 1634 1165 1667 nationes,
1184 1633 1336 1668 praesertim
1356 1632 1503 1664 Asiaticas,
1530 1631 1680 1666 accepisse.
1706 1630 1812 1663 Zausil,

1027 1681 1099 1709 sicut
1114 1686 1193 1708 antea
1207 1687 1317 1716 queque
1330 1680 1450 1710 diximus
1459 1679 1548 1706 obiter
1570 1678 1598 1706 in
1622 1677 1814 1713 supplemento

1029 1727 1184 1759 Annalium,
1199 1727 1376 1762 comparandi
1391 1726 1505 1753 veniunt
1521 1732 1582 1753 cum
1609 1724 1710 1752 nostris
1735 1723 1815 1752 nobi-

1028 1774 1100 1802 libus
1130 1773 1241 1806 aulicis,
1273 1773 1363 1808 lisque
1388 1771 1550 1808 praesertim.
1583 1777 1700 1806 quorum
1731 1777 1814 1805 opera

1028 1821 1164 1856 principes
1180 1825 1296 1848 utuntur
1321 1820 1348 1847 in
1363 1818 1544 1855 expediundis
1570 1816 1654 1845 variis
1685 1816 1814 1852 negotiis,

1030 1873 1098 1901 quas
1120 1865 1328 1894 commissiones
1347 1871 1445 1891 vocare
1473 1862 1680 1891 consuevimus.
1708 1861 1817 1889 Habent

1030 1912 1057 1939 hi
1074 1911 1244 1947 praelectum.
1257 1918 1336 1945 quem
1351 1909 1513 1937 Zausiorum
1525 1908 1633 1936 bassam
1666 1908 1817 1943 appellant.

1031 1958 1119 1986 Abeo
1137 1964 1188 1985 uos
1217 1956 1443 1991 excipiebantur,
1473 1954 1582 1982 obviam
1608 1954 1687 1982 nobis
1702 1954 1735 1981 ad
1762 1954 1819 1989 pri-

1032 2011 1107 2030 mum
1123 2002 1239 2038 lapidem
1252 2005 1328 2029 extra
1341 1999 1622 2035 Constantinopolim,
1637 1999 1739 2034 Insigni
1755 2006 1817 2026 cum

1034 2049 1163 2076 comitatu
1195 2047 1356 2075 Zausiorum
1397 2053 1562 2081 progresso,
1603 2049 1630 2073 et
1657 2045 1820 2080 longissimo

1034 2099 1122 2122 tractu
1136 2101 1185 2129 per
1197 2094 1297 2121 'urbem
1312 2092 1344 2119 ad
1373 2091 1626 2123 caravansaraium,
1647 2090 1743 2125 legatis
1762 2090 1821 2117 Cae-

1035 2141 1116 2168 sariis
1129 2140 1309 2174 assignatum,
1327 2138 1539 2166 deducehamur.
1568 2135 1641 2164 Inter
1669 2136 1821 2170 dignitates

1037 2186 1298 2221 palatiiGrtecorum
1320 2185 1516 2218 imperatorum
1539 2183 1716 2215 recentiores,
1747 2183 1822 2211 inve-

200 2236 272 2269 piam
282 2232 384 2260 faceret
399 2229 546 2261 universis,
564 2227 590 2254 iu
609 2226 769 2262 syultetlrio,
786 2226 829 2254 vel
844 2233 980 2253 concessu
1000 2222 1021 2251 υ
1038 2233 1112 2260 nim,
1139 2232 1221 2260 etiam
1247 2232 1338 2266 M0335
1353 2231 1409 2258 sive
1433 2237 1547 2264 "mgnus
1571 2229 1720 2260 Tuum",
1748 2229 1821 2263 qum]

200 2280 241 2306 vel
254 2276 382 2306 consilio.
393 2274 436 2302 vel
449 2272 590 2300 audientis
605 2271 713 2306 publica
735 2272 874 2306 (divauum
902 2270 983 2298 Turci

199 2326 303 2356 dicunt,
318 2329 400 2358 quam
421 2327 515 2348 vocem
531 2318 704 2346 Belvacensis
732 2317 801 2344 libro
827 2325 901 2347 xxxi,
923 2324 984 2350 cap.

200 2369 263 2402 I45,
278 2368 416 2395 Dovanatn
436 2368 567 2398 corrupte
583 2362 706 2398 scripsit,
730 2362 930 2389 horridiuscule
948 2366 987 2395 tv-

199 2416 318 2450 phaoum
335 2411 458 2447 Porsius)
473 2409 668 2445 ingredientem
692 2407 726 2436 ad
748 2415 778 2434 se
799 2414 896 2442 magno
926 2409 986 2434 nisu

200 2471 247 2498 per
261 2461 378 2489 mediam
394 2458 533 2486 hominum
551 2456 671 2488 turbam,
704 2458 799 2482 notum
819 2454 870 2482 sibi
898 2453 990 2481 det-vi-

200 2511 271 2538 sium
297 2507 442 2543 quemdam
473 2504 661 2539 conspicatus,
689 2508 799 2529 manum
827 2500 989 2534 exporrigit,

199 2556 400 2588 eleemesyuam
422 2551 526 2579 scilicet
550 2548 654 2578 homini
679 2547 804 2575 daturus.
833 2546 928 2580 Itaque
954 2547 989 2573 ab

200 2601 262 2630 aliis
276 2599 300 2627 ei
313 2598 429 2630 ceditur,
442 2602 471 2624 ut
488 2597 567 2624 adire
589 2595 705 2622 bassam~
716 2597 807 2628 posset
819 2600 833 2618 ι-
844 2593 877 2618 ad
907 2599 987 2625 queui

202 2643 369 2680 uhipropius
381 2641 557 2672 accessisset,
583 2641 666 2667 sicam
687 2646 702 2666 e
729 2639 790 2666 siuu
823 2638 937 2672 profert,
962 2641 989 2664 et

202 2701 233 2720 ea
249 2692 274 2719 vi
288 2688 463 2718 Mechemetis
478 2689 505 2714 in
518 2692 612 2721 pectus
639 2684 733 2720 adigit,
751 2689 779 2711 ut
795 2683 870 2711 illico
890 2683 989 2710 1:.bale

201 2739 302 2767 vulnus
314 2736 460 2770 acciperet,
475 2741 530 2769 quo
539 2731 709 2767 exspiravit:
739 2731 798 2764 ipso
824 2738 884 2757 mox
905 2731 989 2756 etiam

204 2785 324 2814 dervisio
348 2784 381 2809 ab
419 2780 574 2809 astantibus
607 2787 634 2807 In
661 2782 748 2806 lrusta
780 2777 902 2804 concise.
924 2775 992 2802 Vide

202 2839 284 2867 quain
298 2837 313 2857 a
327 2827 519 2857 decessoribus
528 2825 586 2855 suis
603 2824 728 2853 homines
760 2821 886 2851 scelerati
922 2828 992 2848 nec-

202 2880 270 2908 dum
286 2875 489 2913 degenerariut.

1037 2278 1158 2305 ofﬁcium
1175 2277 1216 2304 vel
1232 2276 1348 2303 mutuati
1365 2280 1427 2302 sunt
1443 2275 1476 2302 ab
1497 2275 1631 2310 Agarenis
1656 2274 1755 2304 (ἕτεροί,
1779 2274 1822 2300 vel

1039 2333 1052 2351 a
1068 2325 1169 2352 Grtrcis
1198 2323 1315 2357 Agareni
1347 2325 1524 2356 acceperunt,
1543 2324 1570 2348 et
1588 2321 1657 2348 idem
1675 2325 1717 2347 est
1749 2320 1822 2348 hami

1038 2370 1120 2398 dubie
1132 2377 1192 2396 cum
1210 2368 1374 2396 Zausiorum
1389 2367 1479 2394 bassa.
1501 2367 1636 2394 Numerus
1662 2365 1823 2393 Zausiol'um

1038 2416 1096 2444 fere
1111 2422 1182 2442 nunc
1198 2414 1268 2449 apud
1279 2413 1444 2442 Osmanidas
1454 2413 1487 2440 ad
1515 2413 1702 2446 septingentos
1731 2419 1825 2439 excrc-

1040 2462 1089 2489 vit.
1101 2460 1249 2494 Pusdigani
1262 2460 1381 2494 denique
1396 2466 1495 2486 nomen
1509 2457 1689 2492 Agarenicum
1711 2457 1824 2490 retinui,

1041 2509 1111 2536 sicut
1124 2512 1150 2535 et
1165 2507 1293 2542 superius
1310 2506 1337 2533 in
1356 2506 1511 2533 narratione
1527 2504 1560 2532 de
1572 2508 1649 2538 capta
1665 2503 1825 2530 Constanti-

1042 2553 1296 2589 nopoli,quoclava
1325 2559 1449 2578 massave
1481 2551 1581 2583 ferrea,
1603 2549 1700 2577 Turcis
1726 2549 1825 2575 usitata

1042 2601 1221 2634 signiﬁcatur.
1236 2598 1321 2626 Graeci
1336 2597 1502 2625 recentiores
1512 2597 1580 2623 hanc
1605 2603 1696 2623 vocem
1728 2601 1826 2621 usucc-

1043 2652 1150 2681 peruut,
1181 2653 1213 2672 ac
1239 2652 1316 2671 suam
1349 2642 1510 2670 reddidere:
1531 2649 1591 2669 cum
1614 2640 1678 2668 olim
1707 2639 1827 2675 κορύνην

1044 2692 1135 2728 dicere
1148 2691 1219 2719 soliti
1234 2690 1346 2718 fuerint.
