1963 3067
136 167 182 199 849

697 169 898 200 ΡΑΝῡΕιῖΤΕ
915 169 1013 199 IIIS'I‘.
1030 168 1185 199 TURCIC.

1713 167 1773 199 850

99 216 104 220 ’
137 228 193 271 113".
214 228 308 255 Clades
330 229 520 271 ρηριινργιίζηηξ
535 230 685 271 calamum
704 232 759 271 riga
785 234 922 271 cistarum,
938 233 960 261 Α
975 236 1056 264 quam
1074 229 1150 256 illum
1166 228 1306 263 signorum
1336 228 1508 263 militumque
1533 232 1688 258 numerum,
1718 225 1770 258 (μή

167 263 346 298 Frangcpnni,
359 263 489 300 Agalarii,
499 265 577 293 Tum”
589 263 694 294 Cra-cos
711 263 738 294 o1
754 267 843 293 multis
863 266 922 293 imi-

167 300 233 335 tati;
251 305 353 332 sceptra
382 301 433 328 sive
455 302 543 328 baculi
572 302 734 335 amcorum,
766 302 922 335 Druucarii,

167 333 277 367 Drunci,
301 335 407 370 Bantia,
425 336 602 371 Bandophori.

167 405 281 440 Jacupis
299 405 361 441 Agaa
375 413 475 434 nomen
488 406 516 441 in
537 406 650 434 historia
676 406 793 434 Bonﬁnii
816 407 923 435 deside-

139 457 223 478 ratur.
241 451 322 478 Jovio
335 451 440 479 Cadum
470 451 549 479 bassa
574 452 686 479 dicitur.
719 453 790 479 idem
824 461 922 480 nomen

139 498 216 526 habet
230 498 408 534 Wolfgangus
426 499 581 526 Dreslerus.
604 498 702 526 Verum
735 499 787 527 hoc
811 499 836 526 ei
868 507 924 526 non

139 550 196 572 erat
212 546 363 580 proprium,
378 545 425 573 sed
443 546 477 573 ab
501 546 643 573 accidente
666 546 793 578 inditum,
824 546 925 581 quippe

138 592 260 619 Cbadum
276 592 318 619 vel
332 591 436 620 Hadum
449 592 587 627 signiﬁcat
598 593 745 624 eviratum,
768 593 813 621 cui
840 597 925 622 testes

138 639 239 665 scilicet
266 638 380 666 exsecti.
411 638 479 666 Huic
518 638 690 673 Ungarorum
716 639 786 666 cladi
814 647 925 666 causam

138 684 381 719 prmbuitJoannes
397 684 600 720 Frangepanus,
618 693 651 712 ex
670 685 773 713 illustri
785 689 812 713 et
833 685 927 713 Romae

140 730 277 764 quondam
316 729 390 757 clara
426 729 670 765 Frangcpanorum
699 730 802 758 familia
834 735 926 762 natus,

139 775 237 808 quibus
255 776 282 802 in
311 776 450 803 Croatiam
478 776 694 810 Dalmatiamque
722 777 926 812 commigranti-

141 821 190 849 bus
205 822 298 849 datum
313 821 366 849 hoc
394 826 454 849 erat
468 822 502 849 ab
533 822 631 850 incolis
654 829 765 856 nomen,
794 827 824 850 ut
839 823 927 851 Franc

139 867 203 895 Pani
217 868 388 902 dicerentur,
402 869 456 896 hoc
472 873 525 900 est.
543 868 645 896 domini
659 869 770 897 Franci.
786 868 928 897 Defecerat

976 275 1245 302 adeonstituendum
1281 275 1463 311 regimentqu
1495 273 1659 307 requiritur.
1689 271 1767 297 hieo-

973 329 1027 357 que
1043 321 1167 349 Druucus
1185 326 1227 349 est
1244 321 1425 356 regimentum
1442 319 1570 352 militum,
1589 318 1670 352 cujus
1683 320 1776 351 caput-

973 372 1016 395 est
1035 367 1214 401 Druncarius,
1243 367 1310 395 olim
1340 367 1490 399 Tribunus,
1513 373 1587 393 nunc
1610 363 1772 392 Colonellus-

974 419 1021 441 aut
1041 414 1184 449 regimenti
1200 413 1359 449 prmfcctus.
1384 412 1561 439 Conveniunt
1588 416 1615 438 et
1640 410 1692 437 alia
1717 409 1768 435 Ini.

975 459 1039 486 litiae
1053 464 1155 486 nostra:
1170 466 1231 486 cum
1260 458 1314 486 illis
1340 465 1402 493 qua:
1422 458 1476 485 Leo
1497 456 1582 484 tradit
1607 456 1767 490 imperator.

977 505 1089 532 Vaudon
1102 504 1222 539 appellat
1239 504 1348 538 signum
1365 504 1489 539 equitum
1516 503 1557 530 vel
1586 501 1722 536 peditum,
1739 506 1775 528 ut"

977 550 1064 578 nostri
1087 550 1179 578 Vaneu
1203 553 1230 577 et
1259 549 1390 582 Vandlin,
1430 553 1476 575 aut
1495 547 1618 575 Vacndlin
1636 554 1642 572 :
1661 545 1775 572 Vando-

977 595 1095 630 pharon,
1109 596 1155 630 qui
1171 595 1302 622 vexillum
1332 594 1419 622 Vandi
1436 597 1538 629 gustat,
1558 597 1585 620 et
1604 591 1706 619 nostris
1727 595 1771 618 est

978 641 1127 670 \‘andrich.
1141 642 1233 674 Addit,
1246 641 1373 669 Vandum
1395 645 1523 669 constare
1539 639 1680 675 zmilitibus
1704 638 1768 668 300,

977 692 1023 714 aut
1039 688 1129 715 saltim
1159 696 1212 714 non
1232 687 1425 722 paucioribus,
1452 694 1533 720 quam
1561 685 1623 718 200,
1640 692 1689 712 nec
1712 684 1771 719 plu-

979 734 1065 766 ribus,
1081 741 1163 768 quam
1177 733 1240 761 400.
1257 734 1302 760 Sic
1318 738 1343 760 et
1360 733 1501 760 Druncum
1517 733 1573 759 sive
1584 732 1765 767 regirncntum

979 781 1083 808 trahere
1099 781 1219 807 vultntm
1247 780 1393 814 paucim-es
1410 778 1494 811 mille,
1512 786 1565 805 non
1577 777 1668 812 plures
1682 776 1770 803 tribus

979 825 1111 854 millibus.
1133 825 1301 853 Caeterorurn
1319 825 1391 860 apud
1415 825 1536 852 Leonem
1569 823 1680 850 collatio
1709 828 1771 849 cum

980 871 1094 903 nostris,
1107 871 1223 899 alterius
1238 871 1292 898 loci
1302 870 1396 903 fuerit,
1415 877 1448 897 ac
1466 868 1592 897 fortassis
1603 869 1629 895 in
1651 867 1703 894 hoc
1726 874 1773 901 ge-

138 919 227 942 autem
241 914 435 949 Frangepanus
454 919 516 950 post
529 915 651 943 Matthiae
681 916 755 951 regis
767 916 885 947 obitum.
911 923 926 944 a
943 919 963 947 Β
977 926 1043 947 nere
1056 919 1182 946 nonnihil
1202 918 1348 954 aliquando
1374 917 1522 944 moliamur
1536 935 1543 948 ,
1559 923 1622 943 cum
1651 913 1770 949 aliquant

139 968 199 994 rege
212 960 348 988 Vladislao
364 965 390 988 et
404 961 474 989 duce
503 960 610 990 Joanne
648 962 778 996 Corvino,
805 962 926 990 Matthiae

138 1006 209 1041 regis
226 1007 282 1034 ﬁlio
297 1007 447 1042 notlto,qui
464 1009 498 1035 ad
512 1008 629 1036 Jaitzam
648 1009 739 1037 Banus
759 1016 853 1037 earum
884 1017 928 1037 re-

138 1053 249 1086 giunum
267 1057 336 1081 erat.
352 1053 475 1089 Cumque
492 1055 520 1082 in
535 1063 599 1083 arce
624 1055 722 1084 Brevia
736 1064 785 1084 ceu
817 1057 926 1085 rebellis

138 1098 323 1132 obsideretur,
338 1100 455 1134 proximi
473 1100 562 1129 bassa
572 1102 706 1130 auxilium
719 1103 924 1138 imploraverat.

138 1142 280 1177 Ingressus
290 1150 332 1173 est
343 1144 471 1181 ngarite
489 1146 557 1175 ﬁnes
568 1146 685 1183 Jacupes
697 1156 747 1184 aga
775 1155 838 1176 cum
862 1154 928 1177 octo

139 1191 180 1218 vel
198 1198 296 1218 novem
311 1192 432 1220 millibus
446 1193 580 1227 equitum,
598 1195 636 1221 uti
647 1194 786 1222 Bonlinius
802 1194 923 1230 scripsit.

137 1235 255 1269 Agar-um
273 1238 313 1264 vel
332 1237 526 1272 Agalariorurn
558 1247 657 1266 nomen
683 1241 753 1274 apud
780 1239 884 1268 Turcos
910 1248 924 1267 a

139 1281 238 1308 b.t('lli0
253 1283 401 1311 deductum
423 1289 474 1317 est,
505 1285 551 1319 qui
564 1285 669 1312 scilicet
691 1287 867 1321 magistratus
885 1292 927 1315 est

138 1330 311 1365 symbolum,
329 1331 401 1359 sicut
433 1332 516 1359 etiam
547 1337 610 1360 ante
639 1332 743 1361 Turcos
768 1334 924 1361 Grmcorum

139 1378 336 1410 imperatorum
377 1378 509 1406 ofﬁciales
543 1386 592 1406 sua
626 1379 750 1414 quasdam
782 1380 926 1415 gestabant

137 1427 328 1458 sceptra,quae
344 1424 409 1451 nihil
434 1429 513 1452 erant
538 1427 611 1453 aliud
643 1435 725 1462 quam
757 1427 857 1454 baculi.
892 1428 925 1454 Et

140 1469 249 1502 quidem
268 1470 295 1497 in
321 1479 396 1499 more
421 1472 525 1501 Graecis
548 1477 618 1504 erat,
645 1478 676 1500 ut
704 1473 811 1507 quoties
839 1481 925 1502 novus

141 1515 216 1542 fieret
229 1516 390 1551 imperator,
406 1525 503 1546 omnes
520 1519 652 1546 ofﬁciales
668 1525 774 1554 sceptra
801 1527 850 1548 seu
878 1521 924 1548 ba-

139 1562 217 1590 culos
231 1570 296 1590 suos
305 1562 484 1598 deponerent,
503 1573 552 1593 nec
570 1567 622 1593 msi
644 1565 757 1600 iubente
774 1575 844 1594 novo
874 1567 924 1594 im-

140 1610 266 1640 peratore
283 1613 454 1636 resumerent
473 1609 498 1636 in
528 1617 625 1638 manus
635 1611 646 1637 :'
661 1619 716 1645 quo
744 1612 795 1638 ritu
820 1611 924 1646 signiﬁ-
938 1609 960 1625 “

139 1652 266 1685 cabatur,
288 1662 335 1682 eos
356 1655 383 1682 in
407 1655 508 1683 ofﬁciis
525 1657 584 1684 suis
604 1657 638 1684 ab
668 1657 729 1692 ipso
756 1658 923 1685 conﬁrmari.

140 1697 269 1726 Meminit
293 1700 355 1733 ejus
378 1701 465 1729 moris
490 1703 607 1737 antiqui,
635 1702 779 1738 Symeonis
802 1705 926 1738 magistri

138 1743 294 1772 ofﬁciorum
305 1745 424 1773 Historia
438 1747 635 1783 manuscripta,
647 1748 726 1784 cujus
741 1749 824 1777 verba
847 1757 927 1786 repe-

140 1788 195 1816 ries
206 1789 296 1824 capite
312 1790 374 1822 199,
387 1791 574 1819 meminerunt
585 1797 611 1820 et
629 1793 675 1821 alii
690 1793 800 1828 quidam
815 1803 822 1821 :
848 1795 926 1830 isque

140 1843 214 1862 nunc
223 1836 305 1864 etiam
318 1837 449 1864 retinetur
460 1846 473 1865 a
483 1837 592 1871 Turcis,
608 1847 676 1874 quos
691 1840 845 1869 imitatores
859 1849 924 1870 esse

139 1879 309 1915 Graecorum,
324 1884 473 1916 praesertim
496 1885 523 1911 in
542 1885 625 1912 rebus
637 1885 671 1912 ad
686 1886 793 1921 imperii
808 1886 924 1915 formam

140 1927 265 1961 ritusque
282 1929 404 1962 publicos
435 1932 634 1966 spectantibus,
657 1933 712 1968 jam
737 1943 926 1969 smpenumero

138 1973 271 2001 diximus.
286 1973 450 2010 Quanquam
464 1977 511 2004 alii
526 1983 633 2012 putant,
653 1979 687 2005 ab
713 1979 779 2014 ipsis
796 1982 926 2016 pleraque

138 2018 261 2052 profecta
281 2019 447 2048 Saracenis:
475 2023 520 2056 qui
535 2028 596 2058 post
620 2023 803 2052 defectionem
831 2034 846 2053 a
873 2026 926 2053 Ito-

139 2065 240 2098 manis,
274 2073 369 2094 eorum
398 2067 577 2097 nihilominus
612 2076 665 2098 tam
696 2072 816 2104 civilem,
845 2081 925 2107 quam

138 2110 287 2138 militarem
303 2112 411 2147 imperii
425 2115 652 2149 gubernationem
677 2117 780 2145 fuerint
794 2121 925 2147 aemulati.

137 2155 185 2183 Sic
206 2157 288 2191 igitur
299 2162 326 2185 et
341 2159 461 2194 Agalarii
487 2161 552 2189 dicti
570 2167 634 2200 sunt
648 2164 682 2191 ab
695 2172 756 2198 agn.
773 2167 845 2200 quod
877 2168 927 2194 ha-

137 2202 232 2229 cu'um
251 2203 397 2237 signiﬁcat.
434 2206 565 2243 Adeoque
598 2210 710 2244 propius
728 2216 758 2238 ut
783 2213 925 2240 ostendam

979 972 1033 992 non
1058 964 1178 999 antiquae
1216 964 1353 991 duntaxat
1375 963 1482 990 militize
1509 962 1649 993 notitiam,
1674 968 1771 988 verum

977 1009 1061 1037 etiam
1075 1003 1219 1044 praesentis
1237 1016 1317 1036 uum
1348 1008 1470 1037 assecuti
1495 1008 1649 1035 videamur.
1672 1005 1770 1046 Itidem

977 1056 1011 1084 de
1027 1055 1109 1091 Viglae
1121 1055 1246 1091 Stolique
1259 1054 1367 1090 magnis
1391 1054 1552 1082 Druncariis
1577 1053 1656 1081 alibi.
1682 1051 1771 1080 Pluri-

979 1109 1054 1129 mum
1067 1107 1141 1129 eerte
1155 1101 1259 1129 faciunt
1272 1101 1330 1128 haec
1344 1101 1378 1128 ad
1400 1100 1582 1128 illustrandas
1612 1099 1770 1126 Graecorum

977 1147 1146 1176 recentiores
1158 1147 1299 1175 historias.
1320 1146 1360 1173 Ad
1392 1145 1610 1174 Druncariorum
1638 1152 1704 1180 ergo
1734 1145 1772 1172 si-

977 1194 1157 1221 militudinem
1174 1193 1270 1221 Turcis
1295 1197 1359 1220 sunt
1384 1192 1504 1227 Agalari,
1536 1191 1610 1218 velut
1640 1189 1768 1223 Tribuni,

979 1245 1042 1274 puta
1057 1240 1173 1268 Gtt-nizar
1186 1247 1248 1275 aga,
1268 1239 1404 1274 Capizilzrr
1436 1245 1498 1273 aga,
1529 1236 1684 1272 Spaboglan
1707 1243 1768 1270 aga,

979 1286 1109 1313 Silicbtar
1142 1285 1266 1321 aga:de
1296 1285 1397 1320 quibus
1431 1283 1561 1311 omnibus
1593 1282 1769 1311 convenieuti

979 1331 1039 1358 loco
1052 1331 1224 1359 tractabitur.

980 1389 1038 1416 I74.
1054 1388 1122 1416 Bani
1145 1397 1283 1425 regnorum
1298 1389 1367 1424 apud
1391 1387 1520 1425 Urigaros,
1533 1387 1683 1421 Clrrobatw,
1702 1385 1770 1414 Clio-

1191 1430 1285 1458 ruauz,
1304 1424 1421 1452 Diremit
1435 1424 1502 1451 Ban.

1013 1470 1193 1498 Promisimus
1209 1478 1293 1506 supra
1318 1471 1408 1506 capite
1441 1469 1644 1506 septuagesimo
1669 1468 1769 1503 primo,

977 1524 1028 1544 nos
1040 1517 1073 1544 de
1088 1517 1172 1545 Banis
1189 1522 1216 1544 et
1228 1517 1379 1544 Banatibus
1400 1517 1426 1544 in
1443 1516 1535 1552 regnis
1559 1515 1686 1550 Ungariaa
1719 1515 1770 1541 ada-

973 1563 1078 1597 junctis
1091 1563 1454 1598 aliquiddicturosplenius.
1482 1563 1510 1590 Id
1546 1562 1631 1598 igitur
1660 1565 1690 1589 ut
1717 1562 1774 1588 hoc

977 1614 1100 1644 praestem
1119 1609 1187 1642 loco,
1207 1617 1262 1644 quo
1277 1609 1343 1636 Bani
1361 1609 1491 1644 Ungarici
1513 1608 1615 1636 mentio
1645 1608 1685 1641 ﬁt,
1704 1607 1774 1634 dico—

977 1656 1082 1682 Banum
1099 1656 1170 1690 apud
1193 1655 1318 1690 Ungaros
1330 1655 1432 1686 vocari,
1460 1663 1513 1682 non
1542 1654 1768 1690 gubernatorem,

977 1702 1017 1728 vcl
1034 1703 1263 1728 loeumtencntcu
1298 1700 1499 1736 (τοποτηρητὴν
1516 1699 1630 1731 Graecis,
1646 1705 1671 1726 et
1684 1699 1774 1734 ἔξαιρε

977 1756 1033 1784 χον,
1049 1748 1121 1774 unde
1133 1755 1232 1775 nomen
1249 1747 1431 1775 exarclrorum
1450 1748 1534 1774 Italia)
1551 1746 1768 1779 Ravennatium)

977 1795 1034 1822 sive
1052 1794 1179 1821 vicarium
1200 1794 1272 1828 regis
1295 1793 1322 1821 in
1340 1794 1400 1828 ipsa
1429 1792 1558 1828 Ungaria,
1579 1792 1626 1820 sed
1653 1791 1770 1826 alicujus

978 1840 1011 1866 ad
1030 1839 1155 1873 Ungariae
1171 1839 1242 1873 juris
1257 1838 1407 1874 spectantis
1422 1838 1497 1872 regni
1527 1836 1682 1872 praesidem.
1699 1836 1765 1863 Per-

979 1886 1067 1913 tincnt
1082 1892 1146 1912 vero
1160 1885 1257 1920 partim
1274 1883 1437 1918 antiquitus,
1454 1884 1551 1918 partim
1588 1883 1669 1909 etiam
1686 1890 1773 1914 nunc,

978 1931 1035 1958 bwc
1050 1930 1082 1957 ad
1101 1930 1246 1965 Ungariam
1263 1937 1346 1965 regna
1363 1939 1370 1957 :
1388 1929 1532 1961 Dalmatia,
1542 1928 1664 1960 Croulia,
1676 1927 1767 1954 Slavo-

979 1977 1063 2009 uia(ir|
1080 1980 1132 2007 est,
1146 1974 1413 2011 lllyricum).‘Ramia
1424 1973 1466 2002 vel
1479 1973 1564 2001 Rama
1579 1973 1646 2008 (quo
1656 1973 1769 1999 nomine

979 2023 1005 2050 in
1036 2021 1206 2057 Ungarorum
1235 2029 1330 2055 regum
1351 2020 1438 2048 titulis
1467 2019 1628 2055 intelligitur
1657 2018 1770 2060 tiozina)

980 2067 1084 2100 Servia,
1107 2067 1217 2095 Gallicia
1244 2067 1302 2094 sive
1325 2065 1647 2099 Valacbia,Lodomeria,
1669 2064 1770 2092 Conra-

979 2115 1035 2146 uia,
1052 2114 1188 2150 Bulgaria.
1198 2113 1297 2141 [ιι-ιιξιθι*
1314 2113 1363 2141 bos
1374 2112 1473 2148 Banos,
1485 2112 1587 2139 mentio
1605 2111 1635 2138 ﬁt
1649 2111 1674 2138 in
1687 2111 1773 2138 histo-

981 2161 1027 2188 riis
1041 2160 1203 2190 Banatuum,
1216 2159 1426 2191 Macltovicnsis,
1437 2163 1464 2186 et
1480 2158 1772 2192 Zeverinensis,(Suw-

980 2208 1068 2236 riuum
1096 2208 1151 2244 jam
1179 2208 1260 2242 Vulgo
1279 2211 1376 2234 vocant
1392 2207 1419 2234 in
1438 2205 1619 2240 Transalpina
1641 2203 1770 2231 Valacbiu

138 2247 351 2278 similitudinem
383 2252 534 2280 ofﬁciorum
575 2256 666 2288 palatii
696 2262 778 2292 atque
821 2259 926 2293 imperii

982 2259 1092 2290 propter
1114 2254 1277 2286 Danubium,
1296 2261 1310 2280 a
1324 2253 1427 2281 Severo
1455 2252 1580 2286 Augusto
1606 2251 1769 2278 aediﬁcatum

138 2293 240 2325 (ξι-ποί,
254 2303 315 2323 cum
333 2297 430 2325 oﬂiciis
458 2306 543 2333 portae
574 2300 747 2334 Osmanicaa,
759 2303 832 2335 dico,
862 2304 931 2331 Tur-

137 2341 334 2375 cisAgalarios
359 2351 420 2370 esse
444 2353 493 2372 sua
511 2346 617 2378 lingua.
649 2348 695 2382 qui
726 2349 827 2376 Graecis
852 2355 929 2377 orant

138 2385 402 2422 vchrungarii,vel
422 2390 564 2418 Druucarii
593 2395 698 2428 potius.
721 2395 774 2422 Eos
798 2396 851 2423 Leo
882 2398 930 2423 Sa-

137 2430 370 2466 piensAugustus
390 2434 418 2461 in
433 2435 503 2463 libro
528 2444 579 2463 suo
596 2438 677 2474 5.65
697 2440 733 2467 De
758 2442 930 2474 apparatibus

135 2474 242 2502 bellicis
259 2477 323 2504 olim
340 2478 431 2507 dictos
445 2480 528 2509 fuisse
549 2483 632 2510 tradit
649 2484 840 2517 Cbiliarclros,
856 2488 931 2522 quod

135 2524 274 2553 militibus
299 2526 373 2554 mille
389 2534 560 2562 praeessent;
577 2535 604 2557 et
632 2530 783 2565 Druncnm,
811 2533 930 2560 Chiliar-

135 2573 232 2599 cbam.
263 2571 355 2600 Latini
391 2573 563 2603 Cbiliarcbos
586 2581 687 2604 vocant
719 2578 854 2611 tribunos,
883 2580 929 2615 qui

134 2626 215 2646 ntrnc
231 2619 364 2648 Colonelli
379 2625 454 2648 sunt.
471 2621 609 2650 Druucum
632 2624 682 2657 (sie
701 2626 774 2652 enim
809 2633 930 2660 proruto-

133 2666 226 2693 tiabat
237 2667 400 2702 Zygomalas
422 2672 448 2695 et
477 2667 659 2697 Drunearium
676 2691 682 2702 ,
697 2679 750 2698 non
778 2673 929 2708 Drungum,

133 2712 182 2739 vel
200 2711 480 2748 Druugarium,quod
496 2716 576 2750 \ulgo
599 2716 655 2743 fieri
675 2717 756 2748 solet)
783 2718 823 2745 sic
837 2719 929 2753 appel-

133 2757 226 2783 latum
241 2758 360 2786 arbitror
373 2767 386 2785 a
400 2764 511 2791 trunco,
526 2761 584 2788 sire
598 2762 708 2794 baculo,
728 2763 785 2790 sive
798 2769 926 2799 sceptro;

134 2804 373 2836 quemadmodum
409 2806 544 2840 Irotlicquo
575 2808 756 2842 rcgimentum
797 2817 928 2839 vocamus

134 2853 195 2875 lam
219 2850 304 2882 ipsius
326 2851 442 2878 Tribuni
471 2851 597 2879 baculum
624 2854 716 2887 (ritum
746 2855 839 2882 tlixete
864 2860 928 2889 puto

135 2893 282 2931 Romani),
301 2904 383 2931 quem
419 2904 467 2924 ceu
487 2899 662 2933 magistratus
697 2900 802 2936 insigne
826 2906 924 2936 gestat,

983 2301 1126 2336 oppidum)
1139 2306 1165 2328 et
1181 2301 1291 2333 Erdelii,
1320 2299 1444 2327 Turcicis
1480 2299 1506 2325 in
1535 2298 1678 2329 historiis;
1710 2304 1771 2330 quas

982 2347 1112 2375 Joannem
1126 2347 1158 2374 de
1180 2346 1300 2381 Zapolia,
1335 2346 1462 2374 comitetn
1482 2343 1680 2378 Cepisiensem,
1693 2343 1770 2377 regni

984 2397 1184 2426 usurpatorem.
1203 2396 1230 2418 et
1246 2391 1340 2425 patria:
1358 2395 1476 2425 pestem,
1494 2389 1568 2416 Ettel
1595 2388 1651 2415 Ban
1679 2389 1773 2422 appel-

984 2439 1040 2465 lant
1054 2447 1060 2465 :
1073 2439 1134 2465 licet
1149 2445 1163 2464 a
1176 2437 1276 2464 [nostris
1287 2435 1386 2463 Erdelii
1401 2436 1459 2462 sive
1475 2433 1697 2469 Transsylvauize
1709 2432 1771 2459 Vai-

984 2484 1050 2512 voda
1077 2483 1266 2510 tantummodo
1297 2481 1499 2508 nominaretur.
1525 2479 1637 2514 lpsimet
1670 2478 1772 2512 Ungari

984 2531 1087 2558 Banum
1102 2538 1148 2558 seu
1179 2529 1299 2556 Wanum
1330 2534 1428 2555 vocare
1453 2534 1482 2554 se
1505 2526 1601 2554 dicunt
1625 2533 1700 2556 eum,
1724 2524 1772 2558 qui

983 2578 1082 2605 vexillo
1094 2577 1157 2604 aliis
1183 2577 1273 2611 praeit.
1288 2575 1367 2603 Unde
1382 2572 1772 2610 paret,discrimenbocinter

982 2622 1194 2657 gubernatorem
1210 2626 1238 2648 et
1251 2620 1356 2647 Bonum
1374 2627 1447 2652 esse,
1463 2619 1536 2654 quod
1554 2619 1590 2645 illi
1604 2622 1659 2645 tam
1690 2624 1769 2651 pace.

981 2677 1063 2704 quarti
1075 2669 1154 2701 bello,
1171 2675 1236 2695 cura
1251 2667 1325 2702 regni
1336 2666 1576 2694 omnisincumbat
1588 2673 1596 2698 ;
1610 2665 1654 2692 bic
1663 2663 1771 2691 bellicis

981 2721 1087 2743 tantum
1104 2715 1221 2750 negotiis
1231 2713 1430 2749 praesithsum
1446 2714 1526 2740 etiam
1543 2719 1664 2739 nomeua
1676 2709 1771 2736 Bando

983 2762 1085 2789 factum
1104 2761 1283 2797 perspicitur,
1304 2760 1377 2794 quod
1394 2759 1476 2794 regiis
1489 2759 1611 2793 ipsorum
1628 2756 1766 2783 constitu-

980 2808 1102 2835 tionibus
1114 2807 1216 2834 dicitur
1230 2807 1395 2834 Banderium
1413 2815 1420 2833 :
1437 2810 1534 2840 estque
1562 2803 1652 2830 Barrus
1666 2801 1770 2830 Graecis

980 2854 1154 2886 Flaruularis,
1171 2853 1378 2889 φλαμουλάρης,
1396 2852 1555 2885 Sanzacbcg
1567 2858 1615 2877 seu
1639 2849 1769 2876 Flatnbu-

980 2901 1030 2933 lar,
1050 2900 1157 2928 Turcis.
1170 2899 1248 2928 Nunc
1260 2900 1293 2928 ad
1313 2898 1423 2927 annales
1447 2905 1475 2925 ut
1502 2898 1655 2927 redeamus,
1685 2902 1768 2929 quem
