1963 3067
178 172 230 206 851

782 172 948 204 IOANNIS
964 173 1181 207 LEUNCLAVI
1185 174 1199 205 Ι

1764 175 1818 207 852

178 228 224 256 hic
240 227 408 264 Ungaricum
427 227 533 256 Battum
544 227 707 264 generaliter
725 229 875 263 appellant,
901 228 968 256 Bon-
983 232 1007 261 Α
1022 229 1138 264 Agareni
1156 234 1183 257 et
1195 229 1362 263 Osmauidae,
1391 233 1422 257 ut
1443 228 1470 256 in
1498 228 1581 259 rebus
1607 229 1640 256 ad
1670 229 1814 264 imperium

180 274 266 300 liuius
279 273 399 300 Croatia:
419 272 612 301 tantummodo
624 272 730 301 Banum
759 273 845 301 fuisse
873 273 969 306 tradit,

180 319 257 354 regni
271 318 399 346 videlicet
414 317 541 354 Ungarite
552 325 639 353 regno
652 318 789 354 adjuncti.
804 319 971 346 Croatarum

180 373 247 393 vero
260 372 359 392 nomen
377 364 516 400 hodieque
531 365 720 392 notissimum.
738 365 812 394 Gens
827 370 868 393 est
885 366 974 401 perti-

179 419 232 438 nax
245 411 272 438 in
289 410 430 439 retinenda
447 411 578 445 religione
585 418 635 439 sua
646 411 812 440 Christiana.
824 411 973 447 Propterea

181 456 281 484 Turcis
295 464 356 484 esse
367 456 475 484 subdita
485 464 547 485 cum
559 457 619 492 ejus
633 457 789 485 amittendae
798 457 921 492 periculo
933 466 975 485 re-

181 509 293 535 cusans,
304 501 339 529 ad
349 501 456 530 vicinos
466 503 766 539 migrat,magnamque
776 511 849 532 nunc
856 504 974 531 Austrias

178 547 359 582 Moraviaeque
376 553 491 582 partem.
506 549 580 584 agris
598 548 721 576 colendis
735 548 828 576 dedita
844 549 973 584 complet-

179 593 317 621 Cedrinus
331 593 358 620 in
375 593 477 622 Basilio
493 594 866 629 Bulgaroctono,Chorvatas
884 594 974 630 appel-

179 639 240 667 lans
257 648 264 667 :
282 638 405 667 Finitimi
429 645 505 673 sunt,
519 640 620 675 inquit,
636 639 764 675 Bulgaris
774 639 974 667 Cborvaturum

179 684 283 719 populi,
297 685 369 719 quod
399 692 497 712 nomen
523 684 657 717 Chorvat,
671 685 714 712 vel
742 684 853 716 Horvat,
870 684 976 719 aspira-

181 731 257 759 tione
272 731 348 764 forti,
363 739 435 758 nunc
445 731 484 759 eis
498 736 541 759 est
557 731 640 759 etiam
653 731 681 758 in
694 738 757 758 usu.
770 730 869 758 Caneri
887 730 975 758 Graeci

181 776 335 805 Cltrobalas
352 777 410 805 sive
423 777 576 805 Chrovatas
587 777 740 804 nominant.
752 777 785 804 Et
796 777 897 804 alicubi
910 776 961 803 ειη-ἱ
984 807 986 812 τ

182 828 258 858 ptum
275 823 348 858 apud
369 824 443 858 ipsos
454 823 544 858 legere
558 824 682 856 momini,
695 823 807 851 Servios
815 827 842 851 et
853 822 958 850 Chrova
984 814 987 839 ἶ

181 874 225 898 tas
240 870 353 898 eosdem
369 878 432 899 esse
449 875 574 906 respectu
589 870 718 897 nimirum
745 869 868 904 ejusdem
893 869 975 904 origi-

180 915 225 944 nis
232 919 259 942 et
274 915 372 950 lingua:
390 915 506 943 Veuedat
519 934 528 948 ,
544 921 625 950 quam
641 913 669 940 in
684 913 786 941 Serviis
800 913 973 940 demonstra-
989 908 1010 937 Β

180 962 272 991 vimus
285 962 373 997 capite
386 962 525 990 tricesimo
539 962 648 996 quinto.
658 961 765 988 Rursus
778 960 810 988 ab
819 959 971 987 Annalibus

182 1009 225 1035 his
238 1008 331 1036 Barrus
351 1008 508 1044 Ungaricus
522 1009 604 1035 etiam
621 1007 742 1034 Direnzil
766 1006 822 1039 Ban
840 1006 969 1033 nornina-

182 1059 238 1088 tur,
247 1055 330 1083 veluti
350 1055 439 1083 Drens
449 1054 500 1082 Cili
517 1054 584 1087 Bau,
604 1054 657 1082 hoc
680 1057 734 1086 est,
763 1053 885 1081 Drenzus
896 1052 973 1080 Ciliae

182 1100 286 1129 Bonus.
300 1101 408 1137 Quippe
433 1101 631 1129 celeberrimus
660 1100 736 1128 Ciliae
762 1099 911 1127 comitatus
936 1098 971 1126 ad

181 1147 298 1175 Croatite
313 1147 446 1175 Banatum
465 1147 618 1183 antiquitus
647 1145 810 1182 pertinebat.
824 1149 852 1173 et
879 1145 968 1173 Bauli-

181 1193 245 1222 nius
256 1200 388 1229 expresse
403 1194 487 1222 tradit
500 1194 611 1222 bassam
629 1194 695 1228 (quo
712 1192 825 1220 nomine
838 1191 970 1225 Jacupem

181 1247 260 1276 agam
275 1240 413 1276 intelligit)
431 1241 548 1275 primum
575 1240 700 1267 omnium
721 1238 773 1266 hoc
791 1237 862 1266 bello
889 1236 972 1264 Cilia-

181 1294 248 1314 uutn
263 1294 358 1320 agrum
368 1287 546 1321 populatione
556 1285 737 1317 deformasse.
750 1283 816 1312 Bani
828 1283 971 1318 proprium

182 1340 282 1361 nomen
295 1333 366 1368 apud
382 1341 443 1360 eutn
454 1333 563 1368 legitur.
575 1332 719 1360 Emerieus
735 1331 905 1362 Drenzcnus,
917 1330 973 1356 vir-

182 1379 226 1414 (ut
240 1378 299 1414 ipse
314 1379 426 1413 fatetur)
442 1386 556 1406 summa;
570 1383 625 1405 tam
639 1377 793 1410 industriae,
810 1384 892 1410 quam
906 1383 972 1402 con-

185 1425 239 1452 silii
257 1425 323 1457 :qui
339 1424 471 1452 sull‘ectus
486 1425 611 1452 inlocum
626 1423 741 1452 Joannis
755 1422 869 1450 Corvini
893 1421 971 1449 ducis

185 1478 201 1498 a
217 1470 355 1498 Vlndisho
372 1477 436 1506 rege
450 1470 550 1504 fuerat,
564 1470 676 1503 Habuit,
696 1474 810 1496 auctore
834 1467 971 1500 Bonlinio,

183 1525 276 1545 secum
295 1517 386 1545 Bonus
396 1521 500 1552 septem
518 1517 633 1545 miiitum
650 1516 838 1543 tantummodo
861 1515 946 1542 millia
963 1523 970 1541 :

183 1564 281 1598 reliqui
298 1565 409 1592 rustica:
419 1563 505 1598 plebis
518 1564 676 1594 inconditae,
690 1570 740 1590 nec
756 1562 839 1589 armis
855 1565 972 1589 assueta:

183 1610 343 1639 cohortibus
356 1610 532 1639 constabant.
553 1609 661 1637 Accidit
681 1609 753 1636 aliud
765 1608 848 1635 etiam
869 1607 971 1634 tnalutn

184 1656 258 1691 quod
270 1656 428 1684 Drenzenus
442 1662 537 1683 contra
550 1656 716 1684 sententiam
732 1654 815 1681 animi
846 1654 888 1681 sui
908 1661 973 1680 coa-

183 1706 246 1730 etus
261 1709 275 1730 a
290 1702 460 1730 Brrnardino
468 1701 658 1737 Frangepano,
667 1700 814 1736 pugnavit:
827 1700 974 1736 quitamcn

184 1757 200 1776 ο
217 1749 310 1784 ρτωιίο
324 1749 387 1784 l'uga
403 1756 432 1777 se
451 1749 594 1782 subduxit.
612 1748 674 1776 Haec
684 1748 768 1784 466
783 1748 890 1776 scilicet
914 1751 974 1775 erat

185 1795 231 1823 Illa
245 1800 301 1823 tum
315 1795 465 1830 discordia,
481 1800 538 1823 tum
558 1795 631 1831 iuga,
643 1802 726 1830 quam
749 1795 864 1822 innuere
877 1794 975 1822 volunt

184 1842 316 1876 Annales,
328 1849 391 1870 eum
410 1843 500 1875 aiunt,
530 1842 655 1878 Ungaros
668 1843 743 1878 ipsos
769 1842 840 1870 inter
873 1849 903 1869 se
917 1842 977 1869 dis-

184 1888 348 1920 sentientes.
360 1889 669 1923 l'ogisse.Bcrnardinus
684 1894 761 1924 pater
784 1892 844 1916 erat
855 1887 973 1916 Joannis

185 1933 259 1961 illius
273 1933 457 1969 Frangepani,
478 1942 560 1969 quem
579 1935 723 1963 obsessum
757 1934 844 1962 fuisse
875 1933 971 1961 Brevia

185 1979 317 2008 diximus.
335 1980 434 2014 Filius,
447 1981 487 2008 vir
502 1981 592 2013 l'crtis,
605 1981 692 2009 hostis
704 1985 794 2014 antea,
806 1981 847 2008 vel
865 1979 976 2008 rebellis

185 2026 355 2069 potiusnhac
368 2035 459 2062 pugna
480 2034 569 2055 caesus
582 2027 722 2055 occubuit.

178 2098 250 2128 J75.
270 2096 381 2126 Octasio
397 2102 422 2125 et
442 2105 523 2124 causa
550 2096 612 2124 belli
627 2095 759 2130 Bajazilis
785 2097 909 2122 adversus
925 2094 976 2122 Ve-

223 2139 295 2161 netos
309 2134 337 2160 in
353 2132 550 2165 Peloponneso:
565 2131 711 2159 Ludovicus
722 2130 836 2157 Maurus
852 2131 906 2157 dus:
919 2130 974 2156 Me-

223 2168 386 2196 diolauensis
403 2168 516 2195 Tttrcum
530 2168 557 2194 in
577 2166 687 2195 Venetos
700 2167 830 2194 concitat:
840 2165 977 2194 Inebecltti

222 2213 239 2231 ιι
261 2204 355 2232 Turcis
375 2205 492 2231 obsessa.

1024 276 1225 311 spectantibus.
1240 279 1268 304 et
1282 283 1333 304 usu
1345 283 1396 304 suo
1411 275 1493 303 ﬁdem
1511 276 1601 303 datam
1612 274 1689 303 ﬂocci
1702 275 1815 308 faciam,

1024 329 1075 350 nec
1091 321 1176 349 ullum
1191 322 1392 357 promissorum
1418 320 1585 350 Christianis
1608 321 1743 350 factorum
1774 330 1803 350 ra

1025 371 1127 396 tionem
1147 368 1276 396 habeant.
1289 368 1394 397 Bellum
1409 367 1493 404 igitur
1506 369 1533 396 in
1561 376 1610 397 eos
1636 369 1758 400 molitur,
1791 375 1817 397 et.

1025 418 1174 450 praetentus
1201 422 1287 443 causa
1313 415 1414 451 cupide
1449 415 1672 443 Occariunculam
1708 415 1816 450 arripit,

1025 461 1097 496 quod
1125 460 1221 489 Veneti
1252 461 1447 497 protegendum
1479 461 1666 497 suscepissent
1688 461 1816 489 comitem

1025 508 1157 536 Joannem
1174 507 1387 536 Cernovichiuru
1401 508 1601 543 (Cernovitzios
1615 507 1747 536 dicendos
1773 515 1819 535 cs-

1027 554 1167 582 tendimus
1177 561 1272 588 supra,
1288 555 1380 589 capite
1396 555 1442 594 ιϐ,
1457 558 1485 582 et
1502 555 1576 582 hunc.
1602 555 1648 582 alii
1669 554 1816 589 Georgium

1027 600 1150 633 vocant),
1167 600 1265 628 vicina:
1277 600 1380 628 Cataro
1393 601 1509 629 ditionis
1520 601 1652 637 regulum,
1668 601 1711 628 cui
1730 601 1817 635 plera-

1026 653 1080 680 que
1093 645 1231 680 Bajazltes
1246 645 1397 674 ademerat.
1413 646 1467 673 Sed
1495 646 1549 673 alia
1579 653 1676 681 reapse
1705 646 1817 673 suberat

1026 699 1191 728 musaquze
1209 699 1279 727 pene
1291 697 1395 720 certam
1411 693 1436 720 ei
1452 700 1529 727 spem
1547 691 1668 720 faciebat
1690 691 1816 727 ejiciendi

1028 738 1148 767 Venetos
1163 746 1179 766 θ
1195 737 1287 766 ﬂorea
1305 738 1362 766 sive
1376 738 1576 773 Peloponneso,
1591 739 1619 765 in
1648 745 1703 773 qua
1718 737 1818 765 multas

1028 790 1095 810 sane
1107 790 1221 818 magnas
1231 788 1261 810 et
1277 783 1398 810 munitas
1415 783 1498 810 urbes
1529 790 1662 817 arcesque
1692 782 1818 817 posside-

1027 828 1225 856 bant.Etenim
1259 829 1354 857 Gallia
1375 837 1423 857 res
1453 829 1612 858 Ludovicus
1637 830 1818 858 duodecimus

1029 875 1197 903 Ludovicum
1225 875 1395 911 Sphortism,
1439 881 1623 912 cognomento
1654 876 1818 909 Maurum.a

1024 921 1168 956 nigredine
1190 920 1293 953 vultus,
1308 921 1410 950 ducatu
1427 922 1624 950 Mediolanensl
1635 922 1817 958 spoliaturus,

1024 974 1105 1003 quem
1118 967 1162 994 sui
1175 967 1245 1001 juris
1257 967 1410 999 asserebat,
1428 967 1519 996 Medus
1530 973 1628 996 contra
1658 968 1816 1002 Sphortiam

1024 1021 1087 1041 cum
1103 1013 1243 1049 republica
1262 1012 1364 1041 Veneta
1398 1017 1574 1049 percusserat
1614 1013 1650 1041 Ea
1676 1013 1817 1042 Gallorum

1024 1067 1086 1087 eum
1105 1059 1215 1088 Venetis
1228 1059 1423 1094 conjunctione
1438 1060 1550 1088 territus
1578 1060 1721 1095 Sphortia.
1746 1061 1818 1096 lega-

1025 1109 1082 1132 tum
1098 1105 1132 1133 ad
1148 1105 1296 1140 Bajasltem
1323 1105 1419 1136 mittit.
1444 1105 1492 1140 qui
1520 1109 1579 1133 tum
1595 1105 1756 1133 muneribus
1780 1106 1818 1138 ri,

1025 1158 1081 1180 tum
1097 1154 1180 1181 variis
1191 1153 1347 1181 rationibus
1368 1152 1563 1188 persuaderet.
1593 1157 1622 1180 ut
1639 1153 1738 1180 bellum
1763 1152 1818 1181 Vc-

1024 1199 1095 1226 netis
1107 1199 1233 1227 inferret.
1253 1199 1360 1234 Quippe
1381 1199 1505 1227 futurum
1523 1199 1623 1233 aiebat,
1636 1201 1818 1235 utoecupatis

1024 1244 1118 1273 Italico
1132 1245 1205 1273 bello
1225 1244 1345 1277 Venetis,
1376 1245 1435 1280 ipse
1461 1246 1537 1273 nullo
1571 1247 1683 1281 negotio
1712 1246 1817 1274 Gracis

1025 1292 1140 1319 urbibus
1156 1296 1183 1318 et
1198 1291 1309 1322 castris,
1323 1294 1350 1320 et
1362 1291 1461 1319 insulis
1475 1298 1523 1319 eos
1547 1295 1672 1319 exueret.
1688 1291 1744 1318 liae
1758 1291 1818 1318 ille-

1024 1341 1086 1365 ctus
1107 1345 1154 1371 spe
1170 1337 1315 1372 Bajazites,
1332 1345 1347 1364 a
1361 1345 1427 1371 pace
1444 1344 1505 1364 cum
1522 1336 1632 1364 Venetis
1648 1337 1752 1365 sancito
1761 1336 1819 1364 dis-

1024 1384 1118 1412 cessit.
1135 1383 1172 1411 Λα
1188 1383 1239 1410 fuit
1255 1384 1380 1418 profecto
1395 1383 1506 1411 noxium
1534 1383 1646 1410 Venetis
1671 1382 1702 1413 id
1730 1381 1817 1409 Mauri

1026 1431 1142 1462 facinus,
1158 1430 1204 1457 sed
1217 1431 1327 1458 tandem
1344 1430 1403 1458 haec
1421 1431 1448 1458 iu
1465 1431 1566 1465 ipsum,
1577 1429 1650 1465 quod
1663 1429 1715 1456 dici
1732 1429 1815 1460 solet,

1024 1482 1089 1503 cuss
1106 1474 1252 1510 fabajusto
1268 1474 1313 1502 Dei
1327 1475 1434 1509 judicio
1444 1475 1506 1503 fuit.
1522 1475 1590 1503 Nam
1604 1480 1631 1503 et
1644 1475 1813 1506 ambitionis,

1025 1526 1051 1548 et
1066 1520 1227 1556 injuriarnm
1241 1522 1434 1556 multiplicium
1445 1529 1508 1557 erga
1515 1522 1648 1550 Joannem
1658 1518 1815 1550 Galeaeium

1025 1566 1120 1595 fratris
1135 1567 1232 1599 lilium.
1249 1573 1277 1596 et
1298 1568 1471 1596 funestorum
1502 1569 1596 1604 patriae
1623 1568 1816 1599 collsiliorum.

1026 1614 1127 1649 quibus
1137 1613 1229 1642 Gallos
1246 1615 1379 1642 adversus
1393 1614 1589 1649 Neapolitanos
1603 1622 1692 1649 rcges.
1709 1614 1818 1641 Tui-cos

1026 1660 1160 1689 adversus
1178 1659 1298 1688 Venetos
1308 1662 1469 1693 commovit,
1485 1661 1600 1689 acerbas
1627 1661 1748 1695 denique
1757 1668 1817 1695 pte—

1029 1713 1078 1734 nas
1094 1706 1154 1734 luit.
1171 1706 1247 1740 Quod
1264 1706 1375 1741 quidem
1392 1707 1416 1734 ei
1431 1706 1541 1735 subtilis
1552 1711 1580 1734 et
1596 1705 1685 1740 arguti
1700 1706 1742 1732 vir
1774 1705 1817 1732 in-

1026 1753 1111 1787 genii,
1125 1752 1231 1788 legatus
1250 1751 1416 1781 Florentium
1430 1752 1600 1788 reipublicae.
1633 1751 1753 1779 futurum
1767 1751 1820 1778 ali-

1027 1797 1136 1832 quando
1149 1797 1321 1831 praedixerat.
1337 1796 1443 1832 Quippe
1459 1805 1522 1825 cum
1537 1797 1602 1825 huic
1616 1797 1648 1824 ad
1668 1804 1698 1825 se
1731 1796 1819 1824 misso

1027 1850 1093 1871 suos
1108 1848 1267 1879 arroganter
1279 1848 1445 1876 ostentaret,
1462 1844 1502 1871 uti
1518 1844 1682 1879 plerumque
1711 1842 1819 1870 solebas

1027 1893 1054 1917 et
1067 1896 1145 1924 opes,
1161 1894 1187 1917 et
1213 1889 1314 1925 ingenii
1341 1891 1435 1918 vires:
1460 1891 1532 1918 inter
1565 1890 1615 1918 alia
1647 1890 1765 1925 quodam
1789 1889 1818 1916 in

1027 1935 1148 1963 conclavi
1159 1935 1297 1970 depictum
1309 1937 1333 1964 ei
1349 1941 1486 1964 monstrat
1498 1937 1678 1964 simulacrum
1692 1935 1818 1963 mulieris

1027 1981 1129 2009 amictu
1145 1982 1329 2017 pulcherrimo
1345 1983 1463 2021 vestitas,
1480 1983 1508 2010 in
1534 1990 1591 2018 quo
1615 1989 1747 2018 esprc5sa
1766 1982 1817 2009 mi-

1028 2028 1106 2056 riﬁco
1117 2028 1235 2056 artillcio
1264 2033 1320 2056 tota
1343 2027 1567 2062 conspiciebatur
1593 2028 1681 2055 italia.
1702 2027 1820 2063 Propter

1028 2074 1099 2101 hanc
1113 2074 1254 2101 mulierem
1271 2074 1378 2102 astabat
1391 2073 1520 2108 Ethiops
1535 2081 1598 2102 cum
1616 2074 1750 2109 peniculo,
1763 2081 1820 2108 quo

1029 2127 1059 2148 se
1076 2120 1163 2155 ipsum
1173 2120 1289 2148 innuere
1306 2120 1427 2153 volebat,
1443 2120 1491 2155 qui
1505 2125 1535 2148 et
1558 2119 1670 2148 Maurus
1681 2121 1763 2155 vulgo
1774 2123 1818 2148 vel

1029 2166 1156 2202 [Ethiops
1169 2166 1286 2200 audiret,
1301 2171 1328 2194 et
1351 2167 1545 2195 embletnatum
1570 2166 1630 2194 loco
1660 2167 1761 2194 soleret
1778 2168 1820 2194 uti

1029 2213 1071 2239 vol
1091 2212 1301 2247 pcniculo.eum
1322 2213 1504 2248 inscriptione
1528 2212 1636 2244 Latina.
1651 2217 1675 2240 et
1692 2214 1784 2251 merito
1793 2219 1820 2240 et

221 2262 380 2297 Naupactus
394 2261 504 2289 Achaiae
517 2262 654 2289 maritima
664 2261 763 2288 civitas
777 2263 830 2291 est.
843 2259 976 2294 opinione
992 2253 1014 2282 υ
1030 2264 1158 2294 tempore,
1172 2259 1215 2287 vel
1233 2261 1391 2288 ramuscqu
1404 2265 1458 2287 tres
1487 2259 1722 2294 complexorOSas,
1751 2266 1816 2286 cum

185 2308 381 2343 quorumdam,
408 2308 517 2336 Etolim
547 2307 630 2335 Leoni
654 2308 786 2341 Augusto,
820 2305 853 2333 ad
882 2306 973 2333 sinum

185 2355 325 2390 quondam
334 2355 544 2382 Corinthiacum
562 2359 687 2381 vocatum
701 2353 764 2380 sita.
777 2351 876 2380 Nautis
891 2351 975 2386 vulgo

184 2401 241 2434 jam
273 2400 397 2435 Lepanto
425 2400 538 2432 dicitur,
559 2399 698 2427 lnebechti
726 2397 834 2430 Turcis,
860 2396 931 2431 quod
959 2403 975 2424 a

184 2445 312 2480 Nepanto
325 2446 402 2474 Marii
417 2445 492 2481 Nigri
506 2453 561 2474 non
585 2445 682 2481 procul
708 2444 835 2472 recedit:
859 2442 974 2475 Achaia,

185 2490 298 2519 Livadia
316 2492 445 2526 :Elolia,
461 2493 625 2528 Despotatus
643 2501 650 2520 :
669 2492 747 2519 sinus
770 2490 975 2523 Corinthiacus,

186 2537 283 2572 Colpo,
299 2539 356 2567 sive
373 2540 453 2568 Goll’o
472 2541 498 2567 di
513 2539 644 2575 Lepanto.
670 2539 738 2567 Erat
762 2539 818 2566 hoe
839 2542 974 2572 tempore,

187 2585 319 2613 nimirum
338 2593 412 2613 anno
425 2587 587 2614 Christiano
607 2585 689 2624 M98,
713 2585 872 2620 Naupactus
885 2585 912 2611 in
928 2590 976 2618 po-

186 2634 286 2658 testate
298 2631 461 2659 Venetorum
475 2639 490 2659 a
502 2632 546 2663 70.
559 2633 620 2667 plus
629 2632 731 2671 minus,
743 2631 822 2658 annis
831 2639 840 2659 :
849 2630 895 2665 qui
908 2629 976 2656 mis-

185 2685 218 2706 so
232 2677 264 2703 ad
280 2677 427 2712 Bajazitem
449 2677 557 2705 Andrea
578 2678 711 2711 Zantnno,
735 2678 824 2713 legato
850 2684 911 2708 suo,
929 2683 976 2710 pa-

186 2731 245 2752 cem
262 2724 287 2750 in
303 2730 396 2751 annos
407 2724 443 2751 25
463 2731 524 2750 cum
550 2731 583 2750 eo
615 2723 746 2754 fecerant.
771 2723 854 2757 cujus
882 2722 974 2749 tabula

187 2768 321 2802 Bajazites
336 2768 474 2803 scriptura
493 2777 590 2796 manus
601 2777 670 2801 suae,
698 2776 747 2803 pro
768 2776 845 2796 more
874 2767 975 2795 contir-

188 2817 286 2841 marat.
304 2813 488 2842 Nihilominus
500 2816 544 2841 vix
559 2814 696 2849 appellere
725 2813 855 2842 Venetias
868 2813 974 2847 legatus

190 2861 288 2892 potuit.
305 2867 366 2886 cum
379 2860 472 2888 datam
489 2861 601 2887 V‘cuctis
616 2860 695 2886 ﬁdem
718 2860 853 2895 Bajazites
873 2859 968 2886 violat.

189 2905 428 2942 Quippesibiloge
444 2915 491 2934 sua
522 2906 714 2934 blahumctaua
746 2905 867 2940 permitti
879 2905 974 2932 volunt

1027 2306 1208 2340 inscriptione
1221 2306 1382 2334 Germanica
1389 2306 1435 2332 mit
1444 2305 1510 2338 Zeis,
1520 2306 1544 2333 id
1554 2311 1606 2338 est,
1620 2313 1678 2332 uim
1691 2310 1821 2339 tempore.

1030 2352 1096 2386 Qua:
1115 2353 1225 2386 quidem
1246 2352 1334 2386 ipsius
1344 2352 1507 2379 emblemata
1522 2352 1702 2387 symbolaque
1713 2353 1817 2385 passim

1031 2400 1057 2427 in
1073 2400 1224 2433 parietibus
1235 2403 1263 2427 et
1283 2399 1377 2426 aulzcis
1390 2398 1554 2432 Mediolani,‘
1566 2398 1666 2430 Ticini,
1688 2398 1820 2430 Taurini,

1031 2446 1099 2480 apud
1115 2445 1306 2472 doctissimum
1325 2450 1351 2473 et
1366 2445 1502 2472 illustrem
1513 2445 1573 2480 ejus
1589 2446 1665 2473 urbis
1681 2446 1820 2480 archiepi-

1030 2498 1154 2526 scopum.
1172 2491 1367 2526 Hieronymum
1388 2492 1551 2520 ltovcreum.
1564 2496 1592 2519 et
1608 2492 1670 2519 aliis
1690 2491 1717 2518 in
1747 2492 1820 2519 locis

1029 2539 1122 2566 videre
1135 2539 1258 2566 memini.
1273 2539 1339 2566 Erat
1366 2539 1409 2566 hie
1437 2538 1564 2572 Ethiops
1594 2538 1634 2565 ira
1662 2538 1761 2572 pii-tus.
1790 2545 1819 2565 ιιι

1029 2583 1158 2618 peniculo
1171 2582 1317 2610 mulierise
1334 2589 1410 2610 veste
1437 2583 1576 2616 pulverem
1597 2588 1659 2609 eum
1685 2582 1822 2609 sordibus

1030 2630 1092 2658 aliis
1107 2634 1271 2664 exlergeret.
1285 2629 1320 2656 Ea
1333 2629 1439 2664 pictura
1458 2630 1547 2663 legato
1561 2633 1726 2657 monstrata.
1746 2629 1817 2662 quid

1030 2677 1082 2711 ipsi
1098 2677 1131 2704 de
1146 2676 1196 2703 hac
1209 2675 1360 2707 videretur,
1378 2675 1540 2704 interrogat.
1560 2674 1629 2700 Tum
1643 2675 1665 2701 is
1682 2683 1689 2700 :
1703 2674 1735 2702 Ut
1749 2675 1820 2702 mihi

1029 2723 1140 2758 quidem
1157 2723 1274 2753 videtur,
1292 2721 1390 2755 inquit,
1405 2721 1448 2747 hic
1463 2720 1591 2753 Aitltiops
1609 2720 1746 2753 pulveri-In
1757 2728 1822 2746 οιιι-

1030 2777 1092 2796 uem
1106 2769 1171 2796 inse
1186 2769 1276 2802 ipsqu
1294 2767 1446 2795 converrit.
1464 2766 1541 2799 Quod
1559 2767 1677 2793 hominis
1696 2767 1770 2793 acuti
1784 2768 1821 2793 alo:

1030 2815 1170 2842 Ludovico
1183 2813 1278 2842 Mauro
1300 2814 1460 2841 vaticinium
1482 2813 1610 2847 deinceps
1635 2817 1734 2839 eventu
1746 2820 1820 2840 Lom-

1030 2860 1172 2896 probatum
1190 2859 1251 2887 fuit.
