1963 3067
150 148 204 181 853

717 154 918 186 PANDECTE
935 156 1034 188 HlST.
1056 158 1211 189 TURCIC.

1723 161 1784 192 854a

153 210 210 238 l'l6.
234 210 416 254 (fitekeclztinis
441 214 540 254 frustra
573 213 670 254 _Ve_neti
684 223 848 254 autem-rere
877 225 935 244 cum
949 219 974 250 Α
988 218 1088 254 Tungri
1106 219 1214 246 Vereris
1223 226 1271 254 per
1284 219 1413 247 virtutem
1428 219 1539 248 Sinonis
1555 221 1654 254 bassaa,
1666 221 1775 249 bebler-

232 245 317 273 Gallis
336 252 361 273 at
378 245 502 281 Hispanis
517 249 701 283 confwderatil
721 252 853 278 nituntur.

185 303 249 336 Quae
262 305 412 333 deini‘elici
442 311 543 336 conatu
566 308 723 336 removendi
750 309 878 344 Bajuzitis
901 311 936 338 ab

151 350 293 379 obsidione
309 351 442 388 Naupacti
455 359 568 382 narrant
584 356 713 389 Annales,
730 357 811 391 paulo
837 356 938 384 dilucia

150 398 212 424 dins
229 397 271 425 his
289 397 345 426 fere
363 401 455 428 verbis
473 401 668 437 Spanduginus
685 405 813 438 exposuit
857 405 936 432 Anno

151 443 250 477 inquit,
279 444 427 472 millesimo
457 447 732 482 quadringentesimo
758 450 938 484 nonagesimo

151 497 234 523 nono,
253 489 441 520 Ferdinandus
461 501 507 521 rex
518 493 657 529 Hispanus
669 498 811 530 occupatis
828 496 936 530 Naupa~

150 539 205 565 otio
217 538 289 565 bello
303 539 426 573 Venetis,
438 547 469 567 ex
483 541 541 576 lege
554 541 665 570 foederis
695 543 815 570 subsidia
842 545 935 578 misit;

151 585 283 619 auspiciis
293 586 421 614 Consalvi
438 588 492 620 sui,
507 595 589 622 quem
618 587 744 623 Magnum
760 591 935 624 capitaneum

151 631 296 658 vocabant.
310 631 336 660 is
344 632 493 668 adjunctus
504 634 586 661 classi
599 634 720 667 Veneta,
730 636 935 670 Cephalleniam

150 677 268 704 insulam
278 677 374 706 Turcis
387 684 506 713 ereptam
524 682 705 715 recuperavit,
721 689 783 709 cum
794 683 823 709 ὃ.
844 682 936 710 Maura

151 724 223 759 quod
241 725 372 759 oppidum
391 725 521 755 ininsula
541 728 715 761 cognomine,
743 729 836 763 (prisci
865 729 937 757 Leu-

151 772 245 807 cadem
264 772 409 807 vocarunt)
424 781 479 800 non
501 774 596 808 procul
612 773 777 809 aNauparto
793 776 937 808 Patrisque

150 817 230 853 “7
242 818 336 850 situm,
352 819 387 846 ab
397 821 518 854 Augusto
535 825 596 854 post
609 821 750 848 Actiacam
783 822 935 856 victoriam,

150 863 288 899 Nicopolis
299 866 403 893 dictum
414 865 475 892 fuit.
492 867 614 894 Adancta
625 875 735 903 quoque
748 872 813 896 tunc
833 867 936 897 Veneta

989 264 1047 299 ι)εεί
1063 265 1126 296 mei,
1145 265 1346 300 violentamque
1363 265 1554 300 genizarorum
1583 271 1705 294 meorum
1725 275 1774 295 ex-

988 312 1192 347 pugnationem,
1209 313 1355 340 concessit.
1369 312 1475 345 Quibus
1490 314 1517 340 in
1534 314 1625 341 verbis
1646 313 1692 340 illa
1701 314 1774 341 'i'ur-

988 360 1057 391 cica.
1067 359 1167 393 Taugri
1181 359 1300 391 Vereris,
1314 364 1362 387 aut
1374 359 1484 387 Vcrersi
1499 360 1600 394 potius,
1612 359 1697 388 Deum
1710 367 1774 395 pro-

989 402 1085 441 pitium
1109 405 1273 441 significant.
1295 405 1379 433 Sinan
1408 412 1474 434 vero
1499 407 1590 439 bassa,
1619 405 1699 440 cujus
1729 408 1774 434 hic

988 452 1090 479 metttio
1106 452 1145 484 lit,
1167 452 1247 480 initio
1272 452 1419 487 expugnati
1446 451 1520 479 Cairi
1538 452 1623 479 ductu
1649 452 1773 484 Selitnis,

988 497 1114 533 Bajazitis
1131 498 1190 530 lilii,
1206 506 1292 525 eazsus
1305 505 1320 525 a
1345 497 1506 525 Manrelucis
1531 498 1677 530 oceubuit,
1705 503 1734 526 ut
1748 499 1787 525 in:

987 543 1139 571 Annalibus
1158 551 1208 572 suo
1225 545 1284 572 loco
1299 548 1439 579 sequetur.

989 601 1049 628 178.
1061 599 1182 637 Milyliue
1191 610 1205 627 η
1223 601 1333 637 Venetia,
1342 606 1365 628 el
1377 600 1571 635 confiedcralis,
1582 602 1658 628 irrito
1667 607 1774 637 conatu,

1025 641 1135 663 (culcita.
1155 636 1271 671 Philippi
1289 635 1433 664 Ruuettani
1451 637 1534 672 reguli
1558 637 1739 672 naufragium.

1025 682 1143 710 Annales
1160 682 1269 709 Turcici
1286 683 1418 710 duntaxat
1433 682 1641 718 Iiispanicorum
1656 684 1774 712 autilio-

988 736 1049 756 rum
1067 729 1226 760 meminere,
1241 735 1302 763 quae
1319 729 1425 755 scilicet
1448 735 1462 755 a
1478 728 1651 756 Ferdiuando
1669 730 1774 765 Arago-

990 783 1053 802 num
1068 780 1096 802 et
1110 774 1235 802 Castellze
1257 782 1330 809 rege.
1349 775 1442 802 Karnli
1459 774 1478 801 V
1506 775 1624 804 Caesaris
1643 783 1694 803 avo
1719 784 1777 803 rna-

989 827 1076 854 terno,
1105 821 1276 856 suppeditata
1295 821 1371 849 fuere
1387 821 1509 855 Venetis,
1536 822 1605 850 duce
1621 822 1774 855 Consalvo.

989 869 1023 896 de
1035 876 1089 902 quo
1102 868 1229 896 diximus.
1243 867 1296 896 Sed
1313 872 1424 895 constat
1439 869 1491 896 hoc
1518 869 1600 896 etiam
1618 869 1699 896 bello
1709 869 1774 896 Gal-

151 910 246 938 classis
259 910 308 938 fuit
321 911 501 940 auxiliaribus
513 913 629 948 navigiis
642 913 857 942 aconfmderato
873 922 936 951 rege
953 905 972 933 Β
990 915 1040 942 lica
1070 913 1180 942 Venetis
1205 921 1219 942 a
1250 922 1312 950 rege
1337 914 1481 943 Ludovico
1501 916 1608 943 venisse
1641 916 1775 949 subsidia,

152 956 317 984 Francorum
333 957 471 985 Ludovico
487 958 535 986 ΧΠ
550 958 635 987 ductu
661 961 748 995 reguli
777 960 936 993 Ravestani,

152 1004 266 1038 Philippi
281 1004 428 1038 Clivensis,
443 1006 490 1039 qui
503 1005 624 1033 Genuam
642 1014 691 1040 pro
711 1015 775 1043 rege
791 1012 858 1035 tunc
887 1009 936 1035 ad-

152 1051 334 1078 ministrabat.
356 1051 381 1079 Is
398 1052 492 1086 praelia
505 1059 567 1079 cum
580 1051 677 1080 Turcis
688 1060 936 1087 congressus,cum

151 1096 318 1124 Venetorum
328 1097 455 1126 triremes
470 1098 574 1125 nullum
591 1099 707 1133 navigiis
716 1099 775 1127 suis
785 1101 856 1128 ferre
872 1101 936 1129 sub-

151 1143 249 1171 sidium
278 1144 413 1171 vidisset:
446 1144 615 1179 indignatus,
631 1146 687 1172 vela
704 1146 792 1174 ventis
816 1146 901 1179 dedit,
911 1150 938 1174 et

151 1189 214 1217 inde
231 1190 387 1224 discedens,
398 1191 547 1219 Massiliam
563 1191 689 1220 reversus
701 1200 752 1220 est.
769 1194 833 1221 Erat
844 1200 935 1221 autem

150 1233 259 1263 Veneta!
273 1236 370 1264 classis
387 1237 536 1272 imperator
551 1238 688 1276 Antoniqs
699 1238 857 1270 Grimanus.
889 1239 936 1274 qui

151 1285 305 1316 propterea,
321 1283 393 1316 quod
410 1284 545 1319 pugnanti
555 1284 714 1313 Bavestano
735 1293 790 1312 non
826 1293 938 1313 succur—

151 1332 234 1360 rrrat,
251 1327 407 1362 etalioquin
421 1329 503 1356 etiant
519 1338 548 1357 se
564 1337 684 1365 gesserat
696 1332 827 1364 segniter,
841 1330 938 1360 ferreis

149 1373 177 1400 in
193 1374 370 1408 compedibus
385 1374 514 1403 Venetias
528 1376 630 1404 missus
648 1376 710 1404 fuit.
724 1377 817 1404 Nihilo
845 1382 935 1405 tanien

149 1419 240 1446 minus
256 1418 325 1447 idem
343 1425 435 1455 p05lea
449 1421 528 1457 ducis
542 1422 703 1457 dignitatem
714 1422 846 1450 obtinuit.

149 1476 211 1504 £77.
233 1477 353 1505 Methone
382 1478 692 1521 Coronequeﬂqjazitis
723 1481 750 1507 in
779 1486 936 1515 potestatem

492 1519 608 1541 veniunt.

183 1557 294 1587 Nobiles
304 1559 331 1586 in
345 1559 440 1594 primis
453 1559 632 1595 Peloponnesi
648 1566 712 1588 sunt
728 1562 810 1590 urbes
828 1563 856 1590 in
867 1562 934 1590 llics-
951 1574 973 1602 ο

147 1605 224 1633 senia
246 1607 399 1639 maritimae,
427 1606 553 1634 Methone
580 1611 608 1634 et
630 1608 747 1641 Corone,
771 1617 832 1644 qua:
857 1609 936 1644 vulgo

149 1659 222 1680 nunc
240 1652 337 1680 Μοάοη
353 1658 380 1680 et
396 1653 486 1681 Coron
510 1654 696 1689 appellantur.
714 1654 865 1690 Utramque
880 1663 934 1682 non

148 1695 209 1723 sine
234 1696 356 1730 periculo
375 1697 505 1725 vidimus.
533 1698 687 1726 lllcthonem
714 1699 870 1728 Nicolaides
889 1707 936 1735 per

147 1749 269 1769 errorem
297 1743 409 1777 scripsit
428 1744 492 1771 olim
522 1744 624 1772 dictam
654 1745 739 1774 fuisse
758 1746 935 1774 Mantineam.

147 1787 254 1822 Quippe
265 1794 343 1816 vetus
360 1789 491 1817 Methonae
508 1798 608 1818 nomen
623 1796 675 1823 est,
693 1796 720 1819 et
734 1793 794 1827 ipsa
810 1794 908 1822 civitas
920 1802 934 1820 a

147 1833 249 1867 duplici
270 1833 415 1867 Mantinea,
432 1841 486 1862 tam
506 1836 585 1864 sinus
609 1837 741 1873 Argolici,
758 1839 844 1873 (nunc
860 1839 936 1867 Man-

147 1879 334 1914 digna)quam
358 1880 481 1908 Arcadia
497 1882 581 1915 (iiunc
601 1881 703 1918 Mandi)
721 1884 799 1919 longe
816 1885 934 1914 diversa.

147 1924 247 1952 Leonis
262 1920 376 1959 Augusti
397 1926 507 1954 Novella
527 1928 561 1955 de
588 1928 718 1961 Tltronis,
738 1929 881 1958 Methonen
910 1937 936 1959 et

145 1971 272 1999 Coronen
292 1973 355 2000 facit
369 1973 554 2008 episcopatus,
570 1982 672 2010 eosque
688 1975 813 2004 Patrensi
835 1982 936 2004 metro-

147 2018 270 2052 politano
293 2019 319 2045 in
336 2017 526 2054 Peloponneso
553 2020 675 2056 subiicit.
692 2021 826 2050 Caeterum
854 2024 936 2058 paulo

146 2063 227 2091 aliter
239 2072 252 2090 a
264 2063 345 2092 Jovio
356 2070 483 2093 narratur
494 2074 508 2093 a
526 2066 626 2095 Turcis
642 2074 774 2103 occupata
792 2069 932 2102 Methone,

146 2118 228 2146 quam
242 2112 287 2138 hic
301 2113 327 2138 in
342 2112 507 2140 Annalibus.
531 2113 638 2148 Quippe
655 2116 738 2142 tradit
755 2123 815 2143 eam
830 2118 935 2144 incuria

147 2157 380 2191 pra'sidiariorum
395 2159 421 2185 in
448 2159 536 2187 hostis
553 2165 716 2194 potestatem
739 2162 856 2194 venisse,
888 2163 934 2198 qui

146 2211 258 2230 rumore
273 2205 306 2231 de
319 2204 452 2232 subsidiis
463 2209 582 2240 quatuor
594 2211 642 2233 aut
657 2215 703 2234 sex
715 2208 875 2237 triremibus
889 2210 935 2236 ad-

146 2250 235 2277 vectis
252 2257 298 2284 per
320 2250 415 2278 urbem
434 2251 532 2281 didito.
562 2252 667 2280 relictis
682 2246 852 2282 stationibus
878 2255 937 2282 suis
956 2244 976 2271 θ

145 2295 180 2322 ad
191 2300 301 2330 portum
315 2297 517 2324 concurrerint.
530 2297 558 2325 id
568 2305 633 2325 vero
645 2299 822 2332 conspicatos
832 2300 937 2334 hostes,

145 2349 195 2376 spe
214 2343 312 2377 praeda:
327 2348 492 2376 commotos,
519 2344 667 2372 accedente
690 2343 818 2380 Bajazitis
835 2347 936 2375 incita-

147 2390 234 2421 tione,
250 2396 310 2416 cuut
329 2389 412 2417 variis
433 2390 607 2424 pnemiorum
627 2392 783 2426 promissis,
800 2392 827 2420 in
843 2394 939 2421 urbem

148 2437 330 2470 desertasque
357 2436 491 2463 stationes
511 2436 657 2471 irrupisse.
687 2443 852 2474 captamque
869 2439 938 2467 diri-

149 2482 254 2517 puisse.
275 2481 353 2516 Quod
380 2482 481 2510 deinde
508 2483 668 2518 subjicitur,
693 2492 707 2510 a
729 2485 826 2512 Turcis
844 2493 940 2519 preces

148 2530 178 2557 in
204 2529 272 2557 urbe
287 2533 365 2564 capta
382 2529 468 2556 fuisse
488 2534 647 2565 conceptas,
672 2538 732 2564 qua:
752 2531 795 2558 die
825 2530 939 2559 Veneris

148 2575 244 2602 haberi
266 2574 396 2608 soleant,
425 2574 471 2602 his
489 2581 503 2601 a
528 2573 707 2609 Spandugino
728 2574 820 2602 verbis
843 2575 937 2603 itidem

148 2623 290 2651 narratur,
314 2627 375 2654 quat
392 2618 497 2647 reddita
524 2619 612 2646 lubuit
641 2618 774 2646 inserere.
801 2618 939 2646 Memoria:

150 2666 290 2701 proditunt
308 2670 361 2698 est,
379 2665 479 2700 inquit,
494 2664 629 2700 postridie
645 2671 727 2699 quam
750 2669 828 2699 capta
841 2664 939 2693 fuisset

150 2710 288 2743 Methone,
300 2711 444 2746 Bajazitem
461 2711 574 2737 omnino
584 2710 702 2737 voluisse
722 2709 817 2737 urbem
835 2709 937 2745 ingredi

150 2757 185 2785 ad
197 2757 318 2793 agendas
339 2757 395 2784 Deo
412 2756 514 2793 gratias
526 2757 553 2784 in
569 2756 629 2792 ipso
637 2756 855 2784 Christianorum
870 2760 939 2784 tem-

150 2803 206 2838 plo.
220 2803 344 2838 Cumque
352 2802 407 2837 jam
422 2802 591 2837 pervenisset
606 2802 632 2828 in
645 2806 766 2836 pontum,
779 2809 834 2836 quo
848 2806 938 2829 trans-

151 2850 249 2877 cunilae
272 2849 348 2877 urbis
366 2853 442 2877 erant
478 2848 570 2881 fossae,
591 2847 780 2882 conspiratum
801 2847 937 2874 fossarum

152 2896 336 2929 altitudinem,
351 2896 454 2924 dixisse
471 2904 478 2924 :
491 2894 557 2923 Tam
571 2893 703 2921 munitam
718 2894 856 2922 civitatem
871 2894 936 2921 mihi

989 961 1059 987 duce
1078 960 1205 996 Philippo
1236 961 1331 995 regulo
1360 960 1528 991 Ravestano.
1547 960 1717 989 Cliveusium
1749 962 1775 990 in

988 1005 1135 1032 Germania
1154 1005 1309 1040 principum
1327 1005 1432 1032 familia
1452 1011 1526 1038 nato,
1539 1007 1584 1041 qui
1600 1007 1651 1034 hac
1662 1007 1777 1041 expedi-

990 1051 1065 1078 tione
1093 1059 1187 1078 secnm
1212 1051 1366 1078 adduxerat
1391 1051 1513 1079 Albaniae
1535 1052 1631 1080 ducem
1654 1053 1777 1085 Scotum,

988 1104 1068 1132 quem
1096 1097 1252 1131 Albignium
1271 1097 1312 1124 vel
1328 1096 1473 1132 Obignium
1488 1098 1609 1125 historize
1622 1102 1733 1130 vocant,
1749 1103 1776 1125 et

988 1142 1122 1170 Infantem
1139 1141 1326 1171 Navarrenum
1344 1143 1396 1178 (sic
1413 1142 1535 1178 Hispano
1555 1150 1630 1170 more
1642 1144 1779 1171 secundo-

988 1190 1070 1224 geniti
1079 1197 1172 1224 regum
1189 1189 1238 1217 ﬁlii
1251 1191 1451 1224 nominantur),
1467 1197 1530 1217 cum
1548 1198 1646 1224 magno
1661 1190 1775 1217 aliorum

988 1235 1122 1263 nobilium
1145 1243 1161 1264 e
1181 1236 1270 1264 Gallia
1288 1244 1413 1264 numero.
1435 1236 1503 1264 Tota
1522 1237 1620 1264 classis
1635 1237 1776 1264 hominum

989 1282 1059 1309 bello
1076 1282 1235 1310 idoneorum
1255 1283 1288 1310 ad
1318 1283 1406 1311 10000
1434 1283 1606 1315 continebat,
1632 1290 1660 1311 ut
1687 1282 1777 1318 Span-

987 1328 1106 1362 duginus
1123 1328 1217 1357 refert.
1230 1329 1271 1357 Ab
1299 1329 1342 1357 his
1358 1330 1471 1357 obsessa
1486 1329 1539 1356 fuit
1553 1331 1619 1357 urbs
1633 1329 1713 1356 Lesbi
1726 1328 1777 1356 Mi-

988 1374 1083 1408 tyline,
1102 1376 1247 1410 captisque
1263 1376 1404 1403 suburbiis
1415 1376 1565 1412 oppugnati
1587 1375 1738 1403 terribilem
1749 1376 1776 1402 in

988 1419 1098 1446 ntodunt
1134 1421 1216 1452 muri,
1241 1421 1289 1448 sed
1315 1421 1428 1449 frustra.
1445 1421 1568 1456 Regulus
1594 1422 1776 1452 Ravcstanus.

987 1470 1136 1501 postquam
1151 1467 1296 1494 obsidione
1324 1468 1413 1494 soluta
1442 1466 1594 1494 discessum
1611 1475 1642 1494 ex
1674 1467 1775 1500 insula,

987 1511 1114 1546 Magnum
1128 1512 1216 1539 Rhodi
1235 1512 1395 1547 Magistrum
1412 1521 1474 1540 cum
1491 1513 1525 1540 29
1543 1514 1658 1548 navigiis
1677 1522 1776 1549 exspe-

989 1564 1065 1585 ctare
1081 1559 1189 1590 nolens,
1200 1559 1372 1594 naufragium
1387 1565 1497 1594 propter
1510 1555 1777 1595 insularuCcrigum,

988 1611 1069 1638 quant
1101 1610 1207 1631 Veteres
1233 1604 1378 1640 Cytheram
1406 1605 1510 1638 dixere,
1540 1607 1623 1635 fecit:
1654 1607 1778 1642 adeoque

988 1649 1066 1684 pauci
1095 1658 1127 1676 ex
1158 1650 1192 1677 iis
1212 1651 1258 1684 qui
1275 1651 1391 1678 navibus
1407 1651 1484 1678 hisce
1502 1651 1682 1684 vehebantur,
1701 1652 1778 1679 inco-

989 1696 1077 1723 lumes
1097 1701 1255 1723 evaserunt.
1280 1697 1320 1724 Ad
1341 1704 1444 1732 cit-qua:
1474 1698 1584 1724 tradunt
1609 1698 1729 1726 Annales
1744 1699 1777 1726 de

988 1742 1117 1778 placatos
1135 1741 1258 1773 Venetis,
1278 1742 1458 1777 impetrandae
1475 1743 1550 1777 pacis
1569 1751 1664 1776 causa,
1682 1751 1777 1771 mune-

988 1789 1064 1816 ribus
1072 1787 1200 1823 Bajazitis
1211 1789 1314 1822 animo,
1341 1789 1507 1820 addendum,
1519 1797 1567 1816 eos
1582 1797 1630 1823 per
1642 1790 1776 1818 Andream

987 1835 1120 1868 Crittum,
1130 1835 1259 1870 posthaec
1272 1835 1394 1869 ipsorum
1406 1835 1515 1868 ducem,
1527 1835 1641 1869 Bajaziti
1654 1836 1683 1862 S.
1702 1836 1762 1862 Man
1771 1851 1777 1855 -

988 1889 1045 1909 ram
1058 1889 1168 1917 quoque
1183 1881 1347 1914 restituisse,
1365 1881 1455 1908 locum
1473 1881 1607 1917 hodieque
1618 1881 1773 1909 Turcorum

989 1927 1016 1955 in
1035 1931 1174 1962 potestate
1183 1927 1377 1959 constitutum,
1395 1926 1529 1961 longeque
1546 1927 1775 1954 munitissimum.

990 1973 1146 2001 Leucadem
1164 1973 1208 2000 alii
1226 1973 1325 2008 priscis
1339 1973 1439 2001 dictam
1455 1973 1563 2006 volunt,
1579 1973 1624 2000 alii
1641 1973 1774 2001 Neritnm.

988 2021 1158 2048 Sententiam
1172 2020 1295 2054 priorum
1309 2027 1341 2047 ex
1355 2023 1473 2055 praetore
1485 2019 1596 2047 Gracia:
1612 2024 1707 2048 nostro
1716 2027 1778 2056 pro«

989 2067 1055 2094 bare
1071 2066 1176 2101 liquido
1196 2066 1270 2093 licet.

991 2124 1052 2152 179.
1066 2119 1202 2151 Secundus
1214 2123 1426 2157 Sop/ailariorum
1440 2129 1524 2150 ntolus
1538 2124 1662 2150 adversus
1679 2123 1762 2151 Osuiu

1039 2160 1121 2191 nicas,
1141 2159 1234 2190 δραι-[ι.
1251 2158 1322 2190 (Iuli,
1338 2159 1431 2186 Sciunt
1448 2158 1518 2191 Culi,
1541 2158 1614 2185 Kisel
1636 2159 1725 2186 bassa.

1025 2207 1062 2234 De
1093 2207 1206 2240 regione
1231 2205 1315 2232 Tckie
1342 2205 1400 2233 sive
1416 2204 1488 2232 Teke
1510 2206 1614 2232 dictum
1642 2206 1776 2240 superius,

991 2258 1053 2286 cap.
1071 2252 1116 2279 57.
1133 2252 1226 2278 Altera
1244 2251 1296 2278 fuit
1320 2251 1378 2278 haec
1404 2251 1539 2279 adversus
1555 2250 1730 2283 Osmanidas,
1752 2255 1780 2278 et

992 2302 1094 2324 sectam
1109 2296 1320 2324 tlsmanicorum
1337 2296 1447 2329 seditio,
1461 2297 1495 2323 ab
1516 2296 1552 2323 iis
1565 2296 1693 2330 excitata,
1709 2304 1779 2331 quos

992 2343 1163 2378 Sophilarios
1174 2348 1201 2370 et
1218 2343 1328 2370 Kiseles
1343 2343 1439 2371 bassas
1456 2343 1597 2370 dixerunt.
1620 2342 1726 2377 Quippe
1745 2344 1778 2370 de

992 2389 1078 2423 printa
1092 2389 1221 2423 superius
1236 2388 1388 2415 indicatum
1399 2395 1461 2423 cap.
1475 2388 1519 2415 8i.
1531 2388 1627 2415 invius
1637 2394 1776 2416 auotoretn

991 2433 1136 2460 scditiottis
1151 2434 1268 2468 appellat
1283 2433 1448 2466 chhellem,
1462 2441 1477 2460 a
1488 2434 1585 2467 patria,
1600 2439 1667 2469 puto
1679 2443 1686 2461 :
1697 2433 1779 2462 Dres-

993 2479 1068 2507 lerus
1098 2487 1159 2506 cum
1181 2480 1244 2507 aliis
1257 2479 1356 2511 Eliam,
1385 2479 1457 2506 nulla
1474 2479 1602 2507 ratione:
1622 2480 1774 2508 Turcorunt

992 2525 1146 2553 Annalibus
1174 2525 1260 2553 Scach
1275 2525 1333 2553 Culi
1360 2525 1517 2552 nominatus
1545 2525 1630 2553 fuisse
1650 2526 1778 2560 refertur,

992 2580 1058 2600 voce
1070 2572 1241 2608 significante
1255 2571 1352 2600 Scachi
1369 2578 1491 2599 servum.
1507 2571 1539 2597 Et
1564 2571 1661 2599 Scachi
1681 2573 1776 2608 appel-

992 2617 1093 2645 latione
1106 2617 1270 2651 intelligitur
1290 2616 1378 2644 Scach
1403 2616 1505 2649 ismail,
1516 2623 1612 2644 recens
1628 2617 1776 2645 Persarum

993 2671 1077 2698 regno
1092 2663 1206 2698 potitus,
1221 2662 1255 2690 de
1271 2670 1327 2697 quo
1345 2662 1426 2697 paulo
1443 2662 1527 2698 m
1541 2667 1604 2698 post
1627 2664 1779 2698 exposituii

992 2710 1097 2745 prolixe
1112 2717 1218 2737 sumus.
1235 2709 1280 2736 Ait
1294 2708 1404 2747 Jovius,
1422 2715 1486 2736 eum
1504 2709 1593 2737 fuisse
1609 2709 1777 2744 discipulum

991 2755 1129 2788 Arduelis,
1143 2756 1177 2782 de
1191 2762 1247 2788 quo
1265 2755 1358 2783 itidem
1374 2762 1436 2782 mox
1459 2754 1607 2782 dicendum
1626 2764 1633 2782 :
1651 2760 1714 2790 post
1730 2763 1779 2782 cu-

989 2801 1035 2836 jus
1053 2801 1166 2834 caedem,
1186 2800 1326 2836 Euphrate
1354 2801 1529 2839 transmisso,
1550 2800 1656 2828 venerit
1681 2800 1709 2828 in
1727 2801 1780 2828 Ar.

991 2849 1109 2875 meniam
1127 2848 1272 2880 minorem,
1289 2852 1312 2875 et
1328 2847 1355 2875 in
1377 2847 1508 2882 spelunca
1524 2846 1642 2881 quadam
1660 2847 1693 2874 ad
1707 2847 1780 2875 radi-

991 2904 1036 2924 ces
1064 2894 1202 2923 Antitauri
1222 2894 1323 2923 tuonlis
1350 2893 1525 2921 habitaverit.
1543 2892 1579 2919 Ea
1597 2900 1694 2928 parum
1711 2900 1776 2921 vero
