1963 3067
193 193 245 224 855

771 161 932 214 JOANNiS
950 179 1182 211 LEUNCLAVH

1762 167 1815 200 856

195 251 321 278 videntur
334 249 526 276 consentanea,
539 248 594 271 tum
607 242 679 277 quod
691 241 762 268 'lcke
771 241 844 275 regio
869 240 980 267 minime
995 241 1018 269 Α
1033 244 1091 264 sam
1105 236 1244 263 civitatem
1259 233 1358 260 habeat
1374 230 1454 262 Cnni,
1469 229 1522 256 hoc
1540 229 1594 258 est,
1610 225 1744 253 Iconium.
1763 226 1816 252 llc-

196 297 232 323 sit
244 294 373 323 Armenia
388 292 488 323 minor,
505 289 554 318 sed
571 288 688 324 Phrygia
704 287 802 321 major,
820 290 848 312 ιιι
872 289 967 320 aperte

197 343 282 370 lector
296 348 329 367 ex
345 338 411 374 ipsis
424 336 572 364 Annalium
584 334 676 362 verbis
693 339 809 360 numero
828 331 862 359 57
878 330 979 359 notatis

197 385 346 422 perspicit;
367 388 425 410 tum
441 382 534 415 etiam,
561 380 632 415 quod
646 386 661 406 e
682 378 774 406 Persia
790 377 909 406 venienti
927 377 979 404 mi-

197 433 270 460 nime
283 430 418 466 Bajazites
434 426 716 462 munera.quotannis
735 425 871 452 missurus
885 423 978 451 fuerit.

196 478 262 506 Utut
276 483 337 505 sese
348 483 392 503 res
405 474 515 507 habeat,
525 472 624 500 Scachi
635 472 744 507 quidem
757 470 871 499 lsmailis
884 475 978 504 partes

196 523 339 558 amplexus
353 521 416 558 fuit,
430 520 547 554 ideoque
567 518 654 545 Scaclt
670 517 731 545 Culi
746 516 902 544 nominatus
917 523 924 541 :
944 522 978 542 ex

195 577 251 605 quo
282 567 377 601 Turci,
410 566 535 602 partibus
558 563 767 592 Osinanidarum
798 561 979 591 adhaerentes.

195 615 287 643 fecere
313 613 409 641 Scitan
431 612 503 644 Culi,
520 618 587 638 voce
601 610 772 644 signiﬁcante
799 607 906 635 Satanas
937 606 980 633 vel

188 660 296 689 'diaboli
310 667 418 688 servum
432 657 645 692 mancipiumve.
664 655 805 683 Geufrzeus
819 653 917 681 alicubi
932 659 980 687 pro

197 708 259 736 Culi
287 707 398 744 scripsit
412 705 530 733 Cottllet.
550 703 742 738 Spanduginus
758 701 782 728 ei
810 699 980 735 suppeditata

198 754 283 781 fuisse
304 752 388 780 tradit
405 751 440 778 ab
463 750 572 778 lsInaile
589 748 695 776 Scaclio
716 745 805 774 ‘20000
828 745 980 776 hominum,

198 799 271 834 quod
288 797 414 831 eauidem
429 804 524 824 verum
544 803 597 822 non
616 794 745 826 arbitror,
760 800 791 820 ex
813 792 848 819 iis
862 799 922 826 quze
938 791 982 817 hic

199 846 227 872 in
242 844 397 872 Annalibus
415 848 579 878 sequuntur.
596 840 680 875 Magis
694 843 736 867 est
759 846 823 866 vero
837 841 982 866 censenta-

200 898 292 922 neum.
308 889 381 925 quod
394 887 488 916 lovius
504 888 553 920 ait,
569 893 618 921 per
632 885 817 912 internuntios
832 883 866 911 ab
877 882 982 910 lsmaile

199 936 392 964 confirmatum
416 935 443 962 in
475 932 617 969 proposito
638 931 732 959 fuisse.
749 929 917 958 Kiselbassa
943 929 981 956 si-

198 981 309 1017 gniﬁcat
324 981 437 1008 rubrum
448 983 538 1014 caput.
550 977 576 1004 Id
592 984 691 1004 nomen
700 974 838 1003 Osmanici
848 974 982 1001 dederunt

201 1028 253 1055 ltoc
265 1028 326 1062 ipso
341 1031 462 1058 tempore
477 1022 659 1051 sectatoribus
674 1019 789 1049 lsmailis
802 1019 898 1046 Scachi
919 1018 982 1046 Pcr-

200 1081 305 1105 sarum,
318 1080 333 1099 a
349 1072 431 1099 rubro
450 1070 546 1104 capitis
562 1071 738 1103 tegumenta:
758 1072 813 1100 quo
828 1065 861 1093 de
877 1064 982 1100 plenius

200 1120 334 1156 agendum
355 1118 436 1154 paulo
458 1120 530 1151 post.

202 1188 252 1218 180
282 1187 384 1216 Amuli.
401 1185 493 1212 civitas
525 1181 680 1218 Anatoliw;
697 1180 858 1218 Gra'corum.
875 1177 939 1204 anni
968 1183 985 1203 a

236 1225 334 1252 mundo
345 1213 460 1252 condito,
474 1225 590 1254 quonam
607 1216 685 1243 ntodo
698 1223 756 1242 cum
773 1213 870 1241 nostris
888 1219 984 1253 _c0t_tve-

236 1261 322 1288 m’aut.
346 1247 463 1284 Nomina
481 1247 603 1289 quantum
619 1255 720 1278 vetusta
730 1258 788 1276 cum
797 1247 985 1276 recentioribus

236 1296 347 1324 collata.
952 1293 997 1299 μη

241 1355 309 1387 Qure
325 1352 421 1381 Turcis
436 1352 480 1380 hic
502 1350 594 1379 Antali
615 1354 735 1382 vocatur,
748 1349 848 1384 priscis
868 1353 927 1376 erat
941 1350 986 1375 At-

205 1400 280 1432 lalia,
296 1399 433 1433 quondam
446 1397 480 1424 ab
506 1396 597 1423 Attalo
611 1403 686 1430 rege,
702 1401 757 1421 uno
774 1394 807 1421 de
820 1392 987 1421 successori-

206 1447 256 1474 bus
270 1444 419 1472 Alexandri
437 1443 540 1477 Magni,
555 1441 677 1468 condita.
694 1440 793 1467 Leonis
813 1438 987 1473 imperatoris

205 1492 316 1519 Novella
330 1491 363 1518 de
375 1489 481 1517 throriis
499 1495 559 1514 eam
574 1486 690 1514 collocat
716 1485 742 1511 in
769 1483 917 1518 Pamphilia
944 1490 988 1510 se-

205 1537 306 1569 cunda.
322 1536 374 1564 sub
388 1533 531 1568 metropoli
547 1532 634 1567 Sylaeo
652 1531 709 1558 sive
724 1530 819 1564 Perga.
835 1529 922 1556 Graeci
939 1536 988 1562 po-

206 1584 336 1612 steriores
350 1581 492 1617 adnotant,
507 1579 606 1606 factam
624 1576 793 1610 metropolim
809 1583 881 1602 anno
896 1574 988 1601 mundi
1004 1573 1022 1599 C

206 1630 287 1663 6592,
301 1628 353 1656 sub
368 1625 506 1654 Eustratio
524 1623 697 1651 sanctissimo
713 1621 876 1657 patriarcha,
900 1619 988 1653 impe-

211 1676 309 1705 (ποι-ῖς
326 1673 414 1702 Alexii
432 1671 565 1700 Comoeni
589 1669 760 1696 auctoritate.
784 1665 862 1699 Quod
879 1664 988 1700 quidem

207 1722 344 1751 accidisse
370 1718 508 1748 constabit
537 1723 610 1744 anno
627 1714 786 1743 Christiano
814 1712 894 1744 1084,
916 1712 938 1738 si
956 1710 990 1737 de

208 1767 342 1797 sententia
368 1764 523 1793 Graecorum
547 1762 611 1789 anni
630 1769 644 1787 a
662 1760 772 1788 condito
796 1758 896 1785 mundo
920 1755 990 1784 5508

209 1818 365 1844 statuantur
377 1818 462 1846 usque
474 1809 508 1838 ad
520 1809 660 1837 Christum
674 1811 766 1834 natum
781 1803 878 1838 elapsi,
891 1810 990 1830 secun-

208 1863 272 1890 dum
297 1860 445 1889 editionem
473 1857 507 1884 72
536 1855 728 1889 lnterpretum.
747 1852 890 1888 Aytltonus
907 1851 988 1879 Nata—

209 1909 286 1940 liam,
300 1903 474 1941 transpositis
490 1910 505 1930 a
518 1900 633 1930 librario
644 1899 740 1935 primis
750 1898 850 1925 litteris
860 1897 991 1932 appellat,

209 1961 260 1989 pro
272 1951 380 1981 Antalia
396 1958 403 1978 :
423 1957 480 1985 quo
505 1947 565 1975 loco
581 1945 744 1973 Reineccius
761 1948 846 1976 notat,
867 1943 991 1970 scriben-

209 2004 273 2029 dum
294 2007 342 2035 pro
361 1997 466 2025 Natalia
488 1993 641 2022 Nacoliam.
664 1991 747 2026 Atqui
773 1989 885 2017 Nacolia
912 1989 991 2023 longe

209 2050 295 2076 distat
305 2048 341 2074 ab
352 2044 470 2077 Antalia,
490 2041 614 2077 Phrygiae
632 2039 762 2067 nimirum
774 2036 887 2071 majoris
905 2035 991 2062 medi-

209 2100 335 2122 terranea
362 2091 468 2123 civitas,
489 2088 522 2115 ad
536 2086 698 2121 Sangarium
718 2083 818 2110 ﬂumen
833 2082 885 2110 sita
903 2090 910 2108 :
929 2087 990 2107 cum

208 2142 243 2169 de
261 2138 369 2167 Antalia
383 2144 432 2165 sua
445 2134 537 2163 statim
552 2132 680 2166 subjiciat
693 2129 846 2165 Aytltonus,
860 2135 918 2154 eam
943 2134 991 2153 su-

211 2194 260 2223 pra
276 2184 357 2213 mare
368 2183 479 2212 Graeciae
491 2179 606 2215 (Gallice
619 2177 750 2212 loquitur.
775 2183 834 2209 prol
856 2174 888 2201 ad
905 2172 990 2205 mare)

211 2219 304 2262 sitam.
331 2231 364 2259 Et
399 2229 482 2257 maris
513 2226 625 2254 Graecia:
662 2222 797 2250 vocabulo
831 2219 994 2254 intelligitur

211 2280 333 2316 .Egatum
347 2283 432 2313 mare,
446 2274 489 2301 vel
501 2271 707 2306 Archipelagus.
723 2268 805 2296 Addit
821 2267 906 2298 enim,

212 2312 268 2354 haec
276 2325 375 2353 civitas
389 2312 519 2356 respiciat
544 2324 660 2353 regnum
675 2314 767 2350 Cypri.
784 2312 890 2348 Quippe
903 2318 994 2338 verum

214 2373 265 2399 hoc
290 2373 343 2402 est,
359 2372 386 2396 et
402 2367 436 2394 ab
452 2364 564 2395 Attalia,
579 2368 662 2398 quam
683 2359 822 2387 Setteliam
851 2356 932 2384 tnodo
948 2362 996 2381 vo-

213 2421 288 2449 cant,
305 2400 380 2443 totus
395 2413 441 2441 ille
466 2412 543 2439 sinus
561 2408 685 2443 obiectus
700 2406 801 2441 Cypro,
828 2410 901 2430 nunc
915 2400 996 2429 Collo

213 2465 239 2492 di
257 2448 370 2491 scttelia
383 2453 734 2488 nominaturJlelvacensis
750 2449 892 2478 Satteliam
911 2448 995 2480 scrip-

215 2512 261 2542 sit,
287 2508 429 2541 eidemque
458 2505 537 2532 sinus
558 2502 604 2529 ille
620 2500 703 2527 maris
724 2497 876 2532 appellatur
896 2494 998 2521 Ganira

216 2539 349 2584 Sattclite.
379 2539 514 2580 vocabulo
545 2547 648 2576 Gallico
671 2544 781 2578 Goufre,
815 2541 888 2576 quod
919 2539 999 2566 ιιοάιε

216 2601 318 2629 Graecis
342 2602 385 2626 est
404 2598 523 2631 Corpbo,
546 2593 645 2629 priscis
674 2591 792 2620 Κάλπης,
814 2587 888 2614 Italis
909 2585 999 2617 Collo,

216 2647 322 2676 Latinis
334 2645 422 2673 sinus.
437 2643 505 2675 Quia
517 2648 584 2668 vero
595 2640 621 2667 in
637 2639 711 2666 hanc
722 2634 838 2670 Aythoni
851 2634 940 2660 locum
958 2632 1001 2658 in-

216 2694 345 2724 cidimus,
362 2689 530 2725 explicemus
548 2686 636 2713 obiter
649 2689 677 2712 et
693 2683 744 2710 alia
757 2682 882 2716 quaedam
898 2677 998 2705 ibidem

218 2741 305 2776 posita
317 2738 455 2773 regionem
471 2738 498 2761 et
514 2732 657 2761 civitatum
668 2730 792 2758 nomina.
803 2727 922 2754 Primnn
933 2725 1001 2752 Tur-

218 2789 289 2822 quia:
303 2785 476 2813 sultanorum
494 2779 578 2807 lconii
604 2783 728 2812 regnum,
748 2775 790 2803 vel
805 2774 896 2801 Asiam
915 2772 1004 2799 mino~

196 2862 201 2865 ν
221 2842 278 2862 rem
294 2830 432 2865 intelligit)
445 2825 616 2864 provinciam
642 2823 722 2851 initio
746 2825 826 2849 vocat
842 2819 1002 2856 Lygoniam,

221 2879 319 2908 deinde
345 2878 446 2905 rectius
467 2872 634 2910 Lyquoniam
664 2867 900 2904 (pronuntiatione
914 2865 1005 2893 Gallo-

222 2935 283 2956 rum
300 2925 413 2956 etlertur
426 2921 556 2959 Lyconia,
570 2919 596 2948 id
612 2923 654 2947 est
684 2914 831 2952 Lycaonia)
840 2921 900 2949 qua:
919 2912 1004 2940 latino-

919 2263 992 2300 quod
1010 2264 1032 2292 D
1047 2264 1098 2286 est.

1029 284 1103 312 ctitts
1119 282 1190 309 lianc
1218 279 1335 308 collocat
1350 278 1376 305 in
1400 275 1551 311 Lycaonia.
1573 279 1655 308 quam
1676 271 1815 298 Lannicns

1028 330 1055 357 in
1070 328 1172 360 Caria;
1189 329 1221 354 de
1236 333 1289 361 quo
1302 331 1385 359 supra
1404 328 1518 350 numero
1530 320 1574 352 12,
1587 320 1702 347 dictum.
1721 317 1813 349 Addit,

1030 378 1100 403 hanc
1113 381 1174 402 esse
1187 373 1319 407 majorem
1337 370 1420 398 totius
1445 367 1573 402 'l‘urquiaz
1595 365 1684 400 regni.
1704 365 1755 391 hoc
1771 368 1814 390 cst

1029 421 1213 456 tnetropolim.
1251 418 1389 452 Briquiam
1427 413 1592 442 Reineccius
1619 412 1815 445 interpretatur

1028 455 1152 503 Lyciam,
1163 473 1225 493 cum
1243 463 1354 498 Briquia
1368 469 1415 489 seu
1435 460 1552 496 Bryquia
1568 458 1604 486 sit
1618 456 1747 492 Phrygia.
1763 455 1816 482 Fa-

1029 501 1067 541 cit
1086 516 1175 539 autem
1188 510 1314 546 Bryquiaa
1330 506 1502 541 metropolim
1526 504 1670 540 Aythonus
1688 501 1814 528 Zichiam

1029 559 1151 587 Griecite.
1167 557 1213 584 Sic
1226 556 1299 584 enim
1315 553 1440 588 scripsit,
1460 551 1572 579 nomine
1593 549 1704 577 Griecize
1716 548 1818 575 Roma-

1030 605 1105 631 niam
1136 602 1290 636 intelligens
1319 598 1480 630 Asiaticam,
1500 596 1534 623 de
1550 601 1604 629 qua
1617 593 1721 621 dictum
1746 599 1771 618 c.
1788 589 1815 617 6.

1031 649 1155 678 Zicliiam
1187 648 1258 674 hanc
1278 644 1441 673 Reinoccius
1465 642 1667 676 interpretatur
1683 637 1816 673 Cydnam.

1030 696 1112 732 Atqui
1129 694 1248 722 Ziccltim
1272 691 1409 719 Cedrinus
1425 696 1537 725 quoque
1565 685 1730 713 mentionem
1756 681 1820 710 l'ccil

1031 743 1106 771 velut
1118 740 1237 769 civitatis
1249 738 1354 781 inlAsia
1375 735 1473 764 minori
1490 735 1549 762 sitae
1566 741 1573 760 :
1593 740 1654 760 cum
1677 731 1704 757 in
1717 730 1817 764 Capro-

1031 797 1115 824 nymo
1132 788 1217 823 frigus
1232 776 1385 812 inauditum
1401 779 1542 808 memoriae
1562 776 1662 812 prodit,
1676 782 1730 809 quo
1753 781 1821 800 con-

1032 834 1129 869 gelatis
1143 818 1271 860 amnibus
1297 832 1325 856 et
1337 828 1398 862 ipso
1417 825 1497 856 mari,
1511 822 1636 858 potuisse
1657 823 1753 847 narrat
1773 818 1819 843 iti-

1034 887 1099 908 nere
1129 877 1282 914 pedestria
1297 873 1408 903 Ziccltia
1434 870 1546 899 transiri
1577 875 1653 895 mare
1678 866 1711 893 ad
1727 866 1817 900 ipsutn

1034 932 1120 960 usque
1129 910 1336 952 banubiumjd
1356 922 1398 946 est
1430 916 1463 944 ad
1486 915 1557 942 ostia
1572 911 1700 943 Danubii,
1719 918 1778 944 qua:
1793 910 1820 935 in

1034 957 1150 999 Thracia
1167 973 1241 997 sunt.
1256 964 1390 1001 Bithyniae
1405 960 1566 996 tnetropolis
1577 959 1645 994 apud
1663 957 1820 992 Aythonum

1035 1015 1165 1044 scribitur
1187 1019 1249 1041 esse
1264 1010 1376 1040 Nichor.
1390 1015 1471 1043 quam
1486 1005 1607 1033 Nicaeam
1629 1009 1704 1038 puto,
1723 1000 1823 1028 Turcis

1034 1063 1107 1092 lsnic
1121 1070 1128 1094 ;
1143 1067 1198 1088 non
1223 1056 1421 1087 Nicomediam.
1446 1061 1507 1089 quo:
1534 1051 1632 1078 Turcis
1649 1053 1691 1076 est
1716 1047 1796 1074 lsmid
1814 1055 1820 1073 :

1035 1117 1096 1137 cum
1111 1106 1273 1135 Reineccius
1287 1111 1320 1131 ex
1332 1102 1434 1129 Nicltor
1449 1099 1532 1127 iaciat
1551 1095 1747 1124 Nicomediam.
1766 1092 1823 1119 Nec

1036 1155 1106 1190 apud
1130 1153 1246 1181 leonem
1268 1151 1421 1184 Augustum
1440 1146 1531 1172 minus
1547 1148 1588 1170 est
1601 1139 1760 1174 metropolis
1775 1138 1820 1165 Bi-

1037 1184 1138 1238 tltyniaa
1158 1199 1252 1227 Nicaea
1282 1203 1362 1231 quant
1380 1191 1551 1221 Nicomedia.
1570 1187 1678 1216 Geneclt
1705 1184 1823 1220 Aytltoni

1036 1246 1059 1275 Β
1071 1246 1199 1275 'incccius
1214 1245 1410 1277 interpretatur
1426 1240 1555 1269 Pontum,
1573 1242 1637 1261 cum
1657 1232 1743 1266 magis
1760 1238 1824 1265 pro-

1038 1294 1095 1330 prie
1107 1294 1146 1321 sic
1161 1292 1281 1322 dicatur,
1299 1288 1359 1323 qum
1372 1286 1435 1314 olim
1449 1284 1559 1313 Colchis
1575 1285 1644 1311 erat.
1662 1283 1754 1314 postea
1773 1275 1824 1302 La-

1038 1349 1132 1369 zorutn
1149 1337 1283 1374 appellata
1307 1334 1394 1370 regio,
1409 1333 1466 1360 sive
1490 1330 1599 1360 Lazice,
1615 1327 1693 1361 cuius
1723 1329 1826 1350 metro-

1038 1388 1108 1422 polis
1119 1368 1264 1413 est'lseoni
1280 1368 1404 1415 Augusto
1414 1377 1564 1411 Trapezns,
1577 1380 1657 1408 quam
1671 1372 1698 1398 in
1711 1368 1822 1396 checlt

1039 1415 1115 1468 ponit
1125 1431 1276 1466 Aythonus.
1287 1425 1479 1460 Paphlagonia:
1488 1422 1625 1449 civitatem
1636 1422 1713 1445 vocat
1724 1415 1827 1451 Aytho-

1039 1487 1092 1506 nus
1105 1475 1270 1511 Ginapolim,
1297 1481 1329 1500 ex
1347 1479 1399 1506 qua
1414 1468 1577 1497 Reincccius
1593 1464 1656 1492 fecit
1671 1463 1824 1490 Germano-

1041 1508 1226 1561 polim.Ati;ui
1246 1518 1387 1553 Ginapolis
1403 1514 1531 1550 Aytlioni,
1551 1512 1591 1539 vel
1612 1508 1753 1543 Ginnpulis
1772 1515 1822 1541 pn-

1040 1552 1150 1602 lius,ad
1173 1552 1290 1595 Pontum
1313 1552 1448 1591 Euxinum
1467 1561 1530 1589 sita.
1553 1557 1687 1590 hodieque
1698 1552 1828 1588 Ginopoli

1042 1598 1207 1644 nominatur.
1226 1611 1304 1647 Apud
1318 1610 1433 1637 Leonem
1450 1609 1602 1641 Augustum
1620 1600 1762 1636 lnnopnlis
1780 1598 1825 1625 di‘

1041 1663 1123 1695 citur,
1135 1666 1161 1689 et
1173 1646 1347 1695 episcopatus
1360 1656 1421 1691 cius
1435 1653 1468 1682 ad
1485 1652 1621 1687 Gangram
1633 1646 1826 1683 Paphlagonia:

1040 1708 1168 1736 refertur.
1186 1705 1239 1733 Sed
1258 1704 1353 1732 desino
1366 1702 1455 1737 plura.

1043 1765 1104 1793 181.
1130 1763 1246 1797 Garagos
1275 1760 1369 1797 basio.
1401 1755 1565 1797 beyle_rbegus
1595 1750 1726 1779 Anatolii:
1754 1749 1829 1776 vivus

1300 1794 1361 1828 palo
1387 1791 1563 1825 lrattsﬁgilur.

1078 1845 1165 1872 Habes
1185 1843 1230 1870 hic
1246 1842 1351 1877 insigne
1361 1836 1533 1867 crudelitatis
1552 1833 1705 1868 exemplum
1722 1831 1749 1858 in
1765 1830 1829 1856 reli-

1041 1889 1125 1924 giosis
1149 1887 1312 1915 Turcorutn.
1331 1883 1411 1916 cujus
1438 1881 1529 1908 obiter
1555 1877 1723 1904 mentionein
1742 1881 1827 1908 supra

1043 1919 1168 1966 iecimus.
1203 1940 1264 1967 cap.
1281 1932 1326 1959 64.
1358 1928 1520 1956 Transﬁxus
1537 1933 1551 1951 a
1571 1921 1732 1951 Scachocuii
1766 1919 1829 1954 pulo

1043 1982 1095 2009 luit
1116 1965 1247 2008 Anatoliae
1261 1977 1451 2012 beglcrbegus.
1471 1977 1500 2000 ttt
1512 1971 1632 1998 Annales
1647 1968 1781 1996 referunt.
1799 1965 1830 1992 Ei

1044 2036 1144 2056 nomen
1161 2027 1227 2054 dant
1239 2025 1322 2061 469
1333 2022 1415 2050 Turci
1429 2021 1559 2054 Caragos,
1575 2021 1604 2045 ut
1615 2021 1708 2044 nostro
1721 2020 1831 2049 quoque

1045 2079 1168 2109 tempore
1183 2059 1368 2100 celebrisluit
1381 2067 1501 2100 Caragos
1518 2064 1593 2096 Bais,
1608 2069 1688 2097 quem
1706 2061 1732 2087 in
1754 2059 1829 2093 Sup-

1043 2120 1172 2156 plementi
1190 2117 1346 2145 narratione
1362 2115 1396 2142 de
1414 2113 1485 2140 bello
1501 2110 1602 2146 Cyprio
1628 2111 1828 2135 commemora-

1043 2167 1154 2198 vimus;
1177 2164 1258 2198 vulgo
1281 2160 1366 2189 nostri
1402 2159 1582 2186 Caracossam
1613 2154 1717 2181 dixere.
1748 2149 1829 2176 Iovio

1044 2213 1159 2247 (largius
1176 2211 1258 2237 bassa
1276 2208 1446 2238 nominatur,
1472 2208 1498 2231 ct
1520 2203 1607 2230 cidem
1633 2199 1696 2227 alibi
1712 2196 1830 2225 Caraius

1113 2256 1246 2285 Dissentit
1260 2255 1342 2283 etiam
1353 2253 1380 2280 in
1390 2250 1562 2286 expositione
1572 2246 1693 2274 historia:
1706 2241 1834 2270 nonnihil

1049 2306 1082 2332 ab
1097 2303 1259 2335 Annalibus,
1274 2301 1321 2336 qui
1348 2290 1513 2332 Caragosafn
1530 2299 1639 2328 captum
1658 2290 1744 2318 luisse
1768 2295 1835 2316 nar-

1049 2355 1122 2383 rant,
1137 2355 1163 2377 et
1176 2335 1307 2383 Cutaigen
1320 2345 1372 2373 add
1383 2349 1484 2373 ictum,
1494 2346 1520 2368 et
1530 2340 1588 2367 suis
1601 2339 1628 2365 in
1643 2335 1743 2370 oppido
1759 2341 1836 2360 com-

1049 2399 1231 2423 monstratum
1246 2379 1384 2426 :vcumque
1397 2388 1562 2416 deditionem
1584 2383 1713 2419 oppidani
1743 2379 1837 2407 facere

1050 2442 1165 2473 nollent,
1186 2441 1213 2466 in
1234 2445 1329 2466 eorum
1348 2438 1496 2469 conspectu
1518 2431 1579 2467 palo
1595 2428 1771 2457 transﬁxum.
1789 2424 1838 2452 Jo-

1049 2487 1109 2513 vius
1127 2489 1217 2512 autem
1229 2489 1312 2518 prope
1325 2479 1390 2506 dicit
1401 2468 1535 2508 abfuisse,
1549 2478 1579 2502 ut
1594 2475 1742 2506 caperetur
1763 2479 1770 2497 :
1785 2468 1837 2497 sed

1052 2532 1236 2560 substractum
1250 2535 1264 2555 a
1288 2526 1356 2559 suis,
1377 2522 1500 2557 Cutejam
1514 2520 1636 2548 evasisse
1651 2527 1658 2545 :
1674 2524 1727 2551 qua
1758 2516 1840 2542 dein—

1052 2585 1118 2612 crps
1129 2584 1142 2603 a
1159 2573 1294 2602 seditiosis
1310 2574 1474 2605 expugnata,
1490 2566 1570 2594 etiam
1587 2565 1645 2599 ipse
1666 2562 1787 2590 linstiutn
1810 2561 1838 2588 itt

1053 2630 1150 2651 manus
1162 2619 1275 2647 venerit.
1293 2619 1391 2644 Postea
1401 2622 1464 2641 vero
1482 2613 1514 2639 ad
1526 2610 1685 2640 Caraéssar,
1697 2606 1843 2642 (Car-aelii-

1054 2677 1099 2697 sar
1112 2668 1233 2696 scribere
1257 2662 1362 2696 debuit)
1386 2662 1412 2687 in
1440 2659 1528 2686 media
1546 2657 1600 2689 via,
1616 2664 1669 2691 qua
1690 2659 1842 2680 transcun~

1054 2715 1117 2742 dum
1134 2716 1192 2740 erat
1208 2711 1248 2738 Ali
1273 2710 1370 2741 bassze,
1388 2714 1449 2733 cum
1467 2704 1588 2732 exercitu
1607 2701 1723 2730 rebcllcs
1743 2708 1842 2735 perse-

1055 2760 1160 2796 quenti,
1181 2758 1274 2785 vivum
1295 2755 1330 2782 ab
1348 2754 1389 2781 eis
1403 2752 1464 2787 palo
1480 2749 1641 2777 transﬁxum
1657 2756 1664 2775 :
1684 2751 1713 2773 ut
1729 2755 1742 2773 a
1761 2751 1843 2781 tergo

1055 2805 1234 2842 sequentibus
1251 2808 1305 2830 tam
1324 2801 1396 2829 [mdo
1411 2798 1478 2826 tanti
1494 2797 1543 2825 viri
1563 2794 1698 2829 supplicio
1714 2791 1843 2819 formidi-

1057 2860 1117 2880 nem
1149 2855 1176 2878 ct
1192 2851 1335 2877 horrorem
1366 2847 1534 2874 incuterent.
1552 2842 1587 2870 De
1604 2839 1736 2876 Cutahige
1754 2844 1843 2873 supra

1057 2899 1159 2927 dictum
1173 2917 1180 2930 ,
1198 2895 1285 2930 capite
1302 2893 1346 2921 40.
