1963 3067
100 163 152 195 857

662 163 865 196 PANDECTE
885 165 986 198 HlS’l‘.
1007 166 1162 198 'I‘URClC.

1666 166 1720 197 858

103 220 166 248 182.
182 220 280 248 Corcut
296 228 312 247 η
329 220 460 260 seditiosis
471 221 592 248 vincitur.
612 221 726 260 Diversa
743 223 889 250 Turcorum
903 228 926 255 Α
941 225 1095 260 provincia.
1113 224 1312 260 complectentc
1337 222 1569 258 Paphlagoniam,
1587 222 1722 250 Galatiam

345 257 509 284 narrationes
526 266 541 283 ιι
560 257 666 284 nostris.

138 302 284 329 Corcutem
303 302 330 329 in
351 301 562 329 Osmauidarum
581 303 740 338 genealogia
762 304 887 338 quintum

102 349 199 377 ordine
213 349 342 383 Bajazitis
362 350 446 377 ﬁlium
468 349 593 382 fecimus,
610 354 638 376 et
663 358 822 384 germanum
837 349 887 377 Sc-

102 396 177 424 limis
196 397 323 430 fratrem,
352 397 397 431 qui
429 397 560 432 deinceps
598 396 754 432 imperavit.
779 395 886 423 Etenim

104 443 229 471 eamdem
247 450 310 470 cum
333 442 436 470 Selime
453 448 566 470 matrem
593 443 700 470 habuit.
717 443 794 470 Hunc
816 443 887 470 reic-

103 496 167 516 rttnt
183 489 302 518 Annales
318 497 332 516 a
352 489 498 517 rebellibus
516 489 544 516 in
558 497 647 524 pugna
664 488 747 516 fuisse
772 496 887 523 supera-

104 535 284 562 tum.Jovius
315 543 379 562 vero
411 540 559 570 pugnatum
585 535 623 562 ait
638 536 664 562 in
693 536 743 562 hos
772 535 888 562 adverso

104 580 198 614 przelio
218 580 325 607 duobus
356 587 370 606 a
398 581 546 614 nepotibus
560 579 698 612 Bajazitis,
719 580 888 607 liuchemete

105 626 267 654 Sciemsciai
281 625 377 660 (Sinan
406 627 513 653 Schach
535 627 637 653 rectius
666 626 844 661 appellatur),
861 630 888 652 et

104 671 210 698 Orcane
234 671 402 706 Alempsaci,
418 671 481 698 iiliis
509 672 599 705 (pater
628 672 703 699 Alcm
722 671 762 699 vel
780 672 886 698 Allama

103 713 223 748 Schach,
241 717 313 744 ﬁlius
329 716 441 744 Urchan
469 717 549 744 nobis
582 722 624 745 est
650 719 676 744 in
694 717 862 753 genealogis)
879 727 886 745 :

105 763 251 790 Corcutem
264 769 396 797 expresse
408 763 506 796 tradit,
523 771 577 790 non
598 771 694 790 ausum
724 763 810 791 fuisse
825 771 886 790 eum

104 809 231 836 Techelle
247 808 390 843 congredi.
417 808 482 841 Qum
498 816 563 836 sane
577 816 640 836 vcra
672 809 740 841 sint,
761 817 811 836 nec
842 817 886 840 ne,

104 855 293 890 mihiquidem
310 855 467 889 disceptare
490 863 544 882 non
571 855 667 882 lubet:
684 854 830 882 indicanda
848 859 887 881 ta-

104 909 165 930 men
183 901 286 935 putavi,
304 909 353 928 ceu
379 907 506 935 suspecta
533 906 645 936 propter
674 905 779 928 aetatem
806 909 887 935 nepo-
903 894 926 922 Β

105 953 172 975 tum.
189 948 255 981 Qum
283 947 352 975 ditio
370 948 406 975 sit
420 948 587 980 Aidineusis,
614 952 755 976 ostensum
773 955 888 975 numero

105 995 147 1021 i5.
167 994 249 1021 Ducis
267 994 337 1021 ﬁlius
353 999 396 1021 est
414 993 571 1029 llerzccogli
588 995 684 1026 bassa.
705 994 738 1021 de
753 1001 808 1029 quo
825 994 887 1021 dic—

104 1044 160 1066 tum
179 1040 267 1073 capite
281 1039 327 1066 liii
346 1044 373 1067 et
388 1040 449 1068 l62.

169 1096 231 1123 185.
252 1096 309 1123 Alis
334 1096 418 1123 besse:
442 1102 535 1124 contra
566 1096 672 1124 rebelles
692 1099 820 1133 expeditio

140 1141 314 1177 Quantopere
338 1141 472 1168 creverint
489 1142 667 1176 perduellium
698 1143 781 1173 vires.
797 1142 838 1170 vel
854 1150 886 1170 cx

107 1197 140 1217 eo
150 1189 240 1223 colligi
268 1192 367 1223 potest,
387 1189 458 1224 quod
476 1189 501 1214 in
521 1189 569 1215 bos
584 1189 800 1222 proﬁciscentem
817 1189 887 1216 Alim

107 1236 214 1262 bassam
245 1235 355 1262 duxisse
369 1234 561 1269 Fpandugiuus
576 1235 746 1270 aithuitum
763 1242 793 1262 ex
809 1235 888 1262 Ana—

106 1282 170 1309 tolia
187 1281 367 1316 quadraginta
387 1281 484 1314 millia,
497 1281 596 1315 quibus
614 1281 803 1315 genizarorum
818 1289 887 1315 qua-

106 1332 170 1355 tuor
183 1327 268 1354 millia
292 1327 426 1362 Bajaz'tes
443 1327 611 1362 adiunxerit.
636 1327 780 1362 Nihiloque
795 1328 887 1354 minus

105 1374 262 1401 Achntetem
277 1381 386 1408 quoque
412 1373 542 1408 Bajazitis
563 1373 661 1406 ﬁlium,
686 1381 718 1401 ex
740 1373 887 1400 Atnasiana

106 1427 154 1446 stta
167 1419 308 1454 provincia
325 1418 450 1446 collectis
466 1419 563 1454 copiis,
580 1419 603 1446 ei
622 1419 746 1447 subsidio
766 1419 885 1447 venisse.

106 1476 167 1504 18.5.
181 1476 292 1504 Clteider
311 1477 388 1503 bona
405 1485 462 1503 cum
475 1476 553 1504 Zindi
571 1476 678 1504 Kemole
696 1475 885 1510 Snngiocbego,

139 1513 222 1553 victus
244 1516 268 1538 et
299 1512 400 1538 occisus
427 1520 443 1538 (ι
462 1512 606 1545 seditiosis,
624 1510 779 1544 Zonchium,
797 1511 887 1538 Naua-

140 1554 239 1574 riuum.

139 1592 259 1620 Cheider
273 1591 369 1624 Bassa,
385 1591 554 1620 Caramania:
571 1593 784 1629 beglerbcgusﬁ
800 1593 888 1628 Span-

105 1637 207 1673 dugino
222 1637 319 1665 Caidir
344 1639 507 1673 appellatur,
533 1645 559 1666 et
588 1639 756 1666 domicilium
775 1640 802 1666 in
824 1640 890 1667 urbe

105 1683 208 1718 Cogno.
224 1683 266 1711 vel
293 1684 378 1711 lconii
408 1684 537 1713 habuisse
554 1685 665 1712 dicitur.
687 1685 765 1713 Zindi
794 1686 889 1713 Kenial

106 1731 156 1764 bcg
171 1730 260 1757 eidem
281 1730 383 1757 Camaii
413 1730 591 1764 nominatur,
620 1735 648 1758 et
672 1732 714 1758 vir
742 1731 890 1758 admodum

106 1775 236 1803 militaris
252 1775 338 1804 fuisse
357 1776 531 1811 praedicatur.
550 1777 647 1805 Tradit
663 1778 736 1804 enim
762 1777 891 1812 Spandu-

106 1823 198 1856 ginus,
217 1822 288 1849 hunc
312 1822 382 1849 bello
398 1822 527 1856 Bajazitis
541 1828 636 1850 contra
649 1822 767 1850 Venetos
785 1823 891 1858 cepisse

106 1868 250 1895 castellum
267 1868 364 1895 Morem
375 1868 431 1895 sive
455 1868 633 1903 Peloponnesi
649 1870 829 1902 maritimum,
846 1869 893 1895 bo-

106 1913 206 1948 dieque
232 1913 462 1944 muuitissimnm,
480 1921 529 1940 nec
547 1914 639 1948 procul
654 1922 668 1941 a
690 1915 817 1942 Methone
836 1914 893 1942 dis-

110 1958 208 1989 situm,
234 1956 390 1991 quindecim
420 1957 548 1985 videlicet
588 1958 751 1986 milliaribus
778 1958 892 1992 Grazcis.

107 2003 183 2038 quod
200 2011 215 2030 a
230 2003 321 2030 nautis
336 2004 410 2031 italis
428 2003 591 2036 Zonchium,
609 2004 786 2040 Spandugino
808 2006 893 2032 Giuu—

108 2048 212 2079 chium.
229 2048 331 2076 Graecis
352 2050 439 2076 nostri
468 2049 599 2084 temporis
622 2049 789 2078 Navarinum
806 2058 889 2078 voca-

109 2102 165 2128 tur.
178 2097 278 2132 priscis
296 2096 495 2132 Coryphasium
511 2097 652 2125 Messenia:
665 2097 752 2126 fuisse
762 2099 893 2126 creditur:

109 2142 190 2170 Jovio
214 2147 303 2170 tamen
332 2142 440 2178 Pylum,
464 2151 548 2178 regna
572 2143 708 2176 Nestoris,
729 2145 893 2179 appellante.

109 2189 205 2223 Neque
219 2188 360 2216 castellum
382 2189 434 2216 hoc
458 2188 584 2216 Kemales
604 2196 652 2216 seu
673 2189 798 2217 Camales
822 2190 893 2216 dun-

940 275 967 297 et
980 269 1181 304 Cappadociam
1201 278 1207 296 :
1230 268 1275 295 ubi
1307 267 1523 302 sangiacatus‘bi
1553 267 1723 301 conjungun-

941 320 995 347 tur,
1012 315 1188 348 Carachisar,
1202 314 1275 349 (vide
1288 317 1370 348 caput
1389 313 1448 343 tu,
1461 317 1488 340 et
1498 311 1593 339 eodem
1608 319 1722 338 numero

945 367 1052 390 textum
1070 361 1234 393 Annalium,
1264 360 1336 388 hanc
1360 368 1373 385 a
1404 359 1574 385 Muchcmete
1602 358 1722 385 secundo

939 413 1048 443 captain
1061 408 1251 439 reici-entiam,
1265 414 1328 434 cum
1344 406 1475 433 adversus
1487 405 1720 432 Usumchasanem

938 455 1074 490 pergeret)
1097 454 1194 482 Sasuni
1214 453 1324 487 (priscis
1352 453 1469 484 Sasima,
1493 451 1526 478 de
1556 450 1720 477 Nazianzeni

938 500 1026 527 nostri
1062 499 1140 526 libris
1170 498 1270 532 nota),
1294 497 1453 524 Tarabosan
1486 498 1543 523 sive
1571 496 1720 530 Trapezus.

938 545 1020 573 Addit
1045 544 1141 572 Jovius
1158 544 1211 571 hoc
1235 544 1296 570 loco
1314 543 1480 569 mentionem
1499 542 1601 569 montis
1613 543 1655 569 cui
1673 549 1721 568 no-

938 599 1000 618 men
1026 591 1072 618 dat
1084 589 1191 623 Olinga,
1209 598 1258 617 nec
1269 597 1331 616 cum
1346 596 1444 624 magno
1455 589 1489 616 ab
1503 589 1607 624 Ancyra
1619 589 1721 615 distare

941 637 1023 664 tradit
1044 637 1200 663 intervallo.

939 718 989 746 186
1011 715 1478 752 Ki/taiu.PrologetIts,Primikirios.
1496 712 1624 752 Vlofedzi,
1641 713 1720 748 γέρρ’,

1078 752 1226 783 Timarion,
1243 750 1405 780 Timariotw.
1423 749 1572 776 Romamn.

972 819 1023 852 Qui
1043 818 1187 853 prmfectiis
1205 816 1393 844 Vloieziorum
1425 815 1469 842 hic
1494 815 1609 845 dicitur.
1640 821 1721 841 voca-

938 866 1004 893 bulo
1019 864 1137 891 Turcico
1155 863 1252 890 Kihaia
1281 863 1451 889 nominatur.
1467 861 1495 888 id
1520 861 1631 895 proprie
1649 861 1722 887 vica-

943 911 1013 938 rium
1041 918 1089 937 seu
1115 909 1358 940 locutntencntem,
1392 915 1440 934 seu
1471 908 1602 941 legatum,
1639 910 1722 940 atque

942 957 1023 984 etiam
1044 956 1204 992 praefectum
1221 955 1290 981 aulae
1306 954 1459 989 signiﬁcat.
1483 953 1603 986 Ideoque
1624 951 1721 978 Kihaia

941 1003 1127 1031 Vloieziorum
1144 1005 1186 1028 est
1213 1001 1334 1027 vicarius
1352 1006 1400 1027 seu
1419 999 1525 1033 legatus
1545 997 1629 1028 illius,
1642 1003 1722 1030 quem

941 1049 1123 1076 Vlofeziorum
1140 1047 1249 1075 bassam
1265 1046 1415 1080 appellant.
1434 1044 1520 1071 Grmci
1549 1043 1721 1078 Prologerou

941 1102 1015 1123 nunc
1035 1094 1140 1126 dicttnt,
1155 1093 1202 1127 qui
1221 1092 1347 1125 catalogo
1375 1090 1538 1124 dignitatum
1555 1088 1595 1115 vel
1615 1087 1722 1114 ofﬁcio-

941 1149 1002 1169 rum
1019 1140 1113 1176 palatii
1127 1139 1310 1174 πριμικήριος
1327 1138 1392 1172 ipSis
1410 1142 1463 1167 cst,
1482 1135 1584 1162 nostris
1597 1135 1723 1168 primice-

941 1189 999 1215 rius
1030 1185 1212 1221 appellatione
1225 1187 1343 1210 vetusta.
1364 1182 1400 1209 Εκ
1416 1182 1565 1214 Protogero
1581 1178 1721 1206 Genii-ams

941 1235 1069 1263 Protortz
1083 1237 1244 1266 corruptum
1276 1231 1364 1264 ponit,
1393 1232 1420 1256 el.
1451 1226 1721 1262 superintcnvlcutcm

942 1281 1152 1315 interpretatur.
1173 1278 1278 1305 Nomen
1307 1275 1493 1302 \‘lol‘cziorum
1525 1271 1659 1307 signiﬁcat
1674 1270 1722 1296 sti-

925 1325 1110 1361 "pcudiarios,
1121 1324 1202 1359 470
1214 1323 1312 1357 quibus
1324 1321 1401 1348 Vlol'e
1410 1324 1450 1364 vet
1464 1317 1537 1345 Vlel‘e
1550 1321 1721 1344 numeratur.

942 1373 1012 1400 Sunt
1026 1371 1097 1399 enim
1112 1370 1166 1397 duo
1180 1367 1378 1403 stipendiorum
1393 1365 1463 1399 apud
1477 1363 1589 1390 -Turcus
1605 1368 1702 1397 genera
1714 1380 1721 1392 ,

941 1419 1056 1453 quorum
1079 1423 1162 1442 untnu
1178 1419 1292 1441 vocatur
1309 1410 1392 1443 Vlefo,
1408 1410 1502 1436 Timar
1522 1408 1649 1453 alterum.
1661 1405 1723 1453 γιο-

941 1451 976 1495 ie,
988 1461 1151 1497 stipendium
1161 1465 1211 1492 est,
1220 1458 1292 1494 quod
1304 1464 1377 1485 more
1386 1460 1478 1482 nostro
1488 1452 1618 1480 militibus
1628 1451 1667 1478 vel
1676 1458 1725 1477 au-

941 1511 1000 1539 licis
1017 1509 1132 1538 solvitur
1149 1515 1163 1534 a
1179 1505 1358 1534 rationalibus
1377 1500 1611 1536 velqutrstoribus
1628 1507 1634 1524 :
1652 1497 1723 1531 apud

900 1568 922 1597 ο
942 1564 991 1584 nos
1002 1559 1171 1582 menstruum
1181 1553 1222 1579 vel
1233 1557 1364 1581 annuum,
1373 1551 1443 1583 apud
1454 1547 1558 1574 Turcos
1567 1545 1592 1572 in
1602 1543 1724 1597 singulos

940 1603 1009 1631 dies.
1027 1601 1084 1628 Hoc
1100 1600 1143 1634 qui
1163 1599 1302 1628 fruuntur,
1329 1593 1532 1622 Vlei‘etlziorum
1550 1597 1647 1617 nomen
1675 1588 1724 1615 ha-

940 1649 1014 1676 bent.
1029 1633 1155 1673 Geuiraao
1169 1648 1195 1671 et
1208 1641 1361 1670 Sansovino
1382 1643 1446 1666 sunt
1461 1635 1606 1672 Olophagi.
1628 1633 1723 1660 Timar

939 1698 982 1721 est
997 1691 1103 1728 pensio,
1116 1690 1158 1717 vel
1175 1688 1353 1724 stipendium,
1372 1685 1413 1712 vel
1445 1682 1551 1711 reditus
1568 1680 1724 1728 assignatus

941 1739 967 1766 in
987 1724 1115 1773 praediis,
1140 1739 1166 1762 et
1181 1731 1403 1769 possessionibus
1431 1733 1585 1756 castrorqu
1610 1724 1725 1773 oppido-

941 1772 1012 1816 rum,
1034 1789 1177 1817 pagorum,
1206 1785 1356 1814 agrorum.
1374 1775 1416 1803 vel
1440 1775 1467 1802 in
1486 1773 1665 1808 percipiendis
1678 1772 1724 1798 dc-

941 1830 1041 1860 cumis,
1056 1828 1152 1854 aliisve
1164 1824 1311 1855 fructibus,
1324 1821 1412 1850 Graeci
1428 1819 1556 1848 timarion
1576 1818 1723 1852 appellant,

942 1884 957 1903 a
971 1875 1071 1910 quibus
1087 1873 1118 1900 ad
1134 1871 1241 1898 Turcos
1258 1875 1385 1896 manasse
1399 1874 1494 1893 vocem
1505 1865 1575 1892 hanc
1592 1864 1721 1890 arbitror.

942 1921 1087 1956 cheritur
1111 1918 1183 1954 apud
1204 1917 1403 1944 Damasccnum
1421 1912 1558 1940 Studitam
1577 1911 1603 1937 in
1624 1913 1724 1944 marty-

943 1970 983 1996 rio
997 1965 1132 1994 Theodori
1155 1963 1259 1991 tribuni
1288 1961 1420 1991 militum,
1448 1959 1491 1986 cui
1515 1957 1624 1985 virtutis
1640 1960 1666 1983 et
1682 1963 1724 1982 re-

945 2022 1004 2042 rum
1024 2013 1132 2040 fortiter
1155 2014 1296 2046 gestarum
1320 2007 1431 2035 nomine
1457 2008 1551 2032 narrat
1576 2011 1590 2030 a
1617 2001 1724 2029 Licinio

944 2060 1066 2094 Augusto
1081 2058 1175 2084 datum
1202 2055 1288 2082 fuisse
1304 2061 1352 2089 pro
1370 2051 1482 2079 timario
1499 2055 1619 2076 castrum
1642 2047 1724 2073 llura~

944 2106 1020 2134 clem.
1043 2103 1214 2137 Videturque
1229 2109 1280 2128 vox
1295 2109 1309 2127 a
1341 2099 1419 2127 Caeca
1433 2097 1512 2132 τιμὴ,
1525 2104 1576 2130 qua
1590 2094 1725 2128 signiﬁca-

945 2156 989 2179 tur
1004 2152 1101 2180 honor,
1120 2148 1244 2176 derivata
1257 2155 1264 2174 :
1279 2145 1351 2181 quod
1369 2142 1529 2180 lutjttsmodi
1542 2141 1660 2171 tituaria,
1678 2147 1723 2165 vc-

945 2196 985 2223 lut
1003 2194 1164 2226 honoraria,
1187 2193 1245 2220 sive
1267 2190 1421 2222 beneﬁcia,.
1448 2188 1506 2215 sive
1531 2186 1646 2216 reditus,
1669 2184 1725 2211 sive

111 2239 187 2262 taxat
200 2235 376 2276 expugnavit,
394 2242 486 2262 verum
499 2235 581 2262 etiam
597 2236 890 2270 oppressasiuopinato

947 2241 1106 2276 pensiones,
1121 2239 1265 2266 honoratis
1285 2237 1407 2271 beneque
1424 2235 1457 2262 de
1481 2233 1619 2268 republica
1647 2230 1727 2257 meri-

110 2285 231 2316 quatuor
251 2273 377 2308 triremes
395 2281 525 2313 Veni-tas,
537 2288 599 2308 cum
623 2281 689 2316 ipsis
713 2282 848 2309 militibus
866 2287 894 2309 et

111 2328 198 2356 sociis
214 2327 369 2360 navalibus,
386 2327 485 2354 ibidem
506 2327 532 2354 in
547 2331 709 2361 potestatem
725 2329 839 2364 redegit.

213 2385 276 2412 185.
293 2383 423 2411 Planities
441 2383 535 2417 Zibuc,
551 2390 575 2411 et
587 2383 673 2415 Sirae,
687 2385 788 2413 eadem.

147 2431 235 2465 Quam
267 2430 313 2458 hic
338 2430 458 2457 Annales
481 2430 623 2465 planitiem
664 2431 751 2458 Zibuc
785 2436 894 2463 vocant,

112 2477 309 2512 Spanduginus
322 2476 443 2510 appellat
455 2484 580 2511 campum
598 2477 689 2508 Sivac.
712 2478 822 2505 tametsi
837 2485 897 2504 cor-

112 2527 193 2558 rupte
216 2523 321 2558 legatur
348 2522 376 2549 in
416 2521 500 2552 edito.
526 2523 681 2557 Campagna
707 2523 780 2549 detta
805 2522 895 2550 Siras.

111 2569 220 2603 Quippe
236 2568 336 2596 civitas
353 2568 465 2603 quidem
481 2572 523 2595 est
543 2567 634 2600 Sivas,
663 2568 695 2595 de
721 2576 774 2602 qua
792 2569 894 2596 dictum

114 2615 209 2648 capite
226 2614 242 2641 5
265 2622 271 2641 :
308 2614 355 2642 sed
377 2613 430 2640 hoc
446 2614 556 2641 nomine
582 2622 694 2648 campus
709 2619 755 2641 aut
771 2614 897 2649 planities

114 2659 217 2687 nobilis
238 2660 266 2686 in
290 2659 418 2686 Anatolio
448 2660 521 2694 quod
548 2660 674 2694 equidem
690 2661 786 2692 sciam,
804 2661 895 2688 nulla.

113 2706 288 2741 Quapropter
303 2713 336 2733 ex
351 2705 506 2733 Annalibus
516 2705 594 2733 Sivac
607 2705 806 2740 reponendum,
825 2706 896 2741 quod

115 2752 189 2779 idem
206 2757 248 2779 est
264 2752 320 2779 fere
334 2759 395 2778 cum
414 2751 510 2778 Zibuc.
541 2751 636 2779 Jovius
665 2752 723 2778 haec
737 2752 769 2778 ad
785 2751 898 2780 Galatia:

113 2805 228 2832 campos
258 2797 364 2830 retulit,
379 2797 423 2823 ubi
441 2796 521 2824 sitam
550 2797 588 2824 ait
603 2797 758 2824 Caracssar.
776 2797 814 2824 Ea
830 2796 899 2824 Tur-

115 2843 159 2871 cis
176 2846 219 2870 est
233 2842 427 2874 Carachissar,
447 2841 499 2868 hoc
525 2845 566 2869 est
593 2849 642 2870 arx
673 2843 764 2877 nigra,
795 2850 854 2876 qua:
871 2843 897 2870 in

117 2888 356 2924 bcglerbcgatibus
381 2887 538 2915 collocatur
553 2887 580 2915 in
604 2887 722 2916 Amasis:
749 2888 898 2924 Tocatiquc

947 2288 982 2314 tis
998 2287 1229 2314 concederentur.
1258 2283 1390 2311 Timariis
1413 2281 1508 2309 donati
1530 2283 1659 2306 vocantur
1682 2276 1727 2302 Ti-

946 2333 1079 2363 tuariota»,
1093 2331 1137 2358 vel
1155 2330 1300 2362 Timarati,
1319 2329 1401 2356 etiam
1421 2328 1490 2362 apud
1519 2323 1726 2356 Cbalcocoudy-

945 2380 1011 2407 lein.
1028 2379 1195 2406 Caramuses
1214 2376 1349 2411 signiﬁcat
1374 2375 1481 2408 nigrum
1498 2372 1608 2398 Moscm.
1623 2369 1726 2395 Roma-

946 2426 1022 2454 Sanis
1037 2433 1138 2452 nomen
1153 2424 1226 2451 idem
1245 2428 1288 2450 est
1302 2430 1364 2450 cum
1394 2420 1551 2448 Ramat'anc
1572 2425 1579 2443 :
1593 2416 1665 2443 sicut
1681 2414 1727 2441 0t-

947 2479 1021 2504 man,
1037 2471 1080 2498 vel
1093 2470 1197 2498 Odmau
1215 2469 1287 2496 idem
1301 2475 1362 2495 cum
1379 2467 1508 2494 Osmaue.

1064 2517 1125 2545 487.
1147 2515 1303 2546 Tebrisium,
1319 2513 1475 2544 Taurisium,
1488 2512 1640 2539 Caratmna.

981 2563 1148 2596 Tebrisium,
1177 2570 1250 2590 nunc
1278 2561 1388 2593 Tauris,
1417 2560 1562 2587 admodum
1591 2559 1633 2586 his
1649 2562 1728 2586 annis

947 2610 1080 2648 innotuit,
1096 2610 1178 2637 etiarn
1199 2608 1290 2643 vulgo,
1304 2606 1458 2634 Turcorum
1472 2605 1609 2640 stragibus
1625 2605 1729 2639 aliquot

949 2657 1121 2685 nobilitatum
1140 2656 1204 2683 inde
1225 2663 1313 2690 usque
1333 2662 1348 2682 a
1368 2653 1471 2682 sultaui
1499 2653 1666 2681 Solcimanis
1689 2660 1731 2679 se—

949 2703 1031 2731 cundi
1048 2701 1228 2737 temporibus.
1254 2700 1305 2734 Qui
1332 2699 1471 2727 Ecbatana
1501 2698 1593 2726 Media
1620 2702 1729 2728 vocant.

949 2757 1044 2778 errare
1077 2753 1153 2784 puto,
1175 2755 1235 2774 cum
1257 2746 1393 2774 Cedrinus
1423 2753 1482 2773 eam
1500 2744 1662 2771 Tauri-lium
1680 2750 1728 2777 ap-

949 2796 1066 2832 pellans,
1082 2793 1109 2821 in
1123 2793 1312 2821 Persarmenia
1328 2793 1456 2824 collocet,
1484 2799 1565 2826 quam
1595 2789 1730 2823 hodieque

949 2841 1081 2876 majorem
1103 2840 1199 2868 dicunt
1225 2840 1394 2867 Armeniam.
1420 2837 1450 2865 In
1471 2837 1555 2873 hujus
1575 2836 1730 2864 meditullio

949 2887 1102 2916 chrisium
1120 2891 1192 2914 recte
1204 2885 1300 2913 Jovius
1316 2885 1404 2921 ponit,
1420 2889 1450 2911 ut
1475 2884 1545 2912 male
1562 2883 1730 2911 Chalcoron—
