  <div class='ocr_page' id='page_1' title='image "/cluster/home/n/w/nwhite01/storage/ocr_20150623/159/njp.32101077773248/441.png"; bbox 0 0 1963 3067; ppageno 0'>
   <div class='ocr_carea' id='block_1_1' title="bbox 244 156 298 188">
    <p class='ocr_par' dir='ltr' id='par_1_1' title="bbox 244 156 298 188">
     <span class='ocr_line' id='line_1_1' title="bbox 244 156 298 188; baseline -0.037 0"><span class='ocrx_word' id='word_1_1' title='bbox 244 156 298 188; x_wconf 75' lang='lat'><strong>85&#39;)</strong></span> 
     </span>
    </p>
   </div>
   <div class='ocr_carea' id='block_1_2' title="bbox 845 155 1258 188">
    <p class='ocr_par' dir='ltr' id='par_1_2' title="bbox 845 155 1258 188">
     <span class='ocr_line' id='line_1_2' title="bbox 845 155 1258 188; baseline 0 -2"><span class='ocrx_word' id='word_1_2' title='bbox 845 155 1011 186; x_wconf 77' lang='lat' dir='ltr'><strong>JOANNIS</strong></span> <span class='ocrx_word' id='word_1_3' title='bbox 1023 156 1258 188; x_wconf 77' lang='lat' dir='ltr'><strong>LEUNCLAVII</strong></span> 
     </span>
    </p>
   </div>
   <div class='ocr_carea' id='block_1_3' title="bbox 1816 155 1862 188">
    <p class='ocr_par' dir='ltr' id='par_1_3' title="bbox 1816 155 1862 188">
     <span class='ocr_line' id='line_1_3' title="bbox 1816 155 1862 188; baseline 0.043 -3"><span class='ocrx_word' id='word_1_4' title='bbox 1816 155 1862 188; x_wconf 57' lang='grc' dir='ltr'><strong>ξω</strong></span> 
     </span>
    </p>
   </div>
   <div class='ocr_carea' id='block_1_4' title="bbox 245 211 1860 252">
    <p class='ocr_par' dir='ltr' id='par_1_4' title="bbox 245 211 1860 252">
     <span class='ocr_line' id='line_1_4' title="bbox 245 211 1860 252; baseline -0.003 -8"><span class='ocrx_word' id='word_1_5' title='bbox 245 217 323 252; x_wconf 77' lang='lat' dir='ltr'><strong>dyles</strong></span> <span class='ocrx_word' id='word_1_6' title='bbox 341 215 436 243; x_wconf 86' lang='lat' dir='ltr'><strong>urbem</strong></span> <span class='ocrx_word' id='word_1_7' title='bbox 463 213 529 241; x_wconf 78' lang='lat' dir='ltr'><strong>fecit</strong></span> <span class='ocrx_word' id='word_1_8' title='bbox 548 213 724 250; x_wconf 79' lang='lat' dir='ltr'><strong>Assyriorum</strong></span> <span class='ocrx_word' id='word_1_9' title='bbox 741 222 748 241; x_wconf 89' lang='lat'><strong>:</strong></span> <span class='ocrx_word' id='word_1_10' title='bbox 776 213 861 250; x_wconf 78' lang='lat' dir='ltr'><strong>cujus</strong></span> <span class='ocrx_word' id='word_1_11' title='bbox 892 215 1030 250; x_wconf 82' lang='lat' dir='ltr'><strong>interpres</strong></span> <span class='ocrx_word' id='word_1_12' title='bbox 1044 215 1069 245; x_wconf 73' lang='grc' dir='ltr'>Α</span> <span class='ocrx_word' id='word_1_13' title='bbox 1082 214 1150 242; x_wconf 92' lang='lat' dir='ltr'><strong>lent.</strong></span> <span class='ocrx_word' id='word_1_14' title='bbox 1172 213 1293 242; x_wconf 80' lang='lat' dir='ltr'><strong>Docebat</strong></span> <span class='ocrx_word' id='word_1_15' title='bbox 1309 217 1402 240; x_wconf 84' lang='lat' dir='ltr'><strong>autent</strong></span> <span class='ocrx_word' id='word_1_16' title='bbox 1420 212 1488 243; x_wconf 62' lang='lat' dir='ltr'><strong>haec.</strong></span> <span class='ocrx_word' id='word_1_17' title='bbox 1509 215 1536 239; x_wconf 84' lang='lat' dir='ltr'><strong>et</strong></span> <span class='ocrx_word' id='word_1_18' title='bbox 1551 211 1617 243; x_wconf 79' lang='lat' dir='ltr'><strong>alia,</strong></span> <span class='ocrx_word' id='word_1_19' title='bbox 1639 211 1755 246; x_wconf 88' lang='lat' dir='ltr'><strong>quodam</strong></span> <span class='ocrx_word' id='word_1_20' title='bbox 1783 212 1807 240; x_wconf 88' lang='lat' dir='ltr'><strong>in</strong></span> <span class='ocrx_word' id='word_1_21' title='bbox 1819 219 1860 247; x_wconf 23' lang='lat' dir='ltr'><strong>ops</strong></span> 
     </span>
    </p>
   </div>
   <div class='ocr_carea' id='block_1_5' title="bbox 245 261 1032 297">
    <p class='ocr_par' dir='ltr' id='par_1_5' title="bbox 245 261 1032 297">
     <span class='ocr_line' id='line_1_5' title="bbox 245 261 1032 297; baseline -0.001 -7"><span class='ocrx_word' id='word_1_22' title='bbox 245 263 397 294; x_wconf 79' lang='lat' dir='ltr'><strong>Tabrczeu,</strong></span> <span class='ocrx_word' id='word_1_23' title='bbox 422 265 451 289; x_wconf 87' lang='lat' dir='ltr'><strong>ut</strong></span> <span class='ocrx_word' id='word_1_24' title='bbox 477 261 660 289; x_wconf 81' lang='lat' dir='ltr'><strong>Cedrinittnus</strong></span> <span class='ocrx_word' id='word_1_25' title='bbox 703 261 880 293; x_wconf 77' lang='lat' dir='ltr'><strong>Tabresium,</strong></span> <span class='ocrx_word' id='word_1_26' title='bbox 908 261 1032 297; x_wconf 74' lang='lat' dir='ltr'><strong>scripsit.</strong></span> 
     </span>
    </p>
   </div>
   <div class='ocr_carea' id='block_1_6' title="bbox 245 306 1031 343">
    <p class='ocr_par' dir='ltr' id='par_1_6' title="bbox 245 306 1031 343">
     <span class='ocr_line' id='line_1_6' title="bbox 245 306 1031 343; baseline -0.003 -8"><span class='ocrx_word' id='word_1_27' title='bbox 245 308 316 336; x_wconf 81' lang='lat' dir='ltr'><strong>Jovii</strong></span> <span class='ocrx_word' id='word_1_28' title='bbox 337 308 502 335; x_wconf 86' lang='lat' dir='ltr'><strong>sententiam</strong></span> <span class='ocrx_word' id='word_1_29' title='bbox 532 306 590 334; x_wconf 62' lang='lat' dir='ltr'><strong>haec</strong></span> <span class='ocrx_word' id='word_1_30' title='bbox 617 306 737 343; x_wconf 87' lang='lat' dir='ltr'><strong>Aytltoni</strong></span> <span class='ocrx_word' id='word_1_31' title='bbox 762 307 844 334; x_wconf 87' lang='lat' dir='ltr'><strong>verba</strong></span> <span class='ocrx_word' id='word_1_32' title='bbox 854 307 1031 334; x_wconf 97' lang='lat' dir='ltr'><strong>conﬁrmant.</strong></span> 
     </span>
    </p>
   </div>
   <div class='ocr_carea' id='block_1_7' title="bbox 209 350 1032 386">
    <p class='ocr_par' dir='ltr' id='par_1_7' title="bbox 209 350 1032 386">
     <span class='ocr_line' id='line_1_7' title="bbox 209 350 1032 386; baseline -0.001 -6"><span class='ocrx_word' id='word_1_33' title='bbox 209 358 213 365; x_wconf 90' lang='lat'><strong>‘</strong></span> <span class='ocrx_word' id='word_1_34' title='bbox 245 353 275 380; x_wconf 90' lang='lat' dir='ltr'><strong>ltt</strong></span> <span class='ocrx_word' id='word_1_35' title='bbox 296 353 424 380; x_wconf 85' lang='lat' dir='ltr'><strong>Armenia</strong></span> <span class='ocrx_word' id='word_1_36' title='bbox 443 352 546 386; x_wconf 79' lang='lat' dir='ltr'><strong>majOre</strong></span> <span class='ocrx_word' id='word_1_37' title='bbox 567 352 666 379; x_wconf 81' lang='lat' dir='ltr'><strong>civitas</strong></span> <span class='ocrx_word' id='word_1_38' title='bbox 687 350 808 380; x_wconf 85' lang='lat' dir='ltr'><strong>Taurisii</strong></span> <span class='ocrx_word' id='word_1_39' title='bbox 827 352 963 380; x_wconf 75' lang='lat' dir='ltr'><strong>famosior</strong></span> <span class='ocrx_word' id='word_1_40' title='bbox 975 356 1032 385; x_wconf 85' lang='lat' dir='ltr'><strong>est,</strong></span> 
     </span>
    </p>
   </div>
   <div class='ocr_carea' id='block_1_8' title="bbox 243 397 1033 434">
    <p class='ocr_par' dir='ltr' id='par_1_8' title="bbox 243 397 1033 434">
     <span class='ocr_line' id='line_1_8' title="bbox 243 397 1033 434; baseline 0 -9"><span class='ocrx_word' id='word_1_41' title='bbox 243 404 272 425; x_wconf 85' lang='lat' dir='ltr'><strong>et</strong></span> <span class='ocrx_word' id='word_1_42' title='bbox 286 399 350 434; x_wconf 82' lang='lat' dir='ltr'><strong>plus</strong></span> <span class='ocrx_word' id='word_1_43' title='bbox 364 397 426 425; x_wconf 89' lang='lat' dir='ltr'><strong>aliis</strong></span> <span class='ocrx_word' id='word_1_44' title='bbox 445 398 589 432; x_wconf 84' lang='lat' dir='ltr'><strong>opulenta.</strong></span> <span class='ocrx_word' id='word_1_45' title='bbox 621 397 690 426; x_wconf 83' lang='lat' dir='ltr'><strong>Vide</strong></span> <span class='ocrx_word' id='word_1_46' title='bbox 707 398 832 432; x_wconf 72' lang='lat' dir='ltr'><strong>quaedam</strong></span> <span class='ocrx_word' id='word_1_47' title='bbox 863 398 916 425; x_wconf 86' lang='lat' dir='ltr'><strong>alia</strong></span> <span class='ocrx_word' id='word_1_48' title='bbox 932 398 965 425; x_wconf 90' lang='lat' dir='ltr'><strong>de</strong></span> <span class='ocrx_word' id='word_1_49' title='bbox 981 397 1033 425; x_wconf 85' lang='lat' dir='ltr'><strong>hac</strong></span> 
     </span>
    </p>
   </div>
   <div class='ocr_carea' id='block_1_9' title="bbox 244 443 1033 478">
    <p class='ocr_par' dir='ltr' id='par_1_9' title="bbox 244 443 1033 478">
     <span class='ocr_line' id='line_1_9' title="bbox 244 443 1033 478; baseline 0.003 -8"><span class='ocrx_word' id='word_1_50' title='bbox 244 443 330 475; x_wconf 81' lang='lat' dir='ltr'><strong>infra,</strong></span> <span class='ocrx_word' id='word_1_51' title='bbox 348 443 438 478; x_wconf 83' lang='lat' dir='ltr'><strong>capite</strong></span> <span class='ocrx_word' id='word_1_52' title='bbox 452 443 506 471; x_wconf 70' lang='lat' dir='ltr'><strong>20L</strong></span> <span class='ocrx_word' id='word_1_53' title='bbox 522 446 628 471; x_wconf 85' lang='lat' dir='ltr'><strong>notata.</strong></span> <span class='ocrx_word' id='word_1_54' title='bbox 648 443 798 471; x_wconf 68' lang='lat' dir='ltr'><strong>Caravanze</strong></span> <span class='ocrx_word' id='word_1_55' title='bbox 814 443 914 472; x_wconf 83' lang='lat' dir='ltr'><strong>Turcis</strong></span> <span class='ocrx_word' id='word_1_56' title='bbox 926 448 955 472; x_wconf 89' lang='lat' dir='ltr'><strong>et</strong></span> <span class='ocrx_word' id='word_1_57' title='bbox 971 444 1033 473; x_wconf 82' lang='lat' dir='ltr'><strong>aliis</strong></span> 
     </span>
    </p>
   </div>
   <div class='ocr_carea' id='block_1_10' title="bbox 245 489 1036 525">
    <p class='ocr_par' dir='ltr' id='par_1_10' title="bbox 245 489 1036 525">
     <span class='ocr_line' id='line_1_10' title="bbox 245 489 1036 525; baseline 0.001 -8"><span class='ocrx_word' id='word_1_58' title='bbox 245 489 433 518; x_wconf 83' lang='lat' dir='ltr'><strong>orientalibus</strong></span> <span class='ocrx_word' id='word_1_59' title='bbox 448 489 557 525; x_wconf 79' lang='lat' dir='ltr'><strong>populis</strong></span> <span class='ocrx_word' id='word_1_60' title='bbox 580 494 646 518; x_wconf 82' lang='lat' dir='ltr'><strong>sunt</strong></span> <span class='ocrx_word' id='word_1_61' title='bbox 673 490 817 517; x_wconf 85' lang='lat' dir='ltr'><strong>hominum</strong></span> <span class='ocrx_word' id='word_1_62' title='bbox 836 491 946 525; x_wconf 85' lang='lat' dir='ltr'><strong>agmina</strong></span> <span class='ocrx_word' id='word_1_63' title='bbox 965 498 1036 518; x_wconf 93' lang='lat' dir='ltr'><strong>uou-</strong></span> 
     </span>
    </p>
   </div>
   <div class='ocr_carea' id='block_1_11' title="bbox 247 536 1034 572">
    <p class='ocr_par' dir='ltr' id='par_1_11' title="bbox 247 536 1034 572">
     <span class='ocr_line' id='line_1_11' title="bbox 247 536 1034 572; baseline 0.001 -8"><span class='ocrx_word' id='word_1_64' title='bbox 247 543 390 571; x_wconf 89' lang='lat' dir='ltr'><strong>nunquatn</strong></span> <span class='ocrx_word' id='word_1_65' title='bbox 418 537 548 568; x_wconf 81' lang='lat' dir='ltr'><strong>maxima,</strong></span> <span class='ocrx_word' id='word_1_66' title='bbox 576 541 689 572; x_wconf 86' lang='lat' dir='ltr'><strong>propter</strong></span> <span class='ocrx_word' id='word_1_67' title='bbox 705 536 835 564; x_wconf 87' lang='lat' dir='ltr'><strong>itinerum</strong></span> <span class='ocrx_word' id='word_1_68' title='bbox 871 537 1034 565; x_wconf 82' lang='lat' dir='ltr'><strong>discrimina</strong></span> 
     </span>
    </p>
   </div>
   <div class='ocr_carea' id='block_1_12' title="bbox 247 582 1036 618">
    <p class='ocr_par' dir='ltr' id='par_1_12' title="bbox 247 582 1036 618">
     <span class='ocr_line' id='line_1_12' title="bbox 247 582 1036 618; baseline 0.003 -9"><span class='ocrx_word' id='word_1_69' title='bbox 247 588 278 610; x_wconf 87' lang='lat' dir='ltr'><strong>se</strong></span> <span class='ocrx_word' id='word_1_70' title='bbox 299 582 537 618; x_wconf 87' lang='lat' dir='ltr'><strong>conjungeutium.</strong></span> <span class='ocrx_word' id='word_1_71' title='bbox 568 582 665 617; x_wconf 81' lang='lat' dir='ltr'><strong>Neque</strong></span> <span class='ocrx_word' id='word_1_72' title='bbox 691 587 798 610; x_wconf 89' lang='lat' dir='ltr'><strong>tantum</strong></span> <span class='ocrx_word' id='word_1_73' title='bbox 819 583 871 611; x_wconf 91' lang='lat' dir='ltr'><strong>hoe</strong></span> <span class='ocrx_word' id='word_1_74' title='bbox 887 583 945 611; x_wconf 85' lang='lat' dir='ltr'><strong>ﬁeri</strong></span> <span class='ocrx_word' id='word_1_75' title='bbox 966 584 1036 612; x_wconf 85' lang='lat' dir='ltr'><strong>solet</strong></span> 
     </span>
    </p>
   </div>
   <div class='ocr_carea' id='block_1_13' title="bbox 247 628 1035 663">
    <p class='ocr_par' dir='ltr' id='par_1_13' title="bbox 247 628 1035 663">
     <span class='ocr_line' id='line_1_13' title="bbox 247 628 1035 663; baseline 0.004 -8"><span class='ocrx_word' id='word_1_76' title='bbox 247 628 283 656; x_wconf 91' lang='lat' dir='ltr'><strong>ab</strong></span> <span class='ocrx_word' id='word_1_77' title='bbox 299 628 333 656; x_wconf 90' lang='lat' dir='ltr'><strong>iis</strong></span> <span class='ocrx_word' id='word_1_78' title='bbox 346 629 393 663; x_wconf 89' lang='lat' dir='ltr'><strong>qui</strong></span> <span class='ocrx_word' id='word_1_79' title='bbox 409 629 543 656; x_wconf 88' lang='lat' dir='ltr'><strong>mercium</strong></span> <span class='ocrx_word' id='word_1_80' title='bbox 562 629 602 656; x_wconf 85' lang='lat' dir='ltr'><strong>vel</strong></span> <span class='ocrx_word' id='word_1_81' title='bbox 625 628 868 657; x_wconf 80' lang='lat' dir='ltr'><strong>distrahendarum</strong></span> <span class='ocrx_word' id='word_1_82' title='bbox 883 637 979 663; x_wconf 83' lang='lat' dir='ltr'><strong>causa,</strong></span> <span class='ocrx_word' id='word_1_83' title='bbox 992 631 1035 658; x_wconf 85' lang='lat' dir='ltr'><strong>vel</strong></span> 
     </span>
    </p>
   </div>
   <div class='ocr_carea' id='block_1_14' title="bbox 248 675 1033 710">
    <p class='ocr_par' dir='ltr' id='par_1_14' title="bbox 248 675 1033 710">
     <span class='ocr_line' id='line_1_14' title="bbox 248 675 1033 710; baseline 0.003 -8"><span class='ocrx_word' id='word_1_84' title='bbox 248 675 510 710; x_wconf 85' lang='lat' dir='ltr'><strong>comparandarum,</strong></span> <span class='ocrx_word' id='word_1_85' title='bbox 525 675 579 703; x_wconf 91' lang='lat' dir='ltr'><strong>alio</strong></span> <span class='ocrx_word' id='word_1_86' title='bbox 591 675 824 710; x_wconf 81' lang='lat' dir='ltr'><strong>proﬁciscuntur;</strong></span> <span class='ocrx_word' id='word_1_87' title='bbox 844 685 937 704; x_wconf 90' lang='lat' dir='ltr'><strong>verum</strong></span> <span class='ocrx_word' id='word_1_88' title='bbox 949 677 1033 705; x_wconf 89' lang='lat' dir='ltr'><strong>etiam</strong></span> 
     </span>
    </p>
   </div>
   <div class='ocr_carea' id='block_1_15' title="bbox 249 721 1033 758">
    <p class='ocr_par' dir='ltr' id='par_1_15' title="bbox 249 721 1033 758">
     <span class='ocr_line' id='line_1_15' title="bbox 249 721 1033 758; baseline 0.003 -9"><span class='ocrx_word' id='word_1_89' title='bbox 249 722 284 749; x_wconf 83' lang='lat' dir='ltr'><strong>ab</strong></span> <span class='ocrx_word' id='word_1_90' title='bbox 302 721 367 755; x_wconf 81' lang='lat' dir='ltr'><strong>illis,</strong></span> <span class='ocrx_word' id='word_1_91' title='bbox 382 721 429 758; x_wconf 90' lang='lat' dir='ltr'><strong>qui</strong></span> <span class='ocrx_word' id='word_1_92' title='bbox 440 729 488 757; x_wconf 90' lang='lat' dir='ltr'><strong>per</strong></span> <span class='ocrx_word' id='word_1_93' title='bbox 497 722 661 750; x_wconf 89' lang='lat' dir='ltr'><strong>solitudittes</strong></span> <span class='ocrx_word' id='word_1_94' title='bbox 672 721 807 756; x_wconf 81' lang='lat' dir='ltr'><strong>Arabum,</strong></span> <span class='ocrx_word' id='word_1_95' title='bbox 820 722 853 750; x_wconf 91' lang='lat' dir='ltr'><strong>ad</strong></span> <span class='ocrx_word' id='word_1_96' title='bbox 869 723 1033 751; x_wconf 85' lang='lat' dir='ltr'><strong>visitandam</strong></span> 
     </span>
    </p>
   </div>
   <div class='ocr_carea' id='block_1_16' title="bbox 249 767 1035 804">
    <p class='ocr_par' dir='ltr' id='par_1_16' title="bbox 249 767 1035 804">
     <span class='ocr_line' id='line_1_16' title="bbox 249 767 1035 804; baseline 0.003 -10"><span class='ocrx_word' id='word_1_97' title='bbox 249 767 304 795; x_wconf 89' lang='lat' dir='ltr'><strong>voti</strong></span> <span class='ocrx_word' id='word_1_98' title='bbox 329 767 372 795; x_wconf 85' lang='lat' dir='ltr'><strong>vel</strong></span> <span class='ocrx_word' id='word_1_99' title='bbox 393 767 533 803; x_wconf 85' lang='lat' dir='ltr'><strong>religionis</strong></span> <span class='ocrx_word' id='word_1_100' title='bbox 553 775 618 803; x_wconf 87' lang='lat' dir='ltr'><strong>ergo</strong></span> <span class='ocrx_word' id='word_1_101' title='bbox 644 767 786 796; x_wconf 82' lang='lat' dir='ltr'><strong>Meccltam</strong></span> <span class='ocrx_word' id='word_1_102' title='bbox 813 770 1035 804; x_wconf 75' lang='lat' dir='ltr'><strong>peregrinantur.</strong></span> 
     </span>
    </p>
   </div>
   <div class='ocr_carea' id='block_1_17' title="bbox 249 813 1037 851">
    <p class='ocr_par' dir='ltr' id='par_1_17' title="bbox 249 813 1037 851">
     <span class='ocr_line' id='line_1_17' title="bbox 249 813 1037 851; baseline 0.001 -10"><span class='ocrx_word' id='word_1_103' title='bbox 249 813 419 842; x_wconf 82' lang='lat' dir='ltr'><strong>Excrescnul</strong></span> <span class='ocrx_word' id='word_1_104' title='bbox 433 815 489 842; x_wconf 63' lang='lat' dir='ltr'><strong>haec</strong></span> <span class='ocrx_word' id='word_1_105' title='bbox 505 815 625 850; x_wconf 85' lang='lat' dir='ltr'><strong>agmina,</strong></span> <span class='ocrx_word' id='word_1_106' title='bbox 637 822 694 850; x_wconf 68' lang='lat' dir='ltr'><strong>pra:</strong></span> <span class='ocrx_word' id='word_1_107' title='bbox 705 815 893 851; x_wconf 67' lang='lat' dir='ltr'><strong>magnitudine</strong></span> <span class='ocrx_word' id='word_1_108' title='bbox 910 815 1037 851; x_wconf 80' lang='lat' dir='ltr'><strong>periculi,</strong></span> 
     </span>
    </p>
   </div>
   <div class='ocr_carea' id='block_1_18' title="bbox 251 860 1035 896">
    <p class='ocr_par' dir='ltr' id='par_1_18' title="bbox 251 860 1035 896">
     <span class='ocr_line' id='line_1_18' title="bbox 251 860 1035 896; baseline 0.003 -10"><span class='ocrx_word' id='word_1_109' title='bbox 251 867 449 895; x_wconf 81' lang='lat' dir='ltr'><strong>nonnunquam</strong></span> <span class='ocrx_word' id='word_1_110' title='bbox 476 860 509 887; x_wconf 82' lang='lat' dir='ltr'><strong>ad</strong></span> <span class='ocrx_word' id='word_1_111' title='bbox 553 861 649 896; x_wconf 77' lang='lat' dir='ltr'><strong>viginti</strong></span> <span class='ocrx_word' id='word_1_112' title='bbox 684 860 727 889; x_wconf 86' lang='lat' dir='ltr'><strong>vel</strong></span> <span class='ocrx_word' id='word_1_113' title='bbox 751 861 864 896; x_wconf 76' lang='lat' dir='ltr'><strong>triginta</strong></span> <span class='ocrx_word' id='word_1_114' title='bbox 893 861 1035 889; x_wconf 90' lang='lat' dir='ltr'><strong>hominum</strong></span> 
     </span>
    </p>
   </div>
   <div class='ocr_carea' id='block_1_19' title="bbox 251 894 1077 942">
    <p class='ocr_par' dir='ltr' id='par_1_19' title="bbox 251 894 1077 942">
     <span class='ocr_line' id='line_1_19' title="bbox 251 894 1077 942; baseline 0.002 -10"><span class='ocrx_word' id='word_1_115' title='bbox 251 906 348 939; x_wconf 86' lang='lat' dir='ltr'><strong>millia;</strong></span> <span class='ocrx_word' id='word_1_116' title='bbox 361 907 452 941; x_wconf 83' lang='lat' dir='ltr'><strong>justus</strong></span> <span class='ocrx_word' id='word_1_117' title='bbox 475 912 504 935; x_wconf 88' lang='lat' dir='ltr'><strong>ut</strong></span> <span class='ocrx_word' id='word_1_118' title='bbox 521 894 659 936; x_wconf 68' lang='lat' dir='ltr'><strong>exercitus</strong></span> <span class='ocrx_word' id='word_1_119' title='bbox 677 915 750 939; x_wconf 81' lang='lat' dir='ltr'><strong>esse,</strong></span> <span class='ocrx_word' id='word_1_120' title='bbox 770 894 922 942; x_wconf 64' lang='lat' dir='ltr'><strong>prasertim</strong></span> <span class='ocrx_word' id='word_1_121' title='bbox 939 907 976 935; x_wconf 91' lang='lat' dir='ltr'><strong>ob</strong></span> <span class='ocrx_word' id='word_1_122' title='bbox 991 914 1040 934; x_wconf 85' lang='lat' dir='ltr'><strong>ca-</strong></span> <span class='ocrx_word' id='word_1_123' title='bbox 1055 894 1077 924; x_wconf 70' lang='grc' dir='ltr'><strong>Β</strong></span> 
     </span>
    </p>
   </div>
   <div class='ocr_carea' id='block_1_20' title="bbox 252 952 1040 989">
    <p class='ocr_par' dir='ltr' id='par_1_20' title="bbox 252 952 1040 989">
     <span class='ocr_line' id='line_1_20' title="bbox 252 952 1040 989; baseline 0.004 -10"><span class='ocrx_word' id='word_1_124' title='bbox 252 952 386 980; x_wconf 82' lang='lat' dir='ltr'><strong>melorutn</strong></span> <span class='ocrx_word' id='word_1_125' title='bbox 408 954 626 988; x_wconf 85' lang='lat' dir='ltr'><strong>multitudinem,</strong></span> <span class='ocrx_word' id='word_1_126' title='bbox 645 958 673 982; x_wconf 90' lang='lat' dir='ltr'><strong>et</strong></span> <span class='ocrx_word' id='word_1_127' title='bbox 695 954 814 982; x_wconf 88' lang='lat' dir='ltr'><strong>aliorum</strong></span> <span class='ocrx_word' id='word_1_128' title='bbox 835 954 1040 989; x_wconf 77' lang='lat' dir='ltr'><strong>iumentorum,</strong></span> 
     </span>
    </p>
   </div>
   <div class='ocr_carea' id='block_1_21' title="bbox 251 998 1041 1034">
    <p class='ocr_par' dir='ltr' id='par_1_21' title="bbox 251 998 1041 1034">
     <span class='ocr_line' id='line_1_21' title="bbox 251 998 1041 1034; baseline 0.005 -11"><span class='ocrx_word' id='word_1_129' title='bbox 251 1004 313 1031; x_wconf 66' lang='lat' dir='ltr'><strong>quae</strong></span> <span class='ocrx_word' id='word_1_130' title='bbox 342 999 478 1033; x_wconf 78' lang='lat' dir='ltr'><strong>sagmaria</strong></span> <span class='ocrx_word' id='word_1_131' title='bbox 503 999 727 1034; x_wconf 80' lang='lat' dir='ltr'><strong>sagmatariaque</strong></span> <span class='ocrx_word' id='word_1_132' title='bbox 757 999 845 1027; x_wconf 72' lang='lat' dir='ltr'><strong>Graeci</strong></span> <span class='ocrx_word' id='word_1_133' title='bbox 871 1004 982 1032; x_wconf 85' lang='lat' dir='ltr'><strong>vocant,</strong></span> <span class='ocrx_word' id='word_1_134' title='bbox 999 998 1041 1027; x_wconf 82' lang='lat' dir='ltr'><strong>vi—</strong></span> 
     </span>
    </p>
   </div>
   <div class='ocr_carea' id='block_1_22' title="bbox 212 1043 381 1075">
    <p class='ocr_par' dir='ltr' id='par_1_22' title="bbox 212 1043 381 1075">
     <span class='ocr_line' id='line_1_22' title="bbox 212 1043 381 1075; baseline 0.006 -4"><span class='ocrx_word' id='word_1_135' title='bbox 212 1067 219 1075; x_wconf 83' lang='lat'><strong>,</strong></span> <span class='ocrx_word' id='word_1_136' title='bbox 251 1043 381 1072; x_wconf 84' lang='lat' dir='ltr'><strong>deantur.</strong></span> 
     </span>
    </p>
   </div>
   <div class='ocr_carea' id='block_1_23' title="bbox 255 1101 1041 1137">
    <p class='ocr_par' dir='ltr' id='par_1_23' title="bbox 255 1101 1041 1137">
     <span class='ocr_line' id='line_1_23' title="bbox 255 1101 1041 1137; baseline 0.001 -9"><span class='ocrx_word' id='word_1_137' title='bbox 255 1101 313 1128; x_wconf 77' lang='lat' dir='ltr'><strong>l88.</strong></span> <span class='ocrx_word' id='word_1_138' title='bbox 326 1101 409 1128; x_wconf 70' lang='grc' dir='ltr'><strong>διἀιή</strong></span> <span class='ocrx_word' id='word_1_139' title='bbox 421 1101 473 1128; x_wconf 75' lang='lat' dir='ltr'><strong>sive</strong></span> <span class='ocrx_word' id='word_1_140' title='bbox 484 1110 528 1128; x_wconf 71' lang='lat' dir='ltr'><strong>res:</strong></span> <span class='ocrx_word' id='word_1_141' title='bbox 543 1101 685 1129; x_wconf 65' lang='lat' dir='ltr'><strong>Persarum</strong></span> <span class='ocrx_word' id='word_1_142' title='bbox 699 1101 804 1134; x_wconf 81' lang='lat' dir='ltr'><strong>Ismat&#39;l,</strong></span> <span class='ocrx_word' id='word_1_143' title='bbox 815 1108 984 1137; x_wconf 74' lang='lat' dir='ltr'><strong>cognomento</strong></span> <span class='ocrx_word' id='word_1_144' title='bbox 993 1101 1041 1130; x_wconf 85' lang='lat' dir='ltr'><strong>So-</strong></span> 
     </span>
    </p>
   </div>
   <div class='ocr_carea' id='block_1_24' title="bbox 287 1137 1042 1170">
    <p class='ocr_par' dir='ltr' id='par_1_24' title="bbox 287 1137 1042 1170">
     <span class='ocr_line' id='line_1_24' title="bbox 287 1137 1042 1170; baseline 0.004 -8"><span class='ocrx_word' id='word_1_145' title='bbox 287 1137 396 1170; x_wconf 80' lang='lat' dir='ltr'><strong>phimu.</strong></span> <span class='ocrx_word' id='word_1_146' title='bbox 408 1137 543 1169; x_wconf 80' lang='lat' dir='ltr'><strong>Sophllur,</strong></span> <span class='ocrx_word' id='word_1_147' title='bbox 556 1137 727 1169; x_wconf 77' lang='lat' dir='ltr'><strong>Enauerlur,</strong></span> <span class='ocrx_word' id='word_1_148' title='bbox 743 1137 820 1165; x_wconf 68' lang='lat' dir='ltr'><strong>Kesil</strong></span> <span class='ocrx_word' id='word_1_149' title='bbox 839 1140 926 1165; x_wconf 70' lang='lat' dir='ltr'><strong>(lassa.</strong></span> <span class='ocrx_word' id='word_1_150' title='bbox 939 1139 978 1164; x_wconf 81' lang='lat' dir='ltr'><strong>An</strong></span> <span class='ocrx_word' id='word_1_151' title='bbox 992 1137 1042 1165; x_wconf 70' lang='lat' dir='ltr'><strong>hoc</strong></span> 
     </span>
    </p>
   </div>
   <div class='ocr_carea' id='block_1_25' title="bbox 287 1172 1042 1207">
    <p class='ocr_par' dir='ltr' id='par_1_25' title="bbox 287 1172 1042 1207">
     <span class='ocr_line' id='line_1_25' title="bbox 287 1172 1042 1207; baseline 0.003 -9"><span class='ocrx_word' id='word_1_152' title='bbox 287 1172 402 1206; x_wconf 81' lang='lat' dir='ltr'><strong>primunt</strong></span> <span class='ocrx_word' id='word_1_153' title='bbox 429 1177 546 1206; x_wconf 79' lang='lat' dir='ltr'><strong>tempore</strong></span> <span class='ocrx_word' id='word_1_154' title='bbox 570 1178 642 1199; x_wconf 79' lang='lat' dir='ltr'><strong>secta</strong></span> <span class='ocrx_word' id='word_1_155' title='bbox 666 1172 883 1207; x_wconf 81' lang='lat' dir='ltr'><strong>Sophilariorunt</strong></span> <span class='ocrx_word' id='word_1_156' title='bbox 897 1173 1042 1200; x_wconf 73' lang='lat' dir='ltr'><strong>exstiterit.</strong></span> 
     </span>
    </p>
   </div>
   <div class='ocr_carea' id='block_1_26' title="bbox 297 1228 1042 1266">
    <p class='ocr_par' dir='ltr' id='par_1_26' title="bbox 297 1228 1042 1266">
     <span class='ocr_line' id='line_1_26' title="bbox 297 1228 1042 1266; baseline 0.004 -10"><span class='ocrx_word' id='word_1_157' title='bbox 297 1228 374 1258; x_wconf 80' lang='lat' dir='ltr'><strong>Licet</strong></span> <span class='ocrx_word' id='word_1_158' title='bbox 403 1230 429 1257; x_wconf 89' lang='lat' dir='ltr'><strong>itt</strong></span> <span class='ocrx_word' id='word_1_159' title='bbox 451 1229 598 1258; x_wconf 83' lang='lat' dir='ltr'><strong>Annalium</strong></span> <span class='ocrx_word' id='word_1_160' title='bbox 615 1230 773 1266; x_wconf 82' lang='lat' dir='ltr'><strong>Appendice</strong></span> <span class='ocrx_word' id='word_1_161' title='bbox 787 1236 893 1264; x_wconf 86' lang='lat' dir='ltr'><strong>uostta,</strong></span> <span class='ocrx_word' id='word_1_162' title='bbox 916 1231 949 1259; x_wconf 91' lang='lat' dir='ltr'><strong>de</strong></span> <span class='ocrx_word' id='word_1_163' title='bbox 959 1230 1042 1259; x_wconf 84' lang='lat' dir='ltr'><strong>disci-</strong></span> 
     </span>
    </p>
   </div>
   <div class='ocr_carea' id='block_1_27' title="bbox 253 1276 1043 1313">
    <p class='ocr_par' dir='ltr' id='par_1_27' title="bbox 253 1276 1043 1313">
     <span class='ocr_line' id='line_1_27' title="bbox 253 1276 1043 1313; baseline 0.005 -11"><span class='ocrx_word' id='word_1_164' title='bbox 253 1276 307 1304; x_wconf 86' lang='lat' dir='ltr'><strong>diis</strong></span> <span class='ocrx_word' id='word_1_165' title='bbox 330 1277 748 1310; x_wconf 76' lang='lat' dir='ltr'><strong>sectarumMahttutetanarum,</strong></span> <span class='ocrx_word' id='word_1_166' title='bbox 764 1277 918 1306; x_wconf 69' lang='lat' dir='ltr'><strong>Osmanicat</strong></span> <span class='ocrx_word' id='word_1_167' title='bbox 944 1277 1043 1313; x_wconf 76' lang='lat' dir='ltr'><strong>Sophi-</strong></span> 
     </span>
    </p>
   </div>
   <div class='ocr_carea' id='block_1_28' title="bbox 255 1322 1042 1359">
    <p class='ocr_par' dir='ltr' id='par_1_28' title="bbox 255 1322 1042 1359">
     <span class='ocr_line' id='line_1_28' title="bbox 255 1322 1042 1359; baseline 0.004 -11"><span class='ocrx_word' id='word_1_168' title='bbox 255 1329 361 1357; x_wconf 74' lang='lat' dir='ltr'><strong>nreque,</strong></span> <span class='ocrx_word' id='word_1_169' title='bbox 380 1322 540 1353; x_wconf 77' lang='lat' dir='ltr'><strong>decennalis</strong></span> <span class='ocrx_word' id='word_1_170' title='bbox 556 1323 637 1350; x_wconf 88' lang='lat' dir='ltr'><strong>ittitio</strong></span> <span class='ocrx_word' id='word_1_171' title='bbox 657 1323 733 1356; x_wconf 88' lang='lat' dir='ltr'><strong>belli,</strong></span> <span class='ocrx_word' id='word_1_172' title='bbox 751 1325 824 1358; x_wconf 84' lang='lat' dir='ltr'><strong>quod</strong></span> <span class='ocrx_word' id='word_1_173' title='bbox 841 1323 915 1351; x_wconf 89' lang='lat' dir='ltr'><strong>inter</strong></span> <span class='ocrx_word' id='word_1_174' title='bbox 930 1331 979 1352; x_wconf 90' lang='lat' dir='ltr'><strong>eos</strong></span> <span class='ocrx_word' id='word_1_175' title='bbox 997 1331 1042 1359; x_wconf 77' lang='lat' dir='ltr'><strong>ge-</strong></span> 
     </span>
    </p>
   </div>
   <div class='ocr_carea' id='block_1_29' title="bbox 255 1367 1044 1406">
    <p class='ocr_par' dir='ltr' id='par_1_29' title="bbox 255 1367 1044 1406">
     <span class='ocr_line' id='line_1_29' title="bbox 255 1367 1044 1406; baseline 0.003 -12"><span class='ocrx_word' id='word_1_176' title='bbox 255 1367 336 1398; x_wconf 82' lang='lat' dir='ltr'><strong>ritur,</strong></span> <span class='ocrx_word' id='word_1_177' title='bbox 352 1367 477 1403; x_wconf 66' lang='lat' dir='ltr'><strong>quaedam</strong></span> <span class='ocrx_word' id='word_1_178' title='bbox 498 1375 572 1401; x_wconf 83' lang='lat' dir='ltr'><strong>rara,</strong></span> <span class='ocrx_word' id='word_1_179' title='bbox 593 1376 642 1396; x_wconf 89' lang='lat' dir='ltr'><strong>ncc</strong></span> <span class='ocrx_word' id='word_1_180' title='bbox 657 1369 692 1396; x_wconf 86' lang='lat' dir='ltr'><strong>ab</strong></span> <span class='ocrx_word' id='word_1_181' title='bbox 710 1369 772 1396; x_wconf 88' lang='lat' dir='ltr'><strong>aliis</strong></span> <span class='ocrx_word' id='word_1_182' title='bbox 792 1374 856 1397; x_wconf 83' lang='lat' dir='ltr'><strong>ante</strong></span> <span class='ocrx_word' id='word_1_183' title='bbox 872 1376 922 1397; x_wconf 89' lang='lat' dir='ltr'><strong>nos</strong></span> <span class='ocrx_word' id='word_1_184' title='bbox 936 1377 1044 1406; x_wconf 64' lang='lat' dir='ltr'><strong>inemo-</strong></span> 
     </span>
    </p>
   </div>
   <div class='ocr_carea' id='block_1_30' title="bbox 257 1414 1042 1450">
    <p class='ocr_par' dir='ltr' id='par_1_30' title="bbox 257 1414 1042 1450">
     <span class='ocr_line' id='line_1_30' title="bbox 257 1414 1042 1450; baseline 0.004 -10"><span class='ocrx_word' id='word_1_185' title='bbox 257 1414 304 1441; x_wconf 68' lang='lat' dir='ltr'><strong>ria:</strong></span> <span class='ocrx_word' id='word_1_186' title='bbox 316 1414 423 1447; x_wconf 89' lang='lat' dir='ltr'><strong>prodita</strong></span> <span class='ocrx_word' id='word_1_187' title='bbox 447 1415 582 1448; x_wconf 78' lang='lat' dir='ltr'><strong>complexi</strong></span> <span class='ocrx_word' id='word_1_188' title='bbox 617 1422 714 1442; x_wconf 83' lang='lat' dir='ltr'><strong>sumus</strong></span> <span class='ocrx_word' id='word_1_189' title='bbox 743 1424 750 1442; x_wconf 90' lang='lat'>:</span> <span class='ocrx_word' id='word_1_190' title='bbox 772 1416 823 1443; x_wconf 89' lang='lat' dir='ltr'><strong>hoc</strong></span> <span class='ocrx_word' id='word_1_191' title='bbox 850 1420 942 1443; x_wconf 86' lang='lat' dir='ltr'><strong>tamen</strong></span> <span class='ocrx_word' id='word_1_192' title='bbox 966 1416 1042 1450; x_wconf 83' lang='lat' dir='ltr'><strong>loco,</strong></span> 
     </span>
    </p>
   </div>
   <div class='ocr_carea' id='block_1_31' title="bbox 256 1460 1044 1496">
    <p class='ocr_par' dir='ltr' id='par_1_31' title="bbox 256 1460 1044 1496">
     <span class='ocr_line' id='line_1_31' title="bbox 256 1460 1044 1496; baseline 0.005 -9"><span class='ocrx_word' id='word_1_193' title='bbox 256 1469 311 1496; x_wconf 90' lang='lat' dir='ltr'><strong>quo</strong></span> <span class='ocrx_word' id='word_1_194' title='bbox 325 1461 441 1496; x_wconf 85' lang='lat' dir='ltr'><strong>primam</strong></span> <span class='ocrx_word' id='word_1_195' title='bbox 465 1460 583 1489; x_wconf 82' lang='lat' dir='ltr'><strong>lsmailis</strong></span> <span class='ocrx_word' id='word_1_196' title='bbox 601 1461 716 1496; x_wconf 85' lang='lat' dir='ltr'><strong>Sopltinl</strong></span> <span class='ocrx_word' id='word_1_197' title='bbox 737 1463 903 1490; x_wconf 88' lang='lat' dir='ltr'><strong>mentionem</strong></span> <span class='ocrx_word' id='word_1_198' title='bbox 922 1463 1044 1491; x_wconf 88' lang='lat' dir='ltr'><strong>Annales</strong></span> 
     </span>
    </p>
   </div>
   <div class='ocr_carea' id='block_1_32' title="bbox 257 1508 1042 1544">
    <p class='ocr_par' dir='ltr' id='par_1_32' title="bbox 257 1508 1042 1544">
     <span class='ocr_line' id='line_1_32' title="bbox 257 1508 1042 1544; baseline 0.003 -10"><span class='ocrx_word' id='word_1_199' title='bbox 257 1508 374 1540; x_wconf 78' lang='lat' dir='ltr'><strong>faciunt,</strong></span> <span class='ocrx_word' id='word_1_200' title='bbox 389 1509 486 1544; x_wconf 84' lang='lat' dir='ltr'><strong>paucis</strong></span> <span class='ocrx_word' id='word_1_201' title='bbox 506 1516 537 1535; x_wconf 89' lang='lat' dir='ltr'><strong>ea</strong></span> <span class='ocrx_word' id='word_1_202' title='bbox 555 1509 722 1542; x_wconf 80' lang='lat' dir='ltr'><strong>consignare</strong></span> <span class='ocrx_word' id='word_1_203' title='bbox 738 1509 815 1542; x_wconf 80' lang='lat' dir='ltr'><strong>libet,</strong></span> <span class='ocrx_word' id='word_1_204' title='bbox 828 1517 890 1544; x_wconf 76' lang='lat' dir='ltr'><strong>qua:</strong></span> <span class='ocrx_word' id='word_1_205' title='bbox 906 1509 939 1536; x_wconf 92' lang='lat' dir='ltr'><strong>ad</strong></span> <span class='ocrx_word' id='word_1_206' title='bbox 954 1509 1042 1544; x_wconf 86' lang='lat' dir='ltr'><strong>ipsius</strong></span> 
     </span>
    </p>
   </div>
   <div class='ocr_carea' id='block_1_33' title="bbox 1093 252 1861 294">
    <p class='ocr_par' dir='ltr' id='par_1_33' title="bbox 1093 252 1861 294">
     <span class='ocr_line' id='line_1_33' title="bbox 1093 252 1861 294; baseline -0.003 -8"><span class='ocrx_word' id='word_1_207' title='bbox 1093 259 1160 294; x_wconf 86' lang='lat' dir='ltr'><strong>pido</strong></span> <span class='ocrx_word' id='word_1_208' title='bbox 1175 258 1336 291; x_wconf 87' lang='lat' dir='ltr'><strong>Persarum,</strong></span> <span class='ocrx_word' id='word_1_209' title='bbox 1351 258 1395 286; x_wconf 90' lang='lat' dir='ltr'><strong>cui</strong></span> <span class='ocrx_word' id='word_1_210' title='bbox 1417 266 1516 285; x_wconf 87' lang='lat' dir='ltr'><strong>notuett</strong></span> <span class='ocrx_word' id='word_1_211' title='bbox 1542 255 1625 284; x_wconf 69' lang='lat' dir='ltr'><strong>item.</strong></span> <span class='ocrx_word' id='word_1_212' title='bbox 1649 256 1730 284; x_wconf 81' lang='lat' dir='ltr'><strong>Fama</strong></span> <span class='ocrx_word' id='word_1_213' title='bbox 1742 252 1804 284; x_wconf 60' lang='lat' dir='ltr'><strong>&#39;uovi</strong></span> <span class='ocrx_word' id='word_1_214' title='bbox 1821 257 1861 284; x_wconf 87' lang='lat' dir='ltr'><strong>do-</strong></span> 
     </span>
    </p>
   </div>
   <div class='ocr_carea' id='block_1_34' title="bbox 1091 305 1863 340">
    <p class='ocr_par' dir='ltr' id='par_1_34' title="bbox 1091 305 1863 340">
     <span class='ocr_line' id='line_1_34' title="bbox 1091 305 1863 340; baseline -0.001 -6"><span class='ocrx_word' id='word_1_215' title='bbox 1091 307 1189 340; x_wconf 82' lang='lat' dir='ltr'><strong>etoris,</strong></span> <span class='ocrx_word' id='word_1_216' title='bbox 1209 313 1341 340; x_wconf 77' lang='lat' dir='ltr'><strong>novaeque</strong></span> <span class='ocrx_word' id='word_1_217' title='bbox 1367 305 1531 339; x_wconf 73' lang='lat' dir='ltr'><strong>disciplinae,</strong></span> <span class='ocrx_word' id='word_1_218' title='bbox 1550 305 1630 339; x_wconf 72' lang='lat' dir='ltr'><strong>longe</strong></span> <span class='ocrx_word' id='word_1_219' title='bbox 1659 305 1763 339; x_wconf 85' lang='lat' dir='ltr'><strong>lateque</strong></span> <span class='ocrx_word' id='word_1_220' title='bbox 1779 306 1863 339; x_wconf 73' lang='lat' dir='ltr'><strong>didita,</strong></span> 
     </span>
    </p>
   </div>
   <div class='ocr_carea' id='block_1_35' title="bbox 1091 351 1861 381">
    <p class='ocr_par' dir='ltr' id='par_1_35' title="bbox 1091 351 1861 381">
     <span class='ocr_line' id='line_1_35' title="bbox 1091 351 1861 381; baseline -0.001 0"><span class='ocrx_word' id='word_1_221' title='bbox 1091 353 1225 381; x_wconf 73' lang='lat' dir='ltr'><strong>conﬂuxit</strong></span> <span class='ocrx_word' id='word_1_222' title='bbox 1250 353 1284 381; x_wconf 88' lang='lat' dir='ltr'><strong>ad</strong></span> <span class='ocrx_word' id='word_1_223' title='bbox 1316 352 1481 381; x_wconf 89' lang='lat' dir='ltr'><strong>Sclteiclteut</strong></span> <span class='ocrx_word' id='word_1_224' title='bbox 1505 351 1546 379; x_wconf 84' lang='lat' dir='ltr'><strong>vel</strong></span> <span class='ocrx_word' id='word_1_225' title='bbox 1578 351 1709 379; x_wconf 87' lang='lat' dir='ltr'><strong>lntamunt</strong></span> <span class='ocrx_word' id='word_1_226' title='bbox 1733 353 1861 380; x_wconf 79' lang='lat' dir='ltr'><strong>Haidaretn</strong></span> 
     </span>
    </p>
   </div>
   <div class='ocr_carea' id='block_1_36' title="bbox 1095 398 1860 435">
    <p class='ocr_par' dir='ltr' id='par_1_36' title="bbox 1095 398 1860 435">
     <span class='ocr_line' id='line_1_36' title="bbox 1095 398 1860 435; baseline -0.003 -7"><span class='ocrx_word' id='word_1_227' title='bbox 1095 400 1192 435; x_wconf 89' lang='lat' dir='ltr'><strong>ingetts</strong></span> <span class='ocrx_word' id='word_1_228' title='bbox 1218 407 1233 427; x_wconf 92' lang='lat' dir='ltr'><strong>e</strong></span> <span class='ocrx_word' id='word_1_229' title='bbox 1259 399 1354 427; x_wconf 88' lang='lat' dir='ltr'><strong>Persia</strong></span> <span class='ocrx_word' id='word_1_230' title='bbox 1381 398 1537 434; x_wconf 83' lang='lat' dir='ltr'><strong>vicinisque</strong></span> <span class='ocrx_word' id='word_1_231' title='bbox 1555 398 1713 433; x_wconf 76' lang='lat' dir='ltr'><strong>regionibus</strong></span> <span class='ocrx_word' id='word_1_232' title='bbox 1738 399 1860 426; x_wconf 82' lang='lat' dir='ltr'><strong>hominum</strong></span> 
     </span>
    </p>
   </div>
   <div class='ocr_carea' id='block_1_37' title="bbox 1091 445 1862 480">
    <p class='ocr_par' dir='ltr' id='par_1_37' title="bbox 1091 445 1862 480">
     <span class='ocr_line' id='line_1_37' title="bbox 1091 445 1862 480; baseline -0.001 -8"><span class='ocrx_word' id='word_1_233' title='bbox 1091 445 1250 474; x_wconf 88' lang='lat' dir='ltr'><strong>multitudo.</strong></span> <span class='ocrx_word' id='word_1_234' title='bbox 1265 445 1377 473; x_wconf 85' lang='lat' dir='ltr'><strong>Primus</strong></span> <span class='ocrx_word' id='word_1_235' title='bbox 1393 449 1484 472; x_wconf 89' lang='lat' dir='ltr'><strong>autent</strong></span> <span class='ocrx_word' id='word_1_236' title='bbox 1503 453 1535 472; x_wconf 83' lang='lat' dir='ltr'><strong>ex</strong></span> <span class='ocrx_word' id='word_1_237' title='bbox 1549 445 1723 480; x_wconf 85' lang='lat' dir='ltr'><strong>tnagnalibus</strong></span> <span class='ocrx_word' id='word_1_238' title='bbox 1738 448 1765 472; x_wconf 88' lang='lat' dir='ltr'><strong>et</strong></span> <span class='ocrx_word' id='word_1_239' title='bbox 1775 445 1862 480; x_wconf 69' lang='lat' dir='ltr'><strong>regulis</strong></span> 
     </span>
    </p>
   </div>
   <div class='ocr_carea' id='block_1_38' title="bbox 1091 490 1862 523">
    <p class='ocr_par' dir='ltr' id='par_1_38' title="bbox 1091 490 1862 523">
     <span class='ocr_line' id='line_1_38' title="bbox 1091 490 1862 523; baseline -0.004 -5"><span class='ocrx_word' id='word_1_240' title='bbox 1091 491 1200 520; x_wconf 89' lang='lat' dir='ltr'><strong>Erdebil</strong></span> <span class='ocrx_word' id='word_1_241' title='bbox 1229 500 1283 523; x_wconf 81' lang='lat' dir='ltr'><strong>non</strong></span> <span class='ocrx_word' id='word_1_242' title='bbox 1307 492 1377 519; x_wconf 88' lang='lat' dir='ltr'><strong>hanc</strong></span> <span class='ocrx_word' id='word_1_243' title='bbox 1398 491 1534 519; x_wconf 76' lang='lat' dir='ltr'><strong>duntaxat</strong></span> <span class='ocrx_word' id='word_1_244' title='bbox 1560 490 1689 518; x_wconf 83' lang='lat' dir='ltr'><strong>Haidaris</strong></span> <span class='ocrx_word' id='word_1_245' title='bbox 1715 491 1862 518; x_wconf 78' lang='lat' dir='ltr'><strong>sententiain</strong></span> 
     </span>
    </p>
   </div>
   <div class='ocr_carea' id='block_1_39' title="bbox 1091 536 1865 573">
    <p class='ocr_par' dir='ltr' id='par_1_39' title="bbox 1091 536 1865 573">
     <span class='ocr_line' id='line_1_39' title="bbox 1091 536 1865 573; baseline -0.005 -7"><span class='ocrx_word' id='word_1_246' title='bbox 1091 537 1302 573; x_wconf 82' lang='lat' dir='ltr'><strong>doctrinamque</strong></span> <span class='ocrx_word' id='word_1_247' title='bbox 1319 538 1458 573; x_wconf 82' lang='lat' dir='ltr'><strong>probarit,</strong></span> <span class='ocrx_word' id='word_1_248' title='bbox 1484 545 1579 564; x_wconf 88' lang='lat' dir='ltr'><strong>verunt</strong></span> <span class='ocrx_word' id='word_1_249' title='bbox 1594 538 1677 565; x_wconf 86' lang='lat' dir='ltr'><strong>etiam</strong></span> <span class='ocrx_word' id='word_1_250' title='bbox 1691 544 1723 564; x_wconf 79' lang='lat' dir='ltr'><strong>ex</strong></span> <span class='ocrx_word' id='word_1_251' title='bbox 1745 536 1798 571; x_wconf 82' lang='lat' dir='ltr'><strong>ejus</strong></span> <span class='ocrx_word' id='word_1_252' title='bbox 1809 544 1865 571; x_wconf 85' lang='lat' dir='ltr'><strong>pr:r-</strong></span> 
     </span>
    </p>
   </div>
   <div class='ocr_carea' id='block_1_40' title="bbox 1091 583 1866 619">
    <p class='ocr_par' dir='ltr' id='par_1_40' title="bbox 1091 583 1866 619">
     <span class='ocr_line' id='line_1_40' title="bbox 1091 583 1866 619; baseline -0.004 -8"><span class='ocrx_word' id='word_1_253' title='bbox 1091 584 1193 618; x_wconf 86' lang='lat' dir='ltr'><strong>scripto</strong></span> <span class='ocrx_word' id='word_1_254' title='bbox 1202 592 1232 611; x_wconf 89' lang='lat' dir='ltr'><strong>se</strong></span> <span class='ocrx_word' id='word_1_255' title='bbox 1246 591 1357 619; x_wconf 80' lang='lat' dir='ltr'><strong>gerens,</strong></span> <span class='ocrx_word' id='word_1_256' title='bbox 1372 583 1557 618; x_wconf 84' lang='lat' dir='ltr'><strong>patrocinium</strong></span> <span class='ocrx_word' id='word_1_257' title='bbox 1571 590 1663 610; x_wconf 68' lang='lat' dir='ltr'><strong>causa:</strong></span> <span class='ocrx_word' id='word_1_258' title='bbox 1684 583 1812 617; x_wconf 78' lang='lat' dir='ltr'><strong>suscepit,</strong></span> <span class='ocrx_word' id='word_1_259' title='bbox 1826 589 1866 608; x_wconf 84' lang='lat' dir='ltr'><strong>ca-</strong></span> 
     </span>
    </p>
   </div>
   <div class='ocr_carea' id='block_1_41' title="bbox 1093 627 1868 666">
    <p class='ocr_par' dir='ltr' id='par_1_41' title="bbox 1093 627 1868 666">
     <span class='ocr_line' id='line_1_41' title="bbox 1093 627 1868 666; baseline -0.004 -9"><span class='ocrx_word' id='word_1_260' title='bbox 1093 638 1146 666; x_wconf 87' lang='lat' dir='ltr'><strong>que</strong></span> <span class='ocrx_word' id='word_1_261' title='bbox 1162 630 1242 666; x_wconf 62' lang='lat'><strong>571</strong></span> <span class='ocrx_word' id='word_1_262' title='bbox 1261 638 1290 657; x_wconf 89' lang='lat' dir='ltr'><strong>re</strong></span> <span class='ocrx_word' id='word_1_263' title='bbox 1309 629 1496 657; x_wconf 88' lang='lat' dir='ltr'><strong>multitudinis</strong></span> <span class='ocrx_word' id='word_1_264' title='bbox 1515 629 1623 656; x_wconf 89' lang='lat' dir='ltr'><strong>animos</strong></span> <span class='ocrx_word' id='word_1_265' title='bbox 1641 629 1694 656; x_wconf 86' lang='lat' dir='ltr'><strong>sibi</strong></span> <span class='ocrx_word' id='word_1_266' title='bbox 1708 628 1817 655; x_wconf 83' lang='lat' dir='ltr'><strong>miriﬁce</strong></span> <span class='ocrx_word' id='word_1_267' title='bbox 1829 627 1868 654; x_wconf 86' lang='lat' dir='ltr'><strong>de-</strong></span> 
     </span>
    </p>
   </div>
   <div class='ocr_carea' id='block_1_42' title="bbox 1092 673 1869 710">
    <p class='ocr_par' dir='ltr' id='par_1_42' title="bbox 1092 673 1869 710">
     <span class='ocr_line' id='line_1_42' title="bbox 1092 673 1869 710; baseline -0.008 -5"><span class='ocrx_word' id='word_1_268' title='bbox 1092 677 1191 705; x_wconf 85' lang='lat' dir='ltr'><strong>vinxit.</strong></span> <span class='ocrx_word' id='word_1_269' title='bbox 1208 676 1246 704; x_wconf 87' lang='lat' dir='ltr'><strong>lIa</strong></span> <span class='ocrx_word' id='word_1_270' title='bbox 1267 675 1396 703; x_wconf 83' lang='lat' dir='ltr'><strong>nimirum</strong></span> <span class='ocrx_word' id='word_1_271' title='bbox 1423 675 1492 703; x_wconf 89' lang='lat' dir='ltr'><strong>alias</strong></span> <span class='ocrx_word' id='word_1_272' title='bbox 1508 682 1618 710; x_wconf 85' lang='lat' dir='ltr'><strong>quoque</strong></span> <span class='ocrx_word' id='word_1_273' title='bbox 1635 678 1741 702; x_wconf 85' lang='lat' dir='ltr'><strong>constat</strong></span> <span class='ocrx_word' id='word_1_274' title='bbox 1756 673 1869 701; x_wconf 77' lang='lat' dir='ltr'><strong>homines</strong></span> 
     </span>
    </p>
   </div>
   <div class='ocr_carea' id='block_1_43' title="bbox 1091 719 1868 759">
    <p class='ocr_par' dir='ltr' id='par_1_43' title="bbox 1091 719 1868 759">
     <span class='ocr_line' id='line_1_43' title="bbox 1091 719 1868 759; baseline -0.009 -8"><span class='ocrx_word' id='word_1_275' title='bbox 1091 724 1260 759; x_wconf 80' lang='lat' dir='ltr'><strong>ingeniosos,</strong></span> <span class='ocrx_word' id='word_1_276' title='bbox 1273 730 1348 750; x_wconf 72' lang='lat' dir='ltr'><strong>novre</strong></span> <span class='ocrx_word' id='word_1_277' title='bbox 1363 722 1505 757; x_wconf 83' lang='lat' dir='ltr'><strong>religionis</strong></span> <span class='ocrx_word' id='word_1_278' title='bbox 1515 730 1579 750; x_wconf 87' lang='lat' dir='ltr'><strong>usos</strong></span> <span class='ocrx_word' id='word_1_279' title='bbox 1594 725 1737 757; x_wconf 65' lang='lat' dir='ltr'><strong>praetextu,</strong></span> <span class='ocrx_word' id='word_1_280' title='bbox 1748 719 1868 754; x_wconf 82' lang='lat' dir='ltr'><strong>insignem</strong></span> 
     </span>
    </p>
   </div>
   <div class='ocr_carea' id='block_1_44' title="bbox 1092 764 1871 805">
    <p class='ocr_par' dir='ltr' id='par_1_44' title="bbox 1092 764 1871 805">
     <span class='ocr_line' id='line_1_44' title="bbox 1092 764 1871 805; baseline -0.008 -8"><span class='ocrx_word' id='word_1_281' title='bbox 1092 769 1126 797; x_wconf 89' lang='lat' dir='ltr'><strong>ad</strong></span> <span class='ocrx_word' id='word_1_282' title='bbox 1144 771 1292 805; x_wconf 88' lang='lat' dir='ltr'><strong>potentiant</strong></span> <span class='ocrx_word' id='word_1_283' title='bbox 1311 769 1481 804; x_wconf 86' lang='lat' dir='ltr'><strong>pervenisse.</strong></span> <span class='ocrx_word' id='word_1_284' title='bbox 1499 767 1655 803; x_wconf 81' lang='lat' dir='ltr'><strong>Tantopere</strong></span> <span class='ocrx_word' id='word_1_285' title='bbox 1671 767 1778 802; x_wconf 83' lang='lat' dir='ltr'><strong>quidem</strong></span> <span class='ocrx_word' id='word_1_286' title='bbox 1796 764 1871 792; x_wconf 83' lang='lat' dir='ltr'><strong>Erde-</strong></span> 
     </span>
    </p>
   </div>
   <div class='ocr_carea' id='block_1_45' title="bbox 1092 809 1870 852">
    <p class='ocr_par' dir='ltr' id='par_1_45' title="bbox 1092 809 1870 852">
     <span class='ocr_line' id='line_1_45' title="bbox 1092 809 1870 852; baseline -0.012 -7"><span class='ocrx_word' id='word_1_287' title='bbox 1092 816 1142 851; x_wconf 82' lang='lat' dir='ltr'><strong>bil,</strong></span> <span class='ocrx_word' id='word_1_288' title='bbox 1153 817 1301 852; x_wconf 63' lang='lat' dir='ltr'><strong>ceteroqui</strong></span> <span class='ocrx_word' id='word_1_289' title='bbox 1317 825 1372 844; x_wconf 86' lang='lat' dir='ltr'><strong>non</strong></span> <span class='ocrx_word' id='word_1_290' title='bbox 1389 815 1480 851; x_wconf 72' lang='lat' dir='ltr'><strong>magni</strong></span> <span class='ocrx_word' id='word_1_291' title='bbox 1497 814 1617 843; x_wconf 90' lang='lat' dir='ltr'><strong>nominis</strong></span> <span class='ocrx_word' id='word_1_292' title='bbox 1631 820 1750 849; x_wconf 86' lang='lat' dir='ltr'><strong>opumve</strong></span> <span class='ocrx_word' id='word_1_293' title='bbox 1762 809 1870 846; x_wconf 81' lang='lat' dir='ltr'><strong>regulus,</strong></span> 
     </span>
    </p>
   </div>
   <div class='ocr_carea' id='block_1_46' title="bbox 1094 857 1872 899">
    <p class='ocr_par' dir='ltr' id='par_1_46' title="bbox 1094 857 1872 899">
     <span class='ocr_line' id='line_1_46' title="bbox 1094 857 1872 899; baseline -0.013 -7"><span class='ocrx_word' id='word_1_294' title='bbox 1094 865 1147 892; x_wconf 87' lang='lat' dir='ltr'><strong>hac</strong></span> <span class='ocrx_word' id='word_1_295' title='bbox 1165 865 1227 891; x_wconf 90' lang='lat' dir='ltr'><strong>ttovi</strong></span> <span class='ocrx_word' id='word_1_296' title='bbox 1253 860 1391 899; x_wconf 75' lang='lat' dir='ltr'><strong>dogmatis</strong></span> <span class='ocrx_word' id='word_1_297' title='bbox 1413 862 1583 897; x_wconf 82' lang='lat' dir='ltr'><strong>professione</strong></span> <span class='ocrx_word' id='word_1_298' title='bbox 1595 860 1682 889; x_wconf 82' lang='lat' dir='ltr'><strong>crevit</strong></span> <span class='ocrx_word' id='word_1_299' title='bbox 1696 869 1704 887; x_wconf 74' lang='grc' dir='ltr'>ί</span> <span class='ocrx_word' id='word_1_300' title='bbox 1721 864 1749 886; x_wconf 77' lang='lat' dir='ltr'><strong>ut</strong></span> <span class='ocrx_word' id='word_1_301' title='bbox 1761 859 1783 884; x_wconf 87' lang='lat' dir='ltr'><strong>ei</strong></span> <span class='ocrx_word' id='word_1_302' title='bbox 1798 857 1872 884; x_wconf 84' lang='lat' dir='ltr'><strong>ﬁliam</strong></span> 
     </span>
    </p>
   </div>
   <div class='ocr_carea' id='block_1_47' title="bbox 1093 903 1872 942">
    <p class='ocr_par' dir='ltr' id='par_1_47' title="bbox 1093 903 1872 942">
     <span class='ocr_line' id='line_1_47' title="bbox 1093 903 1872 942; baseline -0.012 -5"><span class='ocrx_word' id='word_1_303' title='bbox 1093 917 1172 937; x_wconf 83' lang='lat' dir='ltr'><strong>suam</strong></span> <span class='ocrx_word' id='word_1_304' title='bbox 1191 917 1237 937; x_wconf 77' lang='lat' dir='ltr'><strong>rex</strong></span> <span class='ocrx_word' id='word_1_305' title='bbox 1258 908 1405 937; x_wconf 84' lang='lat' dir='ltr'><strong>Persarum</strong></span> <span class='ocrx_word' id='word_1_306' title='bbox 1422 908 1576 939; x_wconf 82' lang='lat' dir='ltr'><strong>Cltasaues,</strong></span> <span class='ocrx_word' id='word_1_307' title='bbox 1591 914 1674 942; x_wconf 92' lang='lat' dir='ltr'><strong>quem</strong></span> <span class='ocrx_word' id='word_1_308' title='bbox 1692 913 1707 933; x_wconf 89' lang='lat' dir='ltr'><strong>a</strong></span> <span class='ocrx_word' id='word_1_309' title='bbox 1721 903 1872 940; x_wconf 79' lang='lat' dir='ltr'><strong>proceritate</strong></span> 
     </span>
    </p>
   </div>
   <div class='ocr_carea' id='block_1_48' title="bbox 1093 949 1873 988">
    <p class='ocr_par' dir='ltr' id='par_1_48' title="bbox 1093 949 1873 988">
     <span class='ocr_line' id='line_1_48' title="bbox 1093 949 1873 988; baseline -0.012 -3"><span class='ocrx_word' id='word_1_310' title='bbox 1093 962 1207 985; x_wconf 72' lang='lat' dir='ltr'><strong>statura:</strong></span> <span class='ocrx_word' id='word_1_311' title='bbox 1229 956 1399 984; x_wconf 84' lang='lat' dir='ltr'><strong>nominatum</strong></span> <span class='ocrx_word' id='word_1_312' title='bbox 1426 954 1502 982; x_wconf 87' lang='lat' dir='ltr'><strong>Usuu</strong></span> <span class='ocrx_word' id='word_1_313' title='bbox 1530 954 1641 983; x_wconf 85' lang='lat' dir='ltr'><strong>Chasau</strong></span> <span class='ocrx_word' id='word_1_314' title='bbox 1660 952 1787 988; x_wconf 87' lang='lat' dir='ltr'><strong>superius</strong></span> <span class='ocrx_word' id='word_1_315' title='bbox 1809 949 1873 977; x_wconf 85' lang='lat' dir='ltr'><strong>indi-</strong></span> 
     </span>
    </p>
   </div>
   <div class='ocr_carea' id='block_1_49' title="bbox 1093 998 1871 1036">
    <p class='ocr_par' dir='ltr' id='par_1_49' title="bbox 1093 998 1871 1036">
     <span class='ocr_line' id='line_1_49' title="bbox 1093 998 1871 1036; baseline -0.01 -5"><span class='ocrx_word' id='word_1_316' title='bbox 1093 1003 1231 1035; x_wconf 83' lang='lat' dir='ltr'><strong>cavimus,</strong></span> <span class='ocrx_word' id='word_1_317' title='bbox 1251 1003 1430 1030; x_wconf 86' lang='lat' dir='ltr'><strong>matrimonio</strong></span> <span class='ocrx_word' id='word_1_318' title='bbox 1455 1001 1578 1036; x_wconf 83' lang='lat' dir='ltr'><strong>legitimo</strong></span> <span class='ocrx_word' id='word_1_319' title='bbox 1599 1001 1741 1036; x_wconf 86' lang='lat' dir='ltr'><strong>copularet</strong></span> <span class='ocrx_word' id='word_1_320' title='bbox 1754 1019 1761 1026; x_wconf 97' lang='lat'><strong>.</strong></span> <span class='ocrx_word' id='word_1_321' title='bbox 1777 998 1871 1031; x_wconf 80' lang='lat' dir='ltr'><strong>Quippe</strong></span> 
     </span>
    </p>
   </div>
   <div class='ocr_carea' id='block_1_50' title="bbox 1095 1045 1875 1078">
    <p class='ocr_par' dir='ltr' id='par_1_50' title="bbox 1095 1045 1875 1078">
     <span class='ocr_line' id='line_1_50' title="bbox 1095 1045 1875 1078; baseline -0.01 -1"><span class='ocrx_word' id='word_1_322' title='bbox 1095 1050 1177 1077; x_wconf 88' lang='lat' dir='ltr'><strong>tiliam</strong></span> <span class='ocrx_word' id='word_1_323' title='bbox 1192 1049 1325 1077; x_wconf 72' lang='lat' dir='ltr'><strong>ilarthant</strong></span> <span class='ocrx_word' id='word_1_324' title='bbox 1335 1057 1367 1075; x_wconf 79' lang='lat' dir='ltr'><strong>ex</strong></span> <span class='ocrx_word' id='word_1_325' title='bbox 1379 1047 1540 1076; x_wconf 63' lang='lat' dir='ltr'><strong>Eeatcrina</strong></span> <span class='ocrx_word' id='word_1_326' title='bbox 1553 1046 1705 1075; x_wconf 85' lang='lat' dir='ltr'><strong>Comnenia</strong></span> <span class='ocrx_word' id='word_1_327' title='bbox 1715 1045 1875 1078; x_wconf 70' lang='lat' dir='ltr'><strong>susceperat.</strong></span> 
     </span>
    </p>
   </div>
   <div class='ocr_carea' id='block_1_51' title="bbox 1095 1088 1875 1131">
    <p class='ocr_par' dir='ltr' id='par_1_51' title="bbox 1095 1088 1875 1131">
     <span class='ocr_line' id='line_1_51' title="bbox 1095 1088 1875 1131; baseline -0.013 -8"><span class='ocrx_word' id='word_1_328' title='bbox 1095 1104 1177 1131; x_wconf 84' lang='lat' dir='ltr'><strong>quam</strong></span> <span class='ocrx_word' id='word_1_329' title='bbox 1190 1095 1276 1123; x_wconf 82' lang='lat' dir='ltr'><strong>Camit</strong></span> <span class='ocrx_word' id='word_1_330' title='bbox 1287 1095 1320 1122; x_wconf 87' lang='lat' dir='ltr'><strong>de</strong></span> <span class='ocrx_word' id='word_1_331' title='bbox 1337 1095 1413 1123; x_wconf 84' lang='lat' dir='ltr'><strong>Cami</strong></span> <span class='ocrx_word' id='word_1_332' title='bbox 1428 1094 1515 1122; x_wconf 79' lang='lat' dir='ltr'><strong>fuisse</strong></span> <span class='ocrx_word' id='word_1_333' title='bbox 1528 1094 1641 1124; x_wconf 77' lang='lat' dir='ltr'><strong>dictam.</strong></span> <span class='ocrx_word' id='word_1_334' title='bbox 1661 1099 1715 1119; x_wconf 89' lang='lat' dir='ltr'><strong>non</strong></span> <span class='ocrx_word' id='word_1_335' title='bbox 1732 1094 1802 1118; x_wconf 85' lang='lat' dir='ltr'><strong>recte</strong></span> <span class='ocrx_word' id='word_1_336' title='bbox 1815 1088 1875 1116; x_wconf 83' lang='lat' dir='ltr'><strong>scri-</strong></span> 
     </span>
    </p>
   </div>
   <div class='ocr_carea' id='block_1_52' title="bbox 1094 1136 1875 1178">
    <p class='ocr_par' dir='ltr' id='par_1_52' title="bbox 1094 1136 1875 1178">
     <span class='ocr_line' id='line_1_52' title="bbox 1094 1136 1875 1178; baseline -0.008 -10"><span class='ocrx_word' id='word_1_337' title='bbox 1094 1147 1170 1178; x_wconf 89' lang='lat' dir='ltr'><strong>ptum</strong></span> <span class='ocrx_word' id='word_1_338' title='bbox 1186 1143 1258 1176; x_wconf 86' lang='lat' dir='ltr'><strong>apud</strong></span> <span class='ocrx_word' id='word_1_339' title='bbox 1274 1141 1487 1176; x_wconf 78' lang='lat' dir='ltr'><strong>Spantlugiuum</strong></span> <span class='ocrx_word' id='word_1_340' title='bbox 1504 1140 1616 1175; x_wconf 88' lang='lat' dir='ltr'><strong>legitur.</strong></span> <span class='ocrx_word' id='word_1_341' title='bbox 1632 1138 1740 1166; x_wconf 88' lang='lat' dir='ltr'><strong>Etenim</strong></span> <span class='ocrx_word' id='word_1_342' title='bbox 1757 1136 1875 1173; x_wconf 83' lang='lat' dir='ltr'><strong>gentibus</strong></span> 
     </span>
    </p>
   </div>
   <div class='ocr_carea' id='block_1_53' title="bbox 1095 1182 1875 1221">
    <p class='ocr_par' dir='ltr' id='par_1_53' title="bbox 1095 1182 1875 1221">
     <span class='ocr_line' id='line_1_53' title="bbox 1095 1182 1875 1221; baseline -0.01 -5"><span class='ocrx_word' id='word_1_343' title='bbox 1095 1188 1128 1216; x_wconf 90' lang='lat' dir='ltr'><strong>lis</strong></span> <span class='ocrx_word' id='word_1_344' title='bbox 1143 1189 1244 1216; x_wconf 86' lang='lat' dir='ltr'><strong>Carum</strong></span> <span class='ocrx_word' id='word_1_345' title='bbox 1263 1188 1297 1215; x_wconf 89' lang='lat' dir='ltr'><strong>de</strong></span> <span class='ocrx_word' id='word_1_346' title='bbox 1318 1187 1446 1215; x_wconf 86' lang='lat' dir='ltr'><strong>Comului</strong></span> <span class='ocrx_word' id='word_1_347' title='bbox 1473 1186 1624 1214; x_wconf 83' lang='lat' dir='ltr'><strong>vocabatur</strong></span> <span class='ocrx_word' id='word_1_348' title='bbox 1639 1207 1646 1220; x_wconf 86' lang='lat'><strong>,</strong></span> <span class='ocrx_word' id='word_1_349' title='bbox 1664 1185 1757 1221; x_wconf 86' lang='lat' dir='ltr'><strong>priore</strong></span> <span class='ocrx_word' id='word_1_350' title='bbox 1773 1182 1875 1211; x_wconf 87' lang='lat' dir='ltr'><strong>nomine</strong></span> 
     </span>
    </p>
   </div>
   <div class='ocr_carea' id='block_1_54' title="bbox 1093 1228 1874 1269">
    <p class='ocr_par' dir='ltr' id='par_1_54' title="bbox 1093 1228 1874 1269">
     <span class='ocr_line' id='line_1_54' title="bbox 1093 1228 1874 1269; baseline -0.01 -6"><span class='ocrx_word' id='word_1_351' title='bbox 1093 1240 1226 1269; x_wconf 86' lang='lat' dir='ltr'><strong>corrupto</strong></span> <span class='ocrx_word' id='word_1_352' title='bbox 1253 1234 1287 1263; x_wconf 86' lang='lat' dir='ltr'><strong>de</strong></span> <span class='ocrx_word' id='word_1_353' title='bbox 1314 1235 1410 1262; x_wconf 70' lang='lat' dir='ltr'><strong>Grzcco</strong></span> <span class='ocrx_word' id='word_1_354' title='bbox 1431 1233 1604 1266; x_wconf 65' lang='lat' dir='ltr'><strong>Ecaterine,</strong></span> <span class='ocrx_word' id='word_1_355' title='bbox 1616 1232 1706 1261; x_wconf 84' lang='lat' dir='ltr'><strong>altero</strong></span> <span class='ocrx_word' id='word_1_356' title='bbox 1721 1239 1786 1259; x_wconf 87' lang='lat' dir='ltr'><strong>vero</strong></span> <span class='ocrx_word' id='word_1_357' title='bbox 1803 1228 1874 1256; x_wconf 77' lang='lat' dir='ltr'><strong>iami-</strong></span> 
     </span>
    </p>
   </div>
   <div class='ocr_carea' id='block_1_55' title="bbox 1092 1274 1875 1316">
    <p class='ocr_par' dir='ltr' id='par_1_55' title="bbox 1092 1274 1875 1316">
     <span class='ocr_line' id='line_1_55' title="bbox 1092 1274 1875 1316; baseline -0.009 -8"><span class='ocrx_word' id='word_1_358' title='bbox 1092 1281 1148 1308; x_wconf 54' lang='lat' dir='ltr'><strong>lia‘.</strong></span> <span class='ocrx_word' id='word_1_359' title='bbox 1175 1279 1245 1308; x_wconf 85' lang='lat' dir='ltr'><strong>Nam</strong></span> <span class='ocrx_word' id='word_1_360' title='bbox 1272 1280 1452 1316; x_wconf 87' lang='lat' dir='ltr'><strong>Calojoanuis</strong></span> <span class='ocrx_word' id='word_1_361' title='bbox 1481 1279 1628 1310; x_wconf 86' lang='lat' dir='ltr'><strong>Comueni.</strong></span> <span class='ocrx_word' id='word_1_362' title='bbox 1646 1277 1790 1315; x_wconf 89' lang='lat' dir='ltr'><strong>peuultimi</strong></span> <span class='ocrx_word' id='word_1_363' title='bbox 1815 1274 1875 1302; x_wconf 81' lang='lat' dir='ltr'><strong>Tra-</strong></span> 
     </span>
    </p>
   </div>
   <div class='ocr_carea' id='block_1_56' title="bbox 1093 1321 1874 1362">
    <p class='ocr_par' dir='ltr' id='par_1_56' title="bbox 1093 1321 1874 1362">
     <span class='ocr_line' id='line_1_56' title="bbox 1093 1321 1874 1362; baseline -0.008 -7"><span class='ocrx_word' id='word_1_364' title='bbox 1093 1327 1286 1361; x_wconf 82' lang='lat' dir='ltr'><strong>pezmttloruut</strong></span> <span class='ocrx_word' id='word_1_365' title='bbox 1303 1327 1489 1362; x_wconf 75' lang='lat' dir='ltr'><strong>itttperatoris,</strong></span> <span class='ocrx_word' id='word_1_366' title='bbox 1511 1329 1571 1353; x_wconf 88' lang='lat' dir='ltr'><strong>erat</strong></span> <span class='ocrx_word' id='word_1_367' title='bbox 1594 1325 1650 1353; x_wconf 85' lang='lat' dir='ltr'><strong>lilia</strong></span> <span class='ocrx_word' id='word_1_368' title='bbox 1666 1347 1673 1359; x_wconf 94' lang='lat'><strong>,</strong></span> <span class='ocrx_word' id='word_1_369' title='bbox 1699 1331 1780 1359; x_wconf 90' lang='lat' dir='ltr'><strong>quam</strong></span> <span class='ocrx_word' id='word_1_370' title='bbox 1799 1321 1874 1350; x_wconf 76' lang='lat' dir='ltr'><strong>Calo-</strong></span> 
     </span>
    </p>
   </div>
   <div class='ocr_carea' id='block_1_57' title="bbox 1092 1369 1876 1409">
    <p class='ocr_par' dir='ltr' id='par_1_57' title="bbox 1092 1369 1876 1409">
     <span class='ocr_line' id='line_1_57' title="bbox 1092 1369 1876 1409; baseline -0.01 -7"><span class='ocrx_word' id='word_1_371' title='bbox 1092 1374 1196 1409; x_wconf 84' lang='lat' dir='ltr'><strong>joanne</strong></span> <span class='ocrx_word' id='word_1_372' title='bbox 1213 1379 1333 1407; x_wconf 87' lang='lat' dir='ltr'><strong>mortuo,</strong></span> <span class='ocrx_word' id='word_1_373' title='bbox 1351 1375 1435 1401; x_wconf 79' lang='lat' dir='ltr'><strong>frater</strong></span> <span class='ocrx_word' id='word_1_374' title='bbox 1458 1373 1637 1407; x_wconf 85' lang='lat' dir='ltr'><strong>Calojoannis</strong></span> <span class='ocrx_word' id='word_1_375' title='bbox 1655 1371 1755 1403; x_wconf 87' lang='lat' dir='ltr'><strong>David,</strong></span> <span class='ocrx_word' id='word_1_376' title='bbox 1771 1369 1876 1398; x_wconf 87' lang='lat' dir='ltr'><strong>ultiutus</strong></span> 
     </span>
    </p>
   </div>
   <div class='ocr_carea' id='block_1_58' title="bbox 1096 1415 1874 1455">
    <p class='ocr_par' dir='ltr' id='par_1_58' title="bbox 1096 1415 1874 1455">
     <span class='ocr_line' id='line_1_58' title="bbox 1096 1415 1874 1455; baseline -0.009 -8"><span class='ocrx_word' id='word_1_377' title='bbox 1096 1421 1245 1455; x_wconf 83' lang='lat' dir='ltr'><strong>imperator</strong></span> <span class='ocrx_word' id='word_1_378' title='bbox 1262 1419 1474 1454; x_wconf 85' lang='lat' dir='ltr'><strong>Trapezuntius,</strong></span> <span class='ocrx_word' id='word_1_379' title='bbox 1496 1417 1701 1446; x_wconf 85' lang='lat' dir='ltr'><strong>Usuntchasani</strong></span> <span class='ocrx_word' id='word_1_380' title='bbox 1723 1415 1797 1444; x_wconf 88' lang='lat' dir='ltr'><strong>dedit</strong></span> <span class='ocrx_word' id='word_1_381' title='bbox 1812 1421 1874 1440; x_wconf 62' lang='lat' dir='ltr'><strong>ux0&lt;</strong></span> 
     </span>
    </p>
   </div>
   <div class='ocr_carea' id='block_1_59' title="bbox 1095 1462 1877 1501">
    <p class='ocr_par' dir='ltr' id='par_1_59' title="bbox 1095 1462 1877 1501">
     <span class='ocr_line' id='line_1_59' title="bbox 1095 1462 1877 1501; baseline -0.009 -8"><span class='ocrx_word' id='word_1_382' title='bbox 1095 1472 1165 1498; x_wconf 87' lang='lat' dir='ltr'><strong>rem,</strong></span> <span class='ocrx_word' id='word_1_383' title='bbox 1185 1469 1214 1493; x_wconf 93' lang='lat' dir='ltr'><strong>ut</strong></span> <span class='ocrx_word' id='word_1_384' title='bbox 1228 1465 1289 1501; x_wconf 90' lang='lat' dir='ltr'><strong>ejus</strong></span> <span class='ocrx_word' id='word_1_385' title='bbox 1315 1465 1443 1501; x_wconf 67' lang='lat' dir='ltr'><strong>prmsidio</strong></span> <span class='ocrx_word' id='word_1_386' title='bbox 1463 1468 1560 1492; x_wconf 84' lang='lat' dir='ltr'><strong>contra</strong></span> <span class='ocrx_word' id='word_1_387' title='bbox 1584 1463 1703 1491; x_wconf 86' lang='lat' dir='ltr'><strong>nimium</strong></span> <span class='ocrx_word' id='word_1_388' title='bbox 1728 1462 1831 1489; x_wconf 82' lang='lat' dir='ltr'><strong>vicinas</strong></span> <span class='ocrx_word' id='word_1_389' title='bbox 1853 1463 1877 1485; x_wconf 83' lang='lat' dir='ltr'><strong>et</strong></span> 
     </span>
    </p>
   </div>
   <div class='ocr_carea' id='block_1_60' title="bbox 1096 1507 1876 1544">
    <p class='ocr_par' dir='ltr' id='par_1_60' title="bbox 1096 1507 1876 1544">
     <span class='ocr_line' id='line_1_60' title="bbox 1096 1507 1876 1544; baseline -0.009 -4"><span class='ocrx_word' id='word_1_390' title='bbox 1096 1511 1212 1540; x_wconf 82' lang='lat' dir='ltr'><strong>infestas</strong></span> <span class='ocrx_word' id='word_1_391' title='bbox 1227 1512 1279 1539; x_wconf 87' lang='lat' dir='ltr'><strong>sibi</strong></span> <span class='ocrx_word' id='word_1_392' title='bbox 1305 1512 1376 1539; x_wconf 86' lang='lat' dir='ltr'><strong>vires</strong></span> <span class='ocrx_word' id='word_1_393' title='bbox 1413 1511 1514 1538; x_wconf 86' lang='lat' dir='ltr'><strong>sultani</strong></span> <span class='ocrx_word' id='word_1_394' title='bbox 1536 1509 1721 1538; x_wconf 83' lang='lat' dir='ltr'><strong>Muchemetis</strong></span> <span class='ocrx_word' id='word_1_395' title='bbox 1745 1507 1823 1544; x_wconf 87' lang='lat' dir='ltr'><strong>paulo</strong></span> <span class='ocrx_word' id='word_1_396' title='bbox 1839 1511 1876 1532; x_wconf 90' lang='lat' dir='ltr'><strong>lu-</strong></span> 
     </span>
    </p>
   </div>
   <div class='ocr_carea' id='block_1_61' title="bbox 257 1552 1876 1594">
    <p class='ocr_par' dir='ltr' id='par_1_61' title="bbox 257 1552 1876 1594">
     <span class='ocr_line' id='line_1_61' title="bbox 257 1552 1876 1594; baseline -0.003 -12"><span class='ocrx_word' id='word_1_397' title='bbox 257 1554 374 1582; x_wconf 86' lang='lat' dir='ltr'><strong>lsntailis</strong></span> <span class='ocrx_word' id='word_1_398' title='bbox 399 1555 548 1589; x_wconf 79' lang='lat' dir='ltr'><strong>Origiuetu.</strong></span> <span class='ocrx_word' id='word_1_399' title='bbox 565 1555 736 1590; x_wconf 85' lang='lat' dir='ltr'><strong>principatus</strong></span> <span class='ocrx_word' id='word_1_400' title='bbox 755 1555 845 1587; x_wconf 84' lang='lat' dir='ltr'><strong>initia,</strong></span> <span class='ocrx_word' id='word_1_401' title='bbox 868 1560 1079 1594; x_wconf 76' lang='lat' dir='ltr'><strong>pt‘ogressus.c</strong></span> <span class='ocrx_word' id='word_1_402' title='bbox 1095 1559 1150 1586; x_wconf 91' lang='lat' dir='ltr'><strong>tior</strong></span> <span class='ocrx_word' id='word_1_403' title='bbox 1177 1563 1260 1586; x_wconf 82' lang='lat' dir='ltr'><strong>esset.</strong></span> <span class='ocrx_word' id='word_1_404' title='bbox 1296 1558 1334 1584; x_wconf 79' lang='lat' dir='ltr'><strong>Ex</strong></span> <span class='ocrx_word' id='word_1_405' title='bbox 1364 1558 1415 1585; x_wconf 83' lang='lat' dir='ltr'><strong>hue</strong></span> <span class='ocrx_word' id='word_1_406' title='bbox 1444 1557 1660 1586; x_wconf 88' lang='lat' dir='ltr'><strong>Usuutchasanis</strong></span> <span class='ocrx_word' id='word_1_407' title='bbox 1689 1556 1744 1583; x_wconf 87' lang='lat' dir='ltr'><strong>ﬁlia</strong></span> <span class='ocrx_word' id='word_1_408' title='bbox 1780 1552 1876 1582; x_wconf 80' lang='lat' dir='ltr'><strong>Martha</strong></span> 
     </span>
    </p>
   </div>
   <div class='ocr_carea' id='block_1_62' title="bbox 258 1601 1046 1636">
    <p class='ocr_par' dir='ltr' id='par_1_62' title="bbox 258 1601 1046 1636">
     <span class='ocr_line' id='line_1_62' title="bbox 258 1601 1046 1636; baseline 0 -8"><span class='ocrx_word' id='word_1_409' title='bbox 258 1608 302 1628; x_wconf 78' lang='lat' dir='ltr'><strong>res</strong></span> <span class='ocrx_word' id='word_1_410' title='bbox 315 1605 406 1636; x_wconf 78' lang='lat' dir='ltr'><strong>gestas</strong></span> <span class='ocrx_word' id='word_1_411' title='bbox 424 1601 601 1629; x_wconf 86' lang='lat' dir='ltr'><strong>illnstrandas</strong></span> <span class='ocrx_word' id='word_1_412' title='bbox 622 1602 759 1635; x_wconf 80' lang='lat' dir='ltr'><strong>pertinere</strong></span> <span class='ocrx_word' id='word_1_413' title='bbox 779 1602 949 1636; x_wconf 78' lang='lat' dir='ltr'><strong>putabimus.</strong></span> <span class='ocrx_word' id='word_1_414' title='bbox 965 1601 1046 1629; x_wconf 87' lang='lat' dir='ltr'><strong>Pater</strong></span> 
     </span>
    </p>
   </div>
   <div class='ocr_carea' id='block_1_63' title="bbox 258 1646 1046 1682">
    <p class='ocr_par' dir='ltr' id='par_1_63' title="bbox 258 1646 1046 1682">
     <span class='ocr_line' id='line_1_63' title="bbox 258 1646 1046 1682; baseline 0.003 -9"><span class='ocrx_word' id='word_1_415' title='bbox 258 1646 376 1674; x_wconf 84' lang='lat' dir='ltr'><strong>lstnailis</strong></span> <span class='ocrx_word' id='word_1_416' title='bbox 390 1647 502 1682; x_wconf 89' lang='lat' dir='ltr'><strong>Sophini</strong></span> <span class='ocrx_word' id='word_1_417' title='bbox 519 1647 569 1674; x_wconf 80' lang='lat' dir='ltr'><strong>fuit</strong></span> <span class='ocrx_word' id='word_1_418' title='bbox 597 1647 720 1679; x_wconf 85' lang='lat' dir='ltr'><strong>Erdcbil,</strong></span> <span class='ocrx_word' id='word_1_419' title='bbox 747 1656 828 1682; x_wconf 85' lang='lat' dir='ltr'><strong>quem</strong></span> <span class='ocrx_word' id='word_1_420' title='bbox 846 1647 941 1675; x_wconf 81' lang='lat' dir='ltr'><strong>Jovius</strong></span> <span class='ocrx_word' id='word_1_421' title='bbox 955 1652 982 1676; x_wconf 91' lang='lat' dir='ltr'><strong>et</strong></span> <span class='ocrx_word' id='word_1_422' title='bbox 999 1649 1046 1676; x_wconf 86' lang='lat' dir='ltr'><strong>alii</strong></span> 
     </span>
    </p>
   </div>
   <div class='ocr_carea' id='block_1_64' title="bbox 259 1694 1046 1728">
    <p class='ocr_par' dir='ltr' id='par_1_64' title="bbox 259 1694 1046 1728">
     <span class='ocr_line' id='line_1_64' title="bbox 259 1694 1046 1728; baseline 0.004 -9"><span class='ocrx_word' id='word_1_423' title='bbox 259 1698 358 1720; x_wconf 74' lang='lat' dir='ltr'><strong>vocant</strong></span> <span class='ocrx_word' id='word_1_424' title='bbox 378 1694 523 1720; x_wconf 78' lang='lat' dir='ltr'><strong>Anlnelem</strong></span> <span class='ocrx_word' id='word_1_425' title='bbox 537 1694 579 1721; x_wconf 86' lang='lat' dir='ltr'><strong>vel</strong></span> <span class='ocrx_word' id='word_1_426' title='bbox 605 1694 790 1721; x_wconf 73' lang='lat' dir='ltr'><strong>&quot;ardui-lieni.</strong></span> <span class='ocrx_word' id='word_1_427' title='bbox 808 1694 864 1722; x_wconf 87' lang='lat' dir='ltr'><strong>lloe</strong></span> <span class='ocrx_word' id='word_1_428' title='bbox 886 1695 924 1721; x_wconf 88' lang='lat' dir='ltr'><strong>illi</strong></span> <span class='ocrx_word' id='word_1_429' title='bbox 941 1701 1046 1728; x_wconf 63' lang='grc' dir='ltr'><strong>ροςηο-</strong></span> 
     </span>
    </p>
   </div>
   <div class='ocr_carea' id='block_1_65' title="bbox 260 1738 1046 1774">
    <p class='ocr_par' dir='ltr' id='par_1_65' title="bbox 260 1738 1046 1774">
     <span class='ocr_line' id='line_1_65' title="bbox 260 1738 1046 1774; baseline 0 -9"><span class='ocrx_word' id='word_1_430' title='bbox 260 1747 321 1765; x_wconf 88' lang='lat' dir='ltr'><strong>tnett</strong></span> <span class='ocrx_word' id='word_1_431' title='bbox 352 1738 458 1766; x_wconf 82' lang='lat' dir='ltr'><strong>faciunt</strong></span> <span class='ocrx_word' id='word_1_432' title='bbox 474 1746 489 1766; x_wconf 88' lang='lat' dir='ltr'><strong>a</strong></span> <span class='ocrx_word' id='word_1_433' title='bbox 503 1739 562 1766; x_wconf 87' lang='lat' dir='ltr'><strong>loco</strong></span> <span class='ocrx_word' id='word_1_434' title='bbox 580 1739 699 1774; x_wconf 83' lang='lat' dir='ltr'><strong>quodam</strong></span> <span class='ocrx_word' id='word_1_435' title='bbox 720 1739 831 1772; x_wconf 69' lang='lat' dir='ltr'><strong>Persian,</strong></span> <span class='ocrx_word' id='word_1_436' title='bbox 850 1739 931 1773; x_wconf 74' lang='lat' dir='ltr'><strong>cujus</strong></span> <span class='ocrx_word' id='word_1_437' title='bbox 957 1739 1046 1766; x_wconf 83' lang='lat' dir='ltr'><strong>denti-</strong></span> 
     </span>
    </p>
   </div>
   <div class='ocr_carea' id='block_1_66' title="bbox 259 1785 1047 1820">
    <p class='ocr_par' dir='ltr' id='par_1_66' title="bbox 259 1785 1047 1820">
     <span class='ocr_line' id='line_1_66' title="bbox 259 1785 1047 1820; baseline 0.001 -8"><span class='ocrx_word' id='word_1_438' title='bbox 259 1793 313 1812; x_wconf 92' lang='lat' dir='ltr'><strong>nus</strong></span> <span class='ocrx_word' id='word_1_439' title='bbox 326 1790 372 1812; x_wconf 89' lang='lat' dir='ltr'><strong>aut</strong></span> <span class='ocrx_word' id='word_1_440' title='bbox 394 1786 503 1818; x_wconf 80' lang='lat' dir='ltr'><strong>regulus</strong></span> <span class='ocrx_word' id='word_1_441' title='bbox 533 1785 614 1812; x_wconf 84' lang='lat' dir='ltr'><strong>luerit</strong></span> <span class='ocrx_word' id='word_1_442' title='bbox 630 1794 636 1812; x_wconf 90' lang='lat'><strong>:</strong></span> <span class='ocrx_word' id='word_1_443' title='bbox 655 1786 744 1819; x_wconf 90' lang='lat' dir='ltr'><strong>ipsuut</strong></span> <span class='ocrx_word' id='word_1_444' title='bbox 767 1792 832 1813; x_wconf 84' lang='lat' dir='ltr'><strong>vero</strong></span> <span class='ocrx_word' id='word_1_445' title='bbox 861 1794 959 1813; x_wconf 84' lang='lat' dir='ltr'><strong>nomen</strong></span> <span class='ocrx_word' id='word_1_446' title='bbox 987 1785 1047 1820; x_wconf 84' lang='lat' dir='ltr'><strong>ejus</strong></span> 
     </span>
    </p>
   </div>
   <div class='ocr_carea' id='block_1_67' title="bbox 258 1830 1047 1866">
    <p class='ocr_par' dir='ltr' id='par_1_67' title="bbox 258 1830 1047 1866">
     <span class='ocr_line' id='line_1_67' title="bbox 258 1830 1047 1866; baseline 0.001 -9"><span class='ocrx_word' id='word_1_447' title='bbox 258 1831 371 1858; x_wconf 86' lang='lat' dir='ltr'><strong>tradunt</strong></span> <span class='ocrx_word' id='word_1_448' title='bbox 389 1831 474 1858; x_wconf 84' lang='lat' dir='ltr'><strong>fuisse.</strong></span> <span class='ocrx_word' id='word_1_449' title='bbox 494 1830 631 1859; x_wconf 82' lang='lat' dir='ltr'><strong>Secaidcr.</strong></span> <span class='ocrx_word' id='word_1_450' title='bbox 656 1832 738 1858; x_wconf 79' lang='lat' dir='ltr'><strong>Aiunt</strong></span> <span class='ocrx_word' id='word_1_451' title='bbox 756 1836 886 1866; x_wconf 58' lang='lat' dir='ltr'><strong>pne-terea</strong></span> <span class='ocrx_word' id='word_1_452' title='bbox 911 1836 1047 1859; x_wconf 86' lang='lat' dir='ltr'><strong>sectatum</strong></span> 
     </span>
    </p>
   </div>
   <div class='ocr_carea' id='block_1_68' title="bbox 261 1877 1046 1912">
    <p class='ocr_par' dir='ltr' id='par_1_68' title="bbox 261 1877 1046 1912">
     <span class='ocr_line' id='line_1_68' title="bbox 261 1877 1046 1912; baseline 0.003 -9"><span class='ocrx_word' id='word_1_453' title='bbox 261 1879 344 1904; x_wconf 83' lang='lat' dir='ltr'><strong>vitam</strong></span> <span class='ocrx_word' id='word_1_454' title='bbox 362 1878 529 1912; x_wconf 67' lang='lat' dir='ltr'><strong>religiosam,</strong></span> <span class='ocrx_word' id='word_1_455' title='bbox 546 1877 633 1904; x_wconf 84' lang='lat' dir='ltr'><strong>instar</strong></span> <span class='ocrx_word' id='word_1_456' title='bbox 646 1879 820 1905; x_wconf 84' lang='lat' dir='ltr'><strong>eremitarutu</strong></span> <span class='ocrx_word' id='word_1_457' title='bbox 839 1878 880 1905; x_wconf 84' lang='lat' dir='ltr'><strong>vel</strong></span> <span class='ocrx_word' id='word_1_458' title='bbox 894 1879 1046 1906; x_wconf 82' lang='lat' dir='ltr'><strong>monacho-</strong></span> 
     </span>
    </p>
   </div>
   <div class='ocr_carea' id='block_1_69' title="bbox 261 1924 1048 1960">
    <p class='ocr_par' dir='ltr' id='par_1_69' title="bbox 261 1924 1048 1960">
     <span class='ocr_line' id='line_1_69' title="bbox 261 1924 1048 1960; baseline 0 -8"><span class='ocrx_word' id='word_1_459' title='bbox 261 1933 320 1952; x_wconf 86' lang='lat' dir='ltr'><strong>I&#39;llttl</strong></span> <span class='ocrx_word' id='word_1_460' title='bbox 339 1930 507 1952; x_wconf 81' lang='lat' dir='ltr'><strong>nostrorum.</strong></span> <span class='ocrx_word' id='word_1_461' title='bbox 536 1924 654 1959; x_wconf 79' lang='lat' dir='ltr'><strong>l-leoquc</strong></span> <span class='ocrx_word' id='word_1_462' title='bbox 668 1924 719 1952; x_wconf 73' lang='lat' dir='ltr'><strong>Sec</strong></span> <span class='ocrx_word' id='word_1_463' title='bbox 739 1925 939 1959; x_wconf 79' lang='lat' dir='ltr'><strong>interpretatur</strong></span> <span class='ocrx_word' id='word_1_464' title='bbox 957 1925 1048 1960; x_wconf 87' lang='lat' dir='ltr'><strong>Span-</strong></span> 
     </span>
    </p>
   </div>
   <div class='ocr_carea' id='block_1_70' title="bbox 262 1971 1048 2007">
    <p class='ocr_par' dir='ltr' id='par_1_70' title="bbox 262 1971 1048 2007">
     <span class='ocr_line' id='line_1_70' title="bbox 262 1971 1048 2007; baseline -0.001 -8"><span class='ocrx_word' id='word_1_465' title='bbox 262 1971 382 2007; x_wconf 64' lang='lat' dir='ltr'><strong>duginns</strong></span> <span class='ocrx_word' id='word_1_466' title='bbox 399 1972 619 2003; x_wconf 84' lang='lat' dir='ltr'><strong>nuueabbutem,</strong></span> <span class='ocrx_word' id='word_1_467' title='bbox 637 1980 711 1999; x_wconf 88' lang='lat' dir='ltr'><strong>nunc</strong></span> <span class='ocrx_word' id='word_1_468' title='bbox 728 1972 875 2007; x_wconf 87' lang='lat' dir='ltr'><strong>plebannnt</strong></span> <span class='ocrx_word' id='word_1_469' title='bbox 893 1972 950 2000; x_wconf 86' lang='lat' dir='ltr'><strong>sive</strong></span> <span class='ocrx_word' id='word_1_470' title='bbox 966 1979 1048 2000; x_wconf 83' lang='lat' dir='ltr'><strong>cura-</strong></span> 
     </span>
    </p>
   </div>
   <div class='ocr_carea' id='block_1_71' title="bbox 263 2017 1049 2053">
    <p class='ocr_par' dir='ltr' id='par_1_71' title="bbox 263 2017 1049 2053">
     <span class='ocr_line' id='line_1_71' title="bbox 263 2017 1049 2053; baseline 0.003 -9"><span class='ocrx_word' id='word_1_471' title='bbox 263 2022 332 2050; x_wconf 89' lang='lat' dir='ltr'><strong>tuttt,</strong></span> <span class='ocrx_word' id='word_1_472' title='bbox 346 2023 374 2044; x_wconf 89' lang='lat' dir='ltr'><strong>ttt</strong></span> <span class='ocrx_word' id='word_1_473' title='bbox 391 2018 471 2053; x_wconf 78' lang='lat' dir='ltr'><strong>vulgo</strong></span> <span class='ocrx_word' id='word_1_474' title='bbox 497 2017 660 2052; x_wconf 81' lang='lat' dir='ltr'><strong>loquuntur.</strong></span> <span class='ocrx_word' id='word_1_475' title='bbox 680 2018 797 2051; x_wconf 80' lang='lat' dir='ltr'><strong>honest,</strong></span> <span class='ocrx_word' id='word_1_476' title='bbox 815 2018 969 2045; x_wconf 82' lang='lat' dir='ltr'><strong>animarum</strong></span> <span class='ocrx_word' id='word_1_477' title='bbox 1000 2025 1049 2046; x_wconf 88' lang='lat' dir='ltr'><strong>cu-</strong></span> 
     </span>
    </p>
   </div>
   <div class='ocr_carea' id='block_1_72' title="bbox 262 2064 1048 2101">
    <p class='ocr_par' dir='ltr' id='par_1_72' title="bbox 262 2064 1048 2101">
     <span class='ocr_line' id='line_1_72' title="bbox 262 2064 1048 2101; baseline -0.001 -9"><span class='ocrx_word' id='word_1_478' title='bbox 262 2073 321 2094; x_wconf 88' lang='lat' dir='ltr'><strong>ratn</strong></span> <span class='ocrx_word' id='word_1_479' title='bbox 337 2071 490 2101; x_wconf 71' lang='lat' dir='ltr'><strong>gerentem.</strong></span> <span class='ocrx_word' id='word_1_480' title='bbox 506 2064 561 2099; x_wconf 77' lang='lat' dir='ltr'><strong>Ego</strong></span> <span class='ocrx_word' id='word_1_481' title='bbox 576 2073 637 2092; x_wconf 77' lang='lat' dir='ltr'><strong>varo</strong></span> <span class='ocrx_word' id='word_1_482' title='bbox 654 2066 680 2092; x_wconf 91' lang='lat' dir='ltr'><strong>itt</strong></span> <span class='ocrx_word' id='word_1_483' title='bbox 700 2065 831 2100; x_wconf 89' lang='lat' dir='ltr'><strong>opinione</strong></span> <span class='ocrx_word' id='word_1_484' title='bbox 846 2071 906 2092; x_wconf 88' lang='lat' dir='ltr'><strong>utea</strong></span> <span class='ocrx_word' id='word_1_485' title='bbox 918 2064 1048 2098; x_wconf 82' lang='lat' dir='ltr'><strong>persisto.</strong></span> 
     </span>
    </p>
   </div>
   <div class='ocr_carea' id='block_1_73' title="bbox 263 2109 1049 2148">
    <p class='ocr_par' dir='ltr' id='par_1_73' title="bbox 263 2109 1049 2148">
     <span class='ocr_line' id='line_1_73' title="bbox 263 2109 1049 2148; baseline -0.005 -8"><span class='ocrx_word' id='word_1_486' title='bbox 263 2120 346 2148; x_wconf 83' lang='lat' dir='ltr'><strong>quant</strong></span> <span class='ocrx_word' id='word_1_487' title='bbox 365 2112 443 2139; x_wconf 89' lang='lat' dir='ltr'><strong>initio</strong></span> <span class='ocrx_word' id='word_1_488' title='bbox 458 2110 523 2139; x_wconf 86' lang='lat' dir='ltr'><strong>belli</strong></span> <span class='ocrx_word' id='word_1_489' title='bbox 540 2111 643 2139; x_wconf 83' lang='lat' dir='ltr'><strong>Persici</strong></span> <span class='ocrx_word' id='word_1_490' title='bbox 660 2111 791 2145; x_wconf 87' lang='lat' dir='ltr'><strong>superius</strong></span> <span class='ocrx_word' id='word_1_491' title='bbox 808 2110 834 2137; x_wconf 87' lang='lat' dir='ltr'><strong>itt</strong></span> <span class='ocrx_word' id='word_1_492' title='bbox 852 2109 1049 2144; x_wconf 87' lang='lat' dir='ltr'><strong>Suppleuteuto</strong></span> 
     </span>
    </p>
   </div>
   <div class='ocr_carea' id='block_1_74' title="bbox 263 2154 1049 2191">
    <p class='ocr_par' dir='ltr' id='par_1_74' title="bbox 263 2154 1049 2191">
     <span class='ocr_line' id='line_1_74' title="bbox 263 2154 1049 2191; baseline -0.004 -6"><span class='ocrx_word' id='word_1_493' title='bbox 263 2158 410 2185; x_wconf 81' lang='lat' dir='ltr'><strong>Annalium</strong></span> <span class='ocrx_word' id='word_1_494' title='bbox 422 2157 548 2191; x_wconf 86' lang='lat' dir='ltr'><strong>exposui,</strong></span> <span class='ocrx_word' id='word_1_495' title='bbox 564 2160 592 2183; x_wconf 90' lang='lat' dir='ltr'><strong>et</strong></span> <span class='ocrx_word' id='word_1_496' title='bbox 606 2156 689 2190; x_wconf 83' lang='lat' dir='ltr'><strong>cujus</strong></span> <span class='ocrx_word' id='word_1_497' title='bbox 703 2160 845 2183; x_wconf 87' lang='lat' dir='ltr'><strong>auctorem</strong></span> <span class='ocrx_word' id='word_1_498' title='bbox 868 2155 956 2183; x_wconf 89' lang='lat' dir='ltr'><strong>habeo</strong></span> <span class='ocrx_word' id='word_1_499' title='bbox 980 2154 1049 2182; x_wconf 82' lang='lat' dir='ltr'><strong>Mat-</strong></span> 
     </span>
    </p>
   </div>
   <div class='ocr_carea' id='block_1_75' title="bbox 263 2201 1048 2235">
    <p class='ocr_par' dir='ltr' id='par_1_75' title="bbox 263 2201 1048 2235">
     <span class='ocr_line' id='line_1_75' title="bbox 263 2201 1048 2235; baseline -0.003 -5"><span class='ocrx_word' id='word_1_500' title='bbox 263 2205 348 2231; x_wconf 84' lang='lat' dir='ltr'><strong>thiant</strong></span> <span class='ocrx_word' id='word_1_501' title='bbox 374 2204 406 2230; x_wconf 88' lang='lat' dir='ltr'><strong>de</strong></span> <span class='ocrx_word' id='word_1_502' title='bbox 436 2202 514 2234; x_wconf 87' lang='lat' dir='ltr'><strong>Faro.</strong></span> <span class='ocrx_word' id='word_1_503' title='bbox 553 2203 709 2230; x_wconf 65' lang='lat' dir='ltr'><strong>Caesareum</strong></span> <span class='ocrx_word' id='word_1_504' title='bbox 744 2201 983 2235; x_wconf 73' lang='lat' dir='ltr'><strong>Constantinopoli</strong></span> <span class='ocrx_word' id='word_1_505' title='bbox 1014 2201 1048 2228; x_wconf 87' lang='lat' dir='ltr'><strong>ad</strong></span> 
     </span>
    </p>
   </div>
   <div class='ocr_carea' id='block_1_76' title="bbox 264 2246 1050 2282">
    <p class='ocr_par' dir='ltr' id='par_1_76' title="bbox 264 2246 1050 2282">
     <span class='ocr_line' id='line_1_76' title="bbox 264 2246 1050 2282; baseline -0.004 -5"><span class='ocrx_word' id='word_1_506' title='bbox 264 2248 375 2277; x_wconf 80' lang='lat' dir='ltr'><strong>Portam</strong></span> <span class='ocrx_word' id='word_1_507' title='bbox 391 2247 567 2276; x_wconf 71' lang='lat' dir='ltr'><strong>Osutanicau:</strong></span> <span class='ocrx_word' id='word_1_508' title='bbox 587 2246 789 2282; x_wconf 82' lang='lat' dir='ltr'><strong>Dragoutauum</strong></span> <span class='ocrx_word' id='word_1_509' title='bbox 805 2246 846 2274; x_wconf 89' lang='lat' dir='ltr'><strong>vel</strong></span> <span class='ocrx_word' id='word_1_510' title='bbox 865 2247 1050 2281; x_wconf 82' lang='lat' dir='ltr'><strong>interpretettt:</strong></span> 
     </span>
    </p>
   </div>
   <div class='ocr_carea' id='block_1_77' title="bbox 263 2293 1052 2329">
    <p class='ocr_par' dir='ltr' id='par_1_77' title="bbox 263 2293 1052 2329">
     <span class='ocr_line' id='line_1_77' title="bbox 263 2293 1052 2329; baseline -0.006 -5"><span class='ocrx_word' id='word_1_511' title='bbox 263 2297 370 2324; x_wconf 78' lang='lat' dir='ltr'><strong>diversa</strong></span> <span class='ocrx_word' id='word_1_512' title='bbox 387 2297 490 2324; x_wconf 81' lang='lat' dir='ltr'><strong>scilicet</strong></span> <span class='ocrx_word' id='word_1_513' title='bbox 509 2296 566 2322; x_wconf 80' lang='lat' dir='ltr'><strong>lucc</strong></span> <span class='ocrx_word' id='word_1_514' title='bbox 581 2302 642 2322; x_wconf 85' lang='lat' dir='ltr'><strong>esse</strong></span> <span class='ocrx_word' id='word_1_515' title='bbox 669 2295 780 2321; x_wconf 87' lang='lat' dir='ltr'><strong>nomina</strong></span> <span class='ocrx_word' id='word_1_516' title='bbox 797 2293 970 2322; x_wconf 65' lang='lat' dir='ltr'><strong>diuersarum</strong></span> <span class='ocrx_word' id='word_1_517' title='bbox 988 2301 1052 2329; x_wconf 81' lang='lat' dir='ltr'><strong>per-</strong></span> 
     </span>
    </p>
   </div>
   <div class='ocr_carea' id='block_1_78' title="bbox 264 2340 1052 2378">
    <p class='ocr_par' dir='ltr' id='par_1_78' title="bbox 264 2340 1052 2378">
     <span class='ocr_line' id='line_1_78' title="bbox 264 2340 1052 2378; baseline -0.006 -6"><span class='ocrx_word' id='word_1_518' title='bbox 264 2352 406 2376; x_wconf 80' lang='lat' dir='ltr'><strong>souarunt,</strong></span> <span class='ocrx_word' id='word_1_519' title='bbox 423 2351 540 2378; x_wconf 88' lang='lat' dir='ltr'><strong>quorutn</strong></span> <span class='ocrx_word' id='word_1_520' title='bbox 556 2350 627 2370; x_wconf 89' lang='lat' dir='ltr'><strong>unus</strong></span> <span class='ocrx_word' id='word_1_521' title='bbox 641 2341 721 2368; x_wconf 82' lang='lat' dir='ltr'><strong>fuerit</strong></span> <span class='ocrx_word' id='word_1_522' title='bbox 737 2340 846 2369; x_wconf 85' lang='lat' dir='ltr'><strong>Erdebil</strong></span> <span class='ocrx_word' id='word_1_523' title='bbox 865 2346 942 2376; x_wconf 87' lang='lat' dir='ltr'><strong>pater</strong></span> <span class='ocrx_word' id='word_1_524' title='bbox 956 2341 1052 2369; x_wconf 81' lang='lat' dir='ltr'><strong>lsmai-</strong></span> 
     </span>
    </p>
   </div>
   <div class='ocr_carea' id='block_1_79' title="bbox 264 2387 1053 2426">
    <p class='ocr_par' dir='ltr' id='par_1_79' title="bbox 264 2387 1053 2426">
     <span class='ocr_line' id='line_1_79' title="bbox 264 2387 1053 2426; baseline -0.003 -8"><span class='ocrx_word' id='word_1_525' title='bbox 264 2391 310 2423; x_wconf 89' lang='lat' dir='ltr'><strong>lis,</strong></span> <span class='ocrx_word' id='word_1_526' title='bbox 331 2391 433 2418; x_wconf 79' lang='lat' dir='ltr'><strong>familia</strong></span> <span class='ocrx_word' id='word_1_527' title='bbox 448 2395 529 2418; x_wconf 85' lang='lat' dir='ltr'><strong>natus</strong></span> <span class='ocrx_word' id='word_1_528' title='bbox 546 2389 618 2424; x_wconf 89' lang='lat' dir='ltr'><strong>apud</strong></span> <span class='ocrx_word' id='word_1_529' title='bbox 637 2388 737 2416; x_wconf 82' lang='lat' dir='ltr'><strong>Persas</strong></span> <span class='ocrx_word' id='word_1_530' title='bbox 753 2387 865 2426; x_wconf 61' lang='lat' dir='ltr'><strong>illustri,</strong></span> <span class='ocrx_word' id='word_1_531' title='bbox 881 2388 1053 2423; x_wconf 83' lang='lat' dir='ltr'><strong>ditionisque</strong></span> 
     </span>
    </p>
   </div>
   <div class='ocr_carea' id='block_1_80' title="bbox 265 2434 1053 2473">
    <p class='ocr_par' dir='ltr' id='par_1_80' title="bbox 265 2434 1053 2473">
     <span class='ocr_line' id='line_1_80' title="bbox 265 2434 1053 2473; baseline -0.004 -8"><span class='ocrx_word' id='word_1_532' title='bbox 265 2438 409 2472; x_wconf 80' lang='lat' dir='ltr'><strong>cujusdam</strong></span> <span class='ocrx_word' id='word_1_533' title='bbox 426 2437 548 2473; x_wconf 84' lang='lat' dir='ltr'><strong>regulus:</strong></span> <span class='ocrx_word' id='word_1_534' title='bbox 562 2437 632 2464; x_wconf 86' lang='lat' dir='ltr'><strong>alter</strong></span> <span class='ocrx_word' id='word_1_535' title='bbox 647 2435 763 2463; x_wconf 89' lang='lat' dir='ltr'><strong>Scltcich</strong></span> <span class='ocrx_word' id='word_1_536' title='bbox 783 2434 895 2467; x_wconf 82' lang='lat' dir='ltr'><strong>llaidar,</strong></span> <span class='ocrx_word' id='word_1_537' title='bbox 910 2443 964 2462; x_wconf 88' lang='lat' dir='ltr'><strong>non</strong></span> <span class='ocrx_word' id='word_1_538' title='bbox 979 2435 1053 2470; x_wconf 87' lang='lat' dir='ltr'><strong>prin-</strong></span> 
     </span>
    </p>
   </div>
   <div class='ocr_carea' id='block_1_81' title="bbox 266 2481 1052 2520">
    <p class='ocr_par' dir='ltr' id='par_1_81' title="bbox 266 2481 1052 2520">
     <span class='ocr_line' id='line_1_81' title="bbox 266 2481 1052 2520; baseline -0.004 -8"><span class='ocrx_word' id='word_1_539' title='bbox 266 2493 331 2520; x_wconf 78' lang='lat' dir='ltr'><strong>ceps</strong></span> <span class='ocrx_word' id='word_1_540' title='bbox 348 2490 394 2512; x_wconf 88' lang='lat' dir='ltr'><strong>aut</strong></span> <span class='ocrx_word' id='word_1_541' title='bbox 412 2485 534 2519; x_wconf 75' lang='lat' dir='ltr'><strong>regulus.</strong></span> <span class='ocrx_word' id='word_1_542' title='bbox 551 2483 598 2512; x_wconf 87' lang='lat' dir='ltr'><strong>sed</strong></span> <span class='ocrx_word' id='word_1_543' title='bbox 622 2491 718 2511; x_wconf 85' lang='lat' dir='ltr'><strong>revera</strong></span> <span class='ocrx_word' id='word_1_544' title='bbox 746 2483 782 2516; x_wconf 90' lang='lat' dir='ltr'><strong>id,</strong></span> <span class='ocrx_word' id='word_1_545' title='bbox 814 2481 888 2518; x_wconf 84' lang='lat' dir='ltr'><strong>quod</strong></span> <span class='ocrx_word' id='word_1_546' title='bbox 904 2482 1052 2515; x_wconf 79' lang='lat' dir='ltr'><strong>audiebat;</strong></span> 
     </span>
    </p>
   </div>
   <div class='ocr_carea' id='block_1_82' title="bbox 266 2527 1054 2564">
    <p class='ocr_par' dir='ltr' id='par_1_82' title="bbox 266 2527 1054 2564">
     <span class='ocr_line' id='line_1_82' title="bbox 266 2527 1054 2564; baseline -0.006 -5"><span class='ocrx_word' id='word_1_547' title='bbox 266 2533 395 2559; x_wconf 80' lang='lat' dir='ltr'><strong>nimirum</strong></span> <span class='ocrx_word' id='word_1_548' title='bbox 417 2531 561 2562; x_wconf 82' lang='lat' dir='ltr'><strong>Scltciclte,</strong></span> <span class='ocrx_word' id='word_1_549' title='bbox 579 2530 725 2563; x_wconf 77' lang='lat' dir='ltr'><strong>velJntan,</strong></span> <span class='ocrx_word' id='word_1_550' title='bbox 742 2537 860 2564; x_wconf 88' lang='lat' dir='ltr'><strong>quorttm</strong></span> <span class='ocrx_word' id='word_1_551' title='bbox 883 2527 949 2556; x_wconf 90' lang='lat' dir='ltr'><strong>illud</strong></span> <span class='ocrx_word' id='word_1_552' title='bbox 966 2528 1054 2555; x_wconf 87' lang='lat' dir='ltr'><strong>ltouti-</strong></span> 
     </span>
    </p>
   </div>
   <div class='ocr_carea' id='block_1_83' title="bbox 267 2574 1055 2612">
    <p class='ocr_par' dir='ltr' id='par_1_83' title="bbox 267 2574 1055 2612">
     <span class='ocr_line' id='line_1_83' title="bbox 267 2574 1055 2612; baseline -0.006 -7"><span class='ocrx_word' id='word_1_553' title='bbox 267 2587 328 2605; x_wconf 85' lang='lat' dir='ltr'><strong>nem</strong></span> <span class='ocrx_word' id='word_1_554' title='bbox 343 2578 500 2612; x_wconf 68' lang='lat' dir='ltr'><strong>l‘cligiostltlt</strong></span> <span class='ocrx_word' id='word_1_555' title='bbox 517 2577 644 2612; x_wconf 88' lang='lat' dir='ltr'><strong>gentibus</strong></span> <span class='ocrx_word' id='word_1_556' title='bbox 659 2577 715 2604; x_wconf 81' lang='lat' dir='ltr'><strong>illis</strong></span> <span class='ocrx_word' id='word_1_557' title='bbox 743 2575 892 2610; x_wconf 75' lang='lat' dir='ltr'><strong>signiﬁcat,</strong></span> <span class='ocrx_word' id='word_1_558' title='bbox 913 2574 948 2602; x_wconf 85' lang='lat' dir='ltr'><strong>ab</strong></span> <span class='ocrx_word' id='word_1_559' title='bbox 976 2574 1055 2601; x_wconf 91' lang='lat' dir='ltr'><strong>iuno-</strong></span> 
     </span>
    </p>
   </div>
   <div class='ocr_carea' id='block_1_84' title="bbox 267 2618 1052 2658">
    <p class='ocr_par' dir='ltr' id='par_1_84' title="bbox 267 2618 1052 2658">
     <span class='ocr_line' id='line_1_84' title="bbox 267 2618 1052 2658; baseline -0.003 -8"><span class='ocrx_word' id='word_1_560' title='bbox 267 2624 356 2650; x_wconf 85' lang='lat' dir='ltr'><strong>ccntia</strong></span> <span class='ocrx_word' id='word_1_561' title='bbox 376 2618 616 2658; x_wconf 84' lang='lat' dir='ltr'><strong>sanctimoniaque</strong></span> <span class='ocrx_word' id='word_1_562' title='bbox 640 2624 702 2651; x_wconf 84' lang='lat' dir='ltr'><strong>vita:</strong></span> <span class='ocrx_word' id='word_1_563' title='bbox 730 2631 737 2650; x_wconf 89' lang='lat'>:</span> <span class='ocrx_word' id='word_1_564' title='bbox 758 2623 810 2650; x_wconf 91' lang='lat' dir='ltr'><strong>hoc</strong></span> <span class='ocrx_word' id='word_1_565' title='bbox 821 2630 886 2650; x_wconf 93' lang='lat' dir='ltr'><strong>vero</strong></span> <span class='ocrx_word' id='word_1_566' title='bbox 901 2621 1052 2650; x_wconf 83' lang='lat' dir='ltr'><strong>doctorem.</strong></span> 
     </span>
    </p>
   </div>
   <div class='ocr_carea' id='block_1_85' title="bbox 266 2668 1052 2704">
    <p class='ocr_par' dir='ltr' id='par_1_85' title="bbox 266 2668 1052 2704">
     <span class='ocr_line' id='line_1_85' title="bbox 266 2668 1052 2704; baseline -0.003 -8"><span class='ocrx_word' id='word_1_567' title='bbox 266 2669 374 2696; x_wconf 79' lang='lat' dir='ltr'><strong>Etenim</strong></span> <span class='ocrx_word' id='word_1_568' title='bbox 391 2678 422 2696; x_wconf 76' lang='lat' dir='ltr'><strong>ex</strong></span> <span class='ocrx_word' id='word_1_569' title='bbox 436 2670 565 2703; x_wconf 84' lang='lat' dir='ltr'><strong>opinione</strong></span> <span class='ocrx_word' id='word_1_570' title='bbox 579 2670 639 2697; x_wconf 70' lang='lat' dir='ltr'><strong>vita:</strong></span> <span class='ocrx_word' id='word_1_571' title='bbox 654 2670 784 2704; x_wconf 76' lang='lat' dir='ltr'><strong>religiose</strong></span> <span class='ocrx_word' id='word_1_572' title='bbox 807 2676 839 2696; x_wconf 85' lang='lat' dir='ltr'><strong>ac</strong></span> <span class='ocrx_word' id='word_1_573' title='bbox 855 2668 962 2695; x_wconf 87' lang='lat' dir='ltr'><strong>duriter</strong></span> <span class='ocrx_word' id='word_1_574' title='bbox 975 2672 1052 2699; x_wconf 55' lang='lat' dir='ltr'><strong>act-rc,</strong></span> 
     </span>
    </p>
   </div>
   <div class='ocr_carea' id='block_1_86' title="bbox 269 2714 1054 2750">
    <p class='ocr_par' dir='ltr' id='par_1_86' title="bbox 269 2714 1054 2750">
     <span class='ocr_line' id='line_1_86' title="bbox 269 2714 1054 2750; baseline -0.003 -7"><span class='ocrx_word' id='word_1_575' title='bbox 269 2722 437 2744; x_wconf 57' lang='lat' dir='ltr'><strong>consecutus</strong></span> <span class='ocrx_word' id='word_1_576' title='bbox 452 2715 553 2750; x_wconf 87' lang='lat' dir='ltr'><strong>aliquid</strong></span> <span class='ocrx_word' id='word_1_577' title='bbox 571 2715 642 2750; x_wconf 90' lang='lat' dir='ltr'><strong>apud</strong></span> <span class='ocrx_word' id='word_1_578' title='bbox 664 2717 774 2750; x_wconf 80' lang='lat' dir='ltr'><strong>vulgum</strong></span> <span class='ocrx_word' id='word_1_579' title='bbox 793 2714 985 2747; x_wconf 82' lang='lat' dir='ltr'><strong>auctoritatis;</strong></span> <span class='ocrx_word' id='word_1_580' title='bbox 1005 2715 1054 2741; x_wconf 91' lang='lat' dir='ltr'><strong>tri-</strong></span> 
     </span>
    </p>
   </div>
   <div class='ocr_carea' id='block_1_87' title="bbox 270 2760 1054 2797">
    <p class='ocr_par' dir='ltr' id='par_1_87' title="bbox 270 2760 1054 2797">
     <span class='ocr_line' id='line_1_87' title="bbox 270 2760 1054 2797; baseline -0.003 -7"><span class='ocrx_word' id='word_1_581' title='bbox 270 2765 322 2791; x_wconf 80' lang='lat' dir='ltr'><strong>bus</strong></span> <span class='ocrx_word' id='word_1_582' title='bbox 334 2763 495 2791; x_wconf 83' lang='lat' dir='ltr'><strong>Maltutnctis</strong></span> <span class='ocrx_word' id='word_1_583' title='bbox 509 2763 647 2797; x_wconf 66' lang='lat' dir='ltr'><strong>propheta:</strong></span> <span class='ocrx_word' id='word_1_584' title='bbox 659 2763 755 2794; x_wconf 83' lang='lat' dir='ltr'><strong>sociis.</strong></span> <span class='ocrx_word' id='word_1_585' title='bbox 768 2760 932 2793; x_wconf 81' lang='lat' dir='ltr'><strong>Ebubekire,</strong></span> <span class='ocrx_word' id='word_1_586' title='bbox 943 2761 1054 2792; x_wconf 67' lang='lat' dir='ltr'><strong>&quot;mere,</strong></span> 
     </span>
    </p>
   </div>
   <div class='ocr_carea' id='block_1_88' title="bbox 269 2807 1056 2845">
    <p class='ocr_par' dir='ltr' id='par_1_88' title="bbox 269 2807 1056 2845">
     <span class='ocr_line' id='line_1_88' title="bbox 269 2807 1056 2845; baseline -0.006 -7"><span class='ocrx_word' id='word_1_587' title='bbox 269 2811 445 2845; x_wconf 85' lang='lat' dir='ltr'><strong>Ostnaneqne</strong></span> <span class='ocrx_word' id='word_1_588' title='bbox 471 2809 590 2845; x_wconf 81' lang='lat' dir='ltr'><strong>Iejeetis.</strong></span> <span class='ocrx_word' id='word_1_589' title='bbox 623 2808 694 2836; x_wconf 87' lang='lat' dir='ltr'><strong>Alittt</strong></span> <span class='ocrx_word' id='word_1_590' title='bbox 708 2813 836 2843; x_wconf 84' lang='lat' dir='ltr'><strong>quartum</strong></span> <span class='ocrx_word' id='word_1_591' title='bbox 857 2807 995 2843; x_wconf 77' lang='lat' dir='ltr'><strong>prophetrc</strong></span> <span class='ocrx_word' id='word_1_592' title='bbox 1012 2813 1056 2834; x_wconf 88' lang='lat' dir='ltr'><strong>so-</strong></span> 
     </span>
    </p>
   </div>
   <div class='ocr_carea' id='block_1_89' title="bbox 269 2856 1055 2891">
    <p class='ocr_par' dir='ltr' id='par_1_89' title="bbox 269 2856 1055 2891">
     <span class='ocr_line' id='line_1_89' title="bbox 269 2856 1055 2891; baseline -0.004 -8"><span class='ocrx_word' id='word_1_593' title='bbox 269 2858 355 2888; x_wconf 74' lang='lat' dir='ltr'><strong>riunt,</strong></span> <span class='ocrx_word' id='word_1_594' title='bbox 376 2857 554 2890; x_wconf 75' lang='lat' dir='ltr'><strong>ejusdemque</strong></span> <span class='ocrx_word' id='word_1_595' title='bbox 571 2856 806 2891; x_wconf 69' lang='lat' dir='ltr'><strong>Ctithmtgllinetlltl</strong></span> <span class='ocrx_word' id='word_1_596' title='bbox 821 2858 849 2882; x_wconf 86' lang='lat' dir='ltr'><strong>et</strong></span> <span class='ocrx_word' id='word_1_597' title='bbox 864 2862 994 2888; x_wconf 73' lang='lat' dir='ltr'><strong>generum</strong></span> <span class='ocrx_word' id='word_1_598' title='bbox 1014 2861 1055 2880; x_wconf 85' lang='lat' dir='ltr'><strong>sc-</strong></span> 
     </span>
    </p>
   </div>
   <div class='ocr_carea' id='block_1_90' title="bbox 271 2900 1055 2939">
    <p class='ocr_par' dir='ltr' id='par_1_90' title="bbox 271 2900 1055 2939">
     <span class='ocr_line' id='line_1_90' title="bbox 271 2900 1055 2939; baseline -0.005 -8"><span class='ocrx_word' id='word_1_599' title='bbox 271 2903 410 2939; x_wconf 83' lang='lat' dir='ltr'><strong>quendutn</strong></span> <span class='ocrx_word' id='word_1_600' title='bbox 428 2905 455 2933; x_wconf 86' lang='lat' dir='ltr'><strong>in</strong></span> <span class='ocrx_word' id='word_1_601' title='bbox 467 2905 598 2933; x_wconf 79' lang='lat' dir='ltr'><strong>outnzbus</strong></span> <span class='ocrx_word' id='word_1_602' title='bbox 613 2901 779 2935; x_wconf 84' lang='lat' dir='ltr'><strong>aﬁirtuabat,</strong></span> <span class='ocrx_word' id='word_1_603' title='bbox 795 2901 817 2928; x_wconf 90' lang='lat' dir='ltr'><strong>si</strong></span> <span class='ocrx_word' id='word_1_604' title='bbox 829 2900 898 2928; x_wconf 82' lang='lat' dir='ltr'><strong>salvi</strong></span> <span class='ocrx_word' id='word_1_605' title='bbox 915 2907 976 2928; x_wconf 85' lang='lat' dir='ltr'><strong>esse</strong></span> <span class='ocrx_word' id='word_1_606' title='bbox 1002 2901 1055 2928; x_wconf 79' lang='lat' dir='ltr'><strong>vel-</strong></span> 
     </span>
    </p>
   </div>
   <div class='ocr_carea' id='block_1_91' title="bbox 1099 1597 1880 1637">
    <p class='ocr_par' dir='ltr' id='par_1_91' title="bbox 1099 1597 1880 1637">
     <span class='ocr_line' id='line_1_91' title="bbox 1099 1597 1880 1637; baseline -0.009 -6"><span class='ocrx_word' id='word_1_607' title='bbox 1099 1609 1182 1631; x_wconf 82' lang='lat' dir='ltr'><strong>itatus</strong></span> <span class='ocrx_word' id='word_1_608' title='bbox 1201 1604 1252 1631; x_wconf 81' lang='lat' dir='ltr'><strong>fuit</strong></span> <span class='ocrx_word' id='word_1_609' title='bbox 1269 1603 1389 1630; x_wconf 85' lang='lat' dir='ltr'><strong>Erdebili</strong></span> <span class='ocrx_word' id='word_1_610' title='bbox 1409 1603 1481 1630; x_wconf 89' lang='lat' dir='ltr'><strong>lilitts</strong></span> <span class='ocrx_word' id='word_1_611' title='bbox 1500 1603 1603 1636; x_wconf 85' lang='lat' dir='ltr'><strong>lsmail,</strong></span> <span class='ocrx_word' id='word_1_612' title='bbox 1619 1603 1654 1629; x_wconf 85' lang='lat' dir='ltr'><strong>de</strong></span> <span class='ocrx_word' id='word_1_613' title='bbox 1671 1609 1727 1637; x_wconf 83' lang='lat' dir='ltr'><strong>quo</strong></span> <span class='ocrx_word' id='word_1_614' title='bbox 1741 1607 1812 1628; x_wconf 89' lang='lat' dir='ltr'><strong>nunc</strong></span> <span class='ocrx_word' id='word_1_615' title='bbox 1827 1597 1880 1633; x_wconf 87' lang='lat' dir='ltr'><strong>agi-</strong></span> 
     </span>
    </p>
   </div>
   <div class='ocr_carea' id='block_1_92' title="bbox 1099 1645 1880 1683">
    <p class='ocr_par' dir='ltr' id='par_1_92' title="bbox 1099 1645 1880 1683">
     <span class='ocr_line' id='line_1_92' title="bbox 1099 1645 1880 1683; baseline -0.006 -6"><span class='ocrx_word' id='word_1_616' title='bbox 1099 1657 1171 1678; x_wconf 85' lang='lat' dir='ltr'><strong>mus.</strong></span> <span class='ocrx_word' id='word_1_617' title='bbox 1184 1650 1282 1677; x_wconf 83' lang='lat' dir='ltr'><strong>llabnit</strong></span> <span class='ocrx_word' id='word_1_618' title='bbox 1298 1650 1324 1676; x_wconf 95' lang='lat' dir='ltr'><strong>in</strong></span> <span class='ocrx_word' id='word_1_619' title='bbox 1341 1656 1423 1683; x_wconf 70' lang='lat' dir='ltr'><strong>regno</strong></span> <span class='ocrx_word' id='word_1_620' title='bbox 1435 1656 1626 1676; x_wconf 86' lang='lat' dir='ltr'><strong>successorem</strong></span> <span class='ocrx_word' id='word_1_621' title='bbox 1644 1652 1772 1675; x_wconf 86' lang='lat' dir='ltr'><strong>mortuus</strong></span> <span class='ocrx_word' id='word_1_622' title='bbox 1786 1645 1880 1672; x_wconf 81' lang='lat' dir='ltr'><strong>Usum-</strong></span> 
     </span>
    </p>
   </div>
   <div class='ocr_carea' id='block_1_93' title="bbox 1098 1691 1882 1731">
    <p class='ocr_par' dir='ltr' id='par_1_93' title="bbox 1098 1691 1882 1731">
     <span class='ocr_line' id='line_1_93' title="bbox 1098 1691 1882 1731; baseline -0.01 -7"><span class='ocrx_word' id='word_1_623' title='bbox 1098 1697 1232 1725; x_wconf 79' lang='lat' dir='ltr'><strong>chasaucs</strong></span> <span class='ocrx_word' id='word_1_624' title='bbox 1259 1696 1390 1731; x_wconf 77' lang='lat' dir='ltr'><strong>Jacupeut</strong></span> <span class='ocrx_word' id='word_1_625' title='bbox 1410 1695 1495 1723; x_wconf 81' lang='lat' dir='ltr'><strong>lilium</strong></span> <span class='ocrx_word' id='word_1_626' title='bbox 1510 1717 1518 1727; x_wconf 82' lang='lat'><strong>,</strong></span> <span class='ocrx_word' id='word_1_627' title='bbox 1534 1695 1580 1730; x_wconf 90' lang='lat' dir='ltr'><strong>qui</strong></span> <span class='ocrx_word' id='word_1_628' title='bbox 1599 1695 1683 1731; x_wconf 79' lang='lat' dir='ltr'><strong>vulgo</strong></span> <span class='ocrx_word' id='word_1_629' title='bbox 1701 1696 1735 1721; x_wconf 86' lang='lat' dir='ltr'><strong>ab</strong></span> <span class='ocrx_word' id='word_1_630' title='bbox 1750 1691 1882 1720; x_wconf 82' lang='lat' dir='ltr'><strong>historicis</strong></span> 
     </span>
    </p>
   </div>
   <div class='ocr_carea' id='block_1_94' title="bbox 1097 1738 1883 1777">
    <p class='ocr_par' dir='ltr' id='par_1_94' title="bbox 1097 1738 1883 1777">
     <span class='ocr_line' id='line_1_94' title="bbox 1097 1738 1883 1777; baseline -0.009 -6"><span class='ocrx_word' id='word_1_631' title='bbox 1097 1743 1236 1777; x_wconf 79' lang='lat' dir='ltr'><strong>Jacobbeg</strong></span> <span class='ocrx_word' id='word_1_632' title='bbox 1249 1763 1256 1775; x_wconf 89' lang='lat'><strong>,</strong></span> <span class='ocrx_word' id='word_1_633' title='bbox 1273 1743 1308 1770; x_wconf 90' lang='lat' dir='ltr'><strong>ab</strong></span> <span class='ocrx_word' id='word_1_634' title='bbox 1323 1742 1476 1769; x_wconf 81' lang='lat' dir='ltr'><strong>Annalibus</strong></span> <span class='ocrx_word' id='word_1_635' title='bbox 1501 1742 1580 1768; x_wconf 77' lang='lat' dir='ltr'><strong>hisee</strong></span> <span class='ocrx_word' id='word_1_636' title='bbox 1599 1742 1693 1768; x_wconf 88' lang='lat' dir='ltr'><strong>sultan</strong></span> <span class='ocrx_word' id='word_1_637' title='bbox 1709 1740 1794 1774; x_wconf 71' lang='lat' dir='ltr'><strong>Jacup</strong></span> <span class='ocrx_word' id='word_1_638' title='bbox 1813 1738 1883 1766; x_wconf 89' lang='lat' dir='ltr'><strong>deiu-</strong></span> 
     </span>
    </p>
   </div>
   <div class='ocr_carea' id='block_1_95' title="bbox 1100 1783 1884 1825">
    <p class='ocr_par' dir='ltr' id='par_1_95' title="bbox 1100 1783 1884 1825">
     <span class='ocr_line' id='line_1_95' title="bbox 1100 1783 1884 1825; baseline -0.009 -7"><span class='ocrx_word' id='word_1_639' title='bbox 1100 1798 1165 1825; x_wconf 88' lang='lat' dir='ltr'><strong>ceps</strong></span> <span class='ocrx_word' id='word_1_640' title='bbox 1190 1790 1218 1817; x_wconf 91' lang='lat' dir='ltr'><strong>itt</strong></span> <span class='ocrx_word' id='word_1_641' title='bbox 1246 1790 1307 1817; x_wconf 86' lang='lat' dir='ltr'><strong>Vita</strong></span> <span class='ocrx_word' id='word_1_642' title='bbox 1339 1783 1446 1816; x_wconf 77' lang='lat' dir='ltr'><strong>sultani</strong></span> <span class='ocrx_word' id='word_1_643' title='bbox 1470 1787 1636 1815; x_wconf 80' lang='lat' dir='ltr'><strong>Soleimunis</strong></span> <span class='ocrx_word' id='word_1_644' title='bbox 1667 1786 1835 1814; x_wconf 87' lang='lat' dir='ltr'><strong>nominatur.</strong></span> <span class='ocrx_word' id='word_1_645' title='bbox 1862 1783 1884 1811; x_wconf 81' lang='lat' dir='ltr'><strong>is</strong></span> 
     </span>
    </p>
   </div>
   <div class='ocr_carea' id='block_1_96' title="bbox 1101 1832 1884 1871">
    <p class='ocr_par' dir='ltr' id='par_1_96' title="bbox 1101 1832 1884 1871">
     <span class='ocr_line' id='line_1_96' title="bbox 1101 1832 1884 1871; baseline -0.009 -8"><span class='ocrx_word' id='word_1_646' title='bbox 1101 1839 1284 1871; x_wconf 85' lang='lat' dir='ltr'><strong>protectorem</strong></span> <span class='ocrx_word' id='word_1_647' title='bbox 1296 1843 1374 1862; x_wconf 74' lang='lat' dir='ltr'><strong>nova:</strong></span> <span class='ocrx_word' id='word_1_648' title='bbox 1385 1839 1467 1862; x_wconf 67' lang='lat' dir='ltr'><strong>sectae</strong></span> <span class='ocrx_word' id='word_1_649' title='bbox 1477 1835 1613 1861; x_wconf 90' lang='lat' dir='ltr'><strong>sororium</strong></span> <span class='ocrx_word' id='word_1_650' title='bbox 1628 1841 1712 1861; x_wconf 88' lang='lat' dir='ltr'><strong>suum</strong></span> <span class='ocrx_word' id='word_1_651' title='bbox 1723 1832 1884 1863; x_wconf 77' lang='lat' dir='ltr'><strong>Erdebiletn,</strong></span> 
     </span>
    </p>
   </div>
   <div class='ocr_carea' id='block_1_97' title="bbox 1100 1877 1885 1915">
    <p class='ocr_par' dir='ltr' id='par_1_97' title="bbox 1100 1877 1885 1915">
     <span class='ocr_line' id='line_1_97' title="bbox 1100 1877 1885 1915; baseline -0.005 -8"><span class='ocrx_word' id='word_1_652' title='bbox 1100 1882 1216 1909; x_wconf 87' lang='lat' dir='ltr'><strong>miriﬁce</strong></span> <span class='ocrx_word' id='word_1_653' title='bbox 1234 1881 1290 1908; x_wconf 88' lang='lat' dir='ltr'><strong>sibi</strong></span> <span class='ocrx_word' id='word_1_654' title='bbox 1305 1885 1478 1915; x_wconf 84' lang='lat' dir='ltr'><strong>suspectum,</strong></span> <span class='ocrx_word' id='word_1_655' title='bbox 1495 1880 1569 1915; x_wconf 88' lang='lat' dir='ltr'><strong>qttod</strong></span> <span class='ocrx_word' id='word_1_656' title='bbox 1583 1884 1731 1908; x_wconf 83' lang='lat' dir='ltr'><strong>vereretur</strong></span> <span class='ocrx_word' id='word_1_657' title='bbox 1748 1887 1782 1906; x_wconf 89' lang='lat' dir='ltr'><strong>ns</strong></span> <span class='ocrx_word' id='word_1_658' title='bbox 1799 1877 1885 1913; x_wconf 83' lang='lat' dir='ltr'><strong>regius</strong></span> 
     </span>
    </p>
   </div>
   <div class='ocr_carea' id='block_1_98' title="bbox 1099 1922 1886 1961">
    <p class='ocr_par' dir='ltr' id='par_1_98' title="bbox 1099 1922 1886 1961">
     <span class='ocr_line' id='line_1_98' title="bbox 1099 1922 1886 1961; baseline -0.006 -6"><span class='ocrx_word' id='word_1_659' title='bbox 1099 1927 1201 1961; x_wconf 87' lang='lat' dir='ltr'><strong>allinis,</strong></span> <span class='ocrx_word' id='word_1_660' title='bbox 1216 1931 1245 1955; x_wconf 89' lang='lat' dir='ltr'><strong>et</strong></span> <span class='ocrx_word' id='word_1_661' title='bbox 1264 1931 1349 1955; x_wconf 55' lang='lat' dir='ltr'><strong>tanta}</strong></span> <span class='ocrx_word' id='word_1_662' title='bbox 1371 1927 1559 1954; x_wconf 86' lang='lat' dir='ltr'><strong>multitudinis</strong></span> <span class='ocrx_word' id='word_1_663' title='bbox 1575 1926 1728 1954; x_wconf 85' lang='lat' dir='ltr'><strong>devotione</strong></span> <span class='ocrx_word' id='word_1_664' title='bbox 1742 1925 1837 1957; x_wconf 78' lang='lat' dir='ltr'><strong>fretus,</strong></span> <span class='ocrx_word' id='word_1_665' title='bbox 1851 1922 1886 1950; x_wconf 83' lang='lat' dir='ltr'><strong>si-</strong></span> 
     </span>
    </p>
   </div>
   <div class='ocr_carea' id='block_1_99' title="bbox 1098 1971 1885 2009">
    <p class='ocr_par' dir='ltr' id='par_1_99' title="bbox 1098 1971 1885 2009">
     <span class='ocr_line' id='line_1_99' title="bbox 1098 1971 1885 2009; baseline -0.008 -8"><span class='ocrx_word' id='word_1_666' title='bbox 1098 1973 1125 2001; x_wconf 87' lang='lat' dir='ltr'><strong>bi</strong></span> <span class='ocrx_word' id='word_1_667' title='bbox 1151 1981 1265 2009; x_wconf 83' lang='lat' dir='ltr'><strong>regnutn</strong></span> <span class='ocrx_word' id='word_1_668' title='bbox 1286 1974 1418 2008; x_wconf 87' lang='lat' dir='ltr'><strong>eriperet,</strong></span> <span class='ocrx_word' id='word_1_669' title='bbox 1440 1972 1558 2000; x_wconf 86' lang='lat' dir='ltr'><strong>interﬁci</strong></span> <span class='ocrx_word' id='word_1_670' title='bbox 1576 1973 1700 2000; x_wconf 88' lang='lat' dir='ltr'><strong>curavit.</strong></span> <span class='ocrx_word' id='word_1_671' title='bbox 1719 1971 1813 1999; x_wconf 88' lang='lat' dir='ltr'><strong>Evasit</strong></span> <span class='ocrx_word' id='word_1_672' title='bbox 1827 1976 1885 1997; x_wconf 86' lang='lat' dir='ltr'><strong>cru-</strong></span> 
     </span>
    </p>
   </div>
   <div class='ocr_carea' id='block_1_100' title="bbox 1100 2016 1885 2048">
    <p class='ocr_par' dir='ltr' id='par_1_100' title="bbox 1100 2016 1885 2048">
     <span class='ocr_line' id='line_1_100' title="bbox 1100 2016 1885 2048; baseline -0.006 0"><span class='ocrx_word' id='word_1_673' title='bbox 1100 2019 1170 2048; x_wconf 82' lang='lat' dir='ltr'><strong>delis</strong></span> <span class='ocrx_word' id='word_1_674' title='bbox 1186 2020 1317 2048; x_wconf 84' lang='lat' dir='ltr'><strong>avunculi</strong></span> <span class='ocrx_word' id='word_1_675' title='bbox 1333 2027 1433 2047; x_wconf 81' lang='lat' dir='ltr'><strong>manus</strong></span> <span class='ocrx_word' id='word_1_676' title='bbox 1448 2019 1543 2047; x_wconf 88' lang='lat' dir='ltr'><strong>lsutail</strong></span> <span class='ocrx_word' id='word_1_677' title='bbox 1555 2019 1707 2046; x_wconf 88' lang='lat' dir='ltr'><strong>admodum</strong></span> <span class='ocrx_word' id='word_1_678' title='bbox 1719 2016 1885 2047; x_wconf 78' lang='lat' dir='ltr'><strong>adolescens,</strong></span> 
     </span>
    </p>
   </div>
   <div class='ocr_carea' id='block_1_101' title="bbox 1099 2065 1885 2102">
    <p class='ocr_par' dir='ltr' id='par_1_101' title="bbox 1099 2065 1885 2102">
     <span class='ocr_line' id='line_1_101' title="bbox 1099 2065 1885 2102; baseline -0.006 -7"><span class='ocrx_word' id='word_1_679' title='bbox 1099 2066 1254 2095; x_wconf 87' lang='lat' dir='ltr'><strong>octodecim</strong></span> <span class='ocrx_word' id='word_1_680' title='bbox 1273 2066 1314 2102; x_wconf 87' lang='lat' dir='ltr'><strong>(ut</strong></span> <span class='ocrx_word' id='word_1_681' title='bbox 1334 2066 1461 2102; x_wconf 86' lang='lat' dir='ltr'><strong>plerique</strong></span> <span class='ocrx_word' id='word_1_682' title='bbox 1482 2065 1605 2099; x_wconf 85' lang='lat' dir='ltr'><strong>tradunt)</strong></span> <span class='ocrx_word' id='word_1_683' title='bbox 1619 2066 1645 2092; x_wconf 84' lang='lat' dir='ltr'><strong>id</strong></span> <span class='ocrx_word' id='word_1_684' title='bbox 1661 2065 1795 2100; x_wconf 82' lang='lat' dir='ltr'><strong>temporis</strong></span> <span class='ocrx_word' id='word_1_685' title='bbox 1812 2067 1885 2090; x_wconf 84' lang='lat' dir='ltr'><strong>natus</strong></span> 
     </span>
    </p>
   </div>
   <div class='ocr_carea' id='block_1_102' title="bbox 1103 2110 1886 2148">
    <p class='ocr_par' dir='ltr' id='par_1_102' title="bbox 1103 2110 1886 2148">
     <span class='ocr_line' id='line_1_102' title="bbox 1103 2110 1886 2148; baseline -0.005 -6"><span class='ocrx_word' id='word_1_686' title='bbox 1103 2121 1202 2147; x_wconf 81' lang='lat' dir='ltr'><strong>annos,</strong></span> <span class='ocrx_word' id='word_1_687' title='bbox 1221 2121 1316 2148; x_wconf 82' lang='lat' dir='ltr'><strong>seque,</strong></span> <span class='ocrx_word' id='word_1_688' title='bbox 1335 2113 1443 2140; x_wconf 86' lang='lat' dir='ltr'><strong>Martha</strong></span> <span class='ocrx_word' id='word_1_689' title='bbox 1471 2118 1558 2140; x_wconf 87' lang='lat' dir='ltr'><strong>matre</strong></span> <span class='ocrx_word' id='word_1_690' title='bbox 1579 2113 1700 2146; x_wconf 83' lang='lat' dir='ltr'><strong>comite,</strong></span> <span class='ocrx_word' id='word_1_691' title='bbox 1716 2111 1832 2139; x_wconf 85' lang='lat' dir='ltr'><strong>contulit</strong></span> <span class='ocrx_word' id='word_1_692' title='bbox 1856 2110 1886 2135; x_wconf 67' lang='lat' dir='ltr'><strong>ad</strong></span> 
     </span>
    </p>
   </div>
   <div class='ocr_carea' id='block_1_103' title="bbox 1100 2158 1887 2195">
    <p class='ocr_par' dir='ltr' id='par_1_103' title="bbox 1100 2158 1887 2195">
     <span class='ocr_line' id='line_1_103' title="bbox 1100 2158 1887 2195; baseline -0.008 -7"><span class='ocrx_word' id='word_1_693' title='bbox 1100 2161 1220 2188; x_wconf 87' lang='lat' dir='ltr'><strong>amicum</strong></span> <span class='ocrx_word' id='word_1_694' title='bbox 1248 2165 1394 2195; x_wconf 89' lang='lat' dir='ltr'><strong>paternum</strong></span> <span class='ocrx_word' id='word_1_695' title='bbox 1421 2159 1574 2191; x_wconf 77' lang='lat' dir='ltr'><strong>Pircaletu,</strong></span> <span class='ocrx_word' id='word_1_696' title='bbox 1592 2161 1718 2195; x_wconf 84' lang='lat' dir='ltr'><strong>regulum</strong></span> <span class='ocrx_word' id='word_1_697' title='bbox 1735 2158 1847 2186; x_wconf 86' lang='lat' dir='ltr'><strong>ditionis</strong></span> <span class='ocrx_word' id='word_1_698' title='bbox 1862 2160 1887 2183; x_wconf 90' lang='lat' dir='ltr'><strong>et</strong></span> 
     </span>
    </p>
   </div>
   <div class='ocr_carea' id='block_1_104' title="bbox 1102 2205 1888 2241">
    <p class='ocr_par' dir='ltr' id='par_1_104' title="bbox 1102 2205 1888 2241">
     <span class='ocr_line' id='line_1_104' title="bbox 1102 2205 1888 2241; baseline -0.006 -7"><span class='ocrx_word' id='word_1_699' title='bbox 1102 2207 1279 2234; x_wconf 79' lang='lat' dir='ltr'><strong>castellorum</strong></span> <span class='ocrx_word' id='word_1_700' title='bbox 1303 2205 1492 2241; x_wconf 85' lang='lat' dir='ltr'><strong>quorumdam</strong></span> <span class='ocrx_word' id='word_1_701' title='bbox 1507 2205 1541 2232; x_wconf 87' lang='lat' dir='ltr'><strong>ad</strong></span> <span class='ocrx_word' id='word_1_702' title='bbox 1559 2213 1635 2233; x_wconf 86' lang='lat' dir='ltr'><strong>mare</strong></span> <span class='ocrx_word' id='word_1_703' title='bbox 1662 2205 1806 2241; x_wconf 80' lang='lat' dir='ltr'><strong>Caspium,</strong></span> <span class='ocrx_word' id='word_1_704' title='bbox 1820 2210 1888 2230; x_wconf 82' lang='lat' dir='ltr'><strong>nunc</strong></span> 
     </span>
    </p>
   </div>
   <div class='ocr_carea' id='block_1_105' title="bbox 1102 2247 1888 2281">
    <p class='ocr_par' dir='ltr' id='par_1_105' title="bbox 1102 2247 1888 2281">
     <span class='ocr_line' id='line_1_105' title="bbox 1102 2247 1888 2281; baseline -0.009 -2"><span class='ocrx_word' id='word_1_705' title='bbox 1102 2252 1219 2279; x_wconf 87' lang='lat' dir='ltr'><strong>Culzutu</strong></span> <span class='ocrx_word' id='word_1_706' title='bbox 1243 2250 1339 2278; x_wconf 82' lang='lat' dir='ltr'><strong>Denizi</strong></span> <span class='ocrx_word' id='word_1_707' title='bbox 1367 2249 1481 2281; x_wconf 85' lang='lat' dir='ltr'><strong>Turcis.</strong></span> <span class='ocrx_word' id='word_1_708' title='bbox 1507 2249 1597 2277; x_wconf 81' lang='lat' dir='ltr'><strong>Bcher</strong></span> <span class='ocrx_word' id='word_1_709' title='bbox 1620 2250 1739 2277; x_wconf 82' lang='lat' dir='ltr'><strong>Culzum</strong></span> <span class='ocrx_word' id='word_1_710' title='bbox 1756 2247 1888 2275; x_wconf 80' lang='lat' dir='ltr'><strong>Arabibus</strong></span> 
     </span>
    </p>
   </div>
   <div class='ocr_carea' id='block_1_106' title="bbox 1104 2292 1890 2333">
    <p class='ocr_par' dir='ltr' id='par_1_106' title="bbox 1104 2292 1890 2333">
     <span class='ocr_line' id='line_1_106' title="bbox 1104 2292 1890 2333; baseline -0.009 -8"><span class='ocrx_word' id='word_1_711' title='bbox 1104 2298 1283 2333; x_wconf 84' lang='lat' dir='ltr'><strong>appellatum,</strong></span> <span class='ocrx_word' id='word_1_712' title='bbox 1309 2304 1363 2332; x_wconf 90' lang='lat' dir='ltr'><strong>quo</strong></span> <span class='ocrx_word' id='word_1_713' title='bbox 1387 2297 1515 2325; x_wconf 83' lang='lat' dir='ltr'><strong>clausum</strong></span> <span class='ocrx_word' id='word_1_714' title='bbox 1535 2303 1612 2323; x_wconf 78' lang='lat' dir='ltr'><strong>mare</strong></span> <span class='ocrx_word' id='word_1_715' title='bbox 1629 2292 1890 2331; x_wconf 70' lang='lat' dir='ltr'><strong>signiﬁcatusztic</strong></span> 
     </span>
    </p>
   </div>
   <div class='ocr_carea' id='block_1_107' title="bbox 1103 2341 1889 2379">
    <p class='ocr_par' dir='ltr' id='par_1_107' title="bbox 1103 2341 1889 2379">
     <span class='ocr_line' id='line_1_107' title="bbox 1103 2341 1889 2379; baseline -0.008 -8"><span class='ocrx_word' id='word_1_716' title='bbox 1103 2345 1238 2372; x_wconf 87' lang='lat' dir='ltr'><strong>educatus</strong></span> <span class='ocrx_word' id='word_1_717' title='bbox 1262 2343 1355 2371; x_wconf 85' lang='lat' dir='ltr'><strong>lsmail</strong></span> <span class='ocrx_word' id='word_1_718' title='bbox 1373 2351 1406 2371; x_wconf 81' lang='lat' dir='ltr'><strong>ex</strong></span> <span class='ocrx_word' id='word_1_719' title='bbox 1429 2343 1593 2379; x_wconf 55' lang='lat' dir='ltr'><strong>praescripto</strong></span> <span class='ocrx_word' id='word_1_720' title='bbox 1607 2341 1751 2377; x_wconf 78' lang='lat' dir='ltr'><strong>religionis</strong></span> <span class='ocrx_word' id='word_1_721' title='bbox 1763 2344 1889 2376; x_wconf 75' lang='lat' dir='ltr'><strong>paternte,</strong></span> 
     </span>
    </p>
   </div>
   <div class='ocr_carea' id='block_1_108' title="bbox 1104 2386 1890 2425">
    <p class='ocr_par' dir='ltr' id='par_1_108' title="bbox 1104 2386 1890 2425">
     <span class='ocr_line' id='line_1_108' title="bbox 1104 2386 1890 2425; baseline -0.008 -9"><span class='ocrx_word' id='word_1_722' title='bbox 1104 2390 1214 2418; x_wconf 80' lang='lat' dir='ltr'><strong>tandem</strong></span> <span class='ocrx_word' id='word_1_723' title='bbox 1237 2391 1374 2418; x_wconf 79' lang='lat' dir='ltr'><strong>exstincto</strong></span> <span class='ocrx_word' id='word_1_724' title='bbox 1403 2398 1449 2425; x_wconf 87' lang='lat' dir='ltr'><strong>per</strong></span> <span class='ocrx_word' id='word_1_725' title='bbox 1470 2396 1609 2417; x_wconf 89' lang='lat' dir='ltr'><strong>venenum</strong></span> <span class='ocrx_word' id='word_1_726' title='bbox 1634 2397 1648 2416; x_wconf 88' lang='lat' dir='ltr'><strong>a</strong></span> <span class='ocrx_word' id='word_1_727' title='bbox 1666 2388 1786 2423; x_wconf 82' lang='lat' dir='ltr'><strong>conjuge</strong></span> <span class='ocrx_word' id='word_1_728' title='bbox 1801 2386 1890 2413; x_wconf 83' lang='lat' dir='ltr'><strong>datum</strong></span> 
     </span>
    </p>
   </div>
   <div class='ocr_carea' id='block_1_109' title="bbox 1104 2433 1892 2471">
    <p class='ocr_par' dir='ltr' id='par_1_109' title="bbox 1104 2433 1892 2471">
     <span class='ocr_line' id='line_1_109' title="bbox 1104 2433 1892 2471; baseline -0.005 -9"><span class='ocrx_word' id='word_1_729' title='bbox 1104 2436 1213 2464; x_wconf 87' lang='lat' dir='ltr'><strong>sultano</strong></span> <span class='ocrx_word' id='word_1_730' title='bbox 1234 2435 1337 2471; x_wconf 76' lang='lat' dir='ltr'><strong>Jacupe</strong></span> <span class='ocrx_word' id='word_1_731' title='bbox 1361 2436 1519 2469; x_wconf 85' lang='lat' dir='ltr'><strong>avunculo,</strong></span> <span class='ocrx_word' id='word_1_732' title='bbox 1536 2436 1649 2463; x_wconf 89' lang='lat' dir='ltr'><strong>domum</strong></span> <span class='ocrx_word' id='word_1_733' title='bbox 1671 2433 1787 2467; x_wconf 87' lang='lat' dir='ltr'><strong>reverti,</strong></span> <span class='ocrx_word' id='word_1_734' title='bbox 1803 2437 1892 2469; x_wconf 89' lang='lat' dir='ltr'><strong>pater-</strong></span> 
     </span>
    </p>
   </div>
   <div class='ocr_carea' id='block_1_110' title="bbox 1105 2477 1892 2518">
    <p class='ocr_par' dir='ltr' id='par_1_110' title="bbox 1105 2477 1892 2518">
     <span class='ocr_line' id='line_1_110' title="bbox 1105 2477 1892 2518; baseline -0.008 -9"><span class='ocrx_word' id='word_1_735' title='bbox 1105 2491 1200 2518; x_wconf 77' lang='lat' dir='ltr'><strong>utctu</strong></span> <span class='ocrx_word' id='word_1_736' title='bbox 1213 2483 1324 2511; x_wconf 89' lang='lat' dir='ltr'><strong>ditionis</strong></span> <span class='ocrx_word' id='word_1_737' title='bbox 1341 2484 1615 2516; x_wconf 66' lang='lat' dir='ltr'><strong>hatredilatem,cum</strong></span> <span class='ocrx_word' id='word_1_738' title='bbox 1628 2482 1742 2517; x_wconf 84' lang='lat' dir='ltr'><strong>oppidis</strong></span> <span class='ocrx_word' id='word_1_739' title='bbox 1750 2485 1777 2508; x_wconf 86' lang='lat' dir='ltr'><strong>et</strong></span> <span class='ocrx_word' id='word_1_740' title='bbox 1787 2477 1892 2515; x_wconf 66' lang='lat' dir='ltr'><strong>praediis</strong></span> 
     </span>
    </p>
   </div>
   <div class='ocr_carea' id='block_1_111' title="bbox 1106 2523 1893 2566">
    <p class='ocr_par' dir='ltr' id='par_1_111' title="bbox 1106 2523 1893 2566">
     <span class='ocr_line' id='line_1_111' title="bbox 1106 2523 1893 2566; baseline -0.005 -12"><span class='ocrx_word' id='word_1_741' title='bbox 1106 2534 1237 2556; x_wconf 77' lang='lat' dir='ltr'><strong>maternte</strong></span> <span class='ocrx_word' id='word_1_742' title='bbox 1264 2528 1338 2557; x_wconf 90' lang='lat' dir='ltr'><strong>dotis</strong></span> <span class='ocrx_word' id='word_1_743' title='bbox 1361 2528 1472 2556; x_wconf 84' lang='lat' dir='ltr'><strong>nomine</strong></span> <span class='ocrx_word' id='word_1_744' title='bbox 1496 2528 1550 2556; x_wconf 88' lang='lat' dir='ltr'><strong>sibi</strong></span> <span class='ocrx_word' id='word_1_745' title='bbox 1568 2528 1681 2566; x_wconf 57' lang='lat' dir='ltr'><strong>deditis.</strong></span> <span class='ocrx_word' id='word_1_746' title='bbox 1697 2527 1776 2554; x_wconf 85' lang='lat' dir='ltr'><strong>adire</strong></span> <span class='ocrx_word' id='word_1_747' title='bbox 1789 2523 1893 2554; x_wconf 87' lang='lat' dir='ltr'><strong>statuit.</strong></span> 
     </span>
    </p>
   </div>
   <div class='ocr_carea' id='block_1_112' title="bbox 1107 2574 1893 2611">
    <p class='ocr_par' dir='ltr' id='par_1_112' title="bbox 1107 2574 1893 2611">
     <span class='ocr_line' id='line_1_112' title="bbox 1107 2574 1893 2611; baseline -0.006 -10"><span class='ocrx_word' id='word_1_748' title='bbox 1107 2574 1234 2603; x_wconf 84' lang='lat' dir='ltr'><strong>Dnminio</strong></span> <span class='ocrx_word' id='word_1_749' title='bbox 1253 2579 1379 2611; x_wconf 87' lang='lat' dir='ltr'><strong>-pateruo</strong></span> <span class='ocrx_word' id='word_1_750' title='bbox 1406 2575 1520 2610; x_wconf 87' lang='lat' dir='ltr'><strong>potitus,</strong></span> <span class='ocrx_word' id='word_1_751' title='bbox 1547 2582 1610 2602; x_wconf 77' lang='lat' dir='ltr'><strong>mox</strong></span> <span class='ocrx_word' id='word_1_752' title='bbox 1639 2575 1760 2601; x_wconf 86' lang='lat' dir='ltr'><strong>ulterius</strong></span> <span class='ocrx_word' id='word_1_753' title='bbox 1783 2577 1893 2608; x_wconf 78' lang='lat' dir='ltr'><strong>progre-</strong></span> 
     </span>
    </p>
   </div>
   <div class='ocr_carea' id='block_1_113' title="bbox 1106 2618 1892 2655">
    <p class='ocr_par' dir='ltr' id='par_1_113' title="bbox 1106 2618 1892 2655">
     <span class='ocr_line' id='line_1_113' title="bbox 1106 2618 1892 2655; baseline -0.003 -6"><span class='ocrx_word' id='word_1_754' title='bbox 1106 2620 1201 2649; x_wconf 90' lang='lat' dir='ltr'><strong>ditur:</strong></span> <span class='ocrx_word' id='word_1_755' title='bbox 1218 2626 1246 2650; x_wconf 87' lang='lat' dir='ltr'><strong>et</strong></span> <span class='ocrx_word' id='word_1_756' title='bbox 1262 2623 1393 2650; x_wconf 83' lang='lat' dir='ltr'><strong>trecentis</strong></span> <span class='ocrx_word' id='word_1_757' title='bbox 1413 2622 1605 2649; x_wconf 82' lang='lat' dir='ltr'><strong>tantummodo</strong></span> <span class='ocrx_word' id='word_1_758' title='bbox 1616 2622 1737 2655; x_wconf 86' lang='lat' dir='ltr'><strong>stipatus</strong></span> <span class='ocrx_word' id='word_1_759' title='bbox 1749 2618 1892 2647; x_wconf 78' lang='lat' dir='ltr'><strong>militibus.</strong></span> 
     </span>
    </p>
   </div>
   <div class='ocr_carea' id='block_1_114' title="bbox 1106 2666 1891 2704">
    <p class='ocr_par' dir='ltr' id='par_1_114' title="bbox 1106 2666 1891 2704">
     <span class='ocr_line' id='line_1_114' title="bbox 1106 2666 1891 2704; baseline -0.005 -10"><span class='ocrx_word' id='word_1_760' title='bbox 1106 2666 1262 2696; x_wconf 77' lang='lat' dir='ltr'><strong>Somakiam</strong></span> <span class='ocrx_word' id='word_1_761' title='bbox 1284 2676 1355 2704; x_wconf 84' lang='lat' dir='ltr'><strong>pene</strong></span> <span class='ocrx_word' id='word_1_762' title='bbox 1373 2668 1566 2704; x_wconf 80' lang='lat' dir='ltr'><strong>prodigiosum</strong></span> <span class='ocrx_word' id='word_1_763' title='bbox 1586 2668 1614 2694; x_wconf 90' lang='lat' dir='ltr'><strong>in</strong></span> <span class='ocrx_word' id='word_1_764' title='bbox 1635 2667 1749 2694; x_wconf 88' lang='lat' dir='ltr'><strong>modum</strong></span> <span class='ocrx_word' id='word_1_765' title='bbox 1769 2668 1891 2699; x_wconf 83' lang='lat' dir='ltr'><strong>occupat.</strong></span> 
     </span>
    </p>
   </div>
   <div class='ocr_carea' id='block_1_115' title="bbox 1107 2712 1894 2749">
    <p class='ocr_par' dir='ltr' id='par_1_115' title="bbox 1107 2712 1894 2749">
     <span class='ocr_line' id='line_1_115' title="bbox 1107 2712 1894 2749; baseline -0.003 -9"><span class='ocrx_word' id='word_1_766' title='bbox 1107 2713 1144 2740; x_wconf 83' lang='lat' dir='ltr'><strong>Ea</strong></span> <span class='ocrx_word' id='word_1_767' title='bbox 1159 2714 1258 2741; x_wconf 65' lang='lat' dir='ltr'><strong>civitas</strong></span> <span class='ocrx_word' id='word_1_768' title='bbox 1284 2719 1326 2742; x_wconf 82' lang='lat' dir='ltr'><strong>est</strong></span> <span class='ocrx_word' id='word_1_769' title='bbox 1355 2714 1460 2746; x_wconf 60' lang='lat' dir='ltr'><strong>Medias.</strong></span> <span class='ocrx_word' id='word_1_770' title='bbox 1479 2721 1562 2749; x_wconf 87' lang='lat' dir='ltr'><strong>quam</strong></span> <span class='ocrx_word' id='word_1_771' title='bbox 1586 2714 1668 2741; x_wconf 88' lang='lat' dir='ltr'><strong>modo</strong></span> <span class='ocrx_word' id='word_1_772' title='bbox 1686 2712 1833 2740; x_wconf 82' lang='lat' dir='ltr'><strong>Sirvauutn</strong></span> <span class='ocrx_word' id='word_1_773' title='bbox 1850 2718 1894 2736; x_wconf 82' lang='lat' dir='ltr'><strong>vo-</strong></span> 
     </span>
    </p>
   </div>
   <div class='ocr_carea' id='block_1_116' title="bbox 1106 2755 1895 2794">
    <p class='ocr_par' dir='ltr' id='par_1_116' title="bbox 1106 2755 1895 2794">
     <span class='ocr_line' id='line_1_116' title="bbox 1106 2755 1895 2794; baseline 0 -8"><span class='ocrx_word' id='word_1_774' title='bbox 1106 2764 1171 2786; x_wconf 85' lang='lat' dir='ltr'><strong>cant</strong></span> <span class='ocrx_word' id='word_1_775' title='bbox 1183 2779 1192 2792; x_wconf 87' lang='lat'><strong><em>.</em></strong></span> <span class='ocrx_word' id='word_1_776' title='bbox 1210 2768 1242 2788; x_wconf 93' lang='lat' dir='ltr'><strong>ac</strong></span> <span class='ocrx_word' id='word_1_777' title='bbox 1258 2768 1356 2788; x_wconf 88' lang='lat' dir='ltr'><strong>versus</strong></span> <span class='ocrx_word' id='word_1_778' title='bbox 1370 2760 1507 2788; x_wconf 72' lang='lat' dir='ltr'><strong>Armeniae</strong></span> <span class='ocrx_word' id='word_1_779' title='bbox 1521 2760 1635 2794; x_wconf 85' lang='lat' dir='ltr'><strong>majoris</strong></span> <span class='ocrx_word' id='word_1_780' title='bbox 1648 2759 1720 2787; x_wconf 82' lang='lat' dir='ltr'><strong>ﬁnes</strong></span> <span class='ocrx_word' id='word_1_781' title='bbox 1736 2766 1797 2787; x_wconf 86' lang='lat' dir='ltr'><strong>sese</strong></span> <span class='ocrx_word' id='word_1_782' title='bbox 1809 2755 1895 2793; x_wconf 73' lang='lat' dir='ltr'><strong>porri-</strong></span> 
     </span>
    </p>
   </div>
   <div class='ocr_carea' id='block_1_117' title="bbox 1107 2802 1895 2845">
    <p class='ocr_par' dir='ltr' id='par_1_117' title="bbox 1107 2802 1895 2845">
     <span class='ocr_line' id='line_1_117' title="bbox 1107 2802 1895 2845; baseline -0.011 -11"><span class='ocrx_word' id='word_1_783' title='bbox 1107 2809 1159 2845; x_wconf 81' lang='lat' dir='ltr'><strong>git,</strong></span> <span class='ocrx_word' id='word_1_784' title='bbox 1172 2813 1199 2834; x_wconf 81' lang='lat' dir='ltr'><strong>et</strong></span> <span class='ocrx_word' id='word_1_785' title='bbox 1216 2807 1335 2835; x_wconf 79' lang='lat' dir='ltr'><strong>Laouico</strong></span> <span class='ocrx_word' id='word_1_786' title='bbox 1351 2806 1509 2838; x_wconf 84' lang='lat' dir='ltr'><strong>Satnaehia.</strong></span> <span class='ocrx_word' id='word_1_787' title='bbox 1525 2804 1707 2840; x_wconf 78' lang='lat' dir='ltr'><strong>Spandugino</strong></span> <span class='ocrx_word' id='word_1_788' title='bbox 1723 2802 1895 2831; x_wconf 75' lang='lat' dir='ltr'><strong>Sumachics,</strong></span> 
     </span>
    </p>
   </div>
   <div class='ocr_carea' id='block_1_118' title="bbox 1107 2848 1898 2890">
    <p class='ocr_par' dir='ltr' id='par_1_118' title="bbox 1107 2848 1898 2890">
     <span class='ocr_line' id='line_1_118' title="bbox 1107 2848 1898 2890; baseline -0.014 -7"><span class='ocrx_word' id='word_1_789' title='bbox 1107 2855 1261 2890; x_wconf 77' lang='lat' dir='ltr'><strong>appellatur</strong></span> <span class='ocrx_word' id='word_1_790' title='bbox 1275 2863 1281 2879; x_wconf 88' lang='lat'><strong>:</strong></span> <span class='ocrx_word' id='word_1_791' title='bbox 1299 2853 1366 2880; x_wconf 86' lang='lat' dir='ltr'><strong>tanti</strong></span> <span class='ocrx_word' id='word_1_792' title='bbox 1381 2853 1493 2887; x_wconf 81' lang='lat' dir='ltr'><strong>quidem</strong></span> <span class='ocrx_word' id='word_1_793' title='bbox 1523 2851 1674 2882; x_wconf 77' lang='lat' dir='ltr'><strong>utoutotlti,</strong></span> <span class='ocrx_word' id='word_1_794' title='bbox 1689 2854 1720 2877; x_wconf 89' lang='lat' dir='ltr'><strong>ut</strong></span> <span class='ocrx_word' id='word_1_795' title='bbox 1736 2857 1809 2877; x_wconf 82' lang='lat' dir='ltr'><strong>anno</strong></span> <span class='ocrx_word' id='word_1_796' title='bbox 1823 2848 1898 2874; x_wconf 76' lang='lat' dir='ltr'><strong>(Zhri-</strong></span> 
     </span>
    </p>
   </div>
   <div class='ocr_carea' id='block_1_119' title="bbox 1107 2895 1894 2935">
    <p class='ocr_par' dir='ltr' id='par_1_119' title="bbox 1107 2895 1894 2935">
     <span class='ocr_line' id='line_1_119' title="bbox 1107 2895 1894 2935; baseline -0.013 -6"><span class='ocrx_word' id='word_1_797' title='bbox 1107 2903 1199 2929; x_wconf 60' lang='lat' dir='ltr'><strong>sneno</strong></span> <span class='ocrx_word' id='word_1_798' title='bbox 1228 2899 1295 2928; x_wconf 72' lang='lat'><strong>1583</strong></span> <span class='ocrx_word' id='word_1_799' title='bbox 1316 2900 1339 2927; x_wconf 90' lang='lat' dir='ltr'><strong>ei</strong></span> <span class='ocrx_word' id='word_1_800' title='bbox 1364 2904 1450 2935; x_wconf 75' lang='lat' dir='ltr'><strong>capta:</strong></span> <span class='ocrx_word' id='word_1_801' title='bbox 1484 2898 1679 2933; x_wconf 59' lang='lat' dir='ltr'><strong>hcglcrbmmu</strong></span> <span class='ocrx_word' id='word_1_802' title='bbox 1703 2895 1894 2924; x_wconf 74' lang='lat' dir='ltr'><strong>Osmanbassa</strong></span> 
     </span>
    </p>
   </div>
  </div>
