1963 3067
112 146 156 180 861

667 146 713 176 PA
721 145 874 177 NDECTE
900 145 1008 176 HiST.
1042 146 1199 178 'IUliClC.

1670 140 1728 173 862

112 205 265 242 pralcccril.
293 205 362 232 Hinc
385 204 474 239 cepiis
507 211 563 232 non
591 211 688 239 parum
722 203 849 231 adsuctis
864 205 892 230 et
905 203 930 233 Δ
944 212 1029 239 supra
1046 209 1174 232 notatum
1193 204 1283 239 capite
1304 202 1332 230 ἓ.
1347 202 1472 230 Scachus
1483 202 1567 238 igitur
1583 200 1674 229 lsmait
1692 201 1728 228 ab

112 251 572 283 instructis,Tebrisiutn,extimam
600 251 745 278 Persarum
772 249 889 283 regiam,

111 306 166 326 sese
184 297 306 330 confert,
320 304 448 331 eamque,
460 303 591 330 superan
608 304 670 331 rege
687 296 802 324 Alvante
812 314 819 327 ,
833 295 891 323 stti-

112 345 165 373 tani
183 344 292 380 lacupis
312 343 368 371 lilio
380 348 406 371 et
420 343 700 378 successore,victor
721 343 748 370 in
772 345 891 377 potesta-

111 395 160 420 tem
173 391 277 426 redigit.
295 389 398 417 iterum
414 397 477 416 cum
495 389 613 416 Alvante
626 395 806 422 congressus,
834 394 888 414 non

111 437 183 466 modo
196 436 321 471 superior
338 435 451 468 evadit,
480 443 575 462 verum
595 435 680 465 etiam
699 434 800 468 ipsum,
826 441 888 461 cum

110 485 237 512 exercitus
267 482 362 516 majori
384 487 480 517 parte.
510 482 640 509 trucidat.
667 481 732 508 inde
756 481 888 507 Muratem

110 528 234 560 Chanem,
250 527 351 563 (Horat
365 527 454 559 Cbau,
471 532 499 554 et
517 527 604 554 Horat
620 526 752 560 beg,aliis
763 526 890 553 nomina-

110 578 169 608 tur,
193 574 348 609 Augustino
370 573 485 602 Curioni
508 579 604 600 nostno
632 572 786 607 Maraberg,
816 572 888 606 quod

109 621 209 657 longius
224 620 258 648 ab
271 620 379 654 origine
392 618 507 654 recedit)
531 619 656 647 Aluantis
671 618 756 646 occisi
777 617 887 645 fratrem

109 671 283 704 persecutus,
300 667 358 701 pari
375 665 558 701 prosperitate
574 669 697 700 superat.
708 664 733 692 Is
750 663 842 692 victus
854 664 889 692 ab

109 714 221 747 lstnaile,
238 713 399 748 Bagad‘atim
415 720 513 740 versus
528 711 647 746 aufugit,
658 711 818 738 hodiernam
834 709 888 738 sci-

109 762 169 789 licet
183 760 360 798 Babylonem,
386 763 499 793 propter
514 757 610 785 ruinas
626 757 724 798 priscae
739 754 888 792 Babylonis

108 808 192 836 sitam.
210 805 305 834 Victor
321 796 417 832 urbem
440 804 534 832 Sciras
545 824 553 837 ,
572 796 714 830 armorum
732 802 824 830 omnis
839 810 888 837 ge-

107 853 178 881 neris
189 852 335 883 ofﬁcinam.
364 858 380 878 a
409 850 537 878 Tebrisio
559 849 655 884 viginti
666 849 773 877 dierum
789 849 887 876 itinere

107 899 249 927 distantem
261 917 269 930 ,
282 904 345 925 cum
362 895 523 924 victricibus
540 895 629 930 copiis
647 895 704 922 adit
715 898 742 921 et
756 899 885 929 occupat.

109 945 267 973 lbidernum
301 943 447 978 insigniter
476 949 557 970 suum
589 942 707 968 armavit
721 941 885 969 exercitum.

106 992 196 1019 Postea
211 990 351 1026 negotium
361 990 386 1017 ei
397 989 448 1016 l‘uit
470 996 532 1016 cum
556 987 606 1016 Ulu
617 988 711 1015 Cbaue
723 987 886 1015 Tatarorttm

106 1038 229 1071 Sicheco,
247 1044 330 1072 quem
351 1036 519 1064 instructum
548 1034 672 1062 exercitu
699 1038 886 1061 trecentorum

106 1083 215 1111 millium
240 1083 363 1118 equitum
376 1101 383 1114 ,
402 1081 512 1117 aggredi
531 1080 626 1115 pra-lio
645 1088 698 1106 non
724 1078 884 1107 dubitavit:

104 1139 157 1166 quo
181 1131 315 1166 singulari
348 1131 452 1157 virtute
479 1129 647 1163 fortunaque
673 1127 761 1154 virtor
787 1127 884 1158 evasit,

104 1177 178 1205 hoste
195 1184 278 1209 casso,
293 1176 334 1204 vel
351 1176 379 1202 in
395 1176 475 1203 turba
493 1174 575 1209 (quod
591 1173 636 1200 alii
650 1173 781 1208 tradunt)
796 1181 810 1199 ει
827 1173 886 1199 suis

103 1230 242 1259 oppresso.
276 1222 476 1256 sutioeatoque.
512 1220 634 1260 Iaudem
652 1219 685 1246 ad
709 1224 747 1246 tet
763 1218 885 1250 illustres

102 1270 134 1298 de
148 1269 272 1305 pluribus
287 1274 382 1304 partas
396 1267 536 1300 victorias,
568 1266 593 1294 is
622 1265 763 1293 felicitatis
779 1265 886 1292 eximiae

101 1316 226 1344 cumulus
252 1314 378 1347 accessit,
404 1319 434 1341 ut
458 1313 593 1340 moriente
612 1313 639 1339 in
663 1311 760 1339 exsilio
779 1310 885 1338 Murate

100 1362 204 1395 Chanc,
219 1361 332 1397 Jacupis
348 1362 415 1394 lilio,
428 1365 456 1388 et
474 1360 571 1388 ultimo
592 1358 712 1392 haeredc,
731 1365 786 1386 non
801 1357 884 1385 modo

99 1407 202 1436 Persici
219 1408 294 1443 regni
311 1407 507 1443 possessione,
523 1406 636 1433 sublatis
653 1406 770 1438 annttlis,
791 1405 884 1440 quieta

99 1455 245 1491 potiretur,
262 1462 359 1482 verum
379 1454 462 1481 etiam
479 1453 588 1481 vicinos
605 1453 739 1487 quosdam
756 1452 882 1487 populos,

97 1509 130 1530 ae
145 1501 296 1536 praisertim
308 1500 504 1535 Bagadatinos,
514 1500 540 1526 in
553 1499 720 1527 deditionem
731 1499 880 1533 acciperet.

942 251 1050 280 amulis
1072 251 1236 284 Osmanicis,
1259 250 1379 285 aliisque
1409 249 1632 282 Mahumetanis,
1653 249 1729 275 velut
1747 271 1755 283 ,

942 301 1040 328 borum
1057 299 1264 335 antesignanus,
1275 303 1329 325 tam
1345 297 1442 332 Sophi,
1453 305 1534 332 quam
1552 297 1629 324 Kisel
1648 297 1727 323 bassa

944 350 1060 374 vocatus
1078 346 1131 373 fuit
1145 354 1153 379 ;
1169 353 1202 373 ac
1213 345 1315 373 mansit
1329 345 1412 373 etiam
1425 343 1496 380 apud
1511 351 1561 370 nos
1575 343 1601 369 in
1617 342 1729 369 hodier-

941 399 1008 420 num
1036 399 1125 427 usque
1157 392 1226 419 diem
1244 398 1344 418 nomen
1369 391 1420 418 hoc
1444 390 1562 425 posteris
1578 390 1677 424 ipsius,
1698 394 1728 416 nt

941 438 1059 474 Sophini
1075 438 1260 473 appellentur.
1273 437 1327 464 Nec
1339 440 1430 464 tamen
1448 437 1477 464 in
1492 443 1523 463 ea
1545 443 1605 462 sum
1621 435 1728 468 opinio-

941 493 975 512 ne
991 492 1054 512 cum
1071 485 1144 516 aliis,
1163 489 1193 511 ιιι
1221 488 1286 511 tunc
1304 483 1423 526 primum
1445 486 1540 510 natum
1562 482 1613 508 hoc
1629 481 1728 516 Sophi-

941 531 1075 558 lariorum
1090 529 1256 557 vocabulum
1273 533 1379 563 putem.
1394 528 1501 563 Quippe
1515 528 1651 555 vetustius
1667 534 1728 554 esse

941 576 1112 611 temporibus
1127 575 1243 603 ismailis
1253 594 1262 608 ,
1275 583 1307 602 ex
1321 574 1473 602 Annalibus
1490 574 1614 602 Turcicis
1631 578 1706 608 paret
1719 582 1726 607 ;

939 623 985 658 qui
1002 627 1134 657 regnante
1145 621 1317 649 Muchemete
1334 621 1426 656 primo
1438 642 1444 654 ,
1466 621 1595 655 Bajazitis
1614 627 1726 654 proavo,

940 668 1089 704 nonaginta
1116 667 1221 696 scilicet
1249 667 1329 694 annis
1368 670 1432 694 ante
1461 665 1639 693 Scachoculis
1656 665 1727 693 sodi-

939 717 1055 747 tionem,
1079 718 1108 742 et
1122 713 1240 741 lsmailis
1259 713 1417 748 imperium,
1447 712 1618 748 Sopbilarius
1633 711 1726 739 itidem

939 761 1121 789 tumultuatos
1134 764 1363 787 commemorant.
1373 759 1470 794 itaque
1485 767 1550 786 vero
1569 763 1610 786 est
1627 758 1727 788 simile,

938 810 1102 838 Scheichem
1119 809 1268 837 Haidarem
1281 816 1336 839 non
1355 810 1418 837 novi
1435 809 1572 843 dogmatis
1587 814 1727 834 auctorem

940 855 1038 888 fuisse,
1072 855 1119 882 sed
1150 855 1272 890 reliquas
1302 855 1394 890 potius
1425 862 1457 881 ex
1489 853 1616 880 incendio
1631 851 1727 881 veteri,

940 902 1074 937 quasique
1100 902 1207 935 sopitas
1230 902 1363 929 hactenus
1395 900 1542 931 scintillas,
1558 900 1649 926 denuo
1667 906 1728 925 sus-

937 949 1039 976 citasse
1050 971 1057 982 ,
1073 955 1245 984 prorsuSqne
1261 947 1345 975 simili
1361 947 1468 974 ratione
1483 945 1618 973 Scachnm
1632 944 1728 971 lsmai-

938 995 990 1022 lem
1020 993 1105 1028 Sophi
1143 1001 1245 1021 nomen
1265 994 1300 1020 ab
1317 993 1438 1021 inimicis
1465 993 1574 1024 tulisse,
1594 993 1727 1025 frequens

937 1046 1016 1068 antea
1034 1040 1160 1074 plebeiis,
1184 1040 1232 1068 sed
1249 1044 1312 1067 ante
1329 1039 1418 1074 ipsum
1434 1039 1501 1066 nulli
1513 1039 1606 1067 datum
1623 1039 1691 1072 regi.

939 1098 999 1126 189.
1013 1097 1065 1130 Qui
1083 1097 1187 1126 ειη-ἰαὶ
1207 1097 1245 1123 vel
1262 1095 1416 1128 Coridschi,
1429 1096 1474 1131 qui
1488 1096 1645 1124 Turcomnni
1659 1095 1726 1124 Pet"

1122 1133 1181 1160 sici.
1201 1132 1364 1166 Supplicium
1380 1131 1564 1159 Scachoculis.

971 1179 1036 1207 Tria
1067 1182 1133 1207 sunt
1161 1179 1234 1214 apud
1263 1179 1361 1206 Persas
1396 1185 1496 1213 genera
1530 1177 1721 1204 militantium.

937 1225 1020 1254 Primi
1035 1230 1171 1253 vocantur
1185 1226 1220 1252 ab
1237 1225 1277 1252 eis
1289 1224 1468 1256 Turcomaui,
1484 1231 1602 1259 quorum
1616 1231 1647 1251 ea
1661 1231 1726 1251 con-

936 1272 1006 1300 ditio
1038 1276 1092 1304 est,
1118 1279 1179 1306 qua:
1192 1271 1359 1298 vasallorum
1377 1271 1448 1306 apud
1465 1279 1526 1303 nos,
1542 1278 1612 1305 quos
1631 1269 1726 1298 lenda-

937 1318 1024 1346 tarios
1050 1316 1229 1352 appellamus.
1248 1316 1280 1344 Et
1306 1321 1369 1344 sunt
1387 1316 1458 1351 apud
1475 1324 1522 1344 eos
1536 1316 1615 1343 fenda
1633 1324 1726 1351 perpe.

937 1369 992 1398 ttra,
1012 1370 1073 1399 quae
1090 1370 1103 1390 a
1118 1363 1280 1398 parentibus
1295 1362 1327 1389 ad
1341 1362 1443 1390 liberos
1455 1367 1481 1390 et
1494 1367 1619 1397 posteros
1633 1362 1727 1389 tlevol-

936 1415 1048 1442 vuntur,
1067 1411 1180 1445 sequius
1209 1417 1240 1436 ac
1274 1407 1372 1436 Turris
1394 1414 1435 1436 est
1460 1408 1487 1435 in
1503 1417 1582 1441 ,usn.
1610 1409 1726 1440 Quintios

935 1457 1018 1492 igitur
1029 1456 1142 1491 hijnssu
1152 1456 1223 1491 regis
1233 1461 1394 1487 evocantur,
1406 1462 1439 1482 eo
1456 1462 1515 1481 cum
1532 1454 1655 1490 equitum
1675 1462 1726 1481 nu-

936 1512 1012 1533 mero
1042 1511 1071 1531 se.
1099 1503 1154 1538 rogi
1175 1503 1287 1535 sistunt,
1318 1510 1398 1537 quem
1431 1502 1564 1528 rationem
1582 1502 1725 1528 feminrum

97 1549 161 1577 Bato
177 1549 211 1576 de
226 1547 345 1576 lsmailis
361 1547 477 1582 Sophini
496 1546 614 1581 origine,
636 1552 823 1579 prospereque
838 1551 883 1572 rc-

940 1552 1072 1579 tdducere
1101 1554 1236 1576 tenentur.
1266 1549 1349 1576 Alteri
1383 1548 1510 1575 dicuntur
1541 1549 1647 1575 Corizri
1680 1548 1723 1574 vel

96 1605 157 1625 rum
173 1603 318 1628 successu,
336 1602 391 1630 quo
406 1594 458 1621 sibi
473 1594 589 1628 suisque
606 1600 720 1626 regnum
738 1591 879 1619 Persicum

94 1642 211 1677 peperit.
226 1644 254 1668 et
265 1638 465 1671 constabilivit,
489 1638 621 1666 hactenus
648 1638 693 1665 hic
717 1639 880 1672 exponenda

94 1689 235 1716 duximus.
261 1686 329 1714 Nam
355 1686 425 1714 bella
448 1685 579 1720 deinceps
592 1692 653 1712 cum
671 1684 880 1717 Osmanidis,ac

94 1733 197 1762 Selimo
223 1732 376 1768 praesertim
402 1734 490 1766 gesta,
518 1737 569 1758 suo
593 1730 654 1757 loco
670 1730 749 1757 nobis
761 1729 882 1757 Annales

93 1780 147 1817 ipsi
160 1780 277 1807 dabunt.
291 1778 333 1806 Ab
342 1777 502 1806 Osmanidis
519 1776 543 1804 ei
557 1775 642 1811 Sophi
653 1779 881 1810 cognomentum,

92 1832 121 1857 et
135 1828 237 1856 Kisclis
266 1828 364 1859 bassae,
394 1833 444 1861 per
472 1824 652 1860 ignominiam
683 1824 734 1850 fuit
750 1823 880 1850 inditum.

92 1875 200 1904 Prioris
226 1874 367 1901 notionem
392 1871 534 1906 attigimus
550 1877 647 1906 supra,
661 1871 749 1905 capite
763 1870 808 1896 8t.
822 1869 881 1896 Non

91 1930 107 1950 a
125 1921 224 1950 (ἕτεεο
238 1919 347 1955 Sophos
365 1916 512 1945 deductum
526 1921 580 1950 est,
591 1917 663 1952 quod
681 1919 771 1943 tamen
787 1915 883 1944 existi-

90 1976 172 1996 mare
187 1967 324 2002 quosdam
337 1965 430 1998 video,
443 1964 489 1999 qui
504 1970 518 1990 a
533 1954 677 1991 Persarum
695 1962 779 1997 Magis
794 1967 820 1990 et
833 1963 884 1989 So-

90 2015 156 2051 pbis
174 2012 380 2048 antiquissimis
401 2015 540 2046 sumptum
556 2017 654 2037 nomen
668 2016 818 2044 usurpasse
832 2008 883 2035 So-

89 2062 197 2098 phinos
215 2060 310 2087 volunt
326 2067 334 2092 ;
360 2058 410 2086 sed
435 2065 450 2084 a
479 2056 576 2091 Sophi,
594 2056 712 2083 Arabica
727 2063 805 2087 voce,
823 2062 883 2090 qua!

90 2110 186 2136 lanam
214 2106 361 2141 signiﬁcat.
392 2104 500 2139 Quippe
527 2111 590 2131 cum
617 2102 826 2132 Malmmetaui.
854 2105 883 2129 et

89 2154 251 2190 pwsertim
267 2151 421 2184 Osmanici,
442 2158 518 2178 more
537 2150 636 2181 veteri,
655 2149 793 2184 tulipanto
810 2149 884 2175 lineo

88 2199 271 2230 subtilissimi
288 2199 380 2233 operis
393 2201 475 2232 caput
487 2198 640 2228 involvam,
654 2203 722 2222 nova
739 2195 815 2222 istaec
831 2194 885 2222 So-

934 1597 1090 1629 Corldschi,
1118 1596 1164 1630 qui
1188 1595 1334 1630 stipendiis
1350 1595 1479 1621 militant.
1503 1594 1535 1620 Et
1551 1595 1603 1620 alia
1620 1595 1723 1628 stipi-u-

934 1644 978 1672 dia
995 1650 1091 1676 reapse
1103 1648 1157 1668 non
1173 1647 1237 1668 sunt
1250 1641 1319 1675 apud
1332 1641 1440 1674 Persas,
1453 1649 1534 1675 quam
1550 1648 1609 1673 quae
1623 1640 1727 1667 Gra’cis

935 1689 1089 1724 σιτηρέσια,
1111 1686 1241 1714 Romanis
1262 1694 1377 1714 annona:
1402 1687 1533 1714 militares
1546 1687 1728 1714 nominaban-

935 1739 1001 1762 tur:
1021 1742 1065 1761 rcs
1091 1734 1222 1760 nimirum
1246 1733 1278 1760 ad
1306 1733 1436 1760 alimenta
1460 1734 1645 1767 pertinentes,
1662 1741 1727 1758 cum

935 1781 1025 1816 equis,
1042 1779 1163 1807 vestibus
1179 1798 1187 1809 .
1204 1779 1308 1810 armis,
1327 1779 1452 1806 tentoriis
1466 1800 1473 1811 ,
1496 1781 1572 1806 caetet
1582 1779 1615 1806 is.
1633 1778 1724 1805 Tcrtii

935 1830 1065 1854 constant
1093 1834 1108 1853 e
1137 1826 1224 1860 copiis
1255 1826 1438 1853 auxiliaribus
1469 1825 1721 1853 confoederatorum

937 1875 1170 1909 iiuitimarurnque
1183 1873 1317 1909 gentium,
1333 1874 1525 1900 Armeniorum
1542 1874 1677 1903 videlicet,
1691 1881 1724 1900 no

936 1920 1156 1961 georgianorum
1177 1930 1183 1948 :
1204 1920 1249 1954 qui
1268 1919 1428 1954 religionem
1456 1919 1641 1946 Christianam
1661 1927 1725 1953 pro-

938 1967 1060 2000 fitentur,
1077 1965 1103 1993 in
1118 1965 1216 1992 Persas
1226 1966 1366 2000 propensi,
1385 1964 1484 1992 Turcis
1499 1964 1605 1991 infesti.
1619 1963 1728 1998 Vulgus

937 2011 1019 2047 igitur
1032 2012 1160 2043 istorum,
1175 2012 1221 2046 qui
1234 2010 1425 2039 Scachoculim
1442 2012 1528 2038 scenti
1543 2011 1652 2044 ducem,
1669 2017 1723 2038 tam

938 2057 1087 2085 crudeliter
1107 2058 1243 2084 hactenus
1267 2059 1383 2091 grassati
1402 2057 1504 2092 passim
1521 2057 1638 2089 fuerant,
1662 2066 1722 2084 sca-

937 2105 1007 2130 chus
1025 2103 1114 2130 ismaii
1131 2111 1180 2130 cett
1193 2104 1329 2137 tnancipia
1345 2103 1571 2130 distrilmitinter
1597 2110 1725 2137 proceres

937 2144 1013 2182 suos,
1038 2157 1093 2184 quo
1118 2150 1229 2177 nomine
1266 2149 1378 2182 sultani,
1413 2149 1532 2182 Chanes,
1558 2149 1725 2176 Turcouiani

939 2194 1032 2224 Persis
1066 2197 1183 2223 veniunt
1199 2205 1206 2224 ι
1233 2197 1323 2232 capite
1344 2204 1409 2224 vero
1423 2197 1621 2224 seditiosorum
1640 2197 1724 2223 truri-

88 2248 277 2284 philariorum
310 2245 406 2280 religio
437 2243 562 2279 praecipit
578 2239 651 2270 inter
667 2242 731 2274 alia,
748 2247 782 2268 ne
802 2245 883 2276 caput
902 2248 924 2276 ο
938 2242 1029 2270 danda
1067 2243 1201 2276 Corizzis,
1228 2244 1281 2271 hoc
1307 2247 1362 2274 est.
1389 2243 1576 2278 stipendiariis
1592 2243 1726 2270 militibus

88 2295 169 2322 fastu
188 2293 308 2328 quodam
324 2291 405 2319 lineis
419 2290 555 2325 ejusmodi
586 2289 672 2324 spiris
694 2293 818 2322 ornetur,
835 2288 884 2315 sed

87 2345 122 2367 ut
147 2343 307 2375 tegumenta
336 2337 458 2372 capitum
475 2343 490 2362 e
504 2336 577 2367 lana,
591 2343 644 2362 non
661 2341 759 2369 magna
779 2342 808 2361 re
826 2341 888 2368 prc-

87 2385 136 2417 lii,
155 2383 351 2413 oculiciantur.
370 2382 406 2410 Et
420 2381 483 2417 quia
500 2381 609 2408 laneum
625 2381 676 2408 hoc
697 2384 885 2415 tegumenlnm

86 2430 205 2466 capitis,
223 2437 277 2463 quo
295 2433 394 2464 pra-ter
409 2429 526 2454 aliorum
555 2426 810 2454 Mahumetanoruln
829 2434 886 2453 Ino-

86 2485 152 2504 rem
171 2477 199 2503 hi
220 2483 293 2503 nunc
313 2479 430 2502 utuntur
447 2495 454 2507 ,
472 2474 558 2508 pliraa
581 2474 661 2500 hath
683 2473 840 2505 duodecim,
858 2477 886 2500 et

86 2524 216 2550 Arabica
238 2530 286 2549 vox
318 2521 450 2554 Enasser,
464 2521 608 2547 duodecim
626 2519 761 2554 Slgltiﬁt'al
779 2520 884 2552 ;etiam

85 2569 172 2596 aliud
190 2576 290 2596 nomen
316 2566 572 2595 Enasseriariorum
595 2566 734 2593 consecuti
761 2571 837 2599 sunt,
854 2574 885 2594 ac

84 2616 112 2643 si
132 2616 232 2644 Grzeco
251 2614 388 2642 vocabulo
403 2614 478 2641 dicas
495 2612 731 2647 Dodecaplychos,
748 2618 796 2639 aut
812 2611 886 2640 Lati-

85 2671 128 2689 nn
158 2661 408 2696 Duodecitnpliccs.
433 2660 502 2687 Cum
529 2659 651 2694 denique
681 2663 789 2693 tegmen
811 2658 885 2693 ejus-

84 2709 169 2736 modi
205 2707 290 2735 rubro
317 2708 451 2734 duntaxat
478 2705 569 2733 colore
586 2706 700 2733 tim-turn
716 2710 822 2740 gestare
839 2712 884 2733 so-

83 2755 183 2786 leant,
200 2752 417 2780 Kiselbassilarti
429 2759 540 2786 quoque
556 2751 622 2779 dicti
639 2757 701 2779 sunt
716 2772 723 2783 ,
740 2752 822 2779 veluti
839 2760 884 2779 ca~

82 2801 150 2836 pita
169 2800 265 2827 rubra.
284 2799 413 2826 Solebant
431 2801 522 2824 autem
541 2803 603 2824 ante
622 2798 679 2825 haec
699 2797 791 2824 vocari
817 2802 884 2824 leut-

81 2854 160 2882 pora
182 2845 271 2873 Persas
285 2845 385 2872 Turcis
401 2843 517 2870 Aicmiui
542 2844 583 2870 vel
605 2843 726 2870 Atetnini
744 2843 825 2879 472
847 2843 882 2870 si-

79 2898 140 2921 cut
158 2897 187 2920 ct
200 2893 258 2928 ipsa
273 2892 347 2928 regio
362 2891 511 2920 Persarum
533 2889 629 2917 iisdem
647 2889 688 2918 est
703 2891 791 2923 Aicm,
805 2891 878 2926 quod

939 2289 1008 2321 suis,
1022 2289 1134 2323 obiecit.
1151 2290 1208 2318 lloc
1223 2291 1411 2321 memorabile,
1424 2290 1496 2324 quod
1514 2290 1582 2324 apud
1600 2289 1724 2324 Sponda-

937 2336 1032 2370 giunm
1053 2335 1162 2370 legitur,
1182 2341 1326 2364 auctorem
1343 2341 1397 2363 tam
1415 2336 1494 2363 findat
1511 2336 1660 2370 tragagdite,
1677 2336 1723 2369 qui

938 2388 968 2408 se
993 2379 1197 2414 Scachoculiui,
1221 2381 1298 2408 velut
1311 2380 1402 2408 scachi
1420 2380 1585 2414 mancipium
1603 2379 1724 2414 appella-

938 2430 1025 2456 verat.
1053 2427 1087 2453 ab
1115 2427 1178 2453 aliis
1202 2434 1268 2454 vero
1294 2427 1452 2454 nominatus
1475 2426 1510 2453 ob
1525 2426 1723 2452 immanitatem

938 2473 1029 2499 fuerat
1059 2472 1151 2500 Scitan
1180 2473 1239 2500 Culi
1252 2494 1259 2504 ,
1276 2473 1334 2500 sive
1351 2473 1460 2501 Salaria:
1476 2473 1652 2507 mancipium,
1667 2474 1724 2499 lan-

937 2519 1021 2546 dabili
1037 2519 1193 2546 severitatis
1213 2519 1344 2554 exemplo
1359 2520 1460 2552 vivum,
1476 2519 1510 2545 de
1528 2521 1664 2546 sententia
1682 2527 1724 2545 re-

937 2567 979 2602 gis
1005 2566 1136 2599 lsmailis,
1164 2565 1192 2593 in
1227 2565 1352 2594 liarnmas
1379 2568 1534 2601 conjectum
1553 2572 1578 2593 et
1597 2570 1723 2593 exustum

937 2613 1035 2640 fuisse.

937 2680 996 2708 190.
1012 2680 1099 2716 Motus
1110 2679 1216 2708 Selimis
1227 2681 1353 2708 adversus
1371 2687 1470 2715 patrem
1490 2682 1648 2716 annzitem.
1660 2683 1723 2709 I’rc~

970 2717 1040 2750 copii
1065 2715 1169 2748 Tatari,
1189 2716 1263 2743 Clum
1281 2717 1464 2750 I’recopiorunr
1483 2715 1600 2744 Polom‘n:
1617 2727 1666 2751 rey-
1680 2726 1722 2743 nm

971 2752 1064 2812 Zmbit,
1095 2751 1223 2787 Beliyrud
1253 2752 1287 2778 ad
1316 2761 1421 2780 untnent
1449 2752 1722 2788 Nestorem,8egnan

988 2795 1058 2813 assa.

971 2843 1133 2878 llcjrcturus
1163 2843 1276 2878 imperio
1306 2849 1409 2878 patrem
1435 2844 1561 2876 SJimcs,
1578 2853 1631 2870 non
1656 2845 1720 2871 'i'ta-

934 2895 1049 2927 pcumte
1068 2899 1116 2926 per
1143 2892 1234 2919 Asiam
1260 2892 1391 2919 minorem
1414 2891 1551 2927 prolectus
1567 2891 1633 2923 fut,
1649 2890 1720 2926 quod
