1963 3067
226 155 280 187 853

826 156 988 187 JOANNIS
1007 155 1244 188 LEUNCLAVII

1797 155 1847 189 865

229 215 352 242 futurum
381 214 496 246 videret.
515 219 545 242 ut
562 223 576 241 a
595 214 740 247 fratribus,
757 215 891 242 Achmete
909 215 1013 243 Corcu-
1026 216 1050 245 Α
1065 214 1152 242 diarc.
1171 215 1272 242 Contra
1296 213 1470 242 Christianos
1500 220 1622 249 pugnare
1650 212 1717 240 vis?
1741 212 1778 240 Do
1801 213 1847 240 tibi

228 265 322 296 teque,
336 262 386 288 hoc
401 263 427 288 in
443 261 539 288 itinere
555 261 735 296 impediretur
748 270 756 294 ;
769 260 816 288 sed
834 261 920 288 Cofcn
931 280 940 294 ,
953 268 1014 295 qua:

228 307 332 335 nostris
354 312 397 334 est
423 307 515 342 Capha
528 327 535 338 ,
551 314 600 334 ceu
620 308 723 334 dictum
743 307 834 341 capite
849 305 918 338 HS,
940 310 1015 333 trans

228 361 303 380 mare
322 352 434 386 Nigrum
465 353 622 388 navigavit;
643 360 697 387 quo
726 353 787 379 loco
816 357 880 378 tunc
907 351 1016 378 Meche-

230 399 309 426 melis
333 398 496 426 Tatarorum
515 399 618 426 Chattis
633 399 714 426 ﬁliam
732 406 786 426 non
800 398 878 425 duxit
890 405 1015 430 uxorem,

230 443 270 470 uti
280 442 423 471 Geufrteus
436 443 558 478 scripsit,
571 451 633 472 cum
645 452 677 471 ex
691 451 723 471 ea
734 443 818 470 ﬁlium
831 443 1015 470 Suleimanem

231 490 283 516 hoc
308 489 369 524 ipso
397 494 519 524 tempore
540 490 730 518 novemdecim
747 491 807 525 plus
823 489 915 517 minus
930 496 1017 517 annos

231 539 336 566 natum,
361 535 474 562 haberet
492 544 498 567 ;
519 535 567 563 sed
597 536 744 562 auxiliares
771 544 785 562 a
811 543 907 564 socero
924 535 1016 570 copias

231 579 402 614 iiupetravit,
429 580 529 615 quibus
556 580 708 608 Mechemct
735 580 924 613 Tataeran,
940 586 1017 616 pater

231 625 316 652 lilium
346 625 482 660 praefecit,
504 626 668 661 Chanoglim
685 627 718 653 ab
738 627 879 654 historicis
899 627 1017 662 appella-

232 677 300 703 tum.
327 672 379 698 hoc
405 676 446 699 est
467 672 570 700 Chanis
593 674 653 701 sive
668 674 742 707 regis
754 673 848 700 Tatari
863 673 962 700 ﬁlium.
982 673 1015 701 Hi

232 725 299 744 νιϊο
315 718 406 744 Tatari
425 720 556 752 peculiari
585 719 768 754 appellatione
792 719 916 755 Procopii
931 720 1017 747 nomi-

234 768 347 795 nantur,
359 772 374 790 a
387 773 454 792 voce
469 764 585 800 Precop,
599 766 771 800 signiﬁcante
788 766 902 794 fossam.
912 766 1018 801 Quippe

235 811 327 837 ductis
351 810 378 836 in
408 810 511 838 lsthmo
527 818 540 836 a
560 811 627 837 mari
645 811 679 838 ad
693 819 767 838 mare
787 811 882 842 fossis,
896 818 910 838 a
930 812 1017 838 conti-

236 855 311 882 nenti
327 855 474 882 Tauricam
487 855 690 884 Chersonesum
709 856 781 883 velut
794 855 955 883 abscindere
967 862 1015 882 co-

235 901 292 927 nati
305 905 380 928 sunt.
397 900 452 933 Qui
469 909 542 928 nunc
556 901 824 936 Brecopiisimperat
834 902 922 933 Chan,
935 909 1022 936 nuper

238 947 272 974 ad
291 947 408 974 Comitia
431 947 626 988 Polonicorum
653 947 794 979 ordinum,
825 947 944 975 creando
959 954 1023 982 rege

238 996 299 1026 post
318 993 421 1019 obitum
438 992 569 1028 Stephani
596 993 668 1028 regis
701 993 802 1020 indicta
815 1013 824 1026 ,
838 1000 903 1020 suos
918 999 945 1020 et
959 993 1018 1027 ipse

239 1038 343 1072 legatos
368 1038 450 1069 misit,
477 1039 523 1073 qui
550 1045 662 1072 regnum
679 1045 729 1066 suo
754 1039 865 1065 nomine
878 1037 1022 1064 ambirent.

241 1082 289 1110 llis
308 1083 334 1109 in
353 1083 488 1111 mandatis
518 1083 629 1111 dederat
644 1104 651 1115 ,
676 1085 794 1118 primum
820 1085 859 1111 uti
876 1084 1023 1119 potentiam

241 1138 318 1157 suam
340 1129 448 1157 [’olonis
469 1130 667 1163 ostenderent,
689 1131 735 1165 qui
762 1130 898 1165 myriadcs
920 1130 1025 1164 aliquot

240 1175 364 1209 equitum
389 1176 447 1202 suis
471 1179 498 1202 et
523 1176 604 1203 terris
627 1180 723 1210 posset
741 1176 773 1202 ad
789 1175 912 1202 Polonia:
930 1174 1025 1202 defen-

243 1221 348 1248 sionem
382 1221 511 1248 educere.
531 1221 634 1249 Deinde
651 1221 766 1256 proponi
779 1221 873 1256 jussit.
889 1219 1023 1255 frugalem

244 1267 386 1294 habituros
402 1274 506 1300 regem,
521 1268 569 1300 qui
587 1268 687 1301 spretis
701 1267 764 1294 aliis
780 1266 949 1301 sumptuosis
959 1273 1027 1301 epu-

243 1313 289 1345 lis,
307 1312 340 1339 ad
371 1321 400 1339 se
413 1313 529 1340 dandam
547 1312 646 1340 famem
661 1313 796 1340 duntaxat
811 1312 940 1348 equinam
954 1312 1026 1346 equi

245 1358 366 1393 bonique
395 1359 486 1386 faciat.
514 1358 593 1392 Quod
615 1359 733 1392 denique
751 1359 910 1394 religionem
928 1358 1027 1386 attine-

245 1407 306 1435 rct;
323 1403 448 1430 Pontifex
463 1404 575 1439 (inquit)
588 1408 663 1436 tuus,
675 1403 800 1431 Pontifex
814 1412 906 1437 meus;
924 1404 1027 1431 Luthe-

246 1457 294 1475 rus
310 1453 386 1480 tuus,
399 1449 538 1476 Lutlterus
556 1457 631 1476 meus
647 1453 718 1477 esto.
731 1449 798 1483 Quae
813 1449 912 1484 legatio
928 1457 1028 1485 magno

246 1502 309 1522 cum
330 1495 386 1522 risu
405 1495 455 1522 fuit
467 1500 593 1530 excepta.
612 1495 665 1522 Sed
683 1495 714 1523 ad
735 1494 863 1523 Selimem
884 1499 914 1523 ut
932 1496 1028 1524 redea-

249 1549 322 1574 mus,
334 1541 356 1569 is
381 1541 472 1576 Capha
502 1541 656 1574 diScedens,
683 1540 783 1569 Chilim
813 1541 890 1575 adiit,
911 1542 945 1570 de
974 1549 1027 1577 qua

249 1587 352 1614 dictum
376 1587 464 1622 capite
495 1587 545 1614 l59
560 1596 567 1620 ;
596 1587 661 1614 hinc
678 1587 849 1623 Beligradum
865 1589 951 1617 venit.
967 1587 1030 1616 Haec

250 1641 316 1661 vero
343 1641 396 1661 non
421 1638 463 1662 cst
486 1633 622 1669 Ungarica
635 1633 748 1662 Nandor
767 1635 839 1668 alba,
854 1635 897 1663 vel
912 1634 1032 1670 Beligra-

250 1679 328 1712 dum,
346 1687 405 1714 quae
431 1680 548 1706 necdum
565 1679 616 1706 hoc
633 1684 756 1714 tempore
772 1679 926 1707 Turcorum
941 1681 968 1707 in
984 1687 1031 1715 po-

251 1729 378 1752 testatem
395 1729 526 1758 venerat,
539 1725 573 1753 ab
600 1724 756 1753 Soleimane
781 1725 911 1760 primum,
921 1725 1031 1753 Selimis

251 1772 316 1804 ﬁlio,
338 1779 434 1799 novem
464 1772 595 1800 decemve
626 1775 688 1807 post
717 1771 796 1798 annis
819 1776 966 1806 occupata;
984 1771 1032 1799 sed

251 1817 297 1845 illa
323 1817 494 1850 Nestcralha,
520 1826 602 1852 quam
634 1817 756 1845 Nestoris
779 1817 812 1844 ad
833 1817 920 1853 amnis
932 1818 1032 1845 ostium

251 1865 333 1891 sitam
350 1864 500 1892 Goreccins
522 1863 652 1891 Polonlcc
667 1863 811 1898 Bialogrod
827 1863 964 1897 indigitat,
993 1863 1032 1889 uti

254 1911 389 1951 prolixius
415 1911 570 1946 crpusitum
598 1910 718 1938 indicato
741 1910 830 1944 capite
844 1909 912 1937 l59.
926 1909 1034 1944 Seguan

253 1957 335 1984 hassa
354 1957 450 1984 Turcis
473 1961 515 1984 est
547 1956 693 1992 praefectus
714 1956 903 1990 iumentorum
927 1963 1035 1990 sagma-

255 2004 387 2031 tariorum
405 2004 432 2031 iu
448 2005 571 2031 exercitu
589 2003 741 2036 maximus,
757 2011 873 2038 quorum
889 2003 1035 2038 aliquoties

254 2048 324 2076 facta
338 2050 394 2085 jam
413 2050 525 2077 mentio.
1037 2055 1056 2060 “

258 2108 319 2134 191.
335 2107 389 2135 Cur
406 2106 566 2134 Sememlrire
595 2106 783 2142 Sangiaralum
799 2106 893 2134 Selimi
912 2106 969 2141 ﬁlio
982 2105 1038 2132 Ba-

529 2142 561 2176 ja
567 2143 628 2168 siles
645 2143 777 2169 obtulerit.

289 2187 390 2220 Causa,
407 2196 455 2215 cur
469 2193 545 2222 pater
562 2187 729 2214 Semendrian.
744 2187 931 2221 sangiacatum
956 2186 1037 2222 473

255 2234 423 2262 concesserit
441 2234 506 2267 ﬁlio,
535 2242 589 2261 non
617 2239 659 2261 cst
682 2235 709 2261 in
728 2234 879 2261 Annalibus
899 2241 1038 2268 expressa.
1057 2231 1076 2258 ι)
1093 2239 1203 2267 ammte
1238 2237 1401 2272 υεςιει-ιιθεο
1443 2235 1556 2264 subditi.

259 2281 392 2308 Nimirum
411 2281 543 2316 impedire
568 2281 695 2308 Selimem
713 2280 836 2311 volebat,
851 2288 882 2307 ne
896 2280 1041 2316 progrede-

255 2331 330 2354 retur
346 2327 472 2358 ulterius.
488 2331 516 2354 et
534 2327 568 2354 ad
581 2325 689 2353 Portam
707 2327 830 2364 veniens,
847 2327 1038 2362 genizarorum

255 2373 362 2400 animos
380 2373 545 2400 ﬂuctuantes
572 2377 599 2399 ct
624 2372 729 2400 alienos
743 2379 758 2398 a
773 2377 859 2406 patre,
882 2379 944 2399 mox
957 2371 991 2399 ad
1010 2378 1040 2399 se

258 2419 429 2447 transferret.
452 2419 524 2447 Usus
540 2419 612 2446 enim
629 2419 719 2446 fuerat
739 2423 830 2446 astute
852 2423 960 2453 captato
972 2425 1040 2452 prte-

257 2470 334 2492 toxtu
364 2460 436 2493 ﬁlius
466 2466 498 2492 ad
525 2465 694 2500 palliandum
719 2465 771 2492 hoc
796 2465 846 2491 iter
862 2472 954 2496 suum,
967 2464 1040 2498 quod

258 2509 323 2536 hinc
347 2508 411 2536 inde
424 2510 590 2544 publicarat.
608 2509 683 2537 adire
701 2517 730 2536 se
746 2513 862 2544 patrem,
877 2509 936 2544 ejus
956 2509 1040 2535 hono-

258 2553 335 2580 randi
364 2561 458 2588 causa,
480 2555 553 2590 quod
575 2553 658 2582 Turci
677 2562 787 2590 quoque
802 2559 902 2582 vocant
921 2553 1042 2581 osculari

260 2608 397 2632 manum;
430 2601 546 2637 indeque
579 2610 642 2630 mox
680 2610 756 2630 arma
785 2609 983 2630 conversurum
1014 2601 1040 2628 in

257 2644 444 2678 Christianos,
467 2647 615 2680 pmsertim
636 2647 774 2682 Ungaros.
804 2645 831 2673 Id
857 2653 921 2673 vero
938 2645 1041 2680 plausi-

260 2690 314 2717 bile
337 2689 458 2718 futurum
482 2696 542 2718 erat
559 2692 629 2727 apud
647 2694 803 2727 genizaros,
820 2696 848 2719 ct
865 2691 933 2718 alios
951 2691 1040 2719 Porta!

261 2735 374 2769 milites,
391 2736 437 2771 qui
454 2744 517 2764 mox
535 2737 641 2771 Sclimi,
656 2746 704 2765 ceu
720 2738 886 2772 propagandi
907 2738 981 2771 regni
995 2746 1042 2764 cu-

262 2782 336 2816 pido,
363 2789 393 2810 se
408 2787 480 2811 totos
498 2783 567 2810 haud
581 2783 664 2811 dubie
679 2783 767 2810 daturi
784 2787 873 2810 erant.
888 2783 981 2818 Itaque
993 2783 1043 2811 Se-

265 2827 416 2855 mcndriam
433 2829 458 2856 ei
477 2832 554 2864 pater
566 2829 655 2862 oll‘crt,
673 2828 788 2864 Ungaris
802 2830 965 2864 proximam,
979 2837 1047 2863 qua-

266 2873 289 2900 si
310 2873 331 2900 si
348 2873 451 2903 diceret
468 2885 475 2906 ;
492 2874 550 2903 Non
578 2880 641 2909 est,
663 2875 735 2911 qtlod
757 2875 790 2903 ad
808 2880 915 2911 portam
932 2882 1030 2910 progrc

1070 261 1187 288 vicinam
1213 260 1329 296 Ungaris
1355 259 1557 288 Semendriam.
1587 259 1637 286 llic
1663 258 1849 291 Rhodus,hic

1069 307 1152 334 salta.
1175 305 1282 333 Dictum
1299 313 1363 332 vero
1382 305 1509 340 superius
1523 305 1556 332 de
1572 304 1747 335 Semendria,
1764 305 1850 337 capite

1069 351 1250 386 nonagesimo
1259 358 1342 378 nono.
1355 350 1481 378 Perrexit
1497 350 1559 377 inde
1575 349 1709 384 Zagoram
1725 348 1848 380 Selimes,

1069 405 1151 432 quam
1179 399 1272 433 capite
1296 398 1435 425 tricesimo
1450 398 1530 424 tertio
1546 397 1665 424 diximus
1682 396 1850 430 sexagesimo

1069 445 1104 472 ab
1131 444 1328 479 Hadrianopoli
1345 443 1448 471 distare
1461 443 1591 470 milliario
1607 442 1711 470 Graeco.
1727 442 1776 469 Hic
1790 449 1849 468 eum

1071 491 1251 526 Malcozoglis
1263 511 1270 522 ,
1288 495 1317 518 et
1338 491 1382 518 alii
1397 490 1508 525 quidam
1524 489 1662 521 adierunt,
1677 488 1788 516 excitati
1808 495 1852 514 ru-

1072 545 1148 565 more
1164 546 1212 574 per
1227 539 1317 572 ipsum
1331 545 1429 573 sparso
1439 558 1447 570 ,
1464 537 1498 564 de
1515 537 1585 564 bello
1600 535 1763 564 Christianis
1782 534 1851 561 infei

1069 585 1168 615 rendo.
1181 591 1314 618 suamque
1324 584 1420 610 Selimi
1430 590 1541 618 operam
1559 582 1727 609 obtulerunt.
1745 579 1770 608 Is
1787 587 1852 607 vero

1072 633 1192 657 secretas
1222 632 1252 655 ut
1276 628 1361 655 animi
1391 628 1432 655 sui
1461 627 1644 662 cogitationes
1672 625 1799 653 nonnihil
1814 625 1855 652 eis

1071 675 1201 710 aperiret,
1219 679 1296 709 grata
1309 674 1360 701 sibi
1373 673 1515 709 respondit
1532 673 1655 707 ipsorum
1668 679 1730 699 esse
1752 672 1855 698 studia.

1072 721 1214 756 Siquidem
1229 721 1262 747 ad
1276 720 1422 754 imperium
1437 719 1617 754 pervenisset,
1631 726 1685 745 non
1699 717 1780 744 modo
1789 717 1856 744 ﬁnes

1070 757 1299 800 Osmanici'regni
1329 765 1524 799 prolataturum
1537 782 1545 796 ,
1565 771 1658 790 verum
1682 762 1755 797 ipsos
1776 762 1856 788 etiam

1071 813 1214 840 universos
1231 800 1356 838 maximis
1364 811 1506 838 beaturum
1521 809 1697 844 dignitatibus
1711 814 1736 835 et
1749 809 1857 843 opibus.

1074 858 1131 885 Hac
1153 857 1260 885 vafritie
1288 856 1340 884 sibi
1373 857 1482 884 animos
1499 862 1595 883 eorum
1614 854 1792 887 conciliabat,
1812 854 1858 888 qui

1040 893 1059 919 Β
1075 903 1224 938 czeteroqui
1252 910 1329 930 more
1358 902 1501 929 hominum
1517 901 1629 928 mallent
1645 900 1780 928 orientem
1796 901 1861 927 ado-

1075 957 1137 977 rare
1152 950 1249 983 solem,
1265 956 1347 983 quam
1364 948 1546 975 occidentem.

1111 1006 1174 1034 192.
1185 1005 1240 1033 Cur
1256 1004 1389 1039 Bajazites
1401 1001 1658 1036 Constantinopolim
1672 1001 1831 1036 properum.

1110 1051 1190 1080 Putat
1218 1059 1249 1078 ea
1279 1052 1313 1078 de
1349 1058 1431 1078 causa
1467 1049 1661 1084 Spanduginus
1693 1046 1862 1081 Bajazitem,

1076 1097 1217 1125 intellecto
1252 1095 1362 1124 Selimis
1377 1095 1505 1128 adventu,
1528 1092 1724 1128 Hatlrianopoli
1753 1091 1861 1122 relicta,

1076 1142 1339 1176 Constantinopolim
1363 1148 1527 1176 properasse
1543 1161 1550 1173 ,
1569 1148 1604 1167 ne
1634 1139 1704 1166 ﬁlius
1728 1137 1865 1173 perceptis

1077 1190 1157 1224 regiis
1175 1188 1323 1221 thesauris,
1347 1195 1417 1222 quos
1434 1187 1522 1221 capite
1548 1186 1600 1213 159
1624 1183 1864 1218 Constantinopoli

1077 1235 1209 1263 cusmdiri
1226 1235 1345 1263 diximus
1363 1234 1390 1261 in
1404 1241 1467 1261 arce
1481 1232 1602 1261 chicula
1616 1231 1657 1260 vel
1670 1231 1864 1266 lleptapyrgio,

1077 1282 1169 1309 nervis
1185 1280 1292 1308 scilicet
1307 1280 1372 1308 belli
1390 1280 1625 1315 gerendarumque
1650 1284 1738 1305 rerum
1761 1276 1867 1310 potitus

1078 1334 1162 1362 regno
1178 1333 1280 1362 patrem
1301 1329 1423 1353 exueret.
1439 1325 1478 1352 Ad
1504 1325 1574 1351 hanc
1588 1330 1697 1350 causam
1721 1321 1827 1349 accedit
1840 1323 1867 1347 et

1079 1374 1137 1405 illa.
1166 1374 1238 1406 quod
1264 1372 1365 1399 amissa
1397 1370 1504 1405 imperii
1532 1370 1605 1402 sede,
1636 1369 1671 1396 de
1696 1368 1755 1396 suis
1783 1367 1867 1395 rebus

1079 1424 1169 1447 actum
1190 1418 1326 1453 Bajazites
1342 1425 1405 1445 esse
1421 1417 1541 1445 videbat.

1081 1477 1132 1504 I93
1167 1475 1252 1502 Locus
1280 1474 1325 1501 ubi
1351 1474 1442 1510 prwlio
1460 1480 1619 1510 congressus
1642 1475 1763 1510 csl__c_um
1776 1474 1870 1510 “putre

1115 1511 1223 1539 Selimes
1237 1530 1245 1540 .
1266 1505 1356 1540 Zorli;
1376 1510 1494 1536 Saranta
1510 1505 1659 1541 VEcolisies,
1686 1505 1752 1533 Kirc
1773 1505 1869 1536 Clisse,

1042 1560 1064 1590 ο
1115 1545 1273 1580 Curabulyc,
1286 1545 1388 1572 Selimis
1407 1552 1498 1579 equus.

1116 1593 1236 1622 Narrant
1264 1592 1384 1620 Annales
1410 1596 1437 1619 et
1462 1591 1520 1623 alii,
1547 1598 1601 1618 non
1626 1589 1719 1625 procul
1743 1595 1758 1615 a
1786 1588 1872 1614 Zorlo

1082 1639 1257 1667 concurrisse
1282 1638 1379 1673 patris,
1409 1638 1456 1672 qui
1485 1637 1602 1672 podagra
1636 1635 1764 1662 laborans
1786 1641 1873 1661 curru

1083 1686 1244 1717 vehebatur,
1268 1688 1295 1712 et
1314 1683 1361 1711 ﬁlii
1382 1684 1487 1718 copias.
1513 1683 1586 1710 Zorli
1613 1689 1678 1709 vero
1703 1680 1803 1708 Turcis
1829 1684 1875 1707 est

1083 1731 1212 1766 oppidum
1241 1733 1319 1757 vetus
1339 1729 1486 1757 Tzurolloe
1510 1728 1552 1755 vel
1571 1726 1720 1759 Tzurulus.
1751 1726 1787 1753 de
1817 1732 1876 1760 quo

1084 1779 1185 1806 dictum
1214 1784 1275 1812 cap.
1307 1775 1354 1803 26.
1381 1775 1475 1803 10vius
1501 1775 1550 1807 ait,
1565 1775 1600 1802 ab
1622 1774 1674 1800 hac
1699 1772 1874 1800 memorabili

1085 1831 1173 1859 pugna
1190 1830 1287 1858 pagum
1303 1822 1388 1854 hunc,
1409 1822 1486 1855 prius
1503 1821 1652 1847 obscurum
1666 1822 1693 1846 et
1709 1817 1873 1853 ignobilem,

1086 1871 1124 1906 (ιιι
1151 1878 1234 1906 supra
1267 1870 1340 1896 dicto
1372 1868 1462 1902 capite
1486 1865 1677 1898 refutavimus)
1695 1871 1794 1892 nomen
1821 1863 1874 1890 ali-

1086 1917 1168 1952 quod,
1195 1920 1223 1943 et
1247 1915 1419 1950 splendorem
1452 1913 1542 1940 fuisse
1563 1914 1752 1939 consecutum.
1784 1908 1876 1943 Span-

1085 1963 1203 1998 duginus
1231 1962 1317 1994 addit,
1337 1960 1462 1988 eumdem
1487 1959 1577 1986 lomttn
1615 1957 1751 1992 pertinere
1775 1961 1876 1982 vchus

1086 2008 1268 2043 Quadraginta
1301 2006 1441 2034 ecclesias.
1481 2005 1508 2032 Ιιι
1536 2005 1617 2032 etiam
1656 2003 1786 2037 oppidum
1830 2008 1876 2029 est

1087 2055 1229 2086 Thracizc,
1254 2060 1328 2080 nunc
1354 2051 1454 2079 Graecis
1486 2051 1603 2078 Saranta
1630 2049 1754 2077 eccliaies
1779 2048 1875 2083 appel-

1087 2103 1171 2130 latum
1188 2100 1281 2135 (prisci
1310 2098 1514 2133 τεσσαράκοντα
1541 2095 1687 2131 ἐκκλησίας
1714 2093 1878 2129 dixissent),

1088 2147 1151 2175 Kirc
1166 2147 1253 2174 Clisse
1275 2145 1385 2176 Turcis.
1412 2143 1507 2171 eodem
1533 2142 1707 2177 signiﬁcato:
1737 2140 1784 2167 ubi
1810 2147 1877 2168 san-

1090 2193 1159 2227 giaci
1184 2190 1363 2219 Kircclicnsis
1380 2190 1460 2218 hodie
1487 2189 1566 2216 scdcs
1591 2192 1644 2221 est,
1660 2187 1790 2215 Rumelia:
1816 2187 1878 2214 sive

1602 2234 1717 2262 Selimes
1758 2233 1879 2267 denique

1093 2286 1185 2321 praelia
1209 2285 1308 2316 victus,
1326 2283 1388 2318 equi
1413 2281 1544 2310 beneﬁcio
1560 2280 1651 2308 salvus
1670 2279 1757 2308 evasit
1773 2287 1780 2306 :
1797 2278 1882 2313 cujus

1093 2334 1115 2359 si
1142 2339 1240 2359 nomen
1266 2331 1349 2359 etiam
1372 2330 1443 2357 scire
1466 2328 1560 2360 refert,
1585 2332 1616 2356 ut
1639 2327 1712 2354 illius
1729 2325 1889 2354 Alexandri,

1093 2377 1253 2412 Buccphali,
1270 2375 1419 2403 notandum
1441 2382 1457 2402 e
1485 2373 1649 2408 Busbequio,
1663 2372 1766 2400 dictum
1791 2371 1884 2399 fuisse

1093 2424 1256 2459 Carahulyc,
1276 2430 1344 2450 voce
1358 2422 1457 2450 nubem
1473 2421 1575 2456 nigram
1588 2419 1771 2455 signiﬁcante.

1092 2471 1153 2498 194.
1177 2470 1284 2498 Selium
1313 2470 1396 2497 victm
1424 2468 1503 2503 Cofen
1527 2467 1642 2502 aufugit,
1672 2465 1758 2499 Midae
1784 2473 1886 2501 pagus,

1360 2503 1505 2530 Nischauzi
1520 2503 1608 2530 bnssa.

1127 2550 1191 2585 Pagi
1207 2549 1300 2585 Migdzc
1315 2556 1415 2576 nomen
1427 2548 1539 2575 annales
1555 2547 1606 2574 soli
1624 2546 1756 2579 referunt,
1774 2546 1886 2573 caeteris

1093 2596 1125 2623 ad
1142 2595 1253 2631 Nigrum
1279 2603 1353 2622 mare
1369 2594 1496 2622 Sclimem
1513 2593 1668 2628 profugisse
1692 2592 1887 2619 narrantibus.

1093 2640 1188 2676 Midga:
1204 2649 1268 2668 vero
1284 2641 1353 2688 qitus
1368 2649 1400 2667 ex
1418 2648 1450 2668 eo
1467 2640 1620 2675 colligitur,
1637 2638 1698 2676 pagi
1714 2638 1889 2670 cmtcroquiu

1090 2688 1187 2722 ignoti,
1206 2691 1233 2714 ct
1246 2683 1381 2721 nus-quant
1400 2687 1510 2721 proditi,
1527 2685 1598 2720 quod
1615 2683 1821 2719 Spanduginus,
1848 2684 1890 2711 ait

1093 2733 1220 2760 Sclimem
1252 2741 1300 2767 pcr
1331 2732 1476 2759 Thraciam
1515 2731 1645 2765 fugiendo
1668 2729 1787 2755 Varnnut
1822 2737 1891 2754 vu—

1095 2787 1153 2812 sus,
1182 2779 1314 2806 Euxinum
1349 2780 1470 2813 pn-tiisso.
1500 2778 1670 2812 Quapropter
1705 2777 1792 2810 Mizlgc
1829 2784 1887 2801 non

1097 2827 1191 2858 procul
1210 2826 1297 2853 aberit
1319 2834 1333 2852 a
1358 2827 1458 2857 Vat-ua,
1486 2826 1518 2852 de
1543 2833 1594 2858 qua
1624 2824 1749 2858 superius
1768 2823 1889 2854 dictum,

1098 2873 1186 2907 capite
1209 2873 1267 2900 115.
1287 2873 1362 2905 Quod
1381 2874 1459 2907 paulo
1477 2876 1536 2907 post
1558 2870 1684 2905 sequitur
1699 2868 1890 2896 (Iadilrstlieri
