1963 3067
73 138 119 169 865

625 134 823 165 PANDECTE
842 133 943 164 IIIST.
959 131 1112 162 TURCIC.

1629 127 1682 158 866

73 201 172 224 nomen.
185 192 351 220 declaratum
367 199 461 226 supra.
473 198 531 226 cap.
549 190 593 218 29.
604 191 751 218 Nisclianzi
765 192 846 219 bassa
861 197 884 221 Α
898 190 1024 218 stimulos
1039 187 1209 221 ambitionis,
1225 186 1330 214 alienos
1343 193 1358 213 a
1375 183 1548 220 professione
1563 183 1686 218 philoso-

73 241 161 268 dicitur
196 239 267 274 apud
294 239 399 266 Turcos
427 239 450 266 is
473 239 519 272 qui
549 239 656 266 litteras
687 246 793 266 omnes.
823 242 849 265 et

72 287 242 314 instrumenta
261 289 398 320 quotquot
426 285 497 320 apud
516 285 626 312 Portam
652 285 845 319 expediuntur,

76 331 212 366 obsignat:
234 332 357 366 adeoque
382 331 450 366 gerit
481 331 613 362 ndicium,
639 331 759 364 supremi
781 337 848 357 can-

72 375 166 403 cellarii
183 376 284 402 nostris
299 376 324 402 in
340 376 410 403 aulis
425 375 513 402 ofﬁcio
532 375 632 403 simile.

71 431 124 460 195.
141 432 269 459 Atr/tmen":
283 432 421 459 ambientis
435 437 460 459 et
472 433 620 459 inpudentia
641 433 778 466 imperium
795 433 846 458 dit-

102 468 169 494 rities
183 476 246 501 erga
270 468 418 501 geiiizaros,
433 467 578 495 crudelitas
605 468 631 494 in
652 468 761 502 legatos.
783 469 848 495 συντ

101 508 166 529 uites
193 503 310 536 [rutrum
328 503 495 536 competitor.

99 558 271 587 Ostendimus
294 560 320 586 in
337 558 548 586 Osinanidarum
576 559 744 594 genealogia.
768 559 848 587 Sina-

69 597 124 632 iieui
143 605 283 636 scachuui,
300 609 326 632 et
341 605 475 632 Allamain
492 605 630 637 seaclium,
651 606 848 640 primogenitos

67 651 187 683 Bajazitis
218 651 299 683 filios,
331 655 395 678 ante
431 656 533 685 patrem
563 652 715 680 exstinctos
744 651 847 680 fuisse:

66 704 174 731 quorum
215 697 308 728 unius,
347 697 460 732 majoris
493 698 600 726 scilicet
630 704 707 731 natu,
735 699 848 726 Sinanis

67 743 162 769 obitum
182 743 330 777 peracerba
353 747 431 778 pater
457 751 489 771 ac
521 744 569 771 diu
597 745 675 771 luxit.
697 744 808 771 Tertius
833 752 849 772 e

66 788 124 814 filiis
136 792 194 815 erat
218 788 377 819 Aebmetes,
403 790 520 817 Amasiaa
537 790 704 824 praefectus;
729 790 776 825 qui
802 798 848 817 ac-

65 837 135 866 cepta
150 838 239 860 motus
266 833 411 861 Selimiani
440 833 511 861 fama
539 842 602 861 cum
621 834 711 862 20000
739 841 843 862 amato-

66 887 120 905 rum
137 887 183 913 per
209 879 301 906 Asiani
329 880 462 907 minorem
494 881 664 913 Scutariuni,
690 890 705 910 e
733 883 846 918 regione

64 924 314 960 Constantinopolis
325 926 421 956 situm.
434 928 590 960 contendit,
623 933 651 956 et
664 929 757 956 audita
769 929 832 964 geni
841 944 848 950 -

65 978 187 998 zarorum
199 971 346 1005 legatione,
367 973 416 1007 qui
432 981 461 1000 se
473 978 638 1008 accepturos
655 974 743 1008 ipsius
761 974 848 1009 impe-

63 1017 130 1044 rium
140 1017 313 1048 nuntiabant.
324 1017 346 1044 si
360 1018 473 1052 majores
484 1026 606 1046 annonas
617 1019 739 1054 polliceri
752 1021 845 1053 vellet,

64 1063 156 1090 durius
170 1063 323 1097 respondit,
335 1064 409 1091 nolle
422 1072 463 1096 se,
474 1064 530 1098 jam
545 1065 717 1100 designatum
733 1073 748 1093 a
766 1071 846 1100 patre

65 1116 261 1142 successorem,
276 1110 310 1136 ab
329 1109 395 1144 ipsis
410 1110 555 1145 imperium
584 1112 672 1146 pretio
699 1112 846 1146 redimere,

64 1156 160 1190 quibus
178 1156 218 1182 vel
236 1156 329 1183 invitis
343 1163 375 1183 eo
389 1157 425 1183 sit
437 1157 588 1191 petiturus.
602 1157 650 1185 llis
667 1159 759 1187 verbis
787 1160 847 1187 aui-

64 1210 121 1230 mos
135 1202 331 1231 Genizarorum
348 1204 381 1232 ah
399 1212 428 1232 se
446 1212 561 1239 prorsus
592 1205 734 1239 alienavit,
748 1212 776 1235 et
794 1208 848 1234 im-

63 1249 292 1283 prudeuszemnlo
304 1249 399 1277 Selimi
428 1251 566 1286 adjunxit.
585 1251 660 1285 Quod
692 1252 738 1279 ubi
769 1258 846 1288 pater

63 1296 303 1327 animadverteret,
321 1297 419 1324 iisdem
456 1298 600 1325 Achemeti
631 1299 847 1327 reconciliandis

63 1341 149 1369 50000
167 1342 441 1374 sultaninorum,ﬁlii
469 1344 588 1376 nomine,
621 1345 757 1378 promisit.
785 1345 848 1372 llaec

61 1387 167 1414 scilicet
183 1387 227 1414 illa
240 1387 323 1423 474
335 1389 453 1422 pecunia
471 1389 535 1422 fuit,
552 1397 634 1424 quant
648 1390 761 1418 annales
773 1391 846 1417 Ach-

62 1437 162 1460 metem
175 1434 245 1467 patri
257 1434 367 1462 misisse
384 1434 519 1462 referunt.
536 1435 606 1463 Hinc
626 1436 718 1463 Asiam
733 1437 757 1463 vi
768 1437 849 1464 suba-

62 1484 159 1507 cturus
171 1480 442 1511 Aelimetes,iiiurtui
471 1480 565 1509 fratris
594 1482 637 1509 sui
668 1482 847 1516 priniogeniti

901 236 958 270 plii,
975 237 1062 264 sensit
1077 245 1084 263 :
1097 235 1169 270 quod
1183 235 1245 270 jure
1255 234 1307 262 sibi
1336 237 1444 268 putaret
1455 232 1602 266 imperium
1638 231 1686 258 dc~

901 281 1028 315 beri,qui
1058 280 1233 307 fuissetante
1260 284 1368 314 patrem
1396 277 1590 311 inauguratus.
1614 275 1684 308 Quid

900 334 990 355 autem
1003 327 1135 359 effecerit,
1148 327 1182 354 ab
1201 325 1268 360 ipsis
1297 323 1453 359 expositum
1472 321 1574 357 legitur
1593 321 1686 348 Anna-

894 375 983 401 .libus.

901 431 961 459 196.
973 430 1064 457 Zecme
1093 430 1188 462 minor,
1205 428 1329 462 Rhegium
1345 427 1398 455 sive
1424 423 1686 462 'Phytovmmjnruet

935 467 1033 498 minus,
1047 459 1225 501 Memmius-get
1238 459 1365 501 Metilius,
1375 462 1493 501 Athyras
1507 460 1613 501 ﬂupiits,
1623 459 1687 492 Gly-

921 508 924 510 ’
935 501 1042 536 Itynero,
1054 506 1142 527 votum
1155 499 1325 529 Soteimanis,
1336 498 1496 531 Athyrarum
1509 498 1686 529 episcopatus.

935 557 1038 585 Nomen
1054 557 1152 584 Zeeme
1167 555 1395 591 signiﬁcationem
1414 554 1442 581 in
1460 553 1553 588 lingua
1567 552 1686 580 Turcica

899 605 1004 632 nullam
1017 605 1108 632 habet.
1141 604 1344 638 Quaproptera
1380 602 1482 629 Graecis
1516 601 1548 627 ad
1579 599 1686 626 Turcos

901 651 975 678 velut
986 651 1170 684 ususcapione
1186 650 1303 684 quadam
1335 647 1494 683 pervenisse
1521 646 1653 678 arbitror,
1668 652 1684 671 a

901 697 1019 732 Zeugma
1038 697 1079 724 vel
1091 697 1223 731 Zeugmin
1237 696 1389 723 derivatum
1404 705 1410 722 :
1433 695 1458 722 id
1473 698 1527 727 est,
1544 701 1558 720 a
1572 693 1686 727 junctu-

901 742 939 769 ris
952 742 1086 776 pontium,
1105 742 1205 775 quibus
1219 741 1359 776 elegantes
1373 741 1428 767 duo
1455 739 1632 774 Propontidis
1646 738 1686 766 si-

902 795 953 815 nus
968 787 1024 814 illic
1039 792 1209 818 sternuntur,
1236 787 1263 813 in
1276 794 1392 821 quorum
1404 786 1521 813 alterunt
1554 785 1591 811 ad
1621 785 1688 812 Zer—

902 841 962 860 ineii
976 834 1109 860 minorem
1123 840 1152 859 se
1166 831 1264 863 ﬂuvius
1276 832 1392 867 Athyras
1403 831 1528 858 effundit.
1549 830 1599 857 Est
1611 830 1686 857 enim

898 879 996 906 Zecme
1015 879 1117 909 minor,
1134 878 1175 904 vel
1203 877 1452 912 comepolichnion,
1468 876 1510 903 vel
1522 875 1682 910 oppidulum

899 925 977 958 illud,
993 925 1087 952 multis
1104 925 1227 952 cinctum
1253 923 1389 951 nicenibus
1402 931 1409 956 ;
1423 923 1468 950 cui
1490 930 1565 950 nunc
1597 922 1684 949 Ponto

899 971 1006 1007 piccolo
1019 978 1117 998 iio:nen
1129 975 1170 998 est
1182 970 1318 1003 Italicum,
1331 978 1346 997 a
1364 970 1464 997 minori
1490 974 1583 1004 ponte.
1603 969 1686 996 Facta

899 1017 951 1045 fuit
968 1018 1028 1053 ejus
1046 1018 1150 1045 mentio
1179 1024 1275 1052 supra,
1317 1017 1408 1052 capite
1437 1017 1568 1044 vicesimo
1597 1021 1685 1043 sexto.

898 1065 989 1092 Minor
1009 1069 1101 1092 autem
1119 1064 1229 1096 Zi-cme,
1260 1065 1334 1092 sicut
1361 1068 1388 1091 et
1424 1071 1494 1098 pons
1523 1063 1624 1094 uiinor,
1651 1062 1685 1089 ad

899 1112 1047 1139 discrimen
1059 1111 1172 1144 majoris
1187 1110 1300 1142 dicitur,
1324 1109 1431 1145 longius
1443 1109 1476 1137 ab
1494 1110 1562 1136 urbe
1590 1115 1687 1136 versus

899 1156 1040 1184 Siliuriam
1055 1157 1194 1185 distantis.
1207 1156 1378 1184 Theodosius
1393 1156 1557 1192 Zygomalas
1567 1156 1688 1190 'putabat

899 1204 1020 1238 antiquis
1033 1203 1203 1238 temporibus
1234 1203 1337 1231 dictum
1370 1203 1454 1231 fuisse
1478 1202 1600 1237 Ῥήγιον,
1629 1203 1688 1230 sive

900 1249 1045 1284 Rhegium,
1062 1250 1150 1284 majus
1165 1254 1192 1276 et
1218 1250 1322 1280 minus,
1338 1254 1365 1277 et
1388 1254 1536 1284 utrumque
1554 1249 1689 1276 Constan-

899 1295 950 1322 tini
967 1294 1057 1329 Magni
1077 1303 1146 1330 opus
1164 1295 1261 1323 fuisse.
1290 1296 1371 1328 Quod
1400 1297 1424 1323 si
1451 1304 1545 1323 verum
1576 1300 1629 1329 est,
1660 1300 1690 1323 ut

899 1342 1024 1376 equidem
1043 1350 1097 1369 non
1114 1342 1220 1375 dubito,
1241 1343 1409 1378 intelligetur
1436 1343 1533 1377 Rhegii
1573 1344 1687 1371 nomine

900 1386 979 1414 Parvi
994 1387 1087 1415 Pontis
1103 1388 1279 1423 oppidulum,
1299 1389 1357 1416 sive
1384 1388 1490 1419 Zecmae
1503 1389 1632 1421 minoris,
1660 1389 1687 1416 in

901 1434 1015 1462 historia
1027 1434 1122 1462 Graeca
1140 1436 1340 1470 manuscripta,
1355 1436 1436 1463 titulo
1452 1441 1574 1468 carente,
1608 1436 1688 1471 cujus

900 1481 989 1508 obiter
1021 1481 1196 1509 meminimus
1221 1482 1309 1517 capite
1333 1483 1450 1515 decimo,
1479 1490 1540 1510 cum
1572 1489 1687 1517 narrat,

63 1525 174 1553 Sinanis
187 1526 256 1553 filios
269 1526 463 1554 Mucheinetcm
477 1532 504 1554 et
531 1527 685 1558 Altidinem,
705 1528 848 1562 Larendre,
862 1535 885 1567 ο
902 1527 1055 1562 imperante
1071 1528 1227 1556 Iustiniano
1238 1528 1338 1563 primo,
1355 1529 1430 1564 gravi
1450 1533 1530 1556 terrae
1546 1534 1620 1558 motu
1635 1537 1688 1557 non

61 1572 232 1599 Caraumuia:
244 1573 354 1607 oppido,
372 1573 406 1600 de
419 1580 473 1607 quo
492 1574 580 1607 capite
599 1573 649 1600 167
668 1575 782 1606 dictum,
798 1575 850 1602 ob~

62 1619 135 1646 sedit
148 1622 176 1645 et
190 1618 272 1652 cepit.
291 1618 355 1651 Ejus
371 1620 410 1645 rei
428 1626 512 1646 causa
525 1626 586 1646 cum
604 1619 726 1654 graviter
742 1627 757 1646 a
773 1625 850 1654 patre

61 1673 111 1700 per
123 1666 228 1699 legatos
246 1665 452 1699 objurgaretiir,
470 1665 614 1700 legationis
632 1666 782 1700 principem
800 1673 849 1693 ca-

59 1712 118 1747 pite
135 1711 258 1738 truncari
273 1711 368 1745 jussit,
385 1711 491 1738 caeteris
505 1719 585 1738 nares
609 1717 635 1739 et
654 1719 736 1739 aures
752 1712 848 1746 praeci-

59 1758 112 1785 dit.
129 1756 156 1784 Id
178 1757 284 1784 facinus
300 1757 424 1783 omnium
439 1757 500 1784 odia
511 1758 624 1784 mirifice
640 1759 668 1784 in
685 1758 847 1785 Achmetem

61 1802 259 1830 acecndit.Ae
291 1802 431 1829 videamus
460 1803 588 1835 obsecro,
613 1811 674 1838 qua:
703 1811 795 1830 rerum
825 1804 851 1830 id

61 1848 198 1883 temporis
224 1847 351 1876 confusio
381 1848 465 1875 fuerit
493 1849 520 1875 in
549 1848 698 1876 Osnianico
725 1850 851 1884 imperio.

59 1897 183 1929 Quintus
199 1896 296 1922 ordine
320 1895 449 1923 nascendi
469 1896 540 1923 illius
570 1897 711 1930 Bajaziiis,
736 1904 799 1924 raro
825 1898 851 1923 in

59 1942 278 1975 Osnianidarum
295 1941 399 1968 familia
420 1942 546 1977 exemplo
561 1942 670 1970 Selimis
683 1951 714 1970 ex
737 1950 853 1977 utroque

57 1995 179 2026 parente
194 1989 290 2021 frater,
305 1989 438 2016 Corcutes
451 1992 521 2015 erat.
547 1988 667 2020 Quartus
689 1988 761 2014 enim
795 1987 852 2014 lliu-

58 2037 215 2068 clieiiietes,
233 2040 295 2062 ante
311 2035 363 2062 hoc
381 2039 487 2069 tempus
502 2041 516 2060 a
533 2034 668 2068 suspicaci
699 2040 774 2069 patre
790 2042 851 2060 Clltll

58 2081 226 2116 iiicogniius
248 2087 274 2108 et
293 2085 408 2116 patrem,
424 2085 450 2106 et
464 2080 564 2107 fratres
574 2087 638 2107 suos
657 2080 780 2111 adiisset,
797 2088 853 2107 me-

57 2133 88 2156 tu
107 2132 204 2155 motus
224 2127 339 2162 alicujus
355 2127 464 2158 secreti,
479 2134 583 2154 veneno
596 2126 720 2153 sublatus
736 2134 749 2152 e
764 2127 854 2153 int-dio

56 2175 167 2202 fuerat.
185 2174 209 2200 [s
228 2172 372 2204 Corcutcs,
388 2173 524 2200 moriente
537 2181 587 2200 avo
604 2173 777 2200 Mucliemete
811 2181 855 2200 sc-

903 1575 996 1601 urhem
1011 1575 1091 1602 modo
1105 1575 1297 1607 deformatam,
1322 1575 1370 1602 sed
1387 1575 1445 1609 ipsa
1459 1583 1569 1610 quoque
1588 1577 1689 1604 subur-

902 1620 946 1647 bia
959 1628 1020 1647 eum
1046 1619 1150 1655 Ehegio
1177 1621 1309 1648 subversa
1324 1626 1351 1648 et
1380 1621 1482 1648 abolita
1510 1621 1605 1651 fuisse.
1630 1622 1688 1650 Non

903 1666 975 1693 enim
992 1666 1044 1692 alia
1063 1667 1196 1693 suburbia
1222 1666 1480 1701 Constantinopolis
1512 1668 1616 1700 habuit,
1643 1675 1690 1696 aut

903 1710 1003 1738 habere
1027 1712 1124 1745 potuit,
1145 1718 1227 1745 quam
1249 1719 1309 1745 quae
1323 1719 1418 1739 versus
1436 1713 1534 1745 duplex
1552 1714 1602 1740 hoc
1618 1713 1691 1741 Rhe-

903 1757 1109 1791 gium,pontcm
1131 1758 1264 1784 minorem
1290 1761 1318 1784 et
1334 1758 1464 1792 majorem
1484 1759 1688 1793 pertinuerunt,

904 1806 933 1828 ut
952 1803 1087 1838 hodieque
1103 1807 1236 1830 testantur
1265 1803 1447 1831 aedificiorum
1465 1806 1686 1833 suliurbauorum

904 1849 1032 1876 maxime:
1047 1849 1090 1876 vel
1113 1849 1208 1881 ruinie,
1225 1849 1266 1876 vel
1282 1849 1391 1877 rudera.
1403 1850 1514 1878 Graecus
1526 1852 1606 1879 etiam
1621 1854 1689 1880 scri-

904 1895 1100 1930 ptorhistorize
1116 1895 1244 1929 Agniliias
1268 1898 1371 1928 noster,
1392 1895 1462 1923 libro
1490 1897 1588 1932 quinto
1610 1906 1688 1926 men-

904 1942 1006 1969 tionem
1022 1941 1115 1976 Rliegii
1131 1941 1259 1972 facit,in
1285 1941 1470 1977 descriptione
1498 1947 1576 1971 terra!
1599 1950 1690 1973 motus

905 1988 1038 2023 ejusdem,
1057 1989 1101 2014 ubi
1119 1987 1253 2023 Rhegium
1277 1988 1353 2015 addit
1379 1989 1497 2016 ἐπίνειον
1522 1991 1596 2018 urbis
1614 1999 1690 2026 esse,

905 2034 931 2061 id
946 2038 989 2060 est
1004 2033 1132 2068 oppidum
1152 2034 1351 2065 suburbanum,
1379 2035 1450 2068 quod
1470 2037 1617 2065 stationem
1637 2047 1688 2073 pro

906 2079 1021 2107 navibus
1039 2079 1128 2106 habet.
1149 2080 1225 2114 Apud
1238 2080 1506 2115 Cosmograpliorum
1537 2084 1687 2120 principem

906 2125 1040 2153 Ortelium
1053 2133 1086 2153 ex
1105 2125 1238 2160 Procopio
1249 2125 1389 2160 Snidaque
1401 2129 1534 2162 reperitur
1547 2129 1689 2159 Melantias

907 2175 935 2198 et
949 2171 1061 2204 Melitia,
1076 2173 1136 2207 pagi
1152 2179 1249 2200 nomen
1267 2173 1293 2199 in
1315 2171 1444 2206 Thracia,
1460 2178 1568 2202 centum
1584 2176 1690 2205 duobus

55 2222 168 2253 eundo,
186 2222 220 2247 ab
236 2220 332 2247 amicis
351 2220 482 2254 paternis,
509 2220 621 2246 absente
633 2223 720 2254 patre,
736 2220 856 2246 colloca-
871 2215 896 2245 D
910 2217 1007 2244 stadiis
1034 2225 1047 2244 a
1061 2217 1198 2252 Byzantio
1226 2219 1326 2249 dissiti,
1354 2228 1433 2254 quem
1456 2222 1573 2256 Athyras
1602 2225 1689 2252 amnis

56 2273 106 2296 tus
126 2269 155 2294 in
173 2268 276 2302 regium
304 2262 504 2294 fueratSiiliuni
524 2275 530 2292 :
547 2274 580 2293 ne
613 2266 696 2292 frater
725 2265 856 2300 Bajaziiis

56 2315 176 2345 Zeiiies,
195 2314 270 2347 prior
285 2311 478 2348 inauguratus,
490 2312 604 2346 Bajaziii
634 2319 747 2346 regnum
762 2312 856 2345 prati-ia

56 2367 154 2396 peret.
169 2359 334 2387 Advenienti
362 2359 460 2387 deinde
482 2358 756 2396 Constantinopolim
782 2359 854 2393 patri

54 2415 85 2435 ei
102 2407 237 2434 abdicato
251 2406 318 2439 lilio,
335 2406 480 2441 imperium
497 2405 523 2432 in
538 2413 568 2432 se
582 2404 774 2437 transferenti,
793 2412 854 2432 ces-

54 2461 139 2482 serat
166 2459 261 2480 teuero
291 2453 409 2488 quodam
451 2459 545 2479 arnore
583 2452 737 2486 pietateque
766 2456 858 2478 motus

53 2504 200 2529 Corcutcs
217 2510 225 2528 :
243 2508 305 2527 cum
322 2500 374 2527 hoc
390 2499 501 2526 nomine
512 2498 633 2525 vicissim
646 2501 722 2531 pater
736 2497 775 2524 illi
792 2504 857 2532 pr0<

53 2550 203 2580 misisset,
215 2554 245 2574 se
261 2547 395 2572 rationem
420 2545 516 2579 ipsius,
534 2544 561 2570 in
576 2543 771 2571 constituendo
796 2550 857 2569 suc-

53 2602 190 2625 cessore,
207 2601 287 2626 supra
319 2593 390 2620 filios
420 2597 535 2619 caeteros
563 2590 734 2617 habiturum.
763 2589 857 2616 Eidem

53 2642 263 2668 Castainonani
277 2643 338 2672 post
353 2637 500 2668 obtinenti,
515 2636 548 2663 de
571 2642 624 2670 qua
649 2634 751 2661 dictum
768 2635 859 2668 capite

53 2688 105 2719 (ili,
126 2694 143 2713 a
158 2690 246 2712 morte
262 2684 355 2711 fratris
367 2682 546 2710 Mucliemetis
559 2681 730 2716 provinciam
749 2681 859 2715 Magne-

54 2734 134 2761 siam
166 2732 340 2764 attribuerat,
380 2737 435 2756 non
465 2729 564 2763 exigua
598 2728 687 2763 Lycia:
714 2726 858 2762 Cariaeque

56 2785 146 2814 parte
179 2778 337 2805 adauctam.
370 2775 420 2802 llic
443 2782 508 2808 ergo
533 2775 679 2805 Corcntcs,
707 2774 858 2807 czelcroqui

57 2825 169 2852 studiis
194 2823 451 2850 Mahumetanorum
482 2820 692 2855 pliilosopliicis,
720 2825 747 2847 et
771 2819 858 2854 quieti

54 2869 353 2903 deditus,seditioncs
367 2868 506 2895 fraternas
529 2866 716 2900 conspicatus,
749 2870 776 2894 et
799 2865 859 2900 ipse

908 2262 1005 2293 alluai,
1022 2269 1135 2297 prorsus
1154 2263 1205 2290 hoc
1219 2263 1252 2290 de
1280 2263 1377 2290 chme
1405 2265 1446 2292 vel
1473 2264 1559 2294 Ponte
1589 2268 1688 2295 minnri

907 2308 1108 2342 accipiendum,
1125 2316 1139 2335 a
1155 2309 1391 2343 Constantinopoli
1413 2310 1570 2345 quindecim
1591 2313 1690 2340 millia-

912 2355 991 2382 ribus
1008 2354 1110 2382 Graecis
1124 2355 1284 2389 disjuncto;
1319 2363 1379 2390 qum
1406 2364 1420 2382 a
1453 2361 1561 2384 centum
1583 2359 1690 2386 duobus

909 2401 1006 2428 stadiis
1017 2402 1096 2434 nihil,
1113 2407 1159 2428 aut
1174 2409 1268 2436 partim
1303 2401 1412 2429 absunt.
1430 2404 1539 2438 Athyrie
1552 2404 1625 2431 ﬂuvii
1640 2414 1690 2433 no-

909 2455 969 2474 men
987 2447 1067 2474 hiciu
1094 2448 1167 2481 Aqua
1186 2447 1260 2473 dolce
1287 2455 1358 2474 nunc
1376 2447 1448 2475 Italis
1481 2455 1521 2475 est
1547 2454 1691 2483 mutatum,

909 2492 1011 2520 Graecis
1030 2494 1056 2520 in
1076 2493 1230 2528 Glykyuera.
1248 2494 1346 2520 Pontes
1361 2495 1466 2526 ambos,
1487 2501 1537 2521 iam
1549 2495 1691 2530 majort-m,

910 2547 991 2573 quain
1008 2540 1153 2571 minorem,
1173 2539 1336 2566 milliaribus
1355 2540 1448 2566 decem
1474 2541 1508 2567 ab
1523 2549 1552 2568 se
1576 2541 1692 2570 invirem

909 2586 1033 2616 dissitos.
1056 2585 1182 2612 Stillantis
1199 2585 1379 2617 Soleimaues,
1400 2593 1466 2613 ariis
1487 2586 1694 2619 liujusMuratis
1717 2609 1720 2611 -

911 2631 994 2663 tertii,
1008 2631 1126 2657 maximo
1141 2635 1251 2664 sumptu
1279 2631 1374 2657 refecit
1393 2640 1398 2658 :
1418 2632 1496 2664 cujus
1512 2633 1621 2666 quidem
1638 2642 1681 2661 me

911 2677 1044 2703 inorabilc
1057 2682 1148 2704 votum
1164 2677 1225 2709 fuit,
1241 2685 1294 2711 quo
1312 2678 1362 2703 tria
1380 2678 1430 2704 sibi
1446 2679 1560 2706 concedi
1592 2679 1679 2706 divini

911 2728 955 2750 ius
968 2724 1091 2757 optabat,
1108 2728 1136 2749 ut
1155 2728 1216 2749 ante
1240 2727 1354 2749 mortem
1388 2725 1541 2758 perﬁceret.
1558 2725 1692 2758 Primum,

911 2770 1136 2797 instaurationem
1151 2770 1328 2804 aqiiredurtus
1345 2771 1467 2803 maximi,
1494 2778 1574 2805 quem
1595 2771 1628 2797 ab
1645 2780 1694 2797 aii-

911 2823 987 2844 ctore
1003 2815 1155 2849 Valentem,
1176 2822 1224 2843 aut
1245 2815 1445 2848 Valentianum,
1464 2815 1698 2844 uouValentinia-

912 2872 988 2898 num,
1006 2868 1036 2891 ut
1051 2865 1131 2900 vulgo
1150 2863 1288 2899 corruptis
1305 2864 1333 2890 lii
1351 2863 1428 2891 libris
1441 2863 1553 2898 legitur,
1573 2862 1711 2891 historici
