1963 3067
254 139 308 171 807

857 133 1023 165 JUANNIS
1044 132 1281 166 LEUNClJiVil

1828 129 1881 162 868

255 196 384 223 dixerunt
400 201 407 221 :
428 191 530 221 deinde
540 192 639 220 horum
650 192 774 226 pontium
789 191 815 218 iu
831 196 950 226 utroque
977 191 1040 218 sinu
1057 194 1078 221 Α
1093 198 1164 226 quos
1183 190 1287 218 insilirc
1305 189 1371 216 feles
1389 188 1489 218 solent.
1512 187 1620 223 quoties
1645 187 1777 214 alimenta
1805 188 1884 214 statis

256 242 354 271 maris.
374 248 440 268 sane
453 247 536 274 quam
551 239 617 272 lato,
635 238 812 266 refectionem
830 245 837 264 :
852 237 928 265 urbis
959 237 1041 265 deui-

255 295 308 323 que
322 286 486 314 Viennensis
510 284 665 313 Austriacz
693 284 918 318 occupationem.
958 289 1040 317 quam

257 333 382 361 ntasitnis
395 331 503 360 duabus
522 331 745 366 expeditionibus
756 330 790 358 ab
813 337 843 358 se
864 330 965 357 frustra
982 334 1036 356 teu-

257 386 351 412 tatam,
363 386 470 407 summa
484 385 545 406 cum
560 369 748 412 indignatione
766 377 905 404 recordari
925 377 1040 404 solebat.

257 427 360 454 l’rioris
374 426 519 460 utriusque
540 424 595 452 voti
629 423 720 452 factus
741 427 784 451 est
814 429 939 457 compos,
967 422 1043 456 regio

254 482 368 509 prorsus
387 480 470 508 opere
487 480 535 507 per
551 470 652 506 viginti
666 470 727 504 plus
745 468 835 496 minus
849 468 977 496 milliaria
993 469 1042 495 de-

252 522 343 549 ductis
363 521 390 548 in
412 520 506 547 urbem
522 526 554 545 ex
567 518 629 552 ipso
663 516 786 543 Danubio
803 515 925 549 copiosis
953 515 1042 549 aquis,

252 574 280 595 et
305 567 438 595 ambobus
470 566 619 593 exstructis
648 563 779 598 pontibus
799 571 807 589 :
824 561 904 589 tertio
929 560 1042 588 Numen

253 613 421 641 Christianis
439 611 598 647 propitium,
615 617 649 637 ne
674 608 841 644 tyrannisin
864 607 1042 635 intimauer-

254 659 352 686 maniaa
377 658 483 686 viscera
503 660 669 691 penetraret,
691 655 782 682 favere
796 654 895 681 uoluit.
922 654 1043 689 Athyra-

254 713 313 732 rum
326 711 436 740 quoque
454 703 578 730 meminit
597 700 726 736 .episCopi
743 700 799 728 Leo
817 700 932 734 Sapiens
959 699 1041 736 475

253 753 403 784 imperator
420 750 446 776 in
463 748 577 776 Novella
608 747 642 776 de
660 747 779 779 thronis,
800 754 917 781 eumque
931 746 1043 780 subjicit

254 795 424 824 lletaclicnsi
440 793 691 828 metropolitanoin
704 792 832 820 Thracia.
846 790 912 824 Quae
928 792 1040 826 quidem

253 842 354 877 Athyra
373 841 481 868 diversa
499 846 553 866 nou
572 842 637 866 sunt
664 837 699 864 ab
712 837 786 864 hisce
801 836 909 864 duobus
921 836 1041 871 oppidis,

254 872 316 922 quae
330 887 461 914 diximus.
478 885 509 913 Et
533 884 696 920 Zygomalas
725 883 816 918 ἀθυρα
846 883 931 913 dicta,
968 872 1081 910 VelutB

254 933 357 967 ἡπυλα,
372 931 482 959 volebat
496 938 527 958 ex
547 937 580 958 eo
593 930 667 966 quod
694 930 732 957 uti
749 935 825 962 tunc,
839 929 877 956 ita
891 928 1043 963 superiori-

254 979 307 1006 bus
320 977 401 1005 etiam
428 976 550 1007 calentis.
577 975 676 1010 oppida
707 974 813 1002 fuerint
843 974 928 1002 nullis
958 974 1045 1008 portis

255 1025 361 1057 clausa,
377 1031 427 1051 nec
444 1022 582 1051 moenibus
597 1022 697 1051 cincta.
718 1022 805 1057 Vulgo
832 1021 951 1055 denique
963 1020 1041 1049 Gras-

255 1078 350 1098 corutn
368 1070 444 1101 illud,
463 1070 560 1100 πόντθς
579 1069 679 1103 μέγας,
708 1068 771 1100 hoc,
805 1068 904 1098 πόντος
933 1067 1046 1102 μικρὸς,

255 1118 416 1152 appellatur,
436 1122 465 1144 ut
482 1118 562 1151 paulo
588 1115 765 1151 peritioribus
782 1115 894 1150 γέφυρα
924 1114 1043 1150 μεγάλη,

254 1169 282 1192 et
294 1164 404 1200 γέφυρα
419 1163 516 1199 μικρά.

255 1231 317 1259 197.
333 1231 444 1258 Pratum
459 1231 647 1259 Gcnihaxettm.
662 1229 848 1264 geniznrorttm
869 1229 1047 1262 domicilium,

289 1268 421 1295 ext-ultu".
437 1266 574 1292 ιπειώιιυι-
588 1274 613 1290 ιι.
631 1265 702 1301 Loco
724 1271 795 1301 certe
820 1265 960 1301 pascendis
982 1265 1046 1299 feli-

292 1302 349 1333 bus,
359 1310 391 1328 ea:
404 1301 550 1328 Tui-corum
563 1302 685 1326 instituto
694 1300 706 1332 ⁷,
718 1299 815 1327 Cusluc
826 1305 850 1326 cl
862 1299 1049 1332 Ikindi,statte

292 1337 430 1370 pascendis
444 1336 536 1362 iisdem
554 1336 635 1361 Itone.

296 1394 448 1421 Divertisse
464 1392 582 1419 traditur
600 1391 726 1422 Sclimcs,
748 1390 821 1417 haud
844 1390 928 1418 dubie
949 1398 1048 1425 magno

258 1447 320 1467 cum
336 1439 479 1469 comitatu,
496 1438 523 1464 in
541 1438 631 1464 locum
649 1436 735 1468 urbis,
748 1436 782 1463 ab
798 1436 951 1464 Annalibus
963 1437 1048 1463 Geui—

258 1486 329 1513 bare
344 1484 385 1513 vel
401 1484 556 1512 Gcnibacze
575 1483 755 1515 nouiinatum,
778 1483 804 1510 id
819 1486 862 1510 est
879 1483 905 1509 in
937 1483 1046 1510 hortum

260 1539 359 1559 novum
371 1538 379 1562 ;
392 1530 472 1564 cuius
484 1530 510 1556 in
522 1535 610 1564 piata,
627 1529 776 1556 multorum
795 1527 977 1556 tentoriorum
998 1535 1046 1555 ca-

260 1578 332 1612 paci.
353 1576 470 1604 Turcico
500 1583 576 1603 tuore
596 1574 762 1602 commorati
787 1575 841 1602 sub
856 1574 901 1601 dio
928 1579 1045 1608 poterat.

261 1621 335 1649 Idem
355 1628 453 1649 nomen
481 1625 509 1648 et
538 1619 733 1654 Spanduginus
755 1619 896 1647 memoria
917 1619 1047 1655 prodidit.

261 1667 390 1695 Selimeni
415 1666 537 1693 referens
567 1666 714 1701 hospitium
742 1666 849 1700 cepisse
872 1665 988 1697 inloco,
1005 1665 1048 1693 cui

262 1721 361 1740 nomen
383 1713 418 1740 sit
436 1711 593 1743 Janibacza,
619 1718 672 1738 non
701 1712 794 1746 procul
824 1718 838 1737 a
859 1711 1049 1746 genizarorutn

262 1758 414 1786 domicilio.
431 1756 540 1785 Dictum
568 1757 650 1792 paulo
666 1761 740 1789 ante,
773 1756 922 1784 Coi-cutem
940 1764 1050 1792 quoque
1071 1755 1073 1757 ’

260 1804 528 1839 Constantinopolim
544 1804 711 1839 ingressum,
728 1803 799 1830 haud
820 1803 916 1838 procul
933 1811 948 1830 a
961 1803 1050 1830 domi-

261 1851 326 1878 cilio
355 1851 547 1885 genizarorum
575 1850 710 1884 delegisse
725 1850 779 1877 sibi
799 1849 889 1877 locum
909 1849 1020 1884 hospitii
1040 1858 1048 1877 ε

261 1897 334 1933 quod
355 1905 423 1925 sane
439 1904 494 1932 quo
513 1895 616 1924 factum
631 1896 748 1924 consilio
766 1895 859 1929 fuerit,
887 1903 969 1923 nemo
995 1904 1049 1923 non

262 1943 467 1972 animadvertit.
486 1942 543 1971 Hoc
561 1942 752 1978 genisurorum
777 1942 948 1970 domicilium
976 1949 1050 1970 mes-

263 1989 322 2016 δίκε
338 1989 494 2024 proximum
508 1992 562 2021 est,
573 1995 654 2023 quam
672 1988 811 2015 memoria:
825 1988 982 2016 charissimi
998 1988 1050 2016 sibi

262 2035 311 2062 ﬁlii
326 2034 506 2062 Muchemetis
519 2033 690 2062 Soleimaues
705 2035 846 2063 secundus
856 2034 1004 2062 exstruxit.
1026 2033 1051 2062 is

264 2088 345 2110 natus
361 2090 394 2110 ex
416 2081 503 2109 Rossa
522 2081 650 2117 conjuge.
667 2089 716 2108 ccu
738 2082 841 2110 dictum
861 2082 888 2108 in
904 2082 1050 2109 Annalium

263 2129 472 2165 Supplementa,
488 2127 599 2155 Selimis
625 2127 646 2154 ll
662 2127 748 2154 frater
775 2132 839 2154 natu
863 2126 962 2161 major,
980 2126 1051 2154 haud

263 2175 346 2203 dubie
357 2174 429 2210 patri
443 2180 622 2201 successurus
633 2178 703 2205 erat,
714 2173 737 2200 si
751 2178 891 2208 superstes
904 2173 928 2200 ci
945 2173 1051 2200 fuisset.

264 2221 321 2248 Nec
335 2221 400 2247 item
422 2219 517 2255 procul
535 2220 613 2247 abest
629 2227 644 2246 a
667 2219 777 2246 utessita
792 2219 944 2247 Turcorum
965 2220 1051 2254 prima
1067 2221 1094 2251 ι)

263 2265 511 2300 Constantinopoli,
529 2273 612 2300 quam
637 2266 663 2292 iu
691 2266 782 2293 locum
801 2265 867 2293 mdis
891 2270 1050 2293 sanctorum

265 2311 450 2347 apostolorum
470 2311 656 2338 Muchemotes
674 2310 705 2342 Ii.
728 2311 794 2339 urbe
806 2317 898 2346 captu,
917 2311 1050 2339 condidit.

268 2359 357 2393 Ipsum
390 2358 443 2385 hoc
474 2356 618 2384 aedilicium
651 2365 700 2392 pro
733 2358 870 2391 gcuizaris
884 2362 1051 2385 exstructum

265 2404 388 2431 arbitror
399 2403 432 2430 ad
443 2402 625 2430 imitationem
640 2401 739 2429 Vclel‘is
753 2407 807 2428 tam
823 2402 849 2429 in
867 2403 934 2430 urbe
950 2402 1051 2436 prisca,

266 2456 349 2482 quam
368 2455 449 2481 nova,
462 2447 688 2481 praetorianarum
708 2447 861 2474 cohortium
877 2447 1052 2479 escubitorii,

267 2494 341 2529 quod
355 2494 479 2521 historici
494 2492 582 2520 Graeci
601 2492 768 2520 recentiores
784 2492 940 2520 excubitum
959 2497 984 2519 et
1005 2499 1053 2518 ex-

267 2540 359 2567 cubita
392 2539 530 2567 dixerunt.
558 2539 645 2566 Erant
659 2538 732 2566 enim
748 2543 778 2566 ut
789 2539 814 2565 iu
828 2539 894 2566 urbe
908 2539 1003 2569 veteri,
1017 2537 1056 2564 sic

268 2584 350 2612 etiam
366 2583 394 2610 in
411 2591 480 2612 nova
496 2583 734 2615 Constantiniana,
746 2583 899 2611 cohortium
915 2583 1054 2618 praaloria-

271 2638 378 2662 uarutn,
412 2630 512 2664 quibus
545 2628 667 2664 genizari
702 2634 906 2662 successerunt,
937 2630 1056 2662 itemque

269 2676 424 2704 cohortium
437 2676 615 2708 urbanarum,
634 2680 661 2703 et
672 2676 783 2710 vigilum
793 2675 984 2703 excubitoria.
999 2674 1057 2702 Nec

269 2725 359 2752 locum
376 2722 501 2758 equidem
523 2721 687 2750 escubitorii
714 2722 941 2756 praetorianorum
957 2725 1057 2749 Vt'lrl'li

270 2774 404 2797 mutatum
422 2768 552 2801 arbitror,
565 2768 601 2795 ob
628 2768 851 2796 commoditatem
867 2768 960 2801 situs;
976 2774 1056 2802 quem

270 2821 383 2848 norunt,
402 2816 449 2851 qui
469 2813 735 2850 Constantinopolim
762 2814 900 2841 viderunt.
917 2813 987 2842 Sunt
1005 2814 1058 2841 ibi-

270 2862 331 2889 dem
350 2861 420 2889 horti
437 2861 516 2896 longe
530 2859 705 2895 amplissimi,
733 2860 896 2888 circumdati
914 2861 1013 2894 muris,
1030 2860 1057 2887 in

1093 237 1169 265 horis
1186 245 1201 264 a
1221 236 1450 272 praetereuntibus
1468 234 1567 262 Turcis
1586 237 1761 267 exspectant.
1777 233 1891 268 Quippe

1093 285 1146 314 sibi
1166 283 1337 320 persuadent
1353 283 1478 310 homines
1505 279 1692 317 superstitiosi
1709 287 1742 306 ac
1761 278 1884 311 barbari,

1094 339 1124 360 se
1140 332 1234 359 nescio
1259 330 1325 366 quid
1354 330 1425 365 apud
1454 328 1538 356 Deum
1554 325 1706 362 promereri
1729 325 1835 360 gratias.
1862 324 1884 351 si

1093 378 1190 405 brutas
1217 377 1299 405 etiam
1326 376 1354 403 in
1370 376 1537 406 animantes,
1555 373 1633 407 feles,
1662 379 1757 403 canes,
1782 370 1884 406 pisces,

1094 425 1228 456 aviculas,
1244 423 1445 458 eleemosynam
1465 421 1619 449 conferant.
1638 419 1735 454 itaque
1755 418 1883 444 volucres

1094 471 1134 498 eis
1150 477 1250 498 necare
1276 473 1371 504 captas
1397 469 1430 494 ad
1457 467 1560 494 victum
1580 465 1675 498 religio
1702 468 1755 497 est,
1781 470 1885 497 easque

1095 516 1183 551 pretio
1219 514 1310 549 potius
1348 520 1399 540 suo
1427 511 1582 545 redemptas
1616 509 1736 536 libertati
1766 506 1885 534 naturali

1095 562 1246 589 restituunt
1275 568 1282 587 :
1310 558 1437 594 piscibus
1468 555 1624 584 devorando
1656 554 1775 581 frustulu
1808 553 1886 587 partis

1094 607 1251 641 objiciunt:
1268 613 1352 633 canes
1376 608 1403 632 et
1429 603 1496 631 feles
1521 602 1550 630 in
1575 601 1672 637 plateis
1699 598 1827 634 publicis,
1854 598 1885 624 ad

1094 659 1167 680 certa
1180 652 1238 679 loca
1250 651 1384 687 quotidie,
1399 649 1478 678 statis
1487 649 1561 676 horis
1576 647 1708 682 gregatim
1720 645 1886 673 Convenien-

1095 704 1147 732 ιειν
1160 706 1241 734 Pan".
1256 697 1394 727 carnibus.
1405 696 1474 724 cibis
1485 695 1593 723 caeteris
1608 699 1733 729 pascunt.
1746 692 1779 719 Et
1788 692 1887 718 obser-

1095 745 1152 772 vari
1168 752 1183 771 a
1199 743 1299 771 felibus
1314 744 1341 769 in
1355 743 1395 768 liis
1410 742 1476 775 ipsis
1494 741 1583 768 muris
1595 740 1736 766 hortorum
1750 758 1757 770 ,
1778 738 1812 764 de
1828 737 1889 771 qui-

1095 792 1146 820 bus
1162 791 1313 827 loquimur,
1329 790 1412 816 horas
1427 792 1512 816 statas
1527 791 1582 814 tam
1599 784 1720 818 Cusluci,
1745 783 1818 819 quod
1832 790 1887 809 me-

1095 839 1170 868 dium
1184 841 1226 866 est
1240 837 1313 865 inter
1326 840 1453 863 exortum
1482 833 1548 861 solis
1559 836 1587 860 et
1597 831 1738 858 meridiem
1753 828 1888 865 temporis

1097 885 1285 916 intervallum.
1319 890 1401 918 quam
1434 879 1534 910 lkindi,
1564 878 1638 914 quod
1668 876 1812 904 meridiem
1853 875 1888 902 ab

1097 940 1198 960 occasu
1215 931 1285 959 solis
1298 936 1377 964 aequo
1391 927 1479 964 spatio
1497 925 1602 958 dividit,
1618 923 1744 959 equidem
1756 921 1888 956 frequen-

1098 983 1140 1006 ter
1156 978 1219 1006 illac
1235 977 1270 1005 ad
1285 976 1494 1012 patriarchium,
1515 972 1644 1001 visitandi
1657 969 1814 1006 Zygomalaa
1838 976 1888 996 no-

1098 1026 1148 1055 stri
1165 1033 1248 1054 causa
1278 1024 1425 1055 transiens,
1443 1020 1625 1050 animadverti
1643 1028 1650 1047 :
1666 1024 1815 1052 coramque
1834 1016 1888 1043 vidi

1098 1071 1277 1100 mulierculas
1292 1069 1447 1098 humilioris
1467 1072 1590 1100 staturae,
1616 1073 1714 1093 carnes
1739 1071 1829 1095 assas,
1855 1070 1887 1089 ex

1098 1117 1249 1152 opsopoliis
1263 1115 1399 1152 proximis
1427 1118 1545 1148 emptas,
1571 1116 1599 1139 et
1626 1109 1740 1146 perticis
1762 1108 1889 1142 oblongis

1099 1165 1204 1196 aﬂixas,
1216 1164 1315 1191 felibus
1331 1163 1416 1189 hosce
1428 1167 1521 1188 muros
1535 1158 1719 1187 insidentibus
1734 1156 1888 1191 porrigere,

1099 1219 1162 1239 cum
1178 1210 1272 1238 nescio
1298 1209 1364 1245 quid
1383 1208 1558 1243 precularum
1583 1205 1837 1232 admurmurarcnt.
1858 1200 1889 1228 In

1101 1258 1150 1285 hos
1166 1258 1249 1292 igitur
1265 1256 1372 1287 hortos,
1389 1253 1560 1282 excubitorio
1578 1252 1776 1280 Genizarorum
1793 1248 1890 1284 proxi-

1100 1311 1173 1336 mos,
1190 1304 1318 1331 sultauus
1333 1301 1450 1329 Selimes
1463 1299 1584 1327 divertit.

1101 1351 1153 1378 198
1185 1350 1221 1376 De
1237 1349 1378 1382 Mustaplia
1396 1348 1481 1378 bassa.
1500 1345 1637 1382 Bajnzitis_
1655 1345 1817 1371 vezirazeme
1834 1341 1890 1368 Dat--

1208 1385 1300 1419 sagino
1319 1380 1356 1418 gn
1371 1382 1498 1417 Bastangi
1516 1383 1606 1412 bus-sa,
1622 1380 1701 1412 Aigas
1715 1387 1776 1413 agn.

1136 1432 1202 1458 Erat
1217 1432 1261 1458 hic
1275 1430 1433 1464 Mustaphas
1449 1433 1532 1454 natus
1547 1427 1573 1454 in
1603 1426 1671 1453 urbe
1685 1424 1808 1456 Serensi,
1825 1430 1891 1458 pro-

1100 1482 1159 1512 pter
1172 1475 1358 1511 Amphipolim
1375 1475 1439 1507 sita,
1458 1474 1491 1501 de
1507 1473 1606 1508 quibus
1624 1471 1757 1498 ambabus
1782 1469 1891 1497 dictum

1101 1524 1191 1558 capite
1202 1523 1237 1550 45
1253 1527 1278 1550 et
1300 1523 1344 1549 55.
1363 1520 1471 1548 Patrem
1491 1519 1587 1546 habuit
1607 1518 1778 1546 sacerdotem
1803 1515 1893 1542 Chri-

1101 1570 1183 1599 stiani
1200 1570 1269 1597 ritus
1284 1568 1420 1595 Graecum.
1431 1567 1463 1594 Et
1479 1566 1590 1593 (ἐι-προς
1606 1563 1762 1591 sacerdotes
1776 1562 1804 1588 in
1824 1569 1893 1589 cou-

1099 1616 1176 1652 jugio
1194 1616 1285 1643 virere
1301 1622 1381 1642 nemo
1395 1621 1449 1641 non
1474 1611 1560 1639 novit.
1577 1610 1638 1637 Fuit
1653 1610 1696 1637 hic
1726 1609 1893 1643 Mustapbas

1102 1665 1143 1691 vir
1154 1667 1274 1691 astutus.
1291 1660 1459 1692 malitiosus,
1470 1659 1598 1686 vindictae
1609 1663 1702 1686 tenax.
1715 1656 1815 1684 Statim
1830 1661 1894 1691 post

1102 1714 1218 1737 mortem
1234 1708 1363 1742 Bajazitis
1378 1714 1393 1733 a
1409 1707 1518 1733 sullano
1533 1704 1632 1731 Selime
1647 1705 1698 1730 fuit
1714 1703 1894 1735 interiectus,

1102 1756 1141 1783 uti
1159 1763 1214 1787 non
1231 1756 1319 1782 multo
1335 1757 1396 1788 post
1413 1752 1440 1779 in
1459 1751 1612 1779 Annalibus
1636 1749 1772 1784 sequitur.
1797 1747 1894 1776 Jovius

1103 1802 1233 1830 Selimem
1252 1809 1306 1828 non
1325 1799 1408 1834 hujus
1423 1800 1557 1826 duntaxat
1588 1804 1668 1824 usum
1694 1802 1776 1829 opera
1795 1795 1896 1822 scribit

1102 1850 1129 1877 in
1145 1847 1326 1883 opprimendo
1355 1850 1443 1881 patre,
1457 1844 1505 1872 sed
1529 1844 1611 1871 etiam
1629 1841 1824 1878 Ducagiuoglis
1841 1841 1895 1869 Bo-

1102 1897 1208 1931 stangis
1240 1893 1412 1926 basste,sire
1440 1892 1652 1919 hortulanorum
1685 1889 1818 1925 praefecti.
1851 1889 1897 1916 cui

1102 1946 1209 1971 secreto
1225 1941 1340 1969 Selimcs
1369 1947 1418 1975 pro
1437 1938 1557 1975 perﬁdia».
1583 1937 1694 1973 praemio
1709 1936 1792 1963 ﬁliam
1813 1936 1898 1963 nubi—

1103 1990 1155 2018 lem
1172 1990 1298 2024 promisit
1313 1992 1339 2015 et
1350 1987 1442 2020 dedit;
1461 1991 1488 2014 et
1499 1985 1591 2021 Aiacis
1607 1985 1802 2019 genizarorum
1819 1983 1896 2018 Agre,

1103 2036 1175 2072 quod
1190 2035 1272 2063 Tui-ci
1289 2042 1387 2062 nomen
1404 2041 1458 2061 non
1476 2034 1557 2068 Ajax.
1573 2032 1620 2060 sed
1643 2031 1723 2064 Aigas
1737 2030 1897 2057 enuntiarit.

1104 2082 1141 2109 De
1156 2081 1333 2116 Ducaginogli
1349 2080 1429 2114 paulo
1443 2083 1506 2115 post
1517 2079 1636 2110 dicetur,
1652 2077 1744 2112 capite
1758 2076 1823 2103 206.

1105 2127 1165 2155 199.
1185 2127 1241 2154 Cur
1256 2127 1427 2153 Dimotucunt
1440 2125 1557 2152 secedere
1573 2123 1720 2158 Bajasitrs,
1732 2122 1844 2156 imperio
1858 2123 1900 2149 di-

1140 2164 1218 2190 misso
1244 2162 1365 2189 valuerit.
1391 2159 1576 2194 lnaugurandt‘
1599 2158 1699 2185 sultani
1726 2161 1896 2194 “cremantia.

1141 2198 1336 2232 Imperatorum
1366 2192 1484 2230 insignia
1501 2196 1554 2232 ruet
1583 2194 1713 2232 symbolg.
1743 2192 1897 2220 σοι-σιωπαί

1141 2227 1251 2261 alterius
1283 2227 1450 2266 imperatoris
1482 2231 1550 2256 ritus
1580 2227 1649 2266 apud
1677 2227 1900 2266 ercas,p_t;wri

1139 2268 1286 2302 superstite.
1299 2263 1568 2301 Πιιρακοιμώμενοι.
1580 2263 1813 2302 Sc_aran_tqngium,
1829 2263 1897 2290 Tzo~

1139 2298 1246 2335 Ita'durr',
1263 2298 1375 2337 ἄμϐωὶπ
1397 2298 1590 2334 Atat-uitiator.
1607 2298 1733 2326 Tsaukia.

1141 2350 1316 2377 Dimotucum
1333 2355 1349 2375 a
1364 2346 1464 2374 Turcis
1478 2345 1572 2374 vocari
1583 2345 1732 2378 civitatem,
1745 2352 1807 2379 qua:
1823 2344 1903 2372 Grae-

1107 2395 1148 2424 cis
1163 2394 1374 2430 Didymotichon
1388 2393 1513 2424 dicatur:
1525 2391 1677 2419 indicatum
1693 2399 1789 2426 supra,
1807 2391 1903 2426 capite

1106 2443 1151 2476 28,
1168 2441 1309 2470 nonnullis
1327 2440 1428 2468 ibidem
1450 2439 1566 2474 adjectis
1581 2437 1616 2466 ad
1638 2438 1709 2466 hanc
1724 2445 1787 2473 quae
1812 2439 1903 2473 perti-

1108 2495 1185 2519 nent.
1200 2489 1295 2517 Voluit
1312 2493 1403 2516 autem
1419 2495 1452 2516 eo
1468 2495 1498 2516 se
1513 2488 1640 2515 conferte
1654 2485 1803 2521 Bajazites,
1818 2486 1901 2514 abdi-

1108 2541 1170 2565 cato
1187 2536 1313 2571 imperio,
1330 2534 1404 2569 quod
1421 2534 1481 2568 ejus
1495 2537 1568 2561 esset
1585 2532 1685 2568 patria.
1696 2532 1803 2567 Quippe
1817 2537 1903 2560 natus

1107 2583 1190 2620 476
1204 2583 1260 2616 illic
1287 2581 1387 2610 fuerat.
1407 2581 1440 2609 Et
1471 2587 1551 2608 nemo
1579 2586 1634 2607 non
1651 2579 1761 2606 occulto
1778 2579 1901 2613 quodam

1109 2630 1240 2658 instinctu
1263 2633 1370 2656 natura
1395 2627 1547 2655 delectatur
1565 2626 1599 2654 iis
1619 2625 1758 2661 praecipue
1774 2625 1860 2660 locis,
1875 2627 1902 2653 in

1110 2677 1208 2711 quibus
1221 2675 1371 2703 exsiStendi
1389 2673 1547 2710 principum
1564 2673 1673 2700 habuit.
1685 2673 1722 2700 Ea
1740 2680 1856 2708 quoque
1869 2674 1904 2700 de

1110 2730 1194 2750 causa
1223 2722 1369 2757 Bajazites.
1398 2729 1462 2748 cum
1488 2725 1552 2748 ante
1578 2720 1741 2752 triennium,
1775 2720 1905 2747 videlicet

1110 2776 1182 2796 anno
1205 2768 1364 2795 Christiano
1392 2767 1471 2799 1509,
1486 2773 1565 2794 terra:
1582 2771 1673 2793 motus
1698 2765 1854 2798 horribilis,
1870 2766 1905 2794 de

1112 2821 1167 2849 quo
1187 2813 1267 2848 paulo
1292 2818 1355 2841 ante
1379 2814 1507 2848 legimus,
1528 2813 1555 2839 in
1575 2812 1618 2840 his
1644 2812 1809 2840 Annalibus.
1830 2812 1906 2839 Con-

1112 2860 1318 2894 stantinopolim
1334 2864 1359 2888 et
1380 2859 1601 2894 Didymotichum
1619 2865 1688 2894 pene
1709 2863 1783 2887 totas
1800 2859 1892 2887 diruis
