1963 3067
86 127 134 158 869

643 123 841 154 PANDECTE
862 122 967 156 HIST.
987 122 1133 158 TURCIC,

1654 114 1707 149 870

87 189 215 210 sctzuon
243 180 511 214 Constantinopolim
538 179 619 206 modo
645 179 751 211 reiecit,
769 179 1000 212 verumAsitus,
1035 184 1062 206 ct
1095 177 1199 205 tribuni
1233 176 1342 210 plebis.
1373 182 1425 202 uua
1454 182 1515 202 cum
1549 174 1706 202 tribulibus.

87 230 162 256 etiam
180 228 274 255 decem
291 227 467 259 sarchorum,
486 226 513 253 id
538 232 580 253 est
596 226 830 253 mcrccuariorum
842 228 870 252 et

87 275 207 309 opilicum
226 274 320 306 millia,
339 273 557 308 Didyiuoticlium
588 273 662 300 misit
680 279 688 298 :
703 272 750 306 qui
775 271 871 306 patria)

87 320 254 347 sua-.mmnia
282 319 492 354 coliapsa,cum
518 317 640 346 aediﬁciis
670 317 868 348 instaurarent,

87 367 120 393 uti
147 365 343 401 Spandugiuus
375 365 515 392 memoriae
546 363 678 399 prodidit.
691 363 751 397 Quo
777 369 869 391 autem

86 414 134 441 ritu
154 413 255 440 stillanti
272 412 427 439 Osmauidte
444 411 559 438 mortuis
573 411 709 445 patribus,
723 411 868 444 imperium

86 460 216 493 auspicari
231 458 349 488 soleant.
379 457 534 491 expositum
549 458 574 483 in
600 457 794 491 Supplemento
811 456 868 482 An-

86 505 180 531 nalium
196 509 301 534 nostro.
327 504 360 530 ad
381 511 484 530 autituu
507 503 693 530 Christianum
713 503 791 530 1566.
819 502 869 529 Hic

84 553 180 587 quibus
205 551 378 578 caeremoniis
416 553 561 584 superstes
593 554 671 584 pater
701 549 788 577 ﬁlium
816 550 867 576 sibi

85 598 266 626 substituent,
291 597 439 623 indicatur.
467 596 574 630 Quippe
607 596 662 622 ﬁlio
688 596 760 623 tradi
784 597 868 623 cistas

82 643 167 678 jussit.
186 642 288 677 quibus
305 643 475 676 imperatorii
496 642 620 669 thesauri
642 643 866 670 continebantur.

83 687 178 714 Eorum
198 695 261 714 vero
278 687 389 714 nomine
406 694 459 714 non
475 687 512 714 illi
542 687 666 716 veniunt.
682 695 753 721 quos
769 687 868 714 adver-

84 734 135 761 sari
150 734 272 760 diximus
291 733 317 759 iu
333 732 455 760 chicnla
474 743 482 761 :
498 734 545 761 sed
559 742 618 768 quis
632 733 718 760 Graeci
734 733 869 761 vocabant

83 779 267 814 imperatoria,
278 779 318 806 vel
327 779 468 814 κειμήλια..
479 779 520 806 vel
537 779 672 814 ἐπίσημα,
682 779 723 806 vel
733 779 866 814 σύμϐολα.

83 824 126 853 Sic
140 825 252 852 Gracia:
266 830 367 860 praetor
384 826 432 858 ait,
456 825 565 854 venisse
577 831 655 860 capta
676 827 867 854 Constantino-

83 871 133 906 poli
163 871 320 900 Graecorum
356 872 382 899 in
417 879 515 900 manus
537 871 713 906 imperatoria
740 872 865 900 Balduini

82 919 194 946 secundi
209 919 341 954 symbols.
359 926 420 954 quae
433 920 542 953 quidem
559 919 616 946 hicc
632 919 733 947 fuerint
748 928 755 946 :
770 920 868 955 Calyp-

82 970 132 996 tra,
146 963 239 992 forma:
252 963 358 993 Latinis
374 965 486 993 usitata)
497 965 622 1000 (Latinos
635 966 720 993 Graeci
733 966 867 993 vocabam

81 1010 194 1045 populos
212 1010 244 1036 ad
268 1010 411 1044 imperimu
439 1010 531 1037 Roma:
558 1011 659 1038 veteris
686 1012 866 1045 pertinentes,

81 1061 142 1082 cum
158 1054 212 1082 sibi
237 1055 423 1082 Romanorum
443 1056 655 1091 appellationem
683 1058 865 1092 arrogarent),

82 1106 107 1128 et
120 1100 266 1128 uniunibus
293 1101 426 1129 distincta
451 1109 513 1129 cum
536 1101 629 1137 lapillo
661 1102 738 1129 rubri
766 1103 867 1130 coloris

82 1145 109 1172 in
126 1147 228 1174 vertice
243 1146 341 1180 capitis
357 1155 364 1173 :
380 1147 576 1179 calceameuta,
589 1154 672 1175 cocco
693 1147 776 1175 tincta
790 1146 868 1181 :‘gla-

82 1191 142 1221 dius
153 1191 250 1228 vagina
260 1191 293 1221 de
305 1193 426 1222 coccinei
441 1192 544 1221 coloris
556 1193 647 1221 serico
667 1193 752 1224 facta,
780 1194 850 1221 vesti
860 1208 868 1215 ς

84 1242 137 1266 tus.
153 1237 221 1267 Inde
233 1242 340 1273 patrem
357 1237 474 1266 Selitnes
490 1238 567 1272 adiit,
595 1239 676 1273 eique
701 1247 823 1272 illituum,
841 1244 869 1267 ιιι

81 1282 228 1311 Annalium
244 1283 330 1316 liber;
346 1283 439 1318 pedes,
452 1288 481 1310 ut
493 1283 588 1311 Jovius
604 1288 708 1326 narrat,
723 1285 867 1312 osculatus

81 1330 221 1360 est.ldem
236 1330 312 1358 addit
339 1330 392 1358 hoc
408 1330 444 1358 ab
470 1337 503 1357 eo
532 1331 632 1357 factum
664 1331 793 1362 maxima.
821 1331 867 1358 sed

81 1375 208 1405 simulata
223 1383 286 1403 cum
303 1376 506 1404 submissione:
522 1384 583 1404 cum
602 1378 763 1405 temeritatis
779 1378 868 1409 obiter

81 1429 138 1449 sua:
154 1422 261 1450 veniam
281 1428 416 1456 posceret.
433 1422 494 1450 Mox
504 1423 527 1450 ci
543 1428 620 1458 pater
645 1431 792 1459 assurgens
810 1426 869 1459 gla-

81 1468 126 1496 dio
142 1468 213 1495 latus
228 1467 324 1500 cinxit,
349 1473 379 1495 ut
400 1468 494 1496 Jovins
519 1473 653 1497 memorat
669 1478 676 1496 :
692 1474 721 1496 ut
737 1470 867 1504 Annales,

921 225 1001 261 Cepit
1010 233 1075 259 ergo
1097 224 1265 251 secretarius
1282 223 1339 250 htec
1363 229 1394 248 ex
1412 221 1588 255 imperatoris
1598 221 1711 248 decreto

921 272 1004 298 verba
1019 271 1108 306 legere
1124 279 1131 298 :
1151 270 1255 297 Bardas
1271 269 1362 296 Ciesar
1378 269 1525 295 adversum
1541 275 1584 294 me
1601 268 1711 301 Conspi-

922 319 1002 348 ravit,
1027 321 1056 344 ut
1086 316 1169 343 vitam
1184 315 1250 342 mihi
1275 314 1408 341 adiuuerat
1428 320 1538 347 :eaque
1563 312 1596 339 dc
1624 320 1709 340 causa
1732 306 1734 308 ’

920 367 998 391 extra
1015 363 1111 390 urbem
1124 368 1166 388 me
1185 361 1309 388 abduxit.
1324 359 1401 392 Quod
1427 359 1479 386 nisi
1499 358 1658 392 Symbalius
1677 365 1709 385 ac

920 411 1038 438 Basilius
1085 409 1217 435 iudicium
1275 407 1335 441 ejus
1374 405 1412 433 rei
1459 405 1524 432 mihi
1568 405 1710 436 fecissent,

920 457 1046 491 equidem
1061 463 1114 482 non
1135 455 1253 490 amplius
1273 455 1299 481 in
1317 461 1432 480 numero
1448 456 1571 480 vivorutu
1592 452 1710 480 exsiste-

920 511 989 530 rem.
1007 504 1045 530 Ac
1062 503 1141 537 periit
1157 503 1202 529 ille
1218 508 1266 528 sua
1299 508 1365 528 sane
1385 500 1476 534 culpa.
1495 499 1626 527 Basilium
1644 506 1713 526 vero

920 546 1177 582 Parakimomenon,
1192 557 1242 576 ceu
1268 548 1351 576 ﬁdum
1378 547 1457 579 mihi,
1477 547 1586 582 meique
1613 553 1710 574 serva-

920 602 1006 625 torem
1021 597 1142 631 imperii,
1172 597 1276 631 quique
1302 602 1343 621 me
1362 594 1489 621 liberavit
1504 593 1537 620 ab
1554 593 1643 624 hoste.
1678 600 1710 620 ac

920 644 1052 678 singulari
1082 638 1183 669 alecto
1212 642 1414 676 complectitur,
1442 647 1503 668 esse
1531 639 1592 666 volo
1610 645 1708 666 custo-

919 691 980 717 dem
999 694 1027 717 et
1039 694 1196 717 curatorem
1215 688 1323 723 imperii
1352 687 1404 714 mei
1421 695 1429 720 ;
1449 686 1610 719 faustisque,
1638 685 1711 712 velut

919 737 1125 771 imperatorem,
1139 735 1388 762 acclamationibus
1414 733 1542 760 salutari.
1558 732 1627 759 Tulit
1645 738 1712 758 vero

918 781 1037 809 Basilius
1051 781 1159 816 oppleri
1175 781 1313 816 lacryinis.
1327 779 1359 806 Et
1377 779 1526 813 imperator
1540 777 1679 812 demptam
1694 782 1712 803 θ

920 829 1011 864 capite
1036 835 1088 855 suo
1111 835 1242 856 coronam
1268 826 1367 854 Photio
1387 825 1549 860 patriarcha!
1567 822 1709 858 porrexit:

884 856 906 884 Β
920 876 967 910 qui
983 883 1015 904 ea
1029 882 1136 902 sacram
1152 874 1184 901 ad
1198 881 1322 901 mensam
1336 872 1490 906 deportata,
1507 877 1603 906 preces
1629 875 1711 904 super

920 923 996 950 illam
1012 921 1148 955 concepit.
1172 919 1239 947 inde
1262 919 1486 955 paludamentum
1508 916 1625 944 attulere
1642 922 1711 950 ιιι-ςε-

920 969 1012 1004 positi.
1031 967 1248 995 etcalceamenti
1273 966 1404 993 Basilium
1420 964 1583 991 induerunt.
1605 962 1643 994 is,
1660 962 1711 989 ab-

897 1004 989 1049 jjecta
1021 1013 1175 1048 chlamyde,
1192 1011 1226 1039 ad
1261 1011 1437 1046 imperatoris
1469 1009 1553 1044 pedes
1581 1006 1710 1043 procidit.

920 1060 980 1088 Mox
1003 1067 1092 1087 autem
1109 1066 1238 1094 egressus
1249 1058 1421 1093 patriarcha,
1440 1057 1581 1091 demptam
1602 1055 1679 1090 prius
1695 1062 1712 1082 e

920 1108 1010 1143 capite
1040 1106 1215 1141 imperatoris
1243 1110 1384 1134 coronam.
1415 1103 1526 1138 ipsimet
1552 1101 1711 1136 imperatori

921 1154 1049 1184 reddidit.
1063 1154 1187 1187 Cumque
1218 1155 1337 1186 sceptra,
1362 1151 1396 1177 de
1416 1157 1501 1180 more,
1517 1148 1594 1176 humi
1621 1147 1712 1181 proci-

920 1202 1036 1234 dissent,
1075 1199 1218 1227 coronatit
1252 1197 1382 1225 Basilium
1418 1194 1544 1227 Michael,
1581 1192 1712 1220 omnibus

922 1249 1010 1276 fausta
1038 1254 1104 1274 voco
1134 1243 1376 1273 acclamantibus:
1397 1239 1522 1269 Micltaeli
1549 1245 1575 1268 ct
1606 1238 1712 1267 Basilio

921 1293 1052 1328 angustia,
1070 1291 1147 1318 multi
1162 1290 1237 1317 anni.
1255 1288 1319 1316 Haec
1334 1289 1384 1315 abs
1395 1294 1425 1314 re
1452 1286 1610 1322 putavimus
1628 1291 1712 1319 expo-

922 1339 1022 1370 nenda,
1038 1345 1093 1372 quo
1110 1335 1242 1364 studiosis
1259 1335 1436 1369 antiquorum
1455 1334 1559 1359 rituum
1574 1338 1631 1359 rem
1649 1337 1712 1365 gra-

922 1389 976 1412 tam
997 1385 1160 1412 iacoremus.
1178 1381 1349 1415 Adjieiamus
1361 1384 1389 1407 et
1403 1379 1554 1407 diliicilium
1570 1377 1710 1405 intellectu

922 1431 1102 1467 quorumdam
1133 1428 1358 1463 explicationem.
1384 1424 1620 1458 Scaraniangium,
1645 1422 1712 1458 quid

922 1478 969 1508 sit,
996 1475 1147 1502 iudicatum
1167 1472 1261 1508 capite
1279 1471 1340 1498 172.
1370 1468 1620 1505 Παρακοιμώμενοι
1647 1469 1714 1494 sunt.

82 1514 151 1543 solio
162 1514 261 1543 sedere
271 1522 320 1541 suo
331 1514 423 1548 jussit.
441 1514 597 1549 Calyptraui
615 1516 640 1542 ei
664 1516 766 1543 nullam
781 1517 868 1551 impo-

922 1521 1009 1550 intimi
1023 1519 1196 1551 cubicularii,
1213 1518 1260 1552 qui
1280 1516 1472 1552 augustalibus
1488 1516 1515 1542 in
1536 1513 1672 1542 cubiculis
1685 1516 1714 1538 et

81 1560 232 1594 suit,quod
246 1567 278 1587 ea
294 1559 446 1587 Turcorum
474 1561 591 1588 sultauis
618 1561 644 1588 in
675 1569 727 1589 usu
746 1570 799 1589 non
820 1562 869 1595 sit,

82 1605 221 1640 tulipauto
252 1605 387 1634 duntaxat.
411 1610 494 1642 caput
520 1607 724 1635 involventibus
741 1616 749 1636 :
765 1608 803 1636 uti
835 1616 870 1636 ne

80 1652 199 1680 sultana
210 1651 321 1687 quidem
351 1652 475 1687 ipsorum
492 1653 617 1688 calyptra
636 1660 772 1681 coronave
800 1654 870 1689 regi-

80 1699 132 1727 bus
147 1699 251 1726 nostris
262 1698 375 1731 usitata,
386 1703 469 1734 caput
495 1703 606 1733 ornant,
622 1699 671 1728 sed
696 1707 760 1727 vera
776 1700 868 1732 taenia,

79 1744 140 1772 sive
157 1744 254 1778 fascia,
269 1746 328 1772 sive
338 1744 504 1778 diademate,
518 1745 604 1774 variis
618 1750 646 1774 et
660 1746 792 1780 exquisiti
808 1754 869 1781 pre-

79 1790 110 1818 tii
126 1791 243 1826 gemmis
261 1791 404 1824 distincto,
421 1791 494 1826 quod
514 1791 548 1819 ad
577 1792 698 1827 sinciput
713 1792 868 1827 colligatur.

79 1836 223 1871 Ejusmodi
239 1836 364 1865 diadema
377 1837 540 1865 conﬁciebat
555 1837 714 1866 Germanus
728 1837 868 1867 aurifaber

79 1882 106 1909 in
118 1882 220 1917 oppido
231 1881 338 1916 Galata,
357 1882 476 1911 Joannes
489 1883 573 1917 Saxo,
590 1887 672 1912 natus
683 1884 870 1919 apud'ilolsa-

77 1932 133 1961 tos,
151 1928 216 1956 huic
229 1928 356 1962 saltante,
378 1929 492 1957 Muratis
508 1929 543 1957 ΙΙΙ
565 1929 686 1965 coniugi,
711 1937 773 1957 cum
797 1930 869 1958 ﬁlius

78 1972 267 2002 Sluehemetes
293 1974 532 2002 circuuicidendus
559 1980 642 2003 esset.
670 1975 777 2004 Addere
803 1976 869 2005 libet

79 2019 132 2045 hoc
147 2019 206 2046 loco
215 2019 297 2046 ritum
309 2019 459 2046 coronandi
472 2021 543 2055 apud
556 2020 666 2048 Grareos
681 2021 868 2056 imperatoris,

78 2065 167 2099 priori
180 2065 271 2093 adhuc
290 2065 450 2101 superstite,
473 2074 553 2100 quem
572 2066 606 2094 de
633 2066 730 2094 Graeco
747 2067 868 2096 historia

77 2111 155 2137 libro
174 2118 254 2137 manu
273 2115 387 2138 cxarato
401 2111 547 2146 Symeonis
563 2113 685 2147 magistri
711 2113 867 2141 Olliciorum

73 2156 278 2184 ext-scribemus.
296 2156 428 2192 Loquitur
441 2162 531 2185 autem
552 2158 670 2193 Symeon
682 2159 716 2186 de
725 2159 866 2192 Michaele,

74 2201 225 2236 'l'he0phili
260 2202 291 2229 F.
319 2203 453 2238 Augusto.
487 2211 568 2238 quem
600 2205 783 2233 temulentum
810 2197 908 2232 sive”

73 2249 200 2282 μέθυσον
231 2253 330 2276 vocant
362 2249 495 2282 historiae,
530 2255 591 2284 post
626 2250 720 2279 Bardze
751 2252 867 2279 Ctesaris

71 2294 208 2322 avunculi
224 2294 337 2327 eadem,
354 2295 483 2322 Basiliqu
510 2295 686 2324 Macedonem
701 2297 735 2325 ad
761 2298 868 2332 imperii

71 2343 241 2368 societatem
261 2345 418 2376 c0optante.
434 2341 522 2370 Verba
538 2346 602 2370 sunt
617 2344 782 2378 hujusmodi.
798 2344 866 2372 Cum

71 2387 242 2420 imperator,
259 2386 306 2418 ait,
322 2387 349 2414 in
361 2387 540 2421 processione
555 2388 687 2422 prodiret,
702 2391 870 2424 sequebatur

71 2440 86 2458 ιι
104 2437 188 2467 tergo
199 2431 317 2459 Basilius
328 2438 438 2467 gestans
449 2433 621 2468 imperatoris
635 2437 867 2472 scaraniangium,

68 2479 150 2512 quod
168 2486 216 2511 pro
230 2486 304 2506 more
319 2479 564 2519 παρσχοιμώμενοι
581 2480 694 2509 faciunt.
709 2481 750 2510 Ad
767 2491 869 2517 augus-

67 2526 163 2553 stalrs
173 2528 264 2552 autem
283 2524 356 2552 fores
373 2525 418 2552 tibi
435 2525 608 2560 pervenisset
617 2527 775 2562 imperator,
790 2536 869 2556 coro-

69 2579 137 2598 uain
155 2578 208 2605 pro
225 2570 422 2605 imperatorum
438 2572 638 2599 consuetudine
655 2580 706 2600 non
720 2573 867 2608 deposuit,

69 2617 122 2644 sed
137 2617 212 2644 intra
227 2615 326 2652 januns
343 2623 437 2646 sacras
456 2625 518 2647 cum
533 2625 565 2647 ea
587 2618 704 2648 Michael
729 2620 869 2655 ingressus

69 2669 126 2691 est.
157 2663 190 2690 Et
214 2671 328 2699 corpore
354 2671 502 2697 converso,
530 2670 587 2694 tres
616 2667 716 2700 gradus
743 2667 869 2695 ambonis

69 2714 230 2739 coronatus
246 2710 380 2743 ascendit,
395 2714 488 2739 stante
505 2711 621 2740 inferius
636 2711 736 2741 Basilio
754 2712 869 2741 Paralti-

70 2764 220 2785 inomeno.
234 2756 307 2784 Infra
325 2756 457 2785 Basiliam
473 2758 563 2786 stabat
585 2757 639 2786 Leo
666 2758 774 2792 Castor,
790 2760 836 2794 qui
853 2766 868 2787 a

70 2803 196 2833 secretis
213 2807 283 2836 erat,
299 2803 464 2833 sententiam
488 2804 618 2838 scriptam
641 2806 757 2840 (tomum
780 2807 868 2835 Gra'ci

69 2850 188 2887 vocant)
207 2857 289 2878 manu
305 2854 415 2883 tenens,
430 2855 456 2878 et
477 2849 591 2880 Michael
612 2851 733 2881 Anurius
760 2862 868 2890 pracpo.

923 1568 974 1603 ipsi
993 1570 1105 1602 propter
1121 1566 1304 1600 imperatores
1320 1562 1507 1594 dormiebant,
1521 1560 1561 1587 uti
1591 1559 1711 1595 Symeon

922 1614 965 1641 hic
982 1617 1077 1640 uoster
1094 1612 1167 1638 haud
1195 1611 1282 1638 multo
1307 1614 1368 1644 post
1392 1608 1515 1635 declarat
1531 1607 1558 1634 in
1585 1606 1712 1641 descrip-

921 1660 995 1687 tione
1011 1659 1093 1686 cazdis
1111 1657 1254 1686 Michaelis
1269 1656 1395 1691 Augusti.
1411 1655 1477 1682 Tale
1494 1661 1568 1681 nunc
1591 1653 1710 1680 cilicium

920 1713 962 1735 est
976 1706 1046 1741 apud
1062 1706 1215 1732 'l‘urcorum
1239 1703 1380 1730 sultanum
1391 1701 1451 1736 ejus
1469 1699 1645 1731 cubicularii,
1664 1698 1711 1733 qui

919 1752 1076 1781 Chiolmdar
1091 1755 1139 1777 aut
1156 1749 1300 1777 'l‘zohadar
1334 1747 1497 1782 appellatur.
1530 1745 1555 1773 is
1584 1745 1657 1774 enim
1683 1750 1711 1773 et

920 1799 990 1827 intra
1014 1796 1116 1825 sultani
1135 1795 1295 1823 cubiculum
1321 1797 1402 1820 noctu
1430 1792 1562 1819 excubias
1591 1791 1656 1826 agit,
1683 1795 1710 1819 et

920 1843 1039 1880 pluviam
1053 1842 1155 1871 sultani
1171 1844 1274 1868 vestem
1291 1843 1393 1874 gestat,
1408 1842 1437 1865 ut
1454 1836 1708 1869 Paraltimomenos,

919 1900 980 1928 quae
994 1890 1216 1924 scaramauglum
1235 1888 1280 1914 hic
1294 1891 1419 1914 vocatur.
1439 1886 1478 1913 Ac
1490 1889 1708 1917 noruntomues,

920 1939 966 1975 qui
984 1938 1094 1965 Portam
1112 1935 1242 1963 viderunt
1267 1933 1454 1964 Osmauicam,
1490 1938 1542 1958 non
1570 1930 1708 1958 sultaumn

919 1983 1000 2012 modo
1021 1981 1147 2010 comitari
1176 1979 1391 2009 cubicularium,
1416 1978 1461 2011 qui
1484 1983 1583 2004 sereno
1597 1982 1710 2010 quoque

919 2029 990 2057 coelo
1002 2028 1222 2060 scaramansium
1242 2026 1303 2060 ejus
1320 2028 1410 2059 gestat
1424 2032 1431 2050 :
1447 2023 1494 2051 sed
1508 2030 1604 2051 omnes
1625 2022 1708 2049 etiam

919 2074 1042 2110 quotidie
1075 2074 1172 2101 bassas
1204 2079 1236 2100 ac
1266 2072 1367 2106 begos,
1409 2070 1631 2105 quotiescunque
1661 2075 1711 2103 per

920 2120 1017 2147 urbem
1035 2119 1068 2146 ad
1097 2118 1207 2145 Portam
1237 2117 1374 2151 equitant,
1401 2115 1503 2143 habere
1529 2114 1709 2150 pedisequum

920 2174 1019 2198 unum,
1031 2166 1077 2200 qui
1099 2169 1201 2192 vestem
1216 2163 1298 2199 477
1315 2161 1473 2197 liujusmodi
1488 2164 1586 2197 portat,
1601 2160 1712 2188 cateri-

921 2211 1182 2248 supcrinjiciendam
1217 2209 1410 2241 vestimentis,
1444 2208 1466 2236 si
1507 2215 1569 2235 aere
1605 2211 1711 2234 mutato

921 2259 990 2286 forte
1009 2259 1094 2293 pluat.
1117 2257 1249 2284 Ainhonis
1280 2263 1380 2283 nomen
1411 2256 1437 2282 in
1461 2254 1570 2289 templis
1598 2253 1709 2281 Crteco-

920 2312 980 2332 rum
999 2304 1033 2331 ab
1049 2303 1222 2332 ascendendo
1237 2302 1339 2330 factum
1354 2305 1406 2334 est,
1424 2301 1496 2336 quod
1515 2301 1616 2335 gradus
1633 2307 1709 2327 com-

920 2350 1014 2385 plures
1030 2349 1139 2376 habeat.
1158 2347 1191 2374 Et
1205 2352 1282 2375 extra
1297 2351 1433 2375 secretum
1447 2353 1462 2373 a
1480 2346 1586 2381 reliquo
1609 2345 1711 2379 templo

920 2395 1074 2422 sacrarium
1088 2394 1130 2420 vel
1154 2393 1349 2428 θυσιαστήριον
1367 2397 1420 2424 est,
1446 2399 1502 2427 quo
1517 2398 1610 2418 mensa
1631 2397 1709 2417 sacra

920 2440 1089 2472 continetur,
1121 2438 1260 2466 sacerdoti
1294 2439 1432 2475 duntaxat
1462 2436 1596 2464 adeunda.
1629 2435 1708 2469 Quod

921 2486 1143 2522 paludamentum
1161 2485 1228 2517 dixi,
1249 2483 1377 2519 Symeoui
1404 2483 1564 2518 δικητήσιον
1586 2482 1708 2517 appella-

922 2539 976 2560 tur.
989 2532 1053 2560 Scio
1066 2531 1291 2566 paludamentum
1307 2537 1369 2558 esse
1384 2535 1486 2557 vestem
1510 2529 1706 2565 imperatorum

919 2583 1100 2612 castrensem,
1121 2586 1182 2613 qua:
1198 2577 1375 2612 exprimendo
1394 2577 1521 2605 Diliitisio
1550 2585 1603 2604 non
1627 2577 1710 2604 satis-

920 2625 1003 2653 faciat
1021 2633 1027 2652 :
1046 2625 1092 2653 sed
1102 2632 1165 2652 cum
1178 2624 1251 2651 aliud
1268 2624 1391 2651 invenire
1406 2631 1505 2651 nomen
1517 2631 1570 2650 non
1586 2630 1707 2657 possem,

921 2673 973 2700 hoc
985 2672 1023 2699 uti
1037 2672 1126 2699 libuit.
1141 2671 1305 2706 Δικητήσιον
1321 2677 1386 2698 vero
1395 2671 1434 2698 sic
1459 2670 1525 2697 mihi
1539 2674 1604 2698 sunt
1619 2670 1708 2697 inter-

920 2718 1019 2754 pretati
1032 2717 1130 2750 Graeci,
1144 2723 1173 2744 ιιι
1185 2725 1218 2745 eo
1230 2717 1380 2753 signiﬁcari
1396 2718 1520 2745 dicerent
1529 2717 1708 2752 ᾶπιμάνδυον,

920 2766 977 2794 siVe
993 2764 1238 2799 supramaulellum
1256 2764 1446 2801 (adhibeamus
1459 2765 1532 2792 enim
1548 2771 1628 2791 voces
1643 2763 1708 2790 bar-

921 2812 1012 2845 baras,
1029 2817 1059 2839 ut
1083 2811 1290 2847 intelligantur),
1310 2812 1390 2847 quale
1406 2810 1568 2846 superinijci
1591 2810 1709 2845 patriar-

920 2858 981 2886 chis
1005 2858 1040 2888 in,
1061 2858 1159 2886 solium
1191 2857 1347 2893 pontiﬁcale
1374 2857 1546 2886 collocandis
1574 2856 1654 2890 solet,
1678 2858 1709 2883 ut
