1963 3067
251 143 303 176 871

855 136 1018 167 JOANNIS
1035 135 1268 166 LEUNCLAVII

1831 135 1884 167 872

253 200 430 236 intelligatur,
461 200 512 227 hoc
532 198 653 231 indutos,
677 196 734 232 jam
753 194 841 223 factos
868 203 931 223 esse
958 195 1046 230 ponti-
1059 196 1087 227 Α
1099 195 1154 222 bat.
1173 194 1334 221 Luonardtts
1352 194 1480 221 (Ihicnsis
1495 194 1663 229 imperialem
1679 200 1787 230 portam
1806 201 1886 224 voc-at

254 251 328 276 bees.
345 247 480 275 Casiolam
508 243 648 272 memorie
675 242 794 278 prodidit
825 241 958 274 Isidorus,
981 248 1042 276 quze

255 296 308 322 huc
320 298 387 329 puto
401 293 527 328 quadrat.
553 291 613 318 Tali
640 289 796 318 vestimenti
815 296 915 323 genere
932 291 1043 315 nostros

253 337 629 374 etiamimperatoresindui.
661 343 724 363 cum
758 336 971 370 inangurantur,
1000 335 1043 368 ip-

253 386 335 412 simct
360 384 489 411 vidimus.
519 383 621 416 Estque
654 381 783 408 notabilis
802 380 874 414 apud
899 378 1042 406 Zozimttm

253 434 378 457 nostrum
393 430 480 460 locus,
492 428 537 455 tibi
550 428 633 454 tradit
643 427 694 453 hoc
704 430 850 461 propterea
860 424 959 451 factum
970 423 1042 458 apud

252 477 404 508 Romanos,
423 480 453 502 ut
469 475 670 510 intelligeretur
687 473 867 507 imperatores
883 472 964 498 etiam
981 478 1043 498 esse

252 524 396 559 pontifices
415 523 564 553 maximos,
595 519 828 556 quemadmodum
868 518 896 544 in
938 516 1044 544 numis—

252 571 334 598 matis
349 577 458 604 quoque
472 577 502 596 se
519 567 709 594 nominabant.
724 565 838 593 Calceus
859 564 916 591 sive
935 563 1044 590 calcea-

253 619 358 647 menta,
376 614 497 642 Tzankia
511 613 582 640 dixit
595 613 726 648 Symeon,
743 611 844 645 quibus
864 609 1044 644 imperatores

253 663 293 690 uti
310 661 430 689 coccinei
453 660 556 687 coloris
572 659 710 686 solebant.
739 656 881 691 Praepositi
910 655 1050 690 simplici:

254 713 296 736 ter
313 708 357 735 hic
371 711 515 739 vocantur,
534 713 604 740 quos
617 704 689 738 apud
714 702 886 737 antiquiores
901 707 1042 728 saeuorum

253 755 294 781 vel
333 753 520 787 augustalinm
561 750 750 777 cubiculorum
790 747 951 783 pra-positos
989 746 1044 773 dici

254 800 379 827 videmus
411 799 437 826 in
467 797 630 825 Justiniauei
660 794 782 826 Codicis.
808 798 836 821 ct
866 792 1042 820 historiarum

254 847 342 874 libris.
361 846 474 880 Sceptra
490 848 555 872 sunt
583 842 684 875 baculi,
713 841 889 874 magistratus
907 838 1042 873 symbola.

254 891 310 920 Nec
330 891 519 925 intelliguntur
550 889 594 916 hic
612 889 700 923 ipsius
719 886 894 921 imperatoris
924 889 1043 919 sceptra,

255 939 301 966 sed
318 937 472 965 ollicialium
494 944 501 962 :
521 943 583 970 quze
599 934 670 969 apud
691 933 802 961 Graecos
819 931 918 966 deponi
952 930 1044 963 solita,

254 994 316 1013 etim
331 992 420 1013 novus
434 984 583 1018 imperator
598 983 820 1016 inauguraretur,
840 979 969 1014 superius
982 985 1044 1013 cap.

256 1033 307 1068 l7;
337 1031 519 1059 monuimus:
539 1029 665 1064 idemque
684 1035 744 1055 mos
771 1027 843 1062 apud
866 1026 971 1054 Turcos
997 1024 1047 1051 ho-

254 1079 299 1106 die
328 1078 472 1109 retinetur,
506 1083 624 1111 qttorum
657 1074 790 1109 genizari,
824 1077 852 1100 et
879 1071 923 1099 alii
944 1071 1046 1099 oﬂicia-

254 1125 304 1158 les,
319 1131 381 1152 cum
394 1130 483 1150 novus
498 1121 627 1149 sultanus
638 1119 728 1147 Porta
742 1118 863 1146 saraium
878 1116 1045 1152 ingrediens,

256 1177 368 1205 regnum
388 1176 468 1197 suum
481 1167 666 1202 auspicatur;
684 1164 800 1193 baculos
825 1171 890 1191 suos
905 1163 1047 1197 deponunt

255 1225 286 1245 ex
304 1223 396 1249 causa,
412 1223 494 1250 quam
512 1214 635 1241 indicato
648 1211 738 1246 capite
754 1209 967 1238 declaravimus.

254 1276 319 1304 200.
339 1275 427 1301 Porus
438 1271 543 1300 XXIII
560 1271 632 1298 urbis
659 1268 1051 1304 Coitttantinopolitanw,cum

291 1301 380 1338 multis
403 1307 626 1340 memorabilibus,
648 1309 672 1332 et
695 1304 729 1332 ad
747 1304 874 1331 historias
898 1301 1047 1337 intelligen-

292 1347 340 1372 das
366 1343 532 1371 necessariis.

290 1403 359 1435 Quia
376 1409 429 1428 non
455 1404 560 1427 tantum
582 1399 628 1426 hic
651 1397 922 1432 Hadrianopolitanat
949 1399 1045 1430 portae.

256 1448 303 1476 sed
323 1447 438 1474 aliarum
464 1452 573 1480 quoque
594 1444 735 1478 deinceps,
753 1443 782 1470 in
798 1443 852 1469 vita
881 1440 1047 1469 Soleimanis

257 1492 290 1530 ll,
310 1492 337 1520 lit
355 1491 469 1523 mentio,
498 1490 586 1525 placet
603 1496 658 1516 uno
688 1488 749 1516 loco
776 1488 858 1515 simul
884 1493 1047 1514 enumerare

259 1545 354 1575 pirtas
381 1537 459 1566 urbis
474 1544 581 1570 omnes,
599 1543 632 1564 ac
647 1535 771 1570 singulas
800 1534 873 1561 velut
896 1534 931 1561 ob
953 1533 1048 1561 oculos

259 1586 357 1613 ordine
371 1584 526 1612 collocare:
541 1582 614 1618 quod
626 1589 715 1616 opera:
737 1581 855 1616 pretium
872 1587 922 1608 nos
933 1580 976 1607 his
995 1587 1045 1607 er-

260 1631 393 1659 nonrndis
413 1630 532 1657 facturos
558 1629 761 1658 existimemus,
781 1626 827 1661 qui
859 1633 1048 1660 smpenumcro

259 1675 381 1709 lcgcnlls
408 1673 542 1705 historiis,
562 1673 598 1700 ob
620 1673 715 1700 harum
746 1676 800 1698 tam
825 1671 1047 1706 appellationum.

259 1728 340 1755 quain
358 1721 427 1748 sittls
459 1719 683 1755 ignoratimtem,.
702 1717 817 1744 Inirilice
847 1725 896 1744 nos
926 1717 1048 1751 torqueri

260 1766 447 1792 meminimus.
464 1763 518 1791 Nec
550 1765 638 1799 ipsum
654 1762 772 1797 Gyllium
799 1763 975 1789 recr-nscndis
1006 1762 1049 1789 his

259 1812 398 1844 omnibus,
414 1816 442 1839 et
459 1815 531 1838 recte
548 1809 730 1845 appellandis.
748 1809 789 1836 vel
805 1816 838 1836 ex
856 1809 970 1836 semisse
997 1809 1051 1836 lec-

260 1859 312 1885 tori
327 1858 426 1886 fecisse
441 1858 526 1890 satis;
558 1857 718 1884 iatebuntur
735 1856 764 1888 ii,
793 1857 838 1890 qui
862 1861 954 1883 nostra
987 1863 1049 1882 cum

260 1905 395 1940 Gylliauis
406 1904 532 1932 conferre
546 1903 694 1931 voluerint.
713 1902 878 1936 Incipiemus
907 1906 997 1929 autent
1017 1902 1050 1928 ab

261 1952 362 1986 angulo
373 1951 449 1978 urbis
466 1950 604 1984 orientali,
624 1950 650 1976 in
665 1957 719 1984 quo
735 1949 820 1977 situm
849 1956 912 1976 esse
939 1949 1051 1983 genisa-

260 1999 360 2027 minui.
375 1997 432 2024 sive
449 1997 593 2031 palatium,
610 2003 736 2023 areeutve
758 1995 935 2026 sultaninaut,
967 2002 1050 2029 supc-

261 2046 320 2071 rins
335 2043 386 2070 159
400 2050 462 2077 cap.
480 2042 666 2070 ostendimus:
682 2046 708 2069 et
721 2041 747 2068 in
760 2042 849 2068 littore
861 2041 939 2067 sinus
965 2040 1050 2067 Cera-

262 2091 322 2122 tini,
341 2088 605 2123 Constantinopolim
633 2095 648 2114 a
668 2087 761 2115 Galate
789 2087 992 2117 intersceautis,
1018 2086 1052 2113 de

261 2144 316 2171 quo
332 2137 436 2163 dictqu
454 2143 515 2170 cap.
531 2135 590 2167 l27,
611 2138 721 2169 propter
737 2134 812 2162 tubis
839 2134 972 2161 nricntale
990 2141 1050 2168 par-

263 2184 321 2215 tim,
353 2183 450 2217 partim
478 2181 692 2216 septentrionale
731 2181 802 2207 latus
832 2180 1050 2215 progrediendo,

1096 239 1123 266 in
1137 239 1289 267 obsidionis
1308 239 1412 267 ultima:
1425 240 1554 273 historia,
1573 240 1647 267 velut
1663 241 1718 268 arei
1748 242 1886 275 Augusta-

1094 284 1112 312 li
1132 286 1295 320 proximam.
1311 285 1393 313 Juxta
1413 291 1518 319 portam
1534 287 1604 314 hanc
1626 291 1665 314 est
1679 287 1752 314 scala
1770 287 1884 322 Syceua,

1095 331 1282 366 trajertusque
1302 332 1436 367 Syceuus,
1466 332 1507 360 vel
1535 332 1640 360 Galatae
1660 340 1781 366 peranta,
1812 334 1887 360 sicut

1094 377 1181 405 (ἱπεί
1191 383 1299 405 vocant.
1316 377 1343 405 In
1358 382 1415 406 toto
1427 379 1488 406 sinu
1502 379 1585 406 multa
1600 379 1788 406 navicularum
1801 379 1885 406 millia

1095 424 1281 458 reperiuntur,
1303 429 1329 452 et
1355 425 1432 459 plura
1458 425 1568 460 quidem
1597 426 1726 460 opinione
1754 434 1885 460 quorum‘

1095 469 1170 503 dam,
1185 478 1265 504 quant
1278 470 1467 498 Gundularum
1488 472 1610 500 Venetiis
1636 473 1760 508 :quibus
1790 474 1887 508 ingens

1097 516 1236 544 hominum
1251 517 1397 545 multitudo
1410 519 1526 554 singulis
1543 521 1690 547 momentis
1703 524 1781 547 trans
1795 520 1885 547 sinum

1095 563 1264 597 Ceratinum,
1292 569 1320 592 et
1332 569 1409 592 trans
1437 564 1606 599 Bosphorum
1623 565 1657 592 ah
1686 565 1753 592 urbe
1769 566 1885 597 vehitur,

1097 618 1129 637 ac
1145 611 1171 637 in
1188 611 1281 637 urbem
1298 611 1448 639 revehitur.
1471 611 1539 646 ipsa:
1554 611 1687 638 naviculm
1701 615 1756 638 tam
1774 611 1886 643 Turcis,

1097 664 1178 691 quam
1198 656 1299 684 Grmeis
1317 661 1343 684 et
1358 657 1429 694 aliis,
1445 658 1479 684 ab
1496 665 1557 690 usu,
1571 665 1652 692 quem
1670 657 1696 684 iit
1713 657 1888 692 transiicien-

1096 703 1131 729 do
1143 707 1284 737 praestant,
1303 703 1424 731 Perennae
1434 704 1514 739 vulgo
1528 704 1718 731 nominantur.

1134 748 1259 776 Secunda
1275 750 1372 778 Turcis
1396 750 1561 778 Balucbazar
1578 755 1702 782 votzatur.
1729 757 1744 777 a
1757 749 1816 776 foro
1834 749 1889 783 pis-
1915 785 1919 788 _

1096 796 1182 822 cario.
1197 795 1295 829 Graeci,
1310 796 1373 823 licet
1389 797 1474 823 altera
1491 796 1611 824 dictione
1628 797 1708 831 vulgo
1725 801 1888 824 nuneutan-

1097 847 1150 874 tur,
1164 847 1190 870 et
1204 841 1335 870 Pazarion
1351 842 1409 871 sive
1426 843 1520 870 Pazari
1541 843 1630 870 forum
1655 843 1803 878 appellent,
1821 849 1888 870 voce

1096 889 1266 916 Damasceno
1281 889 1396 917 Studitre
1412 889 1559 917 familiari:
1592 894 1683 917 tamen
1703 890 1813 917 nomine
1829 897 1888 916 ma-

1095 937 1137 972 gis
1154 936 1285 970 originem
1297 936 1419 964 Graecam
1431 937 1566 972 sapiente,
1581 937 1762 971 ψαροπωλεῖα
1777 944 1888 972 quoque

1096 983 1293 1016 nuncupant,‘a
1320 983 1499 1011 distractione
1518 983 1647 1018 piscium.
1668 983 1774 1018 Quippe
1796 983 1886 1018 ψαρία

1097 1029 1185 1063 pisces
1204 1028 1352 1063 appellant.

1133 1074 1226 1102 Tertia
1241 1074 1376 1102 Gcmiscle
1393 1073 1483 1109 vulgo,
1495 1075 1584 1111 Gyllio
1592 1075 1732 1110 Gemicapi
1756 1076 1886 1103 nornina-

1096 1125 1152 1153 tur,
1170 1128 1222 1148 non
1239 1125 1312 1148 recte
1329 1124 1430 1149 tamen.
1447 1122 1517 1149 Nam
1549 1121 1652 1150 Gemisi
1672 1122 1781 1155 Sehele,
1807 1123 1888 1158 quasi

1097 1167 1171 1195 scala
1189 1166 1401 1199 l‘ructuum,dici
1418 1167 1546 1195 debebat.
1575 1169 1613 1196 Et
1635 1169 1737 1196 scalam
1765 1169 1889 1197 diximus

1096 1212 1228 1248 appellari
1243 1212 1347 1251 locum,
1364 1213 1410 1241 ubi
1427 1213 1461 1241 de
1477 1215 1595 1249 navigiis
1622 1215 1802 1243 exstenditur.
1832 1215 1890 1250 Ap-

1097 1259 1203 1294 pellunt
1220 1264 1310 1287 autem
1343 1259 1388 1287 hic
1417 1268 1500 1288 naves
1529 1265 1636 1289 onustae
1663 1261 1752 1288 omnis
1778 1262 1890 1296 generis

1097 1304 1244 1336 fructibus,
1263 1310 1343 1339 prout
1357 1306 1420 1333 anni
1439 1309 1563 1338 tempora
1576 1305 1683 1333 ierunt:
1700 1307 1759 1333 uvis
1772 1306 1890 1340 scilicet,

1097 1351 1199 1386 pontis,
1232 1351 1310 1387 piris,
1329 1352 1398 1384 lit-is,
1414 1352 1499 1385 oriza,
1520 1353 1637 1380 caeteris.
1655 1352 1736 1387 Gyllii
1763 1353 1891 1380 Gemica-

1097 1398 1123 1432 pi
1141 1402 1275 1425 mutatum
1289 1398 1315 1425 in
1335 1398 1510 1432 Gemisicapi,
1539 1399 1674 1433 signiﬁcat
1691 1404 1796 1433 portam
1813 1399 1890 1427 l'rnc-

1099 1449 1186 1471 ltttim.
1202 1445 1288 1472 Graeci
1306 1453 1414 1480 quoque
1433 1445 1611 1472 Caraviorum
1642 1450 1748 1480 portam
1776 1451 1890 1480 voeant,

1099 1491 1199 1525 quibus
1215 1491 1336 1527 χαράϐια
1352 1495 1415 1518 situt
1432 1499 1524 1524 naves,
1551 1492 1684 1518 vocabulo
1709 1491 1890 1519 Basilieorum

1061 1545 1083 1574 ε
1100 1538 1181 1564 etiam
1196 1537 1323 1572 epitonia:
1337 1542 1436 1566 noslra':
1454 1538 1565 1571 usitato,
1583 1538 1733 1573 praesertim
1749 1538 1783 1566 ad
1798 1539 1888 1574 legem

1100 1584 1234 1611 Rhodiam
1251 1584 1285 1610 de
1296 1584 1382 1617 iaetu.

1135 1630 1237 1662 Quarta
1259 1629 1356 1658 Turcis
1373 1634 1412 1656 est
1432 1630 1473 1657 vel
1500 1629 1593 1658 Ontnn
1611 1631 1708 1666 capisi,
1738 1631 1780 1658 vel
1807 1631 1893 1667 4⁵18

1101 1677 1201 1704 0utuut
1230 1676 1344 1704 schele:
1375 1684 1492 1710 quorum
1521 1671 1586 1704 illud
1615 1678 1728 1704 denotat
1752 1678 1893 1712 lignorum

1102 1721 1309 1749 sralam.Graaci
1328 1722 1367 1749 vel
1392 1722 1477 1754 ξύλων
1505 1722 1608 1757 πόρταν
1639 1723 1815 1758 disjunrlive,
1849 1724 1894 1750 vel

1102 1767 1271 1802 ξυλοπόρταν
1285 1768 1438 1802 eopiposite
1462 1767 1570 1795 vocant.
1592 1768 1669 1796 Dicta
1690 1776 1753 1795 vero
1772 1769 1823 1796 fuit
1836 1770 1896 1796 hac

1101 1814 1236 1847 lignorum
1248 1813 1305 1840 sive
1320 1817 1408 1848 porta,
1433 1813 1490 1841 sive
1506 1814 1590 1846 scala,
1615 1822 1669 1841 non
1683 1815 1755 1848 quod
1770 1815 1828 1849 ipsa
1861 1816 1897 1842 sit

1102 1860 1203 1894 lignea,
1219 1867 1299 1894 quam
1317 1860 1430 1894 reliquis
1445 1860 1561 1887 sitniletn
1579 1868 1625 1894 per
1640 1861 1730 1886 omnia
1760 1862 1896 1894 vidimus,

1102 1906 1129 1933 id
1144 1910 1186 1933 est
1199 1896 1349 1940 lapideam,
1365 1906 1411 1932 sed
1425 1906 1497 1941 quod
1514 1906 1566 1933 huc
1580 1907 1685 1941 navigia
1701 1907 1780 1941 lignis
1793 1914 1896 1934 onusta

1103 1952 1210 1978 soleant
1228 1951 1376 1985 appellere.
1399 1952 1459 1984 Quo
1475 1952 1555 1978 nobis
1581 1951 1698 1986 ineptior
1715 1952 1799 1979 videri
1815 1952 1898 1980 dultt'l

1104 1997 1238 2032 interpres
1255 1998 1365 2024 Laoniei
1383 1998 1514 2030 Gallicus,
1531 1998 1577 2032 qui
1594 2006 1647 2025 non
1678 1999 1758 2024 modo
1775 2005 1897 2032 ροι-ιιαιτ,

1104 2044 1150 2071 sed
1167 2044 1250 2070 etiam
1267 2044 1396 2079 palatium
1417 2045 1536 2079 ligneum
1551 2047 1576 2072 in
1595 2046 1638 2072 illa
1655 2047 1792 2080 quondam
1821 2054 1897 2072 mar-

1104 2097 1195 2117 morea
1209 2090 1445 2125 Constantinopoli
1459 2091 1560 2125 ﬁngi-rc
1575 2092 1625 2118 l'uit
1637 2100 1729 2119 ausus.
1747 2092 1895 2125 Quodnam

1104 2142 1169 2162 vero
1184 2135 1313 2170 palatium
1340 2137 1405 2163 illud
1419 2137 1576 2173 Xyloporta:
1591 2138 1671 2165 fuerit
1687 2139 1719 2165 de
1745 2147 1800 2173 quo
1824 2139 1895 2166 Lao-

1105 2182 1183 2209 nicns
1199 2182 1319 2216 loquitur
1332 2203 1339 2214 ,
1356 2183 1381 2209 in
1395 2184 1543 2211 undecima
1560 2189 1636 2219 porta
1650 2185 1864 2214 declarabimns.

263 2235 407 2264 pi-rgemus
424 2227 458 2254 ad
473 2227 601 2262 angulum
616 2226 803 2262 Pentapyrgii.
819 2226 865 2261 qui
893 2231 967 2254 recta
991 2234 1052 2253 vcr-
1069 2218 1089 2244 υ
1140 2227 1241 2260 Quinta
1269 2228 1368 2257 Turcis
1409 2230 1509 2257 dicitur
1543 2229 1696 2263 Unkabani,
1717 2231 1789 2266 quod
1805 2231 1895 2259 (ἲν-πεί

262 2283 310 2302 sus
325 2274 483 2309 aquilonem
505 2277 621 2308 spectat,
648 2278 675 2300 et
699 2280 714 2299 a
736 2281 791 2307 quo
818 2273 887 2300 muri
914 2277 1052 2307 portaeque

263 2319 592 2355 trrrestresincipientes,
612 2319 644 2346 ad
662 2320 791 2353 angulum
813 2326 841 2346 se
861 2319 970 2346 tertitnn
990 2326 1052 2353 por-

264 2368 365 2402 rigunt,
387 2366 459 2394 arcis
491 2365 662 2401 Haptapyrgii
691 2365 731 2392 vel
749 2364 881 2392 lodicula:
898 2369 1052 2391 structuras

263 2414 454 2447 complexum:
473 2412 543 2439 unde
558 2419 653 2438 versus
681 2412 810 2446 angulum
835 2412 952 2445 primum
968 2411 993 2437 iit
1011 2411 1053 2437 lit-

265 2464 323 2485 tore
339 2459 514 2493 Propontidis
532 2457 706 2489 rcﬂcclcndo,
724 2461 809 2484 totam
827 2458 933 2484 scilicet
958 2457 1050 2484 urbem

263 2505 482 2536 rircumihimus,
496 2504 638 2538 portisque
654 2504 713 2531 suis
732 2504 914 2530 includemus.

301 2550 345 2575 Eat
357 2551 439 2584 igitur
456 2550 542 2584 prima
565 2549 716 2576 secundum
747 2549 853 2574 radices
871 2549 1050 2582 promontorii

264 2605 335 2623 arvis
353 2597 496 2623 sultanina:
513 2601 601 2631 porta,
615 2605 674 2631 qua:
691 2596 793 2623 (ἐκεί-ῖς
809 2601 941 2630 quotquot
966 2596 1052 2623 videri

265 2643 407 2677 peritiores
423 2642 528 2674 volunt,
554 2647 630 2676 porta
648 2642 741 2670 Horam
760 2642 870 2677 (ὡραῖα)
895 2642 975 2676 vulgo
997 2642 1052 2669 Au-

265 2697 318 2716 l'.'tr(t
333 2688 524 2716 dicitur.|llud
553 2695 567 2714 a
594 2688 797 2722 pulchritudine
824 2687 925 2715 factum
955 2695 1052 2714 nomen

263 2739 315 2767 est,
333 2735 384 2761 hoc
400 2743 414 2761 a
427 2735 495 2762 vicis
513 2739 539 2761 et
549 2734 671 2762 aediliciis
685 2735 874 2766 Hebraeorum,
887 2734 951 2761 huic
969 2738 1054 2768 portat

265 2780 407 2815 proximis.
423 2779 553 2807 Neutrum
571 2785 662 2807 tamen
688 2788 780 2807 verum
794 2779 854 2813 ejus
869 2783 911 2806 est
941 2787 1052 2810 nomen,

264 2833 326 2853 cum
340 2831 416 2861 porta
429 2825 519 2853 Neorii
535 2827 570 2853 sit
584 2825 741 2860 appellanda
754 2834 760 2852 :
776 2825 850 2860 quod
866 2825 928 2853 istic
938 2826 1053 2858 νεώριον

266 2873 323 2900 sive
337 2874 432 2901 navale
447 2872 583 2908 quondam
600 2871 694 2904 fuerit,
710 2873 748 2899 uti
764 2871 868 2906 Gyllius
890 2871 971 2898 etiam
988 2877 1051 2905 pro-

1105 2273 1230 2299 scribunt
1257 2272 1438 2308 Ilnkainpani.
1464 2275 1560 2302 eadem
1591 2280 1680 2302 tamen
1707 2283 1768 2303 cum
1794 2275 1897 2304 Turris

1105 2319 1337 2353 pronuntiatione.
1361 2320 1592 2354 Ἀλευροπωλεῖον
1607 2328 1714 2355 quoque
1730 2321 1833 2349 Cra‘cis
1846 2331 1896 2350 sua

1105 2364 1196 2398 lingua
1214 2370 1334 2398 vocatur,
1351 2366 1422 2400 quod
1444 2367 1480 2393 ibi
1511 2367 1605 2394 farina:
1621 2367 1784 2396 vendantur.
1803 2368 1897 2404 Gyllio

1105 2411 1233 2438 scribitur
1248 2411 1372 2446 Uinrapi.

1141 2457 1223 2484 Sexta
1237 2459 1394 2485 nominatur
1407 2467 1420 2485 a
1439 2459 1537 2487 Turcis
1554 2460 1667 2486 Tznbali
1691 2460 1793 2495 Capisi,
1821 2464 1896 2495 quod

1104 2503 1208 2531 Grmcis
1223 2504 1354 2531 scribitur
1370 2504 1511 2538 Tzumpali
1528 2506 1684 2542 eapisigiec
1698 2511 1788 2533 tamen
1803 2507 1895 2540 aliter,

1105 2556 1186 2582 quam
1204 2557 1217 2573 a
1233 2549 1331 2575 Turcis
1348 2550 1523 2580 enuntiatur,
1539 2551 1574 2577 ob
1590 2551 1725 2577 dzllirilem
1746 2552 1813 2585 ipsis
1833 2561 1895 2586 pro-

1105 2594 1235 2621 lationem
1250 2594 1387 2631 littcracB,
1404 2597 1437 2620 de
1451 2603 1504 2629 qua
1519 2595 1620 2622 dictum
1636 2596 1724 2628 capite
1740 2597 1786 2623 9|.
1806 2597 1896 2632 Cyllio

1105 2641 1258 2675 appellatur
1270 2641 1359 2669 anali
1378 2641 1454 2676 Capi,
1476 2642 1665 2669 enuntiatione
1680 2642 1795 2676 Gallica,
1834 2652 1895 2679 qua:

1104 2687 1204 2714 Italica:
1217 2687 1342 2713 Chiubali
1360 2687 1400 2714 vel
1417 2686 1522 2714 Ziubali
1536 2689 1694 2722 respondet,
1705 2689 1786 2716 modo
1803 2691 1894 2718 tribus

1105 2733 1216 2768 syllabis
1229 2732 1370 2760 eﬂ‘cratnr.
1383 2733 1441 2766 Ipsa
1457 2741 1509 2760 vox
1526 2735 1664 2768 signiﬁcat
1677 2740 1782 2770 portam
1797 2737 1897 2763 vitria-

1105 2779 1184 2805 riam.
1201 2778 1306 2813 Quippe
1316 2779 1434 2806 vidimus
1452 2779 1513 2807 istic
1528 2779 1661 2813 olﬁcinas,
1690 2781 1716 2808 in
1736 2782 1838 2816 quibus
1856 2783 1896 2809 vi-

1104 2829 1145 2852 tra
1162 2825 1352 2852 coniiciuntur.
1373 2825 1433 2852 Fuit
1461 2827 1488 2852 in
1507 2826 1573 2853 urbe
1598 2827 1683 2854 Roma
1715 2829 1800 2856 veleri
1817 2830 1892 2857 vicus

1105 2870 1254 2904 vitriarius,
1270 2871 1314 2898 ubi
1330 2871 1434 2898 scilicet
1451 2871 1570 2899 taberna:
1596 2872 1782 2901 vitriariorum
1803 2880 1891 2906 erant.
