1963 3067
127 123 169 156 S73

692 111 894 145 PANDECTE
914 102 1013 142 ittsr.
1031 108 1186 141 Tunctc.

1687 101 1739 137 ΒΗ

129 186 151 208 ιιι
164 188 194 207 ex
214 179 289 206 urbis
307 177 417 212 antiqua
436 175 620 210 descriptione
637 178 722 209 paret.
738 173 812 199 Talis
824 172 901 198 vicus
916 174 938 201 Α
954 178 1024 197 nime
1040 169 1177 197 Machleva
1190 174 1216 198 et
1228 169 1416 199 Chartarieon.
1429 173 1458 194 ut
1478 164 1627 194 indicatum
1646 163 1740 199 supra.

129 226 209 253 adlmc
223 221 459 257 Constantinopoli
473 229 582 257 quoqtte
605 224 740 255 superest,
768 218 845 253 cujus
863 217 904 243 in-

129 273 160 299 ira
174 275 248 298 nunt
259 278 275 296 o
288 271 316 296 lit
329 269 355 295 in
369 269 414 295 illo
426 275 523 302 magno
538 267 588 294 sub
602 266 755 293 Soleimanc
768 263 905 292 incendio.

128 317 190 354 quod
206 315 303 344 accidit
317 323 389 342 anno
402 314 559 342 Christiano
572 313 650 340 1540.
665 311 717 339 Sed
735 318 798 337 vero
816 315 857 337 est
869 309 904 335 si-

130 362 342 395 tnilc,vitriarias
357 360 480 387 olliciuas
494 356 731 392 Constantinopoli
748 356 831 383 fuisse
842 362 907 382 con-

129 411 228 437 stitutas
252 408 287 434 ob
310 405 499 434 incendiorum
525 409 626 431 metum
649 407 726 430 extra
758 401 864 430 urbem.
881 405 907 426 ct

131 457 174 482 hoc
185 453 321 489 pricclpuc
330 453 400 483 loco,
413 451 459 486 qui
472 451 506 478 ad
519 450 608 477 sinuin
620 449 779 477 Cer’atinum
791 447 907 481 positus.

130 499 242 527 abundat
257 499 335 533 aquis
346 498 381 525 ad
392 496 601 532 exstinguenda,
610 496 633 523 si
645 501 706 530 quae
720 494 788 521 forte
802 492 904 520 oriren-

131 551 178 576 tur,
192 543 328 571 incendia.

162 590 282 623 Septima
297 591 412 615 vocatur
426 586 509 621 Hagia
528 586 625 620 capisi,
644 585 716 620 quod
729 584 842 619 hybrida
864 591 910 609 vu-

131 644 157 662 re
170 634 258 661 Turco
274 634 368 660 Graeca
399 633 535 667 signiﬁcat
563 635 668 664 portam
692 635 826 656 sanetam.
856 628 910 664 Ego

132 687 216 708 tamen
230 681 299 706 inea
316 687 375 705 sum
394 679 534 713 opinione,
564 681 593 703 ut
620 676 774 703 existimem
807 675 911 702 rectius

132 727 254 762 appellari
271 726 351 761 ἁγίας
378 725 497 758 καπισή,
519 724 571 750 hoc
588 728 639 754 est,
662 726 766 756 portam
797 725 909 753 sanctze,

133 772 252 798 videlicet
280 769 440 797 Theodosia).
463 769 566 802 :cujus
603 767 733 801 templunt
758 773 774 794 e
801 765 911 801 regiOue

135 823 205 845 trans
234 817 323 843 sinum
353 816 418 847 vidi,
446 820 525 842 vetus
542 819 569 842 ct
593 814 726 849 elegantis
754 817 908 844 structurae,

957 217 1045 250 capite
1062 216 1121 247 159,
1134 217 1179 251 qui
1190 216 1298 250 quidem
1315 214 1346 242 ad
1360 214 1490 242 Sanctum
1502 212 1664 239 Mamantem
1675 217 1742 245 pon-

957 266 982 288 te
992 263 1155 298 junguntur.
1175 262 1461 299 ll:tgiohazariotarum
1478 268 1528 287 vox
1543 259 1654 286 denotat
1667 257 1751 284 inco-_

959 309 996 335 las
1013 309 1126 344 emporii
1152 309 1244 336 Sancti
1264 308 1417 336 Malttantis.
1447 307 1583 334 Creteer
1610 305 1643 334 ad
1673 304 1743 334 hanc

958 360 1062 389 portam
1091 354 1269 390 llagiobazari
1297 354 1435 382 secundus
1463 357 1504 381 est
1522 351 1600 380 urbis
1626 351 1744 385 angulus

959 409 1054 428 Versus
1070 405 1168 428 terram
1185 400 1382 432 continentem,
1412 399 1457 426 tibi
1475 398 1579 426 scilicet
1606 397 1744 432 incipiunt

959 453 1043 482 porta:
1061 447 1188 482 murique
1201 450 1366 479 terrestres,
1397 445 1436 473 sic
1460 444 1537 475 dicti.
1561 443 1633 478 quod
1655 450 1705 471 nec
1729 450 1744 470 a

959 493 1019 519 sinu
1047 481 1185 525 Cerauno,
1214 500 1264 519 nec
1290 500 1303 518 a
1326 490 1496 526 Propontide
1523 481 1671 521 alluantttr,
1694 488 1742 516 sed

960 547 1055 567 versus
1069 532 1213 567 ’lln'aciam
1229 538 1346 573 porrecti
1362 537 1427 565 sint.
1444 537 1556 565 Veteres
1573 537 1618 564 hic
1632 537 1745 564 alteram

960 590 1109 620 posuerunt
1122 584 1198 611 urbis
1212 581 1373 619 acropolim,
1394 584 1469 611 velut
1495 583 1520 610 in
1539 583 1599 616 ejus
1613 581 1744 609 extremi—
1758 591 1760 594 ⁴

961 636 1015 658 tate
1036 632 1114 658 sitam
1129 630 1260 662 serunda,
1283 636 1406 665 respectu
1433 631 1536 665 prima),
1556 638 1617 665 (lure
1644 629 1747 663 Bycen"-

960 677 996 704 tis
1010 684 1099 702 arcent
1112 675 1244 706 continet,
1262 680 1290 702 ut
1308 680 1449 703 ostensum
1472 683 1531 710 cap.
1557 675 1617 706 159.
1639 676 1671 702 Et
1698 676 1747 703 Ita-

961 723 1040 749 bt-bat
1055 722 1099 749 hic
1109 721 1225 757 angulus
1237 721 1301 756 olim
1316 729 1415 752 aret-ui.
1429 721 1528 749 dictam
1539 721 1748 757 Peutepyrgion.

962 776 975 795 ιι
993 768 1112 803 quinque
1128 768 1260 801 turribus,
1271 768 1313 795 vel
1324 767 1510 803 Magnanram.
1525 770 1566 795 vel
1595 769 1642 803 τῆς
1674 768 1749 801 ξυλο-

963 811 1072 848 κέρκου,
1090 817 1114 840 et
1132 813 1260 847 palatium
1273 809 1378 848 Xylina-
1391 818 1473 848 porta:
1491 814 1562 848 apud
1580 814 1749 841 Cbaicocou-

135 871 200 890 nunc
217 867 416 890 commutatum
433 863 459 889 in
474 862 628 893 messitam,
645 868 705 895 qum
717 859 832 887 Casanis
850 859 911 886 bas-
928 860 948 888 B
962 855 1062 895 dylem,
1079 861 1157 894 rttjus
1170 861 1331 893 interpretes
1356 860 1455 887 vitiose
1479 860 1648 894 seripseruut
1665 859 1750 895 Xyllae

134 918 168 937 sm
182 909 294 940 elicitur,
316 913 345 934 ut
364 915 446 942 supra
462 907 616 942 expositum
630 913 689 940 cap.
706 905 769 932 128.
781 905 833 932 Per
843 904 913 931 hanc

136 956 203 982 enim
225 960 329 990 portam
351 952 541 988 ingrediuntur
570 953 674 983 urbem,
701 951 747 986 qui
775 957 790 976 ιι
820 955 913 977 sancta

135 1002 286 1029 Theodosia
303 1001 426 1033 veniunt,
441 1000 486 1028 ubi
503 999 656 1033 frequentia
672 1005 733 1025 cutn
748 996 816 1024 vicis
829 995 913 1024 aedili-

135 1049 173 1075 cia
191 1052 265 1075 sunt.

168 1093 270 1121 Octava
298 1092 397 1119 dicitur
420 1091 548 1119 Phanarli
575 1096 663 1126 porta,
689 1095 732 1120 vel
754 1090 914 1126 simpliciter

135 1136 396 1171 P.1auarion:cujus
409 1137 484 1164 vocis
501 1137 639 1164 notionem
657 1144 751 1172 supra,
772 1136 823 1164 128
841 1134 914 1170 capi-

134 1191 168 1215 te.
181 1185 230 1211 sub
243 1185 335 1215 liuent,
353 1183 534 1210 ostendimus.

169 1229 243 1256 Noua
261 1228 491 1264 Diplophanarion
503 1228 666 1263 appellatur,
681 1231 710 1255 et
733 1227 772 1255 uti
789 1227 914 1262 geminas

135 1277 160 1310 (ιι
175 1275 275 1310 quibus
291 1283 390 1303 nomen
404 1274 520 1309 accepit)
536 1278 639 1306 turres,
654 1273 694 1302 sic
712 1273 793 1301 etiam
823 1276 915 1307 portas

135 1324 201 1348 duas
219 1322 310 1350 habet.

170 1367 278 1394 Decima
293 1366 374 1401 vulgo
387 1366 490 1394 Graecis
503 1371 581 1402 porta
592 1365 718 1401 κυνηγοῦ
734 1365 792 1393 sive
803 1364 915 1401 Kynigi,

135 1412 182 1438 sed
197 1412 294 1438 rectius
305 1416 381 1445 porta
398 1411 535 1446 Κυνηγίου
551 1415 682 1443 vocatur;
696 1413 723 1436 et
734 1409 875 1443 κυνήγιον
887 1407 916 1434 in

137 1458 255 1485 basilicis
265 1458 322 1484 suis
334 1457 420 1485 ϐπ·πεὶ
434 1460 575 1485 verterunt
586 1463 646 1483 eum
663 1455 754 1483 locum
767 1454 854 1488 urbis,
868 1453 916 1489 qui

138 1504 266 1534 Itoniauis
278 1503 442 1537 temporibus
454 1503 543 1530 Arena
554 1502 713 1530 dicebatur:
728 1501 774 1528 ubi
790 1501 916 1528 videlicet

137 1550 177 1575 vel
187 1550 309 1576 homines
317 1557 376 1575 eum
386 1547 459 1580 feris;
470 1548 509 1574 vel
521 1549 590 1575 inter
600 1555 628 1575 se
637 1547 700 1575 fera:
706 1546 899 1575 committeban
907 1559 915 1566 -

138 1602 190 1622 tur.
209 1595 341 1631 Kynigitltt
359 1597 392 1621 ad
410 1592 576 1621 Vlaehcrnas
591 1593 721 1625 refertur,
746 1593 822 1620 locus
842 1592 918 1620 scili-

137 1649 179 1668 t'et
198 1642 344 1676 depressus
363 1647 389 1667 t'l
410 1647 559 1671 concavus,
582 1639 627 1666 ubi
643 1638 830 1673 patriarcbion
860 1641 920 1664 erat

138 1688 204 1711 itu-.12
217 1683 442 1719 peregrinationis
458 1689 592 1717 tempore,
608 1681 680 1716 quod
699 1681 750 1708 huc
763 1687 834 1707 anno
850 1680 919 1708 1587

138 1731 254 1765 pecunia
270 1730 384 1757 redemit
399 1738 413 1756 a
429 1728 531 1756 Graecis
564 1728 693 1755 sultnuus
724 1725 845 1753 Murates
875 1725 919 1757 ιιι,

138 1781 168 1803 ιιι
199 1777 260 1803 Μία
289 1775 440 1807 messitam,
472 1775 515 1801 sui
555 1773 676 1801 nominis
702 1776 921 1804 monumentum,

137 1823 248 1849 condat.
279 1820 306 1848 Id
337 1821 470 1848 hat-tenus
501 1828 573 1854 δίερο
604 1824 752 1849 tentatum.
782 1818 923 1853 impedivit

139 1864 434 1901 Tun-orumMuphtis,
463 1864 508 1899 qui
535 1864 633 1891 debere
661 1863 793 1889 Muratem
821 1862 924 1889 diceret

139 1916 216 1948 prius
231 1921 262 1939 ex
280 1913 380 1946 ereptis
410 1912 509 1938 seaeho
540 1917 674 1937 terrarum
701 1909 783 1936 terris
818 1915 925 1936 annuos

139 1960 258 1986 tnessiuc
271 1959 407 1986 struenda
421 1957 525 1984 reditus
541 1957 719 1983 constituere.
749 1956 850 1983 Graecis
867 1954 926 1982 rui-

139 2013 237 2033 nosum
277 2004 448 2031 Constantini
478 2004 605 2037 palatium
637 2002 728 2029 vieissi
743 2012 756 2028 ιι
788 1999 926 2032 concessit

139 2052 331 2080 aediﬁcandum
352 2051 378 2077 in
393 2057 473 2076 usum
489 2055 543 2076 tant
560 2048 729 2083 patriarehii,
744 2053 826 2082 quam
843 2049 927 2084 patri-

141 2098 260 2126 archalis
277 2096 409 2130 ecclesiae,
434 2096 469 2123 de
498 2104 552 2131 quo
578 2102 639 2123 mox
669 2096 770 2130 aliquid
798 2095 929 2127 indicabi-

141 2153 168 2172 Iﬂ
172 2153 215 2172 IIS.

964 906 1107 941 palatium,
1125 913 1149 933 et
1166 906 1244 941 pejus
1261 905 1429 940 interpretati
1450 911 1514 932 sunt
1542 906 1672 941 ligneum.
1690 905 1750 932 llzrc

963 958 1054 979 autem
1069 953 1178 979 nomina
1201 951 1358 986 frequenter
1374 953 1401 979 in
1429 951 1554 979 historiis
1581 952 1750 982 Graecorum.

964 993 1088 1030 Zonarm,
1107 997 1230 1029 Ccdrini.
1246 997 1376 1029 aliorum,
1407 1002 1566 1028 occurrunt.
1599 997 1752 1030 Explicatio

964 1044 1062 1080 prolixi
1075 1051 1096 1070 tr
1125 1043 1237 1071 alterius
1266 1043 1318 1070 loci
1346 1043 1438 1071 fuerit.
1470 1044 1547 1078 Apud
1580 1044 1751 1072 Leonardum

965 1091 1199 1125 archiepiscopum
1214 1089 1359 1118 Chiensem
1375 1091 1502 1125 leguntur
1527 1091 1553 1117 in
1567 1092 1693 1126 epistola,
1720 1093 1754 1119 de

966 1141 1042 1171 capta
1062 1135 1311 1169 Constantinopoli,
1325 1139 1415 1163 turres
1433 1136 1588 1165 Aveniades
1615 1145 1621 1163 :
1641 1137 1674 1165 de
1689 1128 1754 1172 qiu—

966 1183 1015 1209 bus
1026 1182 1210 1216 interrogatus
1222 1188 1237 1208 a
1253 1188 1296 1208 me
1311 1181 1483 1217 Zygomalas.
1503 1190 1628 1216 quaenam
1644 1183 1753 1218 scilicet

966 1233 1067 1261 essent,
1083 1227 1277 1264 respondebat,
1294 1227 1379 1264 479
1394 1227 1523 1261 dicendas
1542 1235 1604 1257 esse
1614 1232 1669 1258 hon
1687 1229 1756 1257 Ave-

966 1275 1074 1308 niatlas,
1092 1275 1138 1302 sed
1155 1279 1244 1302 turres
1260 1274 1420 1306 Anemanis,
1439 1274 1519 1309 cujus
1531 1278 1572 1303 est
1584 1275 1610 1302 in
1630 1275 1754 1304 historiis

967 1320 1124 1348 Grtecorum
1155 1320 1259 1348 mentio
1289 1320 1448 1355 :planeque
1474 1320 1593 1353 volebat,
1621 1321 1670 1349 has
1696 1321 1756 1349 illas

967 1374 1027 1394 esse
1040 1367 1161 1401 quinque
1181 1371 1287 1397 turres.
1303 1365 1330 1392 in
1350 1365 1433 1393 altera
1451 1365 1528 1393 urbis
1544 1367 1675 1401 acropoli,
1689 1375 1758 1402 quas

967 1411 1087 1439 diximus
1102 1411 1268 1448 Pentcpyrgii
1302 1419 1401 1439 nomen
1418 1411 1528 1439 habere.
1550 1412 1578 1439 ld
1595 1417 1686 1440 autem
1713 1421 1757 1440 ve-

967 1466 1028 1486 rum
1048 1466 1120 1490 esse,
1136 1458 1178 1486 vel
1205 1465 1239 1486 ex
1263 1458 1314 1486 hoc
1344 1457 1516 1492 intelligitur.
1537 1458 1608 1493 quod
1631 1459 1759 1487 Chiensis

958 1500 1091 1533 turribus
1107 1505 1231 1539 :tdjungit
1272 1504 1465 1541 Xyloportam,
1490 1513 1551 1540 qua:
1567 1513 1581 1533 ί
1609 1506 1757 1542 Xyloporta

970 1552 1053 1588 priori
1092 1552 1213 1583 diversa,
1244 1551 1383 1579 veteribus
1407 1552 1572 1586 ξυλόκερκος
1612 1552 1685 1581 dicta
1708 1553 1759 1580 fuit

972 1601 1113 1632 propterea
1128 1596 1201 1631 quod
1217 1596 1337 1624 artiﬁces
1361 1603 1420 1623 eam
1447 1602 1594 1629 struentes.
1621 1605 1716 1633 magna
1731 1599 1758 1625 in

973 1641 1241 1675 lundamrnloaqua:
1262 1647 1368 1677 reperta
1398 1643 1488 1677 copia.
1518 1643 1603 1678 tignis
1635 1644 1760 1679 plurimis

973 1694 1004 1713 ac
1020 1687 1087 1720 palis
1109 1686 1135 1714 in
1151 1694 1220 1720 aqua
1249 1687 1345 1715 deﬁxis
1364 1687 1467 1722 lapides
1495 1687 1651 1722 iniecerint.
1678 1694 1760 1725 atque

973 1732 1009 1759 ita
1023 1732 1131 1759 demum
1145 1731 1251 1759 mdilicii
1270 1731 1475 1760 fundamentum
1489 1733 1596 1761 ﬁrmum
1609 1734 1762 1767 ell‘eeerinl,
1778 1739 1783 1742 '

974 1782 1004 1805 ut
1020 1782 1061 1805 est
1078 1777 1105 1804 in
1124 1777 1193 1804 libro
1206 1777 1244 1805 De
1259 1778 1377 1812 redi/idin
1396 1777 1481 1806 urbis.
1498 1778 1554 1807 Nec
1577 1779 1627 1807 abs
1642 1788 1670 1807 re
1701 1782 1763 1815 quis

975 1824 1076 1851 dixerit
1087 1823 1173 1850 videri
1191 1823 1320 1858 palatium
1333 1824 1490 1860 Xyloportaa
1521 1826 1613 1860 potius
1637 1826 1763 1854 scriben-

976 1869 1040 1896 dum
1055 1869 1199 1905 Xylokevlii
1217 1869 1348 1904 palatium
1363 1880 1369 1897 :
1384 1870 1530 1905 scriptoris
1542 1871 1654 1899 librario
1669 1879 1764 1900 vocem

977 1916 1163 1943 obscur-iorem
1177 1916 1257 1948 hanc,
1269 1924 1331 1949 cum
1350 1917 1450 1950 notiori
1467 1916 1626 1954 Xyloportte
1640 1926 1765 1946 commu-

978 1965 1063 1990 tante.

1015 2006 1180 2041 Duodecimn
1198 2000 1297 2038 Turris
1315 2013 1357 2036 cst
1373 2006 1434 2043 Egri
1451 2010 1522 2044 capi,
1555 2017 1613 2044 qua:
1631 2017 1680 2036 vos
1697 2010 1766 2037 obli-

980 2062 1060 2092 quam
1078 2058 1182 2088 portam
1197 2055 1342 2090 significat.
1366 2056 1397 2083 Et
1412 2064 1507 2090 reapse
1535 2058 1575 2083 sie
1596 2060 1764 2084 exstructam

981 2096 1110 2135 vidimus,
1136 2107 1163 2128 ιιι
1184 2102 1212 2128 in
1237 2110 1296 2129 eam
1316 2110 1369 2129 non
1386 2102 1504 2135 directo,
1527 2103 1574 2130 sed
1602 2111 1634 2130 ex
1653 2103 1766 2137 obliquo

981 2152 1073 2180 pateat
1092 2147 1195 2174 aditus.
1224 2147 1359 2175 Leonardi
1385 2147 1653 2182 Chieusisepistola,
1685 2155 1766 2182 quam

180 2189 330 2218 Undecima
346 2189 503 2217 nominatur
517 2190 656 2217 veteribus
674 2187 852 2224 Xylokerkos.
865 2195 930 2216 cau-
948 2204 969 2230 υ
984 2194 1114 2225 diximus,
1130 2194 1296 2234 Caligarenm
1323 2199 1414 2227 vocat,
1441 2194 1528 2221 Graeci
1547 2194 1765 2229 Caligariornnt.

140 2246 173 2265 sa
192 2238 271 2272 paulo
286 2241 347 2271 post
359 2236 531 2271 exponenda,
546 2242 617 2262 nunc
633 2239 727 2262 autem
755 2234 930 2270 llagiobazziri

141 2288 233 2318 porta,
252 2290 300 2316 per
316 2289 397 2317 quam
411 2282 514 2309 scilicet
548 2281 738 2316 ingrediuntur
763 2281 856 2307 urbem
881 2279 933 2305 lla-

141 2329 345 2364 globazariotat.
359 2332 436 2355 trans
459 2328 549 2354 sinttm
578 2327 743 2358 habitantes,
776 2335 790 2353 e
824 2335 934 2361 rcgtoue

141 2376 227 2410 hujus
235 2380 330 2412 portat.
339 2374 443 2402 Nomen
453 2374 629 2408 llagiohazari
640 2374 773 2408 signitiCat
784 2373 824 2400 vel
833 2374 932 2403 sant-ti,

141 2422 185 2450 νει
200 2428 323 2449 sanctum
334 2421 652 2456 emporiumEtemporii
667 2428 731 2447 voce
743 2419 859 2456 Symeon
870 2425 936 2453 quoi

141 2477 199 2504 que
209 2469 335 2503 Magister
348 2476 408 2495 cum
423 2469 484 2495 aliis
502 2468 604 2495 Grmcis
615 2468 699 2494 utitur
709 2474 757 2503 pro
770 2467 850 2493 nullis
861 2467 934 2492 clun-

141 2523 178 2543 so
194 2517 288 2550 portis,
300 2520 347 2542 aut
356 2515 437 2542 nullis
446 2516 536 2542 cincto
547 2514 631 2541 muris
639 2514 777 2551 oppidulo.
789 2511 880 2539 Saneti
890 2520 937 2545 pn-

142 2565 202 2590 tius
218 2562 372 2589 existimem
390 2561 533 2588 dieendmn
557 2559 936 2594 enuporitlnt,utintelligatur

140 2609 298 2643 ctnporittm
311 2609 398 2635 Sancti
415 2607 572 2638 Mamantis,
604 2606 678 2641 quod
705 2606 769 2633 olitn
797 2610 934 2631 monaste-

142 2655 218 2681 rium
251 2655 367 2689 insigne,
399 2654 531 2688 palatium
559 2644 702 2688 anguslalc
728 2652 934 2679 celeberrimum

141 2702 174 2727 in
191 2701 326 2733 historiis,
342 2705 452 2735 pontem
467 2700 584 2734 denique
609 2708 663 2726 non
679 2699 769 2726 minus
804 2697 935 2726 nobilem.

140 2747 240 2773 Sancti
271 2747 416 2774 Mamantis
445 2746 609 2781 appellatum
642 2745 747 2772 habuit.
786 2743 834 2770 llie
862 2743 934 2769 enim

142 2792 294 2820 (ﬂundunt
320 2800 381 2820 sese
411 2793 436 2818 in
470 2797 621 2819 extremum
653 2791 809 2818 Ccratiuum
843 2789 933 2816 sinunt

143 2839 271 2866 celebres
285 2839 320 2865 illi
336 2838 435 2873 priscis
457 2837 558 2863 lluvioli
588 2836 711 2871 Cydurus
738 2840 764 2864 et
789 2836 934 2871 llarbyses,

292 2886 426 2918 Parnm"
442 2885 487 2914 Gn
518 2882 624 2914 CLIX.

987 2240 1031 2268 Sic
1046 2246 1138 2268 autent
1152 2248 1166 2267 a
1179 2240 1325 2275 Caligariis
1338 2240 1396 2267 sive
1412 2239 1555 2267 sutoribus
1567 2244 1610 2268 est
1621 2240 1766 2274 appellata.

985 2287 1032 2321 qui
1048 2287 1234 2314 calceamenla
1252 2286 1367 2319 faciunt,
1389 2294 1403 2313 a
1425 2286 1522 2314 Turcis
1541 2286 1685 2313 nominata
1702 2285 1768 2312 Pas-

986 2332 1135 2368 sumaggia.
1154 2332 1226 2359 Inter
1241 2333 1312 2360 hanc
1334 2337 1361 2360 et
1377 2332 1502 2368 proxime
1529 2335 1689 2367 sequentem
1707 2339 1768 2366 por-

986 2384 1040 2405 tam
1055 2379 1137 2405 sitttut
1154 2383 1196 2405 est
1211 2378 1242 2404 ad
1259 2379 1332 2413 ipsos
1356 2386 1460 2411 muros,
1475 2378 1529 2405 alto
1554 2372 1764 2412 lec0,palatium

986 2429 1061 2450 vetus
1076 2424 1316 2456 Blaebernimum,
1332 2424 1404 2458 qttod
1424 2423 1598 2450 Constantini
1611 2422 1668 2457 iam
1688 2424 1769 2457 vulgo

986 2474 1093 2501 vocant,
1115 2469 1158 2496 ubi
1183 2469 1309 2496 solebant
1333 2468 1470 2502 elephanti
1485 2468 1619 2495 hactenus
1636 2467 1684 2496 ali.
1711 2468 1770 2496 Hoc

984 2516 1038 2550 jam
1058 2515 1195 2549 praeterito
1217 2522 1289 2541 anno
1307 2515 1427 2542 hiut-ales
1444 2515 1476 2542 Ill
1490 2515 1595 2542 Grazeis
1611 2514 1670 2541 loco
1687 2514 1771 2548 patri-

986 2560 1071 2587 archii
1087 2560 1235 2594 concessit,
1258 2564 1287 2587 ut
1304 2561 1387 2595 paulo
1405 2566 1469 2588 ante
1489 2560 1620 2589 diximus.
1634 2561 1769 2588 Catterum

986 2607 1120 2641 reperitur
1135 2607 1161 2633 in
1177 2606 1280 2634 Griecis
1291 2607 1413 2635 historiis
1429 2607 1510 2642 hujus
1525 2612 1612 2641 portae
1621 2607 1768 2642 Caligario-

986 2660 1044 2678 rum
1056 2659 1152 2679 nomen
1167 2652 1316 2686 antiquius.
1335 2652 1415 2680 Porta
1434 2653 1552 2688 Καρσὶα,
1569 2655 1627 2681 sive
1638 2654 1769 2688 obliqua:

988 2699 1060 2735 quod
1073 2699 1246 2734 interpretati
1259 2699 1341 2727 Turci
1357 2699 1485 2727 videntur
1494 2707 1542 2734 per
1555 2699 1617 2734 [εει-ἰ
1632 2699 1704 2734 capi.
1719 2697 1770 2725 Ur-

987 2747 1027 2773 bis
1043 2751 1132 2773 tamen
1160 2745 1337 2773 aedificiorum
1351 2746 1420 2774 liber
1433 2745 1553 2774 Charsia:
1563 2750 1669 2780 portam
1684 2744 1771 2771 voluit

986 2793 1084 2819 dictam
1115 2793 1149 2819 ab
1181 2797 1293 2819 auctore
1321 2792 1362 2820 vel
1393 2791 1533 2819 conditore
1565 2790 1691 2820 Charsia,
1723 2789 1772 2823 qui
1807 2782 1816 2788 ’

988 2837 1092 2864 utentis
1110 2837 1201 2864 colore
1221 2837 1322 2864 \‘cneto
1335 2836 1463 2864 factionis
1478 2835 1570 2862 fuerit.
1588 2834 1656 2861 Nam
1675 2833 1771 2862 l‘actio-

1532 2880 1572 2910 28
