1963 3067
200 149 254 179 8Ἱῦ

799 141 968 172 JOANNlS
991 139 1226 171 LEUNCLAVII

1772 134 1826 166 875

202 217 251 237 ues
268 207 332 236 olim
350 209 468 241 quatuor
489 206 568 231 erant
583 201 611 228 in
635 199 817 236 hippodromo
836 199 982 227 decertan-
1001 203 1023 230 Α
1039 197 1203 232 urbem,qui
1223 196 1302 232 juxta
1319 195 1409 222 sinum
1423 194 1581 222 Ceratinutn
1601 201 1616 220 a
1645 192 1826 228 Pentt‘pyrgio

202 257 270 283 tium
286 253 456 288 equis,quos
472 249 588 281 κέλητας
601 246 739 274 Pindarus
767 245 847 278 dixit,
868 244 987 280 singulis

202 301 284 337 bigis,
301 299 389 334 trigis,
402 295 559 331 quadrigis;
573 294 607 321 ita
628 292 767 320 distinctae
791 291 942 323 coloribus,
958 295 988 318 ut

204 347 308 381 βένετοι
323 343 363 371 vel
379 339 607 374 caeruleiﬂeuxo‘v.
636 338 679 366 vel
701 337 766 371 albi,
792 337 919 372 πράσινοι
939 343 987 363 seu

204 392 316 422 virides,
329 389 432 425 ρούσιοι
445 395 494 415 seu
513 386 609 420 rubri,
625 385 793 413 diceremur.

241 437 350 465 Decima
367 434 445 462 tertia
461 437 502 461 est
518 433 574 466 illa,
589 431 669 467 cujus
696 431 750 458 hoc
769 429 909 457 annalium
926 429 987 456 loco

205 484 234 511 ﬁt
250 483 362 513 mentio,
377 487 492 516 quicque
506 478 585 507 nobis
612 471 785 505 occasionem
816 476 932 510 primam
949 483 989 502 re-

204 528 337 557 censendi
349 532 445 562 portas
459 526 537 553 urbis
553 523 679 560 pratbuit.
696 522 813 550 Vocatur
830 526 921 549 autem
935 521 988 548 Ila-

205 574 439 610 drianopolitana,
457 571 529 606 quod
539 569 730 604 liadrianopoli
749 573 823 596 recta
837 569 988 598 venientes.

206 622 302 648 urbem
316 619 421 654 ingredi
435 625 484 652 per
495 624 557 645 eam
566 616 685 644 soleant.
701 614 731 642 ln
750 615 801 641 hac
816 618 894 649 porta
909 614 990 648 periit

206 657 358 703 oppressus
373 664 515 693 hominum
533 662 613 690 turba
628 661 826 690 Constantinus
840 659 986 695 Drngases,

205 707 318 742 ultimus
340 711 496 740 Graecorum
513 710 673 745 imperator.

243 759 374 795 Sequitur
391 757 496 785 decima
512 760 622 791 quarta.
638 755 742 783 recenti
767 754 903 782 vocabulo
920 753 990 780 Tur-

207 807 266 834 cieo
282 806 354 833 dicta
367 804 425 839 Top
441 803 539 836 capisi,
557 809 612 836 quo
630 801 800 837 significatur
816 805 896 836 porta
913 801 990 828 bom-

207 851 413 884 bardaria,sive
428 853 626 877 tormentorum
643 847 815 874 bellicorum.
828 846 915 874 Graeci
928 849 991 873 ante

208 902 315 932 captam
334 903 349 922 a
367 895 494 922 Barbaris
509 893 618 926 urbem,
634 892 814 920 nominabant
827 892 856 919 S.
875 891 992 919 Romani

208 948 328 978 portam,
358 941 430 969 sicut
444 944 472 968 et
489 939 648 967 Leonardus
676 938 803 966 Citiensis
828 942 855 965 et
881 937 997 965 Chalce-

209 988 340 1023 condyles
361 991 518 1015 testantur:
540 985 620 1020 cujus
639 988 730 1012 tanien
752 984 891 1019 interpres
907 982 996 1011 Galli-

209 1041 258 1061 cus
270 1041 304 1061 ex
319 1031 413 1060 Sancti
439 1030 553 1058 Romani
570 1033 646 1064 put'ta
674 1029 762 1057 facere
779 1033 882 1063 portam
899 1027 998 1054 Roma-

210 1086 272 1106 nam
290 1078 341 1106 fuit
353 1085 448 1106 ausus.
463 1077 482 1104 Α
502 1075 659 1104 bomburdis
675 1082 737 1102 eam
755 1073 861 1101 Turcos
877 1073 998 1101 arbitror

209 1124 374 1161 appellasse,
388 1123 459 1159 quod
473 1121 627 1150 obsidionis
647 1125 771 1156 tempore
785 1124 922 1148 tormenta
939 1120 995 1148 bel—

210 1167 261 1199 h'ca
281 1171 420 1206 praecipue
437 1169 540 1196 fuerint
557 1167 622 1196 huic
639 1168 777 1203 opposita.

244 1217 373 1245 Proxima
403 1215 556 1244 secundum
589 1214 661 1242 hanc
690 1218 733 1242 est
758 1214 863 1242 decima
889 1213 997 1249 quinta,

211 1263 310 1292 Turcis
324 1262 392 1291 Geni
409 1260 482 1296 capi,
508 1259 611 1288 Graecis
625 1261 673 1288 νεα
684 1259 784 1296 πόρτα,
796 1260 869 1295 quod
891 1265 996 1295 portam

211 1316 309 1338 novam
327 1307 477 1344 signiﬁcat.

248 1355 314 1383 Inde
329 1354 489 1390 pervenitur
503 1354 537 1382 ad
551 1353 686 1382 decimam
720 1357 836 1385 sextam,
872 1353 998 1381 videlicet

212 1401 335 1438 Silyvriae
349 1402 390 1429 vel
405 1400 536 1436 Selybriat
552 1403 671 1434 portam,
684 1406 745 1434 quae
758 1406 773 1426 a
793 1398 890 1433 priscis
905 1400 993 1436 χρυσῆ

213 1451 301 1482 porta,
315 1446 358 1474 vel
375 1453 458 1474 aurea
475 1450 553 1480 porta
569 1444 772 1476 nominabatur,
801 1448 826 1471 et
849 1448 926 1479 porta
939 1443 999 1471 fon-

214 1493 258 1520 tis.
277 1492 342 1519 Nam
365 1496 443 1519 extra
459 1496 565 1527 portant
592 1491 663 1517 hanc
691 1494 734 1517 est
764 1489 902 1525 hodieque
924 1490 997 1525 fons,

213 1538 260 1574 qui
295 1537 457 1573 χρυσοπηγή
477 1536 519 1564 vel
540 1543 640 1564 aureus
656 1535 718 1563 i'ous
733 1542 750 1563 a
766 1534 869 1563 Cra-cis
883 1537 998 1572 antiquo

214 1583 324 1611 nctnine
340 1583 453 1615 dicitur,
467 1581 587 1609 celebris
608 1581 635 1608 in
658 1587 754 1608 eorum
771 1580 905 1614 historiis,
938 1588 999 1617 quae

160 1630 165 1641 ’
214 1636 402 1665 strpennmero
416 1628 509 1663 palatii
526 1627 617 1662 πηγῆς
644 1626 702 1654 sive
719 1627 802 1654 fontis
830 1627 998 1655 mentionem

216 1676 328 1708 faciunt,
347 1679 374 1702 et
392 1674 486 1709 templi
503 1673 624 1709 Deiparaa
643 1673 755 1708 rirginis
773 1674 806 1701 ad
834 1674 926 1709 πηγὴν
943 1675 999 1701 sive

216 1722 329 1750 fontem.
358 1720 496 1755 interpres
516 1719 630 1747 Cedrini
660 1720 822 1755 plerumque
852 1719 941 1756 Pegen
972 1724 999 1747 et

215 1769 242 1796 in
262 1768 331 1803 Pege
348 1766 480 1795 reddidit.
498 1766 626 1794 mditlcia
642 1773 718 1794 nunc
732 1766 823 1794 diruta
838 1772 912 1799 sunt,
940 1767 999 1794 fun-

215 1813 352 1841 damentis
367 1812 456 1840 adhuc
480 1811 654 1839 exstantibus
678 1816 705 1839 et
734 1811 795 1847 ipso
810 1812 903 1840 fonte:
918 1820 999 1848 quem

215 1860 350 1895 hodieque
373 1859 530 1887 Gracorutn
546 1859 645 1893 vulgus
672 1860 850 1894 χρυσοπηγὴν
871 1861 999 1894 appellat,

214 1909 241 1932 et
256 1905 375 1932 invisere
391 1910 490 1937 magno
505 1910 654 1935 concursu,
682 1908 758 1930 certo
772 1903 837 1930 anni
865 1907 1000 1939 tempore,

215 1951 296 1979 veluti
307 1951 331 1978 si
348 1949 471 1984 Deiparat
484 1948 597 1983 virginis
613 1948 744 1983 templum
759 1949 848 1976 adhuc
861 1949 1001 1977 incolume

216 2000 311 2029 staret,
325 1995 480 2024 consuevit.
499 1994 590 2022 Aurea
614 2000 692 2028 porta
708 2002 782 2022 nunc
795 1995 878 2022 etiam
896 1995 1000 2030 reliqua

216 2042 393 2076 conspicitur,
404 2040 452 2069 sed
461 2040 613 2071 obstructa,
626 2047 677 2067 nec
689 2040 715 2067 id
724 2041 795 2075 qttod
806 2041 894 2073 audit,
905 2048 999 2068 aut-ca:

215 2088 282 2115 satis
297 2087 408 2122 elegans
425 2089 526 2116 tamen,
552 2091 699 2119 expressos
717 2093 732 2112 e
758 2092 895 2112 marmore
912 2086 1001 2112 couti-

210 2141 284 2169 ‘nens
297 2139 399 2168 agones
421 2132 478 2160 sive
505 2131 615 2159 labores
632 2130 770 2164 Herculis,
798 2131 916 2158 artiticio
946 2138 1000 2157 non

216 2179 330 2215 vulgari.

1040 245 1185 279 incipiens,
1202 243 1236 270 ad
1251 242 1463 278 llcptapyrgium
1475 241 1554 277 juxta
1569 240 1762 276 Propontidem
1778 241 1825 267 de-

1039 292 1115 320 sinit.

1074 346 1160 382 lgitut'
1175 345 1424 381 lleptapyrgianum
1443 344 1501 378 jam
1517 343 1620 378 angulo
1649 342 1759 378 navigio
1771 342 1827 370 cir-

1039 392 1203 425 Cunivectis,
1219 392 1305 426 prima
1321 395 1433 425 propter
1448 396 1540 417 arcem
1553 390 1580 416 in
1598 389 1685 416 latere
1698 388 1828 416 meridio-

1040 438 1094 465 nali
1126 444 1205 473 porta
1237 445 1270 465 se
1301 437 1380 464 nobis
1409 435 1499 468 oll‘crt,
1532 434 1683 470 cmtcroqui
1710 441 1828 461 numero

1040 486 1145 513 decima
1162 485 1288 519 septima,
1300 491 1384 518 quam
1400 483 1435 511 ab
1452 490 1515 510 arce
1527 482 1617 510 vicina
1633 486 1743 516 portam
1760 481 1830 507 ἑπτὰ

1039 531 1185 565 γουλάδων,
1196 531 1284 563 idest,
1298 534 1400 564 septem
1416 529 1545 561 turrium,
1553 535 1622 556 voce
1632 527 1829 556 mistobarbara

1041 575 1194 602 nominant.
1210 574 1426 603 Observavimus
1450 574 1479 602 in
1510 573 1563 600 hac
1578 572 1700 600 Graecam
1729 571 1831 600 inscri-

1039 621 1176 655 ptionem,
1190 628 1271 656 quam
1284 619 1410 648 dabimus
1417 619 1494 647 alibi.

1076 678 1233 706 Secundum
1250 678 1322 706 hanc
1336 677 1461 712 proxima
1479 677 1605 712 sequitur
1617 680 1712 703 octava
1725 675 1831 704 decima

1041 729 1129 759 porta,
1148 723 1268 752 Turcico
1285 724 1419 752 vocabulo
1431 723 1507 751 Narii
1519 724 1581 758 capi
1602 724 1677 750 dicta
1692 731 1699 750 :
1720 730 1774 758 quo
1790 722 1830 749 ni-

1041 770 1142 797 mirum
1157 770 1302 806 appellttnt
1318 777 1352 797 ex
1374 770 1474 798 insulis
1491 769 1601 805 navigia
1631 769 1710 797 malis
1729 769 1831 800 aureis,

1042 821 1090 841 seu
1108 815 1230 848 grauatis
1257 815 1356 850 (ροϊδια
1387 822 1460 842 nunc
1478 814 1564 842 Graeci
1589 814 1698 847 vocant)
1721 820 1831 842 onusta.

1008 875 1028 903 Β
1077 859 1187 887 Decium
1203 868 1273 887 nona
1296 865 1409 888 vocatur
1424 860 1627 889 Psomatiorum
1642 867 1730 896 porta.
1748 860 1805 887 LG.
1818 869 1831 887 r

1047 911 1138 934 exstat
1169 907 1240 941 apud
1253 907 1362 936 Grtecos
1382 908 1599 943 manuscriptus,
1615 907 1700 943 5.80
1717 906 1750 934 de
1768 907 1833 934 auli-

1048 953 1117 981 ﬁciis
1141 954 1228 987 urbis,
1248 962 1329 989 quem
1350 954 1494 982 habemus.
1522 953 1552 981 In
1580 960 1612 980 co
1636 960 1734 981 nomen
1751 958 1834 987 porta:

1047 999 1178 1028 Psamatii
1194 1000 1342 1035 reperitur,
1372 1003 1403 1036 et
1415 999 1546 1034 palatium
1568 998 1709 1031 Psamatii,
1729 1003 1756 1026 et
1782 1006 1834 1032 γη-

1049 1046 1201 1080 ρωκομείον
1227 1045 1370 1078 Psamatii,
1387 1053 1443 1081 qtto
1464 1045 1562 1073 domus
1588 1045 1757 1081 signiﬁcatur
1784 1053 1834 1072 ex-

1047 1095 1154 1120 structa
1167 1092 1296 1120 curandis
1313 1096 1340 1120 et
1355 1091 1461 1120 alendis
1481 1092 1602 1120 senibus.
1615 1091 1751 1126 Originetn
1770 1099 1835 1118 vero

1048 1137 1169 1165 nominis
1187 1136 1317 1165 Psatnatii
1335 1137 1450 1172 legimus
1466 1137 1537 1164 hanc
1566 1136 1594 1164 in
1626 1137 1722 1164 eodem
1751 1136 1834 1166 libro,

1048 1183 1160 1211 stetisse
1171 1183 1278 1210 scilicet
1289 1183 1355 1210 olitn
1375 1184 1427 1210 hoc
1444 1183 1471 1209 in
1503 1183 1563 1210 loco
1589 1181 1718 1210 Psantatii
1746 1183 1836 1217 quod-

1048 1228 1111 1257 dam
1127 1229 1319 1262 simulacrum,
1351 1230 1423 1263 quod
1441 1229 1617 1256 deastrorum
1648 1229 1738 1256 cultor
1761 1230 1836 1264 quis‘

1049 1275 1121 1310 piam
1133 1282 1183 1302 ceu
1196 1275 1277 1303 deum
1293 1276 1420 1303 coluerit.
1431 1264 1605 1303 (ibristianos
1626 1283 1690 1303 vero
1708 1275 1837 1309 frcquvn-

1050 1325 1091 1348 ter
1102 1321 1239 1348 hominem
1255 1322 1289 1348 ab
1303 1329 1334 1348 eo
1354 1321 1468 1349 colendo
1479 1321 1670 1354 dehortantes,
1683 1322 1837 1356 appellasse

1049 1368 1227 1396 simulacrum
1252 1368 1329 1401 illud,
1349 1368 1423 1401 quod
1455 1369 1513 1403 ipse
1531 1373 1722 1400 veneraretur.
1751 1368 1835 1396 deum

1048 1414 1240 1449 ψευματέῖνον,
1264 1415 1291 1443 id
1309 1420 1361 1448 est,
1386 1415 1485 1443 falsum
1517 1419 1544 1442 et
1569 1415 1705 1447 ﬁctilium,
1735 1416 1838 1450 quique,

1049 1469 1150 1489 nomen
1168 1462 1235 1489 illud
1257 1463 1431 1490 mentiretur.
1450 1462 1489 1489 Ab
1515 1461 1567 1489 huc
1599 1463 1682 1496 igitur
1701 1462 1773 1489 idolo
1792 1463 1837 1489 dei

1051 1506 1143 1534 ﬁetitii
1167 1507 1263 1534 volunt
1283 1507 1335 1542 ipsi
1361 1507 1422 1534 loco
1449 1514 1548 1535 nomen
1566 1507 1695 1538 inditum,
1715 1511 1743 1534 ut
1772 1506 1839 1534 Pso-

1012 1551 1035 1582 (Ξ
1052 1553 1129 1581 tnatii
1143 1554 1292 1586 diceretur,
1317 1554 1344 1581 id
1369 1558 1422 1587 est,
1445 1553 1534 1581 lictitii
1560 1553 1602 1581 del
1631 1553 1725 1580 locus:
1754 1552 1838 1587 vulgo

1048 1599 1145 1628 Psama
1163 1600 1280 1633 dicente,
1307 1607 1357 1634 pro
1380 1599 1483 1634 ψεῦμα,
1504 1600 1577 1634 quod
1591 1604 1632 1627 est
1650 1599 1837 1627 mendacium.

1049 1647 1166 1681 Propter
1183 1647 1253 1674 hanc
1277 1654 1343 1674 vero
1368 1651 1472 1680 portam
1500 1646 1631 1673 Psamatii
1657 1646 1794 1679 quondam
1812 1651 1839 1672 et

1051 1692 1179 1728 palatium
1195 1698 1252 1719 erat
1269 1697 1296 1720 et
1320 1691 1522 1727 γηρωκομεῐθν,
1539 1695 1568 1718 ιιι
1582 1691 1717 1719 diximus:
1732 1698 1840 1718 utrum-

1051 1746 1104 1773 que
1124 1738 1252 1766 Psamatii
1278 1747 1376 1766 nomen
1406 1739 1441 1766 ob
1469 1738 1597 1766 viciniam
1617 1738 1733 1769 habens.
1746 1735 1788 1765 ἐι
1805 1739 1840 1766 ab

1052 1783 1154 1810 llclcna
1175 1784 1308 1818 Augusta,
1325 1787 1412 1811 matre
1428 1783 1603 1811 Constantini
1632 1783 1733 1819 Magni,
1764 1785 1841 1811 ttrbis

1052 1829 1213 1861 conditoris.
1228 1833 1409 1857 exstructum.
1423 1829 1643 1858 Christianorum
1658 1831 1754 1866 vulgus
1768 1831 1841 1859 hanc

1053 1881 1158 1911 portam
1178 1883 1250 1904 nunc
1274 1877 1357 1903 etiam
1385 1875 1440 1904 San
1471 1877 1588 1904 Matthia
1617 1882 1708 1910 vocat,
1727 1878 1841 1906 nomine

1052 1927 1181 1956 corrupto
1191 1930 1222 1949 ex
1239 1921 1389 1950 Psatnatia.

1089 1989 1223 2018 Vicesima
1254 1991 1357 2019 Graecis
1377 1992 1542 2023 Contoscalii
1570 1997 1649 2028 porta
1679 1993 1792 2020 dicitur.
1812 1993 1841 2021 In

1053 2036 1124 2063 libro
1143 2036 1179 2065 de
1208 2037 1283 2064 urbis
1299 2037 1425 2065 aediliciis
1444 2038 1523 2066 locus
1550 2038 1595 2066 ltie
1623 2038 1842 2067 Contoscalinon

1054 2083 1208 2117 appellatur
1224 2088 1249 2111 et
1264 2091 1344 2112 causa
1357 2084 1479 2112 nominis
1494 2084 1634 2119 adjicitur.
1654 2084 1764 2112 Etenim
1781 2085 1841 2121 ipsa

1055 2134 1130 2162 porta
1151 2129 1219 2156 velut
1237 2130 1308 2155 intra
1325 2129 1416 2157 sinttm
1437 2130 1581 2164 quemdam
1601 2131 1726 2159 abscedit
1741 2139 1842 2159 versus

1056 2174 1344 2207 urbem,etabaltera
1366 2179 1444 2210 parte
1469 2176 1624 2210 proximum
1651 2176 1704 2203 sibi
1730 2180 1840 2210 portum

251 2225 308 2252 Hoc
334 2224 390 2260 jam
423 2223 482 2250 loco
505 2226 664 2256 perventum
681 2225 734 2254 est,
762 2222 795 2248 ab
809 2222 910 2256 angulo
926 2223 1001 2250 urbis
1018 2231 1039 2259 Β
1056 2219 1137 2246 habet
1152 2228 1200 2253 pro
1217 2220 1388 2252 triremibus,
1405 2220 1431 2247 in
1447 2227 1522 2248 mare
1549 2228 1579 2248 se
1602 2221 1799 2256 porrigentem,
1814 2226 1844 2249 et

215 2273 348 2303 secundo,
362 2274 471 2305 propter
488 2275 582 2295 muros
595 2268 669 2295 urbis
683 2272 830 2295 terrestres
841 2268 1001 2295 circummu—

217 2317 345 2349 bulando,
355 2316 390 2344 ad
403 2315 559 2350 oppositum
570 2313 633 2340 huic
645 2312 772 2348 angulum
784 2313 861 2340 urbis
873 2313 980 2340 tertintn
994 2321 1001 2339 :

216 2366 274 2400 qui,
286 2365 356 2392 sicut
373 2362 511 2392 secundus
538 2361 583 2388 ille
600 2360 632 2388 ad
651 2361 743 2388 sinum
771 2359 929 2388 Cerntinntn
957 2369 1002 2387 cx-

217 2417 335 2439 ll'l‘lltutll
351 2411 422 2438 situs
439 2414 492 2442 est,
512 2409 549 2435 ita
575 2414 599 2435 et
616 2408 673 2443 ipse
695 2408 811 2442 pertinet
827 2409 859 2435 ad
883 2407 1003 2443 Propert-

218 2459 318 2484 tidem:
335 2461 364 2483 ut
375 2456 505 2490 deinceps
518 2454 591 2481 latus
602 2454 677 2480 urbis
691 2453 825 2487 reliquum
843 2454 910 2480 inuri
924 2454 1004 2480 allui-

220 2509 274 2535 tur,
289 2502 421 2537 usquead
439 2499 662 2536 promontorium
691 2498 830 2533 Byzantis,
860 2498 901 2525 Vel
929 2498 1004 2526 urbis

219 2549 348 2582 angulum
366 2547 494 2582 primum.
509 2547 550 2573 Ab
562 2546 613 2573 hoc
625 2545 698 2573 enim
719 2544 818 2579 angulo
831 2544 918 2578 primo
932 2544 1003 2571 latus

220 2595 295 2622 urbis
310 2601 405 2626 unum,
422 2592 550 2620 videlicet
566 2591 736 2627 aquilonare,
759 2598 774 2617 a
790 2590 855 2616 mari
882 2589 1004 2617 Ceratini

220 2642 298 2670 sinus
316 2640 441 2670 cﬁicilur.
455 2646 543 2674 usque
558 2638 592 2665 ad
618 2637 747 2673 angulum
763 2628 913 2664 secundum
933 2636 1003 2663 Pen-

220 2679 408 2725 tep'yrgiauum
433 2695 439 2712 :
456 2693 554 2713 rursus
575 2685 609 2712 ab
633 2685 717 2711 altera
736 2687 813 2719 parte
830 2690 904 2710 mare
934 2683 1021 2710 Pro--

221 2735 342 2771 pontidis
360 2733 510 2760 secundum
523 2731 596 2758 latus
613 2731 701 2762 urbis,
712 2734 739 2758 et
754 2729 933 2757 nicridtouale
946 2730 1006 2763 qui-

218 2785 279 2810 dem
310 2780 411 2811 edicit,
442 2785 530 2812 usque
557 2777 589 2803 ad
630 2777 738 2804 tcrtiutn
767 2776 842 2802 urbis
874 2776 1004 2809 angulum

218 2827 484 2865 iieptapyrgianum:
505 2823 673 2851 occidentale
704 2829 768 2848 vero
789 2821 901 2848 tertium
926 2822 1004 2859 latus

219 2878 252 2903 ab
267 2875 394 2903 omnibus
406 2872 484 2908 aquis
504 2871 636 2902 immune,
654 2868 775 2896 terrestri
804 2875 883 2894 muro
900 2867 1002 2894 claudit

1057 2273 1136 2290 tnuro
1148 2265 1359 2299 circumdatum.
1377 2266 1400 2292 ls
1416 2270 1512 2301 portus
1527 2266 1592 2293 oliui
1609 2274 1672 2293 cum
1683 2271 1843 2302 pararetur,

1054 2312 1211 2345 pra-fectum
1229 2310 1315 2339 fuisse
1330 2313 1441 2340 tradunt
1454 2312 1545 2348 operis
1567 2313 1643 2340 velut
1655 2313 1844 2348 ἐργοδώκῖην

1054 2358 1227 2391 Agallimum
1245 2357 1445 2386 Turtnarchuut
1474 2358 1512 2394 (id
1531 2364 1627 2386 turmas
1645 2359 1741 2386 ducem
1753 2361 1842 2393 signi-

1054 2405 1128 2437 tieat,
1147 2405 1199 2431 hoc
1215 2409 1266 2438 est,
1282 2405 1408 2439 legionis,
1426 2412 1475 2432 sex
1490 2405 1632 2433 hominum
1647 2406 1734 2434 millia
1764 2413 1845 2433 cont-

1056 2449 1211 2484 pieclettiis,
1232 2454 1259 2476 ut
1275 2454 1317 2478 est
1334 2450 1405 2486 apud
1415 2449 1535 2477 Leonem
1551 2451 1706 2486 Augustum
1725 2451 1753 2478 in
1771 2451 1846 2479 libro

1057 2497 1092 2523 De
1104 2495 1205 2522 bellicis
1219 2496 1417 2531 apparatibus),
1431 2496 1477 2531 qui
1494 2504 1646 2531 cognomen
1658 2496 1848 2526 Constoscclis

1057 2543 1184 2570 habuerit
1203 2550 1216 2569 a
1238 2542 1369 2570 brevibus
1386 2542 1471 2569 tibiis.
1496 2542 1708 2570 Gambacurtant
1725 2543 1784 2570 itali
1803 2545 1849 2570 dt-

1057 2593 1159 2616 cetettt.
1175 2588 1217 2615 Ab
1230 2588 1281 2614 huc
1295 2587 1460 2622 appellatalii
1484 2587 1562 2614 aiunt
1575 2594 1680 2621 portam
1696 2588 1849 2616 Canlosea-

1057 2635 1154 2667 linam,
1172 2633 1254 2660 Veluti
1270 2634 1501 2660 contoseelinatn.
1521 2633 1577 2668 Ego
1600 2641 1664 2660 vero
1679 2641 1747 2669 pace
1766 2635 1848 2663 Grae-

1057 2687 1152 2708 corum
1181 2679 1298 2706 dixerim
1331 2679 1423 2713 potius
1441 2678 1664 2706 Contoscalinatn
1683 2681 1725 2707 vel
1743 2680 1848 2709 Conto-

1056 2725 1133 2753 scalti
1148 2730 1272 2751 vocatum
1292 2732 1306 2751 a
1331 2729 1411 2752 conta
1426 2725 1512 2751 scala.
1529 2725 1631 2756 Κοντός
1650 2726 1723 2753 enim
1741 2726 1847 2756 Graecis

1058 2780 1137 2799 nunc
1157 2779 1267 2806 parvus,
1293 2771 1332 2798 uti
1361 2779 1423 2798 cum
1453 2771 1590 2799 Cedrinus
1617 2772 1665 2805 ait,
1696 2773 1846 2807 quemdam

1056 2819 1143 2846 fuisse
1155 2818 1326 2845 nominatum
1341 2818 1374 2845 ab
1389 2818 1540 2853 exiguitate
1556 2823 1669 2846 staturae
1682 2819 1849 2846 Κονιολέον-

1058 2873 1091 2891 τα
1103 2868 1244 2898 praetorem
1263 2863 1438 2897 (lephnliituu,
1459 2867 1486 2890 et
1510 2864 1592 2891 uliutn
1620 2863 1846 2898 Korwerégavov
