1963 3067
154 123 204 154 8ῗ7

153 187 202 205 ceu
215 178 334 205 Leonem
351 179 502 211 pasvumet
520 173 690 208 Stephanum
708 179 834 207 parvum.
851 170 938 198 Scala:
958 179 974 204 Α

153 223 313 258 nomcnjam
327 226 390 249 ante
405 221 587 249 declaratum.

188 269 325 296 Vicesima
353 267 440 302 prima
469 265 698 302 Catergolimenis
724 268 803 300 porta
834 271 940 291 num-u-

153 321 244 350 patur,
265 323 280 345 a
303 319 384 350 portu
404 313 570 346 triremium,
588 320 650 348 qua:
665 311 744 347 vulgo
759 316 824 339 sunt
836 311 939 338 Cra-cis

153 363 294 397 Κάτεργα,
318 362 392 389 sicut
421 364 449 388 et
479 359 654 394 Καιεργάδες
680 365 753 385 nunc
766 357 940 392 appellantur

153 407 300 439 classiarii,
317 406 359 433 vrl
373 406 484 433 navales
497 404 565 432 socii
582 404 746 431 triremium.

189 451 325 479 Vicesima
337 451 460 478 secunda
477 449 557 484 vulgo
573 457 648 476 nunc
661 448 765 476 Graecis
782 452 823 477 est
852 447 941 482 πόρτα

151 499 210 528 ταῖς
224 497 366 532 aptae-382;,
380 497 405 523 id
419 501 472 528 est,
486 496 528 523 vel
543 503 683 528 ursarum.
695 496 736 523 vel
747 495 852 528 ursina,
868 494 939 523 Tur-

151 543 192 569 cis
209 542 366 570 Tscltatlati
381 541 470 575 capsi.
490 549 505 568 a
525 543 695 569 mactatiuue
710 540 854 575 pecudum.
871 539 942 567 Sunt

152 590 198 622 qui
227 596 323 615 novatn
350 588 452 615 littoris
479 593 584 623 portatu
618 588 776 614 nominant.
807 587 940 621 Equidem

154 634 318 662 crediderim
344 641 406 661 esse
430 634 583 669 antiquare.
615 633 771 661 {Ediiicium
793 632 940 661 rotundum

149 686 230 719 extra
249 688 344 708 muros
375 681 403 708 in
420 681 480 714 ipso
501 681 570 708 mari
600 681 721 708 vicinum
741 688 775 710 ac
791 685 870 708 vetus
889 680 939 707 ba-

153 727 209 760 bet,
224 727 345 761 undique
357 726 560 759 circumﬂuum,
579 727 632 755 nisi
643 735 695 760 qua
707 731 787 754 terrae
799 726 940 761 jungitur;

155 773 180 798 in
200 780 256 807 quo
290 777 458 804 mactantur,
489 773 667 800 emoriantur
691 776 719 800 et
743 776 942 800 exenterantur

154 818 292 852 pecudes:
315 818 436 853 itemque
456 817 592 846 [ernesti-as
610 818 690 845 habet
704 818 761 846 hate
775 823 852 852 porta
869 825 943 844 mar-

156 872 263 892 moreas
279 872 294 892 a
312 865 407 896 latere,
424 864 567 898 cujusdam
582 865 689 892 mdiﬁcii
703 865 743 892 vel
757 864 851 899 palatii
868 869 941 891 vete-

156 912 206 943 ris,
223 911 295 946 quod
313 911 380 946 ipsis
408 913 495 939 muris
512 911 625 938 urbanis
655 910 799 938 incumbit.
827 911 877 939 llic
894 911 942 938 ali-

155 957 266 991 quando
279 965 349 992 pene
371 958 547 992 naufragium
573 958 672 985 iecisse
707 958 848 991 recordor,
875 965 939 984 cum

130 1038 132 1041 Ι
155 1004 238 1030 animi
250 1005 336 1038 gratia
348 1004 464 1032 Wolﬁus
474 1005 634 1040 nguadius
642 1004 712 1031 Baro
722 1003 941 1035 Sonneceianus,

155 1056 180 1074 ct
202 1049 383 1085 Hieronymus
406 1050 573 1082 Arconatus,
604 1054 634 1077 et
654 1056 715 1083 ego,
745 1048 866 1076 sai-aiunt
885 1049 942 1075 suli

155 1096 291 1129 tauinum,
312 1098 472 1139 c'Ceratino
499 1097 560 1124 sinu
584 1095 708 1130 profecti,
734 1095 804 1122 caelo
824 1095 940 1129 primunt

155 1149 253 1169 sereno
280 1144 403 1177 marique
421 1143 539 1177 placido,
563 1142 865 1176 circutunavigarcmus
891 1144 943 1167 :ct

155 1188 251 1214 oborta
266 1188 357 1216 subito
377 1193 550 1224 tempestate,
572 1196 626 1216 non
654 1189 715 1216 sine
740 1188 862 1223 periculo
887 1188 941 1215 huc

156 1234 343 1270 rejicercmur.

193 1280 328 1308 Vicesima
344 1281 422 1308 tertia
437 1287 463 1309 et
473 1281 571 1309 ultima
592 1286 670 1316 porta
687 1281 822 1311 vocabulo
845 1281 941 1308 Turci-

154 1335 188 1354 co
204 1327 361 1355 notuinatur
379 1328 471 1355 Acltur
487 1327 586 1362 capisi,
603 1327 676 1362 quod
698 1327 813 1354 Aolturii
833 1331 939 1362 purum

155 1372 300 1407 significat.
315 1374 467 1401 Aeliurium
484 1381 549 1401 vero
567 1373 664 1403 Turcis
678 1377 719 1400 cst
734 1373 877 1400 zediticium
891 1379 940 1400 cs—

157 1426 220 1454 psx,
233 1426 324 1446 aream
340 1420 445 1447 habens
459 1420 485 1447 in
497 1419 597 1450 medio.
613 1419 766 1453 cujusmodi
778 1420 866 1446 solent
878 1426 941 1446 esse

157 1465 267 1492 stabula
283 1473 332 1500 pro
347 1466 430 1499 regiis
449 1465 539 1499 equis.
556 1465 588 1492 Et
603 1465 724 1492 arbitror
738 1472 800 1492 esse
816 1464 939 1491 Graecam
953 1487 959 1497 ,

155 1511 261 1545 origine
289 1518 394 1543 vocem,
409 1515 568 1546 usucaptam
585 1518 600 1536 a
614 1509 722 1537 Turcis.
741 1509 848 1537 Etenim
867 1511 937 1544 ἀχυ-
953 1529 975 1559 C

157 1558 230 1590 ρεῑον
247 1562 347 1584 vocant
378 1556 463 1584 (ιι-αςθί
495 1556 645 1588 stabulum,
663 1563 678 1583 a
702 1557 867 1590 reponendis
884 1557 939 1584 scl-

158 1602 220 1628 licet
234 1602 330 1635 paleis.
356 1601 404 1628 Sic
422 1601 492 1628 emir
505 1601 601 1628 Acltur
617 1600 719 1628 stabuli
735 1601 885 1636 prefectus
897 1606 940 1629 est

158 1646 185 1671 in
198 1647 260 1672 aula
272 1646 422 1679 sultanina,
434 1647 509 1674 velut
536 1646 626 1682 capite
642 1646 673 1673 lt
695 1646 828 1675 diximus.
846 1647 940 1682 Itaque

158 1699 300 1728 propterea
318 1693 417 1721 nomen
433 1693 484 1720 hoc
496 1693 541 1720 isti
559 1697 644 1728 portae
668 1693 773 1726 datum,
789 1693 862 1729 quod
892 1702 941 1728 per

156 1747 216 1766 (πιιιιι
232 1740 324 1766 saraio
350 1739 489 1768 sultaniuo
502 1742 670 1775 cuntiguam,
689 1741 853 1768 invehantur
876 1749 937 1767 ont-

157 1786 202 1812 nia
222 1786 353 1814 curandis
369 1793 396 1814 et
417 1787 563 1822 pascendis
593 1787 673 1822 equis
693 1794 724 1813 ac
737 1786 869 1820 jumentis
880 1787 937 1813 sal-

158 1835 213 1860 tani
232 1834 400 1868 necessaria,
430 1838 565 1869 quotquot
580 1833 651 1860 intra
683 1832 804 1860 saraium
834 1831 939 1859 scilicet

157 1881 279 1907 aluntur.
307 1881 348 1908 Ab
379 1882 431 1908 hac
452 1881 547 1908 ultima
579 1885 668 1914 porta,
695 1878 779 1906 ssiaii
807 1878 938 1906 sultanini

158 1934 253 1954 murus
269 1927 350 1954 trium
363 1929 390 1955 in
407 1928 511 1955 ambitu
525 1927 685 1954 milliarium
702 1925 860 1953 Grrccorum
872 1925 940 1952 inci-

157 1973 209 2007 pit,
225 1972 302 2007 juxta
325 1981 411 2008 quem
431 1969 469 1999 ab‘
492 1973 579 1999 altero
592 1972 676 1999 saraii
707 1971 792 2000 latere
823 1972 939 2007 primani

155 2025 267 2053 quoque
295 2023 400 2054 portam
429 2019 505 2046 urbis
543 2019 757 2046 collocavimus.
786 2018 842 2046 Nec
868 2019 940 2046 inter

156 2065 269 2091 Achurii
294 2070 400 2099 portam
423 2069 450 2093 et
478 2063 601 2092 [locatam
629 2064 703 2091 illam
732 2064 847 2098 primam
884 2065 938 2091 ulla

155 2110 293 2145 reperitur
308 2111 371 2142 alia,
386 2117 466 2144 quant
486 2117 539 2144 qua
558 2114 665 2137 secreto
676 2108 727 2136 soli
751 2108 862 2136 sultano
876 2108 940 2136 licet

156 2165 171 2183 e
188 2156 363 2191 sarniiscptis
376 2157 410 2184 ad
426 2156 553 2191 angulum
570 2154 663 2183 Sancti
678 2154 808 2196 Demetrii
819 2155 937 2189 prodire.

728 115 801 145 l’AN
809 114 931 145 DECTE
948 114 1050 145 XIIST.
1069 112 1222 144 TURClC.

1021 169 1118 199 Prima
1134 173 1248 198 vocatur
1266 169 1428 204 ευλόκερκος
1444 169 1478 196 ob
1494 169 1554 204 ejus
1563 168 1774 198 fundamentum

991 217 1089 245 deﬁxis
1104 216 1131 244 in
1144 217 1198 244 imo
1215 216 1283 251 palis
1299 215 1412 244 factum.
1428 215 1507 244 Nunc
1521 215 1700 252 llagiobazari
1713 225 1776 252 por-

992 270 1047 292 tam
1065 265 1119 292 dici
1135 265 1304 292 notavimus.
1413 256 1416 263 ’
1751 270 1754 273 ·

1027 310 1122 338 Altera
1134 311 1268 345 Cbarsite,
1280 311 1326 346 qui
1336 311 1442 340 scilicet
1454 312 1479 340 ei
1489 313 1641 342 condenda
1655 314 1776 349 praefuit.

991 355 1088 383 Turcis
1103 361 1145 383 est
1161 356 1224 391 Εετὶ
1238 357 1310 391 capi,
1325 357 1383 385 sive
1394 363 1473 392 ports
1495 358 1619 394 obliqua.

1026 401 1119 429 Tertia
1152 402 1329 438 πολύανδρος,
1348 403 1382 431 ab
1419 404 1562 432 hominum
1593 406 1770 436 multitudine

991 448 1074 476 dicta.
1090 448 1197 484 Quippe
1216 450 1345 477 traditum
1371 451 1397 478 in
1412 451 1535 479 historiis
1557 453 1686 488 legimus,
1703 460 1730 482 et
1748 455 1776 482 in

993 494 1044 521 hoc
1060 494 1119 529 ipso
1139 496 1170 522 de
1185 495 1310 523 aediliciis
1326 497 1402 524 urbis
1416 497 1496 529 libro.
1519 497 1707 527 Theodosium
1724 501 1778 528 mi-

994 549 1089 568 norem
1106 542 1257 577 Augustum
1269 548 1347 570 terrae
1363 549 1437 571 motu
1450 545 1585 579 collapsos
1596 547 1673 574 urbis
1686 554 1778 575 muros

994 593 1137 614 terrestres
1154 595 1268 616 curasse
1292 597 1339 624 per
1356 589 1456 625 Cyrum
1472 591 1630 627 pra-fectum
1643 594 1778 621 urbanum

993 633 1143 661 instaurari
1159 643 1166 662 :
1182 635 1262 670 431
1282 636 1361 671 cujus
1378 637 1485 670 quidem
1500 645 1530 665 ea
1547 638 1630 667 fuerit
1644 639 1670 667 in
1698 648 1740 675 opt
1751 649 1780 668 re

994 681 1156 708 maturanda
1172 688 1198 709 et
1215 683 1337 716 urgendo
1353 684 1494 717 sedulitas,
1512 690 1540 712 nt
1554 686 1624 713 intra
1642 689 1780 722 seitagesi-

994 733 1068 753 mum
1084 726 1157 753 diem
1179 728 1334 755 absolutum
1349 728 1442 758 fuerit.
1459 728 1516 758 Hoc
1532 735 1623 759 autem
1640 734 1668 759 in
1685 740 1779 768 opere.

993 779 1055 798 cum
1069 779 1122 799 una
1139 773 1231 807 populi
1244 781 1307 808 pars
1321 774 1356 802 ab
1373 776 1473 811 angulo
1488 774 1718 813 I‘cntepyrgiano,
1736 781 1778 807 al-

994 820 1052 844 tera
1073 824 1138 844 vero
1156 819 1190 845 al)
1208 820 1307 853 angulo
1325 820 1439 848 adrcrso
1451 821 1670 859 Heptapyrgiano
1686 833 1779 854 mttros

959 861 978 887 Β
992 863 1110 890 condere
1127 865 1256 900 ccepissct
1272 875 1279 893 :
1295 867 1327 894 ad
1354 867 1426 895 hanc
1457 867 1566 896 demnm
1589 877 1694 905 portam
1715 880 1780 906 pars

995 914 1109 944 utraque
1128 911 1186 937 suis
1214 911 1345 946 perfectis
1365 915 1457 948 operis
1476 916 1613 948 convenit,
1639 925 1726 952 eaque
1746 918 1781 947 de

993 961 1076 981 causa
1092 958 1170 990 porta
1185 957 1350 992 πολύανδρθς
1371 959 1506 993 appellata
1535 961 1597 994 fuit,
1626 963 1661 990 ab
1690 963 1779 991 homi-

995 1008 1058 1027 num
1076 1001 1264 1036 multitudine,
1274 1004 1320 1038 qui
1336 1008 1399 1031 tunc
1414 1005 1478 1033 istic
1490 1013 1689 1036 convenerunt.
1702 1008 1781 1038 Nune

995 1044 1282 1082 liadrianopolitanam
1301 1050 1392 1079 vocari
1410 1051 1540 1080 diximus.
1558 1052 1591 1080 Et
1612 1059 1651 1081 cst
1671 1055 1743 1084 illius
1759 1057 1781 1083 is

996 1092 1116 1125 proiecto
1135 1094 1213 1126 sinis,
1225 1099 1255 1122 ut
1272 1095 1391 1123 medium
1415 1097 1441 1124 in
1460 1103 1538 1126 inure
1552 1101 1673 1128 terresui
1691 1102 1778 1130 loCum

997 1142 1124 1172 occupet.
1155 1140 1181 1166 id
1199 1141 1270 1174 quod
1288 1141 1414 1176 equidem
1445 1142 1589 1178 diligenter
1624 1147 1778 1175 observavi.

994 1183 1061 1211 Nam
1077 1193 1138 1212 cum
1154 1186 1187 1213 ab
1203 1189 1324 1222 acropoli
1338 1189 1568 1225 l’entepyrgiana,
1601 1197 1712 1227 propter
1724 1194 1780 1222 fos-

993 1238 1038 1257 sas
1055 1232 1123 1258 muri
1136 1233 1287 1266 terrestris,
1303 1234 1334 1261 ad
1348 1236 1476 1270 angulum
1503 1237 1544 1264 vel
1561 1240 1709 1274 acropolim
1723 1240 1779 1268 lle-

995 1276 1200 1310 ptapyrgianam
1211 1278 1293 1311 ituro,
1308 1287 1422 1307 necesse
1432 1281 1468 1308 sit
1478 1282 1558 1310 troius
1573 1284 1644 1311 horae
1656 1287 1777 1320 spatiata

996 1321 1171 1354 impendere:
1189 1326 1360 1352 tantumdem
1391 1330 1522 1362 temporis
1540 1329 1719 1368 Pentepyrgio
1736 1342 1780 1361 re-

994 1368 1112 1402 quiritur
1136 1369 1168 1396 ad
1186 1375 1292 1405 portam
1309 1371 1610 1409 Hadrianopolitanam,
1642 1383 1774 1413 quantum

994 1414 1028 1460 ab
1036 1415 1131 1443 eadem
1150 1417 1182 1444 ad
1199 1422 1303 1451 portam
1319 1418 1504 1456 Heptapyrgio
1519 1422 1683 1457 proximam.
1699 1426 1777 1460 Apud

995 1459 1168 1490 Leonardum
1185 1463 1331 1492 Chiensem
1354 1467 1489 1501 reperitur
1504 1468 1556 1496 hac
1569 1469 1628 1504 ipsa
1653 1470 1680 1497 in
1700 1459 1778 1499 urbis
1802 1488 1806 1491 -

994 1515 1026 1535 ac
1038 1515 1178 1536 murorum
1206 1515 1284 1545 parte
1299 1511 1376 1541 locus
1391 1513 1495 1542 arduus
1513 1515 1554 1551 (ut
1571 1517 1698 1552 appellat)
1729 1518 1778 1546 Mi-

993 1554 1104 1582 liandri.
1124 1555 1184 1582 Non
1212 1558 1276 1585 alibi
1307 1563 1412 1594 quaerat
1434 1560 1506 1588 ltunc
1523 1561 1620 1596 lector,
1634 1572 1715 1600 quam
1744 1566 1778 1593 ad

992 1605 1097 1634 portam
1124 1600 1410 1638 iladrianopolitanam
1426 1606 1467 1633 vel
1490 1607 1667 1644 πολύανδρον,
1686 1618 1780 1638 corre-

992 1649 1036 1673 cto
1052 1649 1142 1673 tamen
1173 1648 1249 1682 prius
1265 1649 1307 1676 vel
1334 1651 1533 1683 enuntiationis
1565 1654 1606 1681 vel
1621 1645 1777 1690 scripturae

993 1691 1070 1718 vitio.
1091 1690 1157 1718 Nam
1170 1693 1372 1728 proMiliandro
1393 1696 1517 1729 equidem
1543 1698 1654 1726 minime
1685 1700 1779 1728 dubito

994 1737 1180 1771 reponendum
1200 1739 1372 1774 μυρίανδρον,
1385 1740 1457 1775 quod
1474 1742 1544 1769 idem
1559 1747 1602 1770 est
1617 1751 1678 1770 eum
1697 1745 1778 1772 miu-

993 1783 1100 1823 dv5p'pt
1115 1784 1173 1811 sive
1190 1786 1258 1811 adeo
1284 1793 1332 1820 per
1348 1786 1484 1815 inscitiam
1502 1789 1573 1823 vulgi
1590 1788 1690 1817 factum
1706 1791 1776 1819 fuis-

992 1837 1021 1856 se
1051 1820 1173 1857 iliciunus
1202 1831 1367 1859 illiliandron
1396 1841 1429 1860 ex
1455 1833 1621 1870 Myriandro.
1653 1836 1712 1865 sire
1731 1844 1777 1871 per

993 1875 1167 1902 oscitanliam
1196 1877 1340 1912 scriptoris
1371 1879 1474 1906 librarii
1493 1885 1652 1916 corruptum
1675 1890 1776 1911 nomen

992 1921 1191 1950 existimemus.

1027 1967 1128 2001 Quarta
1145 1969 1305 2003 Κατωγαεα,
1326 1970 1384 1998 sive
1407 1971 1599 2004 subterranea,
1627 1973 1705 2008 cujus
1733 1980 1774 2001 ta-

993 2022 1053 2042 men
1074 2015 1194 2043 nominis
1221 2017 1290 2044 ratio
1307 2017 1381 2044 nulla
1403 2017 1535 2045 redditur.
1547 2018 1704 2053 Respondet
1718 2021 1774 2056 jam

991 2059 1136 2094 'l‘opcapisi
1163 2061 1203 2087 vel
1235 2061 1432 2089 bombardaria:
1461 2067 1556 2097 portae,
1579 2065 1715 2099 quondam
1745 2066 1773 2093 S.

992 2105 1116 2132 Romani.

1027 2151 1127 2186 Quinta
1153 2151 1255 2179 Grmcis
1280 2153 1393 2187 πέμπτη
1428 2153 1512 2181 fuisse
1535 2153 1607 2182 dicta
1635 2163 1775 2189 narratur,

156 2203 266 2237 quoties
286 2203 309 2230 ci
321 2203 362 2230 sic
377 2203 465 2233 visum
483 2206 535 2229 est.
554 2201 594 2228 Ac
606 2201 676 2229 solet
692 2201 745 2230 hoc
762 2201 854 2228 facere
870 2203 937 2228 mul-
957 2203 979 2231 Ι)
991 2198 1063 2233 quad
1079 2206 1194 2225 numero
1222 2199 1317 2233 quinta
1349 2199 1450 2227 scilicet
1481 2200 1553 2228 inter
1584 2207 1676 2236 portas
1700 2212 1773 2232 9551'!

158 2250 250 2280 toties,
274 2257 335 2275 com
351 2249 492 2283 eleganter
515 2252 640 2276 ornatam
659 2250 822 2274 marmoreis
834 2249 938 2274 colum-

156 2296 415 2322 nis'domunculsm
436 2293 655 2323 ibidemhabeat.
674 2292 747 2320 intra
774 2300 854 2328 quam
873 2294 939 2320 velis

155 2341 304 2369 obductam
318 2341 429 2373 sedens,
451 2345 505 2366 tant
519 2348 535 2367 e
558 2340 621 2367 sinu
642 2339 782 2372 Geratino,
798 2347 880 2374 quam
898 2347 939 2366 se-

156 2386 248 2414 cundo
266 2385 378 2420 Bospori
396 2385 468 2413 ﬂuxu
493 2385 518 2412 iu
545 2384 740 2419 Propontidem
761 2385 937 2419 praeternavi-

155 2439 252 2469 gantrs
268 2435 368 2462 intueri
399 2442 461 2462 cum
478 2433 620 2469 voluptate
636 2437 736 2468 Potest,
752 2433 810 2467 ipse
822 2439 940 2468 conspe-

155 2485 218 2508 ttus
230 2488 245 2506 a
259 2478 377 2508 nemine.

193 2526 248 2553 Sed
261 2527 334 2554 enim
349 2530 424 2557 ante,
452 2532 533 2560 quant
551 2524 621 2551 lianc
634 2528 775 2558 portarum
795 2531 940 2551 eutintera-

157 2573 263 2599 tionem
279 2573 450 2603 ciandamus,
473 2572 540 2599 libet
556 2578 589 2598 ex
609 2571 728 2605 allegato
743 2571 844 2605 saepius
858 2570 939 2602 libro,

155 2621 191 2646 de
207 2618 329 2646 aediﬁciis
349 2618 434 2651 urbis,
451 2618 548 2645 ordine
566 2624 711 2644 recensere
728 2620 833 2643 veteres
846 2621 940 2651 portas

158 2664 235 2691 urbis
255 2669 413 2695 terrestres,
427 2671 489 2699 qua:
514 2664 569 2690 illic
587 2663 652 2690 sola:
672 2663 815 2697 leguntur;
835 2663 940 2689 caeteris

158 2713 192 2737 ad
204 2711 293 2738 sinum
305 2710 463 2739 Ceratinutn
490 2709 739 2744 Propontidetnque
765 2708 827 2735 sitis
855 2708 941 2735 sileri-

160 2759 199 2782 tio
233 2756 396 2791 prrctctilis.
425 2756 586 2783 ltecitantur
615 2760 706 2781 autem
736 2755 870 2780 duntaxat
901 2755 941 2780 lure

155 2805 296 2838 quinque,
327 2807 435 2839 sumpto
463 2803 497 2830 ab
521 2803 693 2830 extremitate
723 2802 939 2836 l‘enlcpyrgiana

155 2855 245 2877 Illlllo.

993 2248 1152 2272 terrestres.
1175 2243 1245 2272 Olim
1261 2245 1380 2273 Auream
1407 2251 1514 2281 portam
1541 2255 1684 2282 vocavere,
1703 2258 1775 2278 nime

995 2290 1179 2326 Silyrrianam
1210 2292 1341 2327 appellari
1372 2293 1553 2321 ostendimus.
1581 2294 1658 2326 Quod
1684 2302 1730 2323 aut
1750 2306 1774 2324 m

992 2336 1059 2363 Gt‘lli
1079 2338 1137 2372 capi
1167 2338 1225 2364 sive
1251 2345 1318 2364 nova
1345 2343 1421 2372 porta
1446 2347 1499 2366 non
1533 2347 1773 2373 εοιιιιιιριιιογςιιιιι·⁷

994 2384 1065 2410 inter
1085 2388 1177 2417 ponas
1192 2382 1221 2409 S.
1240 2381 1355 2409 Romani
1381 2388 1408 2410 et
1426 2391 1534 2412 auream
1552 2385 1614 2419 sita,
1629 2394 1773 2421 proptere:

993 2432 1033 2462 fit,
1054 2430 1126 2464 quod
1144 2429 1218 2456 nulla
1245 2433 1310 2455 tunc
1335 2429 1425 2461 fuerit.
1449 2431 1646 2465 posterioribus
1669 2435 1774 2462 scilimt

992 2479 1132 2502 exstructa
1146 2475 1325 2509 temporibus,
1343 2480 1371 2501 ut
1392 2475 1480 2510 ipsum
1492 2484 1601 2511 quoque
1619 2486 1717 2506 nomen
1734 2481 1776 2508 in-

1030 2568 1119 2595 ilabcs
1144 2568 1212 2602 iam,
1230 2568 1346 2604 benigne
1372 2569 1468 2601 lector,
1491 2569 1623 2605 insignem
1640 2580 1695 2599 non
1712 2581 1776 2608 pnr-

993 2619 1081 2641 tarum
1095 2614 1227 2641 duntaxat
1239 2614 1314 2642 urbis
1328 2615 1550 2649 explicationem,
1583 2626 1674 2645 verum
1692 2620 1772 2646 etiam

993 2662 1139 2689 multarum
1167 2663 1298 2695 praeterea
1328 2668 1419 2688 rerum
1454 2662 1678 2696 declarationem,
1715 2673 1775 2698 qua:

993 2707 1060 2734 mihi
1076 2707 1186 2741 Quidem
1208 2706 1355 2740 aliquando
1370 2706 1479 2735 Gnaeus
1499 2714 1526 2735 et
1541 2707 1671 2736 Turcicas
1688 2710 1775 2737 histo-

992 2755 1048 2780 rias
1071 2752 1204 2779 lectitanti
1235 2753 1299 2779 visa:
1329 2752 1404 2780 fuere
1427 2753 1552 2781 dilliciles
1576 2755 1716 2782 intellectu
1743 2764 1775 2783 ne

994 2800 1175 2834 perobscurae.
1205 2798 1264 2826 Tibi
1278 2806 1354 2831 sane,
1382 2801 1494 2828 remotis
1521 2808 1574 2827 non
1605 2802 1698 2835 paucis
1719 2803 1775 2836 jam

994 2846 1072 2882 quasi
1089 2845 1214 2878 salebris,
1232 2846 1283 2872 iter
1297 2846 1369 2873 idetn
1395 2846 1565 2882 ingressum,
1582 2848 1672 2875 minus
1688 2849 1775 2883 ριει-ει-
