1963 3067
203 143 257 176 8ῗ9

817 134 980 165 JOANNIS
1002 132 1231 165 LEUNCLAVii

1774 131 1827 162 830

204 199 340 238 qnctzedii
364 201 488 236 paritura
512 197 630 227 conlldo.
648 196 696 223 Vel
711 195 763 230 ipsi
788 199 843 221 tam
860 202 874 221 a
892 193 990 221 Turcis

1051 197 1115 224 )iiOS
1132 202 1159 224 et
1184 195 1375 231 mgyptiorum
1398 194 1505 222 sultano
1531 191 1678 227 subjectos,
1697 191 1828 218 indicavi-

204 249 337 279 obsesste,
361 253 442 281 quam
464 247 626 280 expugnata:
650 241 925 275 Constantinopoleos
947 239 990 266 lti-

205 294 298 321 storiaa
330 289 556 326 Chaicocondylis
593 292 620 316 et
662 286 798 315 Leonardi
843 286 990 318 Citiensis,

205 340 306 367 mirqu
334 341 470 373 quantum
495 337 554 364 irate
578 334 715 370 expositio
740 337 834 360 nostra
855 332 926 359 lucis
949 330 991 358 al-

206 386 285 413 feret.

220 432 284 466 201.
303 431 376 458 Mors
392 429 493 458 sultani
511 428 653 490 Bajq’zlit‘ir,
668 434 685 453 a
700 425 756 460 ﬁlio
772 424 871 453 Salinae
885 430 981 451 veneno

540 472 571 490 su
601 473 615 490 α
630 472 652 490 ι.

540 472 652 492 εαυιαιι.

240 514 299 541 Non
316 512 500 541 meminerunt
521 510 635 537 annales
652 509 709 537 dati
725 515 741 536 a
757 507 812 534 lilio
823 505 924 533 Selime
940 503 994 530 Ba-

208 560 284 595 jazit‘t
299 566 347 594 per
361 558 430 586 alios
447 556 557 588 veneni,
583 554 657 591 quod
679 562 695 581 a
710 553 815 581 nostris
834 554 995 579 constanter

207 607 374 637 altirmatur,
407 602 475 638 ipsis
493 607 584 628 tamen
600 598 821 636 expositionibus
836 597 934 624 horum
952 596 995 622 itt-

207 656 247 678 ter
265 657 295 677 se
313 656 367 676 non
388 654 484 684 parum
503 645 714 674 dissidentibus.
728 642 783 670 Nos
801 642 996 677 plerorumque

209 694 383 724 narrationes
412 695 454 721 sic
482 692 674 725 recitabitnus,
701 695 731 718 ut
753 690 887 724 integrum
905 693 996 714 tamen

207 742 302 771 lectori
330 740 463 776 judicium
499 739 696 773 relinquamus.
737 734 930 770 Spandugiuus
958 733 997 759 ait

209 789 338 817 Selimem
356 787 426 822 patri
461 784 621 821 adjunxisse
644 783 780 810 Jonuzem
810 781 930 812 bassam,
951 778 997 812 qui

210 840 304 860 curam
318 831 379 867 ejus
395 835 513 866 gereret.
526 835 678 862 omnesque
694 834 738 854 res
761 825 848 861 patris
880 824 997 852 admini-

210 883 320 907 slt'ol‘ci.
338 877 446 905 interim
463 880 554 903 tamen
564 877 670 902 secreto
685 880 748 901 cum
772 871 875 899 Jouuze
907 874 998 897 lrans-
1015 876 1036 906 Β

210 927 315 961 egisse,
331 931 465 952 vcnemtm
482 927 512 949 ut
532 921 603 957 patri
625 919 826 955 propinaretur.
837 917 929 951 itaque
944 916 996 942 Ba-

208 972 319 1006 jazitem
341 969 430 1005 prius,
457 974 540 1003 quam
571 965 744 992 Dimotucum
771 962 952 998 pervenisset,
971 961 995 987 vi

211 1017 307 1044 veneni
321 1015 377 1043 dati
393 1014 558 1042 exstinctqu
586 1011 680 1038 fuisse.
696 1008 793 1038 Jovius
809 1008 886 1036 addit
914 1014 996 1034 reuc-

212 1070 277 1090 num
293 1062 317 1090 ei
334 1059 476 1096 praebitum
496 1060 530 1086 ab
545 1058 669 1085 Hamoue
692 1055 786 1082 Judaeo
807 1053 923 1081 medico.
943 1052 997 1079 Alli

211 1111 424 1136 commemorant
441 1105 569 1133 Selimem
588 1106 765 1134 metuentem,
782 1108 816 1128 ne
835 1107 865 1128 se
883 1099 954 1126 bello
969 1099 997 1125 in

211 1153 337 1182 Anatoiia
357 1156 456 1180 contra
481 1151 592 1183 fratres,
619 1149 780 1176 Acinuetem
797 1151 823 1174 et
840 1147 997 1176 Corcutem,

211 1204 354 1236 occupato,
386 1205 483 1226 rursus
506 1195 650 1231 imperium
668 1195 719 1222 sibi
737 1193 888 1221 vindicaret
904 1196 996 1227 pater;

212 1246 369 1282 corrupisse
396 1243 534 1272 medicum
562 1242 649 1277 patris
668 1239 834 1271 Ustarabim,
854 1237 998 1273 promissis

212 1293 237 1321 ei
252 1292 377 1328 singulos
402 1290 430 1317 iit
454 1290 513 1317 dies
537 1287 653 1316 annonis
679 1292 822 1321 asprorum
848 1284 932 1315 mille.
952 1283 998 1318 qui

212 1327 317 1367 reditus
341 1341 414 1364 esset
435 1341 544 1363 annuus
568 1333 638 1361 9000
662 1331 832 1359 tlialerorum
862 1329 952 1365 aspris
964 1327 999 1355 40

214 1391 262 1418 pro
296 1389 351 1418 uno
380 1381 486 1409 thalero
523 1378 700 1414 computatis.
728 1378 822 1412 Itaque
862 1376 1000 1410 recepisse

215 1429 364 1461 medicum,
381 1435 411 1455 se
434 1425 547 1461 Bajaziti
574 1432 707 1452 venenum
725 1423 873 1459 pbarmaco
890 1421 999 1449 tnistum

214 1475 433 1510 propinaturum.
454 1472 492 1499 Ac
506 1471 642 1499 tradidere
659 1470 784 1505 quidam,
799 1476 934 1497 venenum
950 1468 1000 1495 hoc

171 1514 176 1519 ’
216 1522 302 1551 luisse
319 1517 516 1548 comminutum
546 1515 668 1552 pulveris
692 1517 780 1543 instar
813 1515 997 1542 adamantem.

216 1566 369 1595 Usrarabim
395 1564 424 1594 itt
451 1562 551 1599 oppido
576 1561 696 1590 Tzurulo
719 1560 831 1596 Bajaziti
857 1566 997 1588 auctorem
1014 1552 1036 1582 (ἶ

215 1613 302 1640 luisse
318 1610 444 1639 sumendi
464 1608 615 1644 pliartnaci,
632 1615 687 1642 quo
703 1607 834 1634 mirilicus
845 1605 903 1633 acui
922 1606 998 1640 vigor

217 1659 300 1686 totius
315 1656 438 1691 corporis
454 1660 481 1683 et
497 1654 581 1682 animi
598 1654 737 1682 rediturus
752 1658 836 1681 esset.
852 1652 999 1680 Annuente

217 1705 345 1739 Bajazite,
362 1702 497 1730 medicum
513 1701 599 1728 altero
615 1707 694 1727 mane
710 1699 879 1727 sultauinum
898 1698 932 1725 ad
950 1705 999 1724 cn-

217 1751 336 1780 biculum
358 1749 485 1780 vertisse;
504 1753 625 1782 cumque
648 1744 831 1774 dormientem
847 1744 936 1772 adhuc
959 1751 1000 1770 rc—

219 1801 346 1833 pertsset,
370 1793 625 1830 exspctttabundum
645 1792 745 1820 ibidem
770 1791 893 1822 haesisse,
914 1790 1000 1817 donec

217 1844 366 1878 erigilirct.
394 1841 496 1875 Elapso
528 1839 659 1874 temporis
685 1839 778 1872 aliquo
805 1842 904 1872 spatio.
937 1843 1000 1862 cum

217 1896 270 1916 non
298 1887 550 1922 expergisceretur,
577 1884 692 1912 excitari
723 1883 858 1917 jussisse.
889 1883 1001 1915 jamque

217 1936 404 1969 experrectum
425 1931 619 1964 interrogasse,
649 1930 832 1964 pltarmacoue
857 1929 894 1955 uti
910 1928 1000 1955 vellet.

216 1982 266 2009 illo
292 1980 470 2013 assentiente,
496 1977 652 2006 Ustarabim
676 1975 893 2012 antipharmacis
916 1975 1000 2002 multo

219 2033 281 2056 ante
295 2027 442 2059 munitum,
457 2028 646 2060 praegustatam
662 2024 697 2051 ab
720 2031 751 2051 se
774 2023 936 2050 medicinam
953 2021 1002 2048 lia-

216 2075 291 2108 jaziti
321 2072 470 2108 przebuisse
495 2071 693 2103 hauriendam;
719 2070 800 2097 simul
826 2069 1001 2096 cubiculariis

220 2119 373 2152 mandasse,
389 2127 423 2147 tte
437 2118 502 2153 quid
518 2117 544 2145 ei
560 2121 640 2152 potus
658 2116 901 2144 subtninistrarent
914 2115 1000 2150 prius,

218 2173 299 2201 quam
322 2166 392 2193 bene
417 2168 547 2199 cooperto
571 2169 687 2197 corpore
709 2161 845 2189 satiasset.
861 2160 927 2189 inde
944 2169 1001 2188 me-

220 2213 311 2239 dicum
327 2218 357 2239 se
371 2209 634 2243 Constantinopolim
647 2208 681 2235 ad
697 2207 824 2235 Selimem
840 2207 1001 2239 contulisse,

219 2259 265 2294 qui
279 2255 526 2293 promissiprtemii
551 2255 610 2282 Ιοεο
636 2254 750 2290 jusserit
768 2255 792 2281 ei
805 2258 892 2288 caput
907 2261 1003 2288 ampu-

220 2304 288 2338 tari;
310 2303 382 2339 quod
407 2303 522 2335 diceret,
546 2301 684 2329 hominem
703 2300 867 2327 scelezatum
888 2306 919 2326 ac
945 2299 1005 2326 iuli-

219 2351 284 2378 dum
300 2351 409 2378 sultano
429 2349 518 2384 .patri,
540 2349 635 2376 eadem
660 2355 773 2374 usurum
807 2353 870 2380 erga
888 2353 917 2373 se
934 2353 1003 2380 quo-

219 2404 272 2431 que
284 2397 406 2432 perﬁdia.
424 2395 557 2431 siquidem
574 2395 627 2421 ltoc
641 2394 680 2421 uti
696 2392 809 2425 laceret,
820 2392 854 2419 ab
867 2392 921 2419 alio
936 2399 1005 2426 quo-

221 2444 293 2478 piam
309 2442 487 2478 compellatus
501 2445 585 2469 esset.

237 2499 301 2527 902.
318 2499 462 2527 Cruento»:
480 2503 504 2526 et
519 2496 688 2531 parricidiale
708 2495 815 2523 Solimi:
833 2495 985 2530 imperium.

259 2544 372 2571 Sublato
385 2545 419 2571 de
445 2545 534 2570 medio
548 2547 633 2578 patre,
650 2549 810 2578 progreSsus
828 2546 870 2568 est
889 2540 1004 2568 Selitues

223 2590 256 2618 ad
275 2590 421 2617 immanem
442 2590 572 2617 stevitiam
597 2589 725 2623 iurataque
751 2587 910 2623 parricidia,
929 2587 1004 2613 solus

222 2635 452 2670 utrcrumpotiri
485 2641 587 2668 posset.
622 2634 786 2668 Fraterejus
821 2639 885 2660 natu
919 2633 1005 2667 major

220 2684 366 2711 Acimietes
378 2683 411 2710 ad
427 2683 558 2709 Arabicos
572 2682 639 2709 lines
657 2681 810 2716 profugisse
826 2680 939 2712 dicitur,
953 2680 1004 2706 hoc

221 2736 274 2760 est.
290 2730 315 2756 itt
329 2728 518 2756 Caraumniam
533 2727 615 2763 482
638 2735 721 2762 regno
743 2726 846 2754 sultani
863 2725 1003 2752 Cairet‘lsis

221 2776 375 2803 finitimam.
394 2774 499 2810 Quippe
523 2781 578 2801 non
601 2774 688 2801 tuulto
706 2777 766 2808 post
784 2772 919 2810 sequitur,
941 2779 1002 2798 eum

220 2822 280 2849 suis
294 2820 402 2847 tandem
420 2827 438 2848 e
452 2819 563 2847 latebris
580 2826 641 2846 cum
659 2818 745 2845 milite
765 2809 921 2844 Car-amatio
937 2823 1003 2842 cou-

221 2871 262 2894 tra
279 2866 405 2895 Sclimcm
426 2866 571 2902 prodiisse.
590 2865 692 2892 Arabes
711 2865 791 2891 etiam
815 2861 904 2890 vocari
920 2861 1002 2896 [Egy-

1044 251 1104 271 mus
1117 243 1207 278 capite
1224 242 1283 269 165.
1300 241 1450 275 Mustaplne
1464 240 1550 267 bassae
1567 238 1733 265 mentionem
1746 239 1828 273 paulo

1042 293 1106 317 ante
1121 289 1236 317 iecimus
1250 289 1338 323 capite
1358 287 1421 315 198.
1437 285 1501 313 Fuit
1521 285 1682 313 interiectus
1702 289 1828 319 propter-

1046 343 1090 367 ea,
1117 335 1190 370 quod
1208 333 1349 362 Achmetis
1366 340 1430 360 eum
1446 332 1525 364 lllios,
1550 331 1683 358 liuratem
1698 336 1725 358 et
1738 331 1831 358 Aladi-

1044 387 1116 413 nem,
1131 380 1166 407 tle
1179 379 1342 407 imminente
1361 377 1413 405 sibi
1430 383 1445 404 a
1460 383 1559 412 patruo
1576 376 1679 404 Selime
1691 376 1827 411 periculo,

1045 426 1184 454 monuisse
1195 433 1244 461 per
1262 425 1366 453 celeres
1378 423 1564 452 internuntios
1575 428 1750 460 compertum
1762 422 1831 450 i‘uis-

1045 477 1097 501 set.
1115 472 1228 500 Meritas
1244 472 1295 499 luit
1316 479 1421 506 poenas,
1441 470 1476 498 ob
1491 469 1632 505 perfidiam
1656 476 1721 504 erga
1746 468 1831 496 suita-

1045 527 1110 547 num
1127 519 1288 554 Bajazitcm,
1306 519 1402 545 lterum
1419 524 1511 550 suum,
1528 521 1624 544 contra
1642 523 1722 550 quem
1736 515 1829 543 Seiimi

1046 566 1102 593 lilio
1117 566 1270 594 studuerat.
1292 565 1419 592 Fratrum
1437 563 1496 596 lilii,
1518 570 1589 598 quos
1615 561 1730 589 Selimes
1743 566 1833 588 stran-

1046 612 1132 647 gulari
1147 611 1266 647 jussissc
1283 611 1412 641 traditur.
1429 617 1507 637 more
1531 607 1689 636 Osmanidis
1710 611 1830 641 recepto.

1047 658 1094 693 qui
1107 657 1185 685 nefas
1202 665 1262 685 csse
1276 661 1383 692 putant,
1400 655 1613 684 Osmanidarum
1630 653 1764 688 sanguine
1779 657 1831 680 trr-

1046 711 1104 731 ram
1123 703 1277 737 conspergi.
1292 708 1407 729 numero
1421 701 1497 728 luere
1512 700 1634 734 quinque
1648 707 1655 726 :
1676 697 1834 725 Mucliemc-

1047 755 1089 777 tes
1100 753 1127 776 et
1139 749 1282 780 Aladines,
1298 746 1410 775 Sinanis
1419 746 1510 774 scaclii
1522 745 1568 772 lilii
1579 754 1586 779 ;
1596 752 1657 772 cum
1671 745 1761 772 tribus
1772 744 1834 771 illiis

1048 795 1148 823 sultani
1162 794 1356 825 Muchemctis,
1374 797 1404 821 ut
1422 797 1463 820 est
1477 792 1569 819 videre
1585 795 1678 818 nostra
1697 791 1724 818 in
1739 790 1836 819 Osma-

1049 843 1174 870 nidorum
1188 841 1358 877 genealogia.
1378 840 1415 868 De
1429 838 1559 866 Tcltiensi
1575 837 1718 873 provincia
1729 837 1833 864 dictum

1049 889 1137 924 capite
1153 889 1197 915 57.
1213 887 1264 920 Qui
1281 886 1386 921 primus
1400 893 1415 913 e
1427 884 1591 919 ianitoribus
1608 882 1691 917 regiis
1710 887 1737 910 et
1751 882 1834 909 Azcm

1048 935 1104 970 Aga
1125 938 1240 962 vocatur
1264 933 1291 960 in
1310 931 1474 964 Annalibus,
1497 930 1602 964 integre
1631 928 1767 956 dicendus
1794 932 1837 955 est

1047 980 1182 1015 Capizilar
1202 980 1284 1006 Azem
1302 980 1369 1013 Aga.
1386 976 1500 1004 Nomina
1520 976 1575 1011 jam
1591 975 1739 1010 aliquoties
1751 981 1836 1009 expo-

1048 1027 1100 1054 sita
1118 1029 1192 1058 sunt,
1207 1029 1235 1053 et
1253 1032 1304 1052 suo
1332 1024 1391 1052 loco
1407 1024 1442 1050 de
1459 1022 1631 1057 Capizilariis
1646 1029 1768 1056 agemus.
1788 1021 1834 1054 qui

1048 1071 1149 1099 sultani
1166 1070 1322 1098 Osmanida:
1343 1069 1477 1104 ianitores
1495 1073 1569 1095 sunt.
1596 1067 1642 1095 [iis
1657 1066 1776 1102 przel‘crti
1793 1073 1836 1092 so-

1049 1119 1105 1146 lcnt
1133 1125 1192 1145 esse
1219 1117 1261 1145 vel
1285 1119 1414 1152 quatuor,
1432 1115 1472 1142 vel
1498 1122 1557 1146 sex,
1584 1118 1663 1149 prout
1681 1113 1731 1148 ipsi
1748 1113 1836 1140 visum

1049 1166 1167 1194 sultano.
1193 1163 1332 1192 Vocantur
1351 1167 1441 1193 autem
1462 1161 1504 1190 vel
1529 1161 1666 1196 Capizilar
1691 1161 1778 1191 Bassi.
1795 1160 1838 1187 vel

1048 1210 1185 1246 Capizilar
1200 1210 1267 1244 Aga.
1286 1209 1324 1237 De
1348 1209 1482 1236 vocabulo
1516 1207 1597 1235 Bassa
1627 1206 1715 1242 capite
1739 1207 1783 1238 id,
1806 1207 1839 1232 de

1049 1265 1098 1292 aga
1115 1257 1166 1284 175
1186 1256 1318 1284 diximus.
1335 1255 1387 1288 Qui
1408 1255 1514 1290 primus
1541 1257 1568 1281 et
1594 1261 1739 1287 supremus
1766 1253 1839 1280 inter

1050 1303 1101 1330 hos
1116 1307 1170 1335 est,
1191 1302 1327 1337 Capiziiar
1345 1301 1428 1330 Atem
1455 1301 1511 1336 Aga
1545 1300 1713 1328 nominatur.
1732 1299 1837 1326 Etenim

1050 1348 1131 1376 Azem
1147 1355 1303 1382 supremum
1321 1347 1467 1383 siguillcat.
1486 1345 1642 1373 Notandum
1668 1344 1711 1371 hic
1723 1343 1841 1370 Casauis

1050 1394 1159 1421 Asemis
1185 1393 1412 1428 Capizilariorum
1440 1392 1503 1426 Agae
1522 1398 1634 1418 nomen.
1651 1390 1755 1424 Quippe
1767 1389 1841 1416 Geu-

1053 1441 1133 1468 [τως
1152 1439 1200 1471 ait,
1218 1439 1363 1467 Corcutem
1384 1437 1512 1465 incidisse
1538 1438 1565 1464 in
1581 1444 1678 1464 manus
1697 1435 1840 1468 [tos-tangis

1051 1486 1148 1520 bassae,
1162 1487 1208 1522 qui
1225 1486 1334 1514 Selimis
1351 1492 1433 1520 gener
1446 1484 1540 1512 fuerit.
1556 1483 1733 1512 Ostendimus
1749 1488 1839 1508 autem

1052 1540 1145 1567 supra,
1169 1533 1258 1568 capite
1285 1532 1346 1565 i98,
1365 1531 1520 1566 Bostangim
1546 1530 1669 1562 bassatn,
1685 1528 1797 1557 Selimis
1811 1529 1842 1555 li-

1054 1581 1096 1608 liae
1123 1580 1231 1615 nuptias
1261 1580 1442 1607 consecutum
1476 1578 1503 1605 in
1533 1577 1678 1612 praemiqu
1707 1575 1842 1611 perlidizr,

1053 1632 1203 1661 cognomen
1221 1625 1350 1652 habuisse
1378 1623 1573 1659 Ducaginoglis
1600 1629 1632 1650 ex
1651 1628 1740 1650 causa
1760 1621 1842 1656 paulo

1054 1676 1113 1707 post
1127 1670 1272 1706 aperienda
1288 1679 1295 1704 ;
1312 1676 1412 1698 nomen
1427 1677 1494 1697 vero
1503 1669 1642 1704 proprium
1657 1668 1739 1703 hujus
1752 1667 1843 1695 Duca-

1053 1718 1169 1752 ginoglis
1184 1721 1243 1745 erat
1259 1723 1315 1743 non
1340 1716 1440 1743 Casam
1471 1715 1514 1743 vel
1534 1714 1635 1747 Casan,
1652 1714 1700 1742 sed
1714 1714 1841 1747 Aclimet,

1053 1762 1282 1797 quemadmodum
1299 1769 1332 1789 ex
1359 1760 1427 1795 ipsis
1451 1759 1601 1787 Annalibus
1615 1759 1743 1793 deinceps
1760 1765 1843 1792 appa-

1054 1808 1134 1836 rebit.
1160 1807 1193 1834 Et
1222 1807 1335 1834 omnino
1348 1805 1494 1841 Capitalar
1523 1806 1580 1840 Aga
1607 1805 1733 1832 divchus
1765 1810 1807 1831 cst
1826 1812 1843 1831 a

1054 1854 1181 1888 Bostangi
1198 1854 1289 1881 bassa.
1311 1853 1486 1887 Quapropter
1505 1852 1533 1879 in
1551 1852 1594 1880 his
1608 1851 1752 1880 Geul‘rzeus
1766 1859 1844 1878 erra-

1055 1900 1101 1926 vit.
1113 1898 1244 1933 Oppidum
1258 1897 1370 1932 Egrigos
1385 1897 1507 1924 Bellonio
1530 1896 1629 1932 Grigos
1645 1902 1697 1928 est,
1720 1897 1753 1924 ad
1767 1904 1844 1924 mare

1054 1947 1258 1977 situm,rersus
1277 1945 1367 1972 sinum
1395 1944 1561 1975 AiaSsicum,
1587 1944 1633 1978 qui
1660 1944 1758 1979 priscis
1783 1948 1844 1971 erat

1055 1991 1163 2018 lssicus.

1089 2046 1151 2075 203.
1170 2047 1274 2074 Selimis
1292 2052 1417 2079 statura;
1439 2048 1531 2082 prazlio
1553 2048 1636 2074 rictus
1658 2051 1682 2073 el
1705 2048 1806 2075 occisus

1186 2082 1333 2116 Achmetes,
1348 2083 1455 2117 ejusque
1474 2083 1590 2117 ﬁliorum
1604 2082 1711 2110 exsilia.

1092 2128 1169 2162 Quod
1182 2128 1342 2164 pumilionis
1358 2128 1452 2155 Selimi
1472 2136 1572 2156 nomen
1594 2128 1735 2161 tribuitur,
1755 2128 1794 2156 sic
1807 2128 1845 2156 de

1055 2175 1191 2217 sententia
1205 2174 1375 2210 Spandugini
1398 2179 1440 2202 est
1462 2175 1673 2210 accipiendum,
1696 2179 1727 2202 ut
1742 2175 1844 2202 intelli-

1019 2231 1042 2260 υ
1055 2229 1151 2256 gamus
1172 2228 1234 2248 eum
1260 2221 1294 2248 de
1325 2220 1433 2256 reliquo
1463 2227 1582 2256 corpore
1604 2220 1692 2250 fuisse
1713 2222 1843 2256 oblongo,

1055 2265 1101 2292 sed
1118 2265 1200 2293 tibias
1215 2265 1346 2294 habuisse
1372 2265 1477 2294 breves.
1505 2266 1597 2301 anue
1619 2266 1654 2294 de
1679 2274 1762 2294 causa
1781 2274 1845 2302 spe-

1055 2311 1181 2339 ctabilior
1197 2316 1258 2339 erat
1286 2312 1314 2339 in
1339 2319 1422 2348 equo,
1440 2319 1521 2347 quam
1541 2313 1564 2340 si
1586 2312 1670 2347 pedes
1692 2313 1842 2340 int-ederet.

1055 2355 1183 2391 Neapolis
1205 2356 1376 2384 Caramaniae
1398 2356 1498 2384 Turcis
1525 2364 1575 2385 sua
1604 2358 1696 2393 lingua
1727 2361 1845 2385 vocatur

1053 2402 1250 2430 Geruschelter.
1269 2402 1302 2429 Et
1317 2402 1460 2430 annalium
1475 2402 1520 2430 hic
1543 2402 1663 2430 notanda
1678 2402 1761 2429 verba
1777 2407 1860 2430 sunt

1051 2456 1116 2483 quae
1130 2449 1229 2483 saepius
1245 2452 1381 2483 repetunt.
1396 2448 1446 2476 has
1464 2455 1508 2475 res
1525 2448 1553 2475 in
1571 2447 1734 2475 Caramania
1754 2447 1844 2475 fuisse

1056 2499 1158 2530 gestas,
1175 2501 1230 2528 quo
1254 2502 1284 2521 se
1314 2494 1469 2522 contulerat
1486 2494 1644 2528 Aclimetes,
1673 2489 1704 2522 iit
1733 2495 1845 2523 auxiliis

1056 2542 1154 2569 sultani
1170 2540 1290 2576 Egyptii
1311 2542 1369 2568 sive
1383 2541 1524 2569 Cairensis
1544 2549 1559 2568 e
1574 2541 1728 2576 propinquo
1743 2548 1844 2570 contra

1057 2587 1184 2615 Selimcm
1211 2587 1250 2614 uti
1276 2591 1377 2621 posset.
1401 2587 1501 2615 Leonis
1519 2587 1628 2622 quidem
1647 2587 1761 2623 Augusti
1786 2588 1844 2616 No-

1057 2633 1125 2659 verla
1140 2633 1174 2660 de
1201 2633 1308 2659 tltronis
1335 2632 1486 2667 Ncapoleos
1512 2633 1637 2659 meminit
1668 2634 1844 2668 episcopatus

1056 2677 1202 2712 metropoli
1217 2676 1446 2713 Stauropolitaute
1477 2678 1503 2705 in
1533 2678 1613 2706 Caria
1639 2679 1753 2706 subditi.
1771 2679 1844 2708 liinc

1053 2728 1178 2759 apparet.
1196 2731 1289 2751 errare
1302 2724 1423 2753 Joviutn.
1445 2725 1490 2759 qui
1526 2729 1674 2759 pugnatum
1691 2726 1731 2752 ait
1755 2733 1843 2760 prope

1055 2770 1171 2797 Prusam
1187 2770 1212 2797 iu
1235 2770 1404 2804 amplissima
1430 2771 1553 2805 planitie.
1569 2779 1629 2806 qua:
1650 2778 1728 2798 novre
1750 2777 1843 2804 ιρι-ην,

1056 2817 1169 2851 (llingua
1195 2815 1298 2847 italica.
1329 2816 1371 2843 vel
1389 2824 1465 2843 nova:
1487 2816 1606 2844 civitatis
1631 2817 1794 2851 appelletur.
1809 2817 1844 2844 Et

1059 2862 1241 2898 proﬁciscitur
1256 2863 1312 2890 inec
1328 2863 1387 2897 ejus
1401 2863 1462 2890 inde
1477 2863 1666 2896 ltallucinatio,
1694 2863 1767 2898 quod
1789 2865 1845 2892 alia
